2247 3208
963 233 1057 257 mnnx
1084 234 1187 258 RERUM
1738 219 1803 254 865

1063 340 1088 374 N

299 444 385 478 Naro
410 444 479 486 (de)
505 444 536 478 S.
566 445 708 488 Calogeri
732 445 960 478 monasterium
980 445 1207 488 Agrigentinae
1232 445 1388 479 dioecesis
1420 446 1453 478 in
1483 445 1593 478 Sicilia
1617 445 1844 478 canonicorum

388 496 419 529 S.
442 497 568 540 Georgii
592 497 624 529 in
648 499 725 540 Alga
744 497 947 530 venetiarum
965 504 1238 541 nuncupatorum,
1260 498 1299 531 79
1324 499 1354 538 b,
1379 499 1450 531 vide
1469 498 1500 531 S.
1522 499 1646 541 Georgii
1664 503 1694 531 et
1718 499 1843 531 verbum

392 550 617 594 Congregatio.

301 603 450 647 Neapolis
474 604 682 637 homicidium
709 603 918 637 commissum
944 603 975 636 in
1001 614 1168 647 personam
1183 606 1346 648 quondam
1361 605 1529 648 Augustini
1554 605 1593 637 de
1612 605 1716 644 Flore,
1735 603 1800 637 204
1816 616 1845 637 α.

302 657 486 700 Ncgociatio
512 657 715 699 regularibus
741 657 780 689 de
804 657 875 688 iure
900 658 1055 690 canonico
1082 658 1255 700 prohibita,
1282 656 1346 690 798
1371 658 1407 697 Ι);
1439 657 1473 690 in
1506 657 1604 691 Indiis
1629 657 1845 691 Orientalibus

393 716 424 743 et
447 710 593 743 Ameriea
617 709 776 753 prohibita
802 709 862 741 sub
887 711 1043 749 censuris,
1069 710 1133 743 7¹39
1159 711 1187 744 b.

303 763 543 806 Neophytorum
570 763 741 805 collegium
756 762 795 795 (le
812 764 906 798 Urbe,
924 763 965 796 216
983 775 1022 803 (Γ,
1041 765 1125 797 circa
1143 765 1335 798 solutionem
1354 765 1519 808 pensionis
1544 770 1719 797 reservatae
1736 775 1753 796 a
1771 765 1846 798 Gre-

391 816 481 857 gorio
506 816 571 848 Xlll
598 825 695 858 super
725 815 880 848 fructibus
904 816 1049 850 abbatiae
1074 816 1104 849 S.
1133 817 1241 851 Crucis
1266 818 1305 850 de
1318 818 1467 852 Avellana
1484 818 1523 850 ad
1541 818 1682 850 savorem
1700 818 1844 852 eiusdem

390 868 516 911 collegii
542 869 757 902 controversia
783 869 913 912 pendet,
939 869 981 902 16
1002 880 1036 908 ας
1061 871 1311 904 instrumentum
1336 870 1560 904 transactionis
1585 870 1736 911 refertur,
1763 869 1804 903 16
1829 871 1846 902 b

391 927 421 955 et
443 932 523 964 seq.·‚
548 922 760 955 confirmatur
783 933 801 955 a
826 922 992 963 pontifice,
1019 922 1062 956 ⁵20
1085 935 1106 956 a
1129 931 1160 957 et
1181 935 1243 967 seq.

300 975 544 1018 Neophytorum
576 982 608 1008 et
640 976 945 1008 cathecumenorum
981 977 1021 1008 de
1050 977 1133 1010 Urbe
1172 977 1505 1010 archiconfraternitas
1545 983 1577 1010 et
1615 977 1844 1010 monasterium

389 1027 442 1061 SS.
467 1028 757 1068 Annunciationis‚
784 1029 855 1061 vide
890 1028 945 1062 SS.
973 1030 1265 1070 Annunciationis·,
1298 1031 1529 1064 monasterium
1565 1030 1753 1063 monialium
1789 1042 1845 1064 seu

393 1081 550 1124 virginum
580 1082 816 1125 neophytarum
853 1081 983 1115 Ordinis
1018 1082 1281 1117 praedicatorum
1320 1084 1422 1117 sancti
1457 1084 1617 1116 Dominici
1641 1084 1702 1116 sub
1735 1084 1844 1127 regula

391 1135 492 1168 sancti
530 1135 700 1178 Augustini
729 1135 945 1176 instituitur‚·
965 1135 1029 1169 21:39
1061 1148 1082 1169 a
1113 1143 1145 1170 et
1176 1137 1210 1177 b;
1243 1138 1454 1181 pluribusque
1487 1143 1620 1170 ornatur
1645 1136 1843 1180 privilegiis,

392 1188 456 1222 140
481 1200 502 1220 α
526 1195 556 1221 et
580 1200 643 1232 seq.

303 1242 453 1277 Nicotaus
477 1241 628 1275 Cottoner
652 1253 788 1286 magnus
813 1243 966 1286 magister
988 1244 1152 1286 hospitalis
1177 1243 1208 1276 S.
1235 1244 1363 1277 Ioannis
1389 1244 1667 1288 Hierosolymitani
1684 1272 1691 1284 ,
1717 1244 1781 1278 606
1806 1256 1844 1285 α’,

393 1296 496 1329 eidem
521 1297 735 1329 committitur
758 1303 794 1330 ut
817 1298 993 1340 praecipiat
1015 1297 1178 1341 aliquibus
1197 1297 1350 1331 fratribus
1366 1298 1406 1330 ad
1426 1298 1544 1331 Urbem
1565 1299 1780 1341 personaliter
1797 1309 1845 1331 ac-

392 1349 516 1387 cedere,
542 1350 616 1382 ibid.

303 1402 469 1436 Nobilitati
494 1412 559 1435 nou
583 1402 781 1446 praeiudicat
805 1413 857 1435 ars
882 1403 979 1436 serici
1004 1404 1038 1436 in
1063 1404 1189 1437 civitate
1214 1404 1408 1444 Pisaurensi,
1436 1403 1493 1437 781
1524 1405 1554 1437 b.

303 1455 465 1489 Novorum
488 1462 703 1489 conventuum
728 1456 847 1489 erectio
871 1457 1060 1499 prohibetur
1083 1457 1131 1490 vel
1147 1457 1318 1497 limitatur,
1341 1455 1405 1490 132
1421 1468 1454 1497 a,
1476 1457 1535 1491 171
1559 1457 1588 1498 b,
1605 1456 1670 1490 172
1695 1468 1727 1498 α,
1747 1456 1813 1491 185
1828 1457 1846 1489 b

391 1514 423 1542 et
446 1520 507 1553 seq.

303 1724 495 1759 Octavianus
528 1723 713 1757 Vincentius
748 1724 893 1757 botarius
927 1722 1052 1765 collegii
1085 1721 1311 1764 magistrorum
1337 1721 1459 1755 viarum
1491 1727 1523 1754 et
1549 1721 1781 1765 neophytorum
1806 1719 1845 1752 de

392 1779 487 1819 Urbe,
514 1777 555 1811 ¹16
579 1778 609 1811 b.

303 1831 452 1866 Octavius
477 1831 621 1864 marchio
646 1832 684 1864 de
709 1831 851 1871 Bubalis,
878 1829 915 1863 21
943 1831 983 1871 b3
1008 1830 1188 1864 subsidium
1219 1830 1325 1864 dotale
1356 1839 1416 1873 pro
1452 1835 1525 1863 octo
1558 1829 1673 1873 puellis
1698 1828 1738 1861 de
1761 1827 1846 1861 Urbe

344 1899 351 1906 ·
391 1892 580 1919 testamento
604 1885 743 1927 reliquit,
770 1883 812 1916 22
837 1895 868 1917 α.
1332 1900 1335 1901 ⁷

303 1939 498 1973 Odescalcus
522 1938 713 1972 Benedictus
740 1938 820 1970 tituli
846 1937 876 1970 S.
900 1937 1091 1979 Honupbrii,
1116 1938 1283 1981 presbyter
1312 1936 1495 1974 cardinalis,
1519 1935 1644 1979 collegii
1667 1935 1847 1978 Neophyto-

391 2003 464 2025 rum
489 1993 529 2025 de
552 1992 638 2025 Urbe
663 1997 839 2034 protector,
858 1989 909 2023 -16
934 2001 971 2030 a,
997 1989 1038 2022 17
1064 1990 1094 2030 [13
1127 1990 1171 2022 illi
1204 2000 1278 2022 cum
1307 1989 1376 2022 aliis
1410 1990 1622 2022 committitur
1653 1997 1846 2032 componere

389 2045 641 2079 controversiam
666 2044 809 2078 eiusdem
833 2044 958 2086 collegii
983 2054 1055 2077 cum
1081 2044 1218 2086 collegio
1236 2042 1426 2076 Germanico
1444 2042 1483 2075 de
1500 2042 1593 2082 Urbe,
1612 2041 1706 2081 2'bz‘d.;
1732 2041 1847 2073 domus

391 2099 488 2132 etiam
511 2108 568 2131 seu
591 2098 755 2141 hospitalis
780 2107 817 2130 ac
844 2096 1204 2130 archiconsraternitatis
1228 2103 1259 2130 et
1284 2096 1469 2130 monasterii
1498 2095 1552 2129 SS.
1579 2093 1846 2128 Annunciationis

392 2151 620 2194 neophitorum
649 2157 680 2184 et
710 2150 1015 2183 cathecumenorum
1041 2149 1082 2182 de
1105 2148 1191 2182 Urbe
1215 2154 1396 2192 protector,
1423 2147 1489 2182 135
1511 2147 1545 2187 b;
1569 2148 1651 2181 inter
1675 2148 1783 2190 ipsum
1815 2152 1847 2179 et

393 2204 544 2237 vicarium
568 2204 751 2247 generalem
782 2205 822 2238 de
847 2203 931 2237 Urbe
954 2202 1191 2236 controversiae
1213 2207 1355 2241 exortae,
1380 2200 1441 2234 141
1470 2201 1508 2241 b;
1540 2201 1602 2244 ipsi
1625 2199 1847 2244 exemptiones

394 2257 641 2298 confirmantur,
667 2257 732 2290 14⁶2
756 2258 773 2289 b
798 2264 829 2290 et
852 2268 914 2300 seq.

304 2309 390 2344 Oliva
413 2310 550 2344 loannes
574 2311 692 2343 Paulus
716 2311 852 2344 vicarius
875 2311 1034 2353 generalis
1059 2309 1226 2344 Societatis
1250 2309 1329 2347 lesu,
1353 2308 1396 2341 50
1419 2309 1456 2349 ὸς
1482 2308 1542 2353 ipsi
1567 2317 1753 2341 concessae
1771 2316 1846 2341 con-

392 2365 579 2407 gregatione
603 2365 743 2406 generali
767 2364 910 2397 eiusdem
935 2363 1102 2397 Societatis
1127 2364 1260 2396 facultas
1285 2362 1486 2406 relinquendi
1503 2367 1535 2396 et
1558 2362 1719 2396 alienandi
1743 2362 1846 2394 colle-

392 2418 445 2460 gia
462 2424 494 2451 et
511 2417 624 2450 domos
648 2418 760 2460 ipsius,
788 2417 824 2449 51
853 2428 894 2456 α;
922 2417 1133 2450 confirmatur
1158 2427 1175 2448 a
1199 2415 1365 2456 Pontifice,
1386 2415 1422 2449 51
1447 2416 1483 2455 ὁ;
1509 2421 1619 2460 postea
1642 2413 1845 2459 praepositus

393 2471 550 2514 generalis
573 2470 716 2504 eiusdem
742 2470 921 2510 SocietatiS,
947 2470 1011 2503 570
1034 2481 1055 2503 a
1078 2477 1110 2503 et
1134 2469 1197 2503 750
1222 2469 1255 2509 ἰν,
1279 2470 1350 2503 victe
1373 2470 1513 2504 Societas
1537 2470 1616 2503 lesu.

302 2524 501 2564 omnimodi,
528 2535 599 2561 seur
616 2524 654 2556 ad
688 2524 818 2557 ordines
849 2533 956 2557 sacros
989 2523 1219 2566 promovendi,
1247 2524 1469 2557 examinentur
1501 2523 1653 2567 primum,
1680 2521 1722 2555 5⁶2
1747 2531 1788 2561 ας
1813 2525 1846 2553 et

390 2579 510 2612 bonum
535 2572 755 2611 testiinonium
779 2577 929 2617 habeant,
955 2576 998 2609 5-21
1022 2576 1063 2615 b;
1087 2582 1118 2609 et
1142 2586 1199 2620 per
1223 2576 1333 2610 decem
1353 2577 1420 2610 dies
1437 2576 1599 2611 exercitiis
1616 2573 1842 2618 spiritualibus

391 2641 503 2665 vacare
528 2630 677 2670 debeant,
706 2629 780 2663 ibid.

515 2692 596 2721 Bau.
611 2691 696 2720 Rom.
711 2706 746 2712 —
765 2691 823 2720 Vol.
838 2690 933 2720 XVII.
1115 2689 1168 2719 109
