2247 3208
132 218 183 244 Αη.
206 220 224 243 C

146 1761 199 1782 Sixti
215 1761 231 1780 v
239 1761 302 1790 vlitte-

119 1793 155 1808 mo
167 1790 302 1813 posteriores.

255 218 321 244 1663

1740 213 1790 244 1221

328 264 379 298 in¹
408 272 439 297 et
464 276 563 308 super
588 266 694 307 platea
719 277 753 296 ae
789 265 868 297 loeis
895 265 1080 327 dictumvi-5
1099 275 1309 308 rtuncumque
1336 268 1373 301 ad
1401 268 1430 299 id
1457 269 1683 301 auctoritatem
1712 270 1835 301 baben-

327 319 408 352 cinis
434 318 620 362 praedietis,
639 318 837 361 illorumque
857 318 1012 350 membris
1031 322 1060 349 et
1098 317 1175 349 tium
1211 320 1444 353 rom-essiones
1475 327 1503 353 et
1535 322 1656 355 indulta
1679 351 1685 362 ,
1718 329 1770 355 aut
1797 336 1832 355 ex

326 371 558 416 pertinentiis,
587 372 708 403 nullam
735 372 866 404 omnino
902 370 1060 402 haberent
1077 362 1079 375 ¹
1097 370 1177 402 iuris
1204 374 1386 405 communis
1413 375 1643 417 dispositione,
1675 387 1732 408 seu
1754 388 1833 420 quo-

325 434 385 457 nec
419 424 540 457 habere
574 430 707 467 possent
745 424 1003 456 iurisdietionem
1030 428 1235 485 etloumque
1259 426 1322 458 alio
1349 426 1492 469 legitimo
1519 429 1623 469 titulo,
1649 430 1719 463 iura
1745 442 1832 464 com-

324 477 563 517 auotoritatcm,
585 477 704 510 exemit
728 482 757 509 et
784 475 939 514 liberavit,
959 476 1061 518 quod·
1096 482 1257 519 peterent,
1271 484 1300 510 et
1317 489 1382 511 non
1397 481 1503 520 aliter,
1521 493 1626 525 neque
1642 484 1705 516 alio
1724 486 1829 524 modo,

325 539 386 573 que
413 529 451 562 de
478 535 588 563 cetero
614 530 692 562 nulli
719 529 850 561 omuino
876 517 1147 568 enimcum-¹01,
1175 530 1200 561 si
1228 532 1311 563 l'orto
1347 532 1475 565 litterae
1503 537 1710 578 supradictae
1736 539 1832 570 aliter

323 593 387 626 que
409 587 528 621 status,
556 582 693 624 gradus,
719 581 842 613 ordinis
869 586 923 613 aut
947 580 1059 613 rondi-
1076 573 1078 629 ,¹
1095 583 1265 616 continere
1284 585 1484 623 viderentur,
1505 587 1534 619 id
1554 595 1686 630 praeter
1703 596 1733 622 et
1753 602 1829 622 con-

323 635 420 668 tionis
439 635 625 674 existerent,
645 635 741 667 etiam
757 634 869 677 quovis
888 633 1057 676 privilegio
1095 641 1143 668 tra
1168 642 1310 669 mentem
1345 643 1373 670 et
1407 639 1624 673 intv‹;·ntiouem
1656 643 1725 673 eius
1752 645 1829 676 acci-

321 687 460 728 suffulti,
486 689 518 720 in
543 688 651 730 platea
676 687 861 729 praedicta,
896 692 927 718 et
953 697 1057 729 prope
1094 689 1208 732 derat)
1234 690 1321 723 idem
1358 691 1464 724 Sixtus
1503 695 1740 736 praedecessor
1770 707 1829 739 per

321 742 409 775 illam
434 742 467 773 in
490 741 548 773 viis
570 740 708 783 publicis
740 741 779 772 ab
813 742 850 772 ea
882 750 940 783 per
966 741 1171 796 quin-'alias
1197 753 1272 775 suas
1299 743 1329 775 in
1357 745 1453 777 simili
1483 747 1584 778 torma
1606 747 1715 780 Brevis
1742 749 1828 782 litte—

320 804 383 837 que
399 804 518 826 cannas
537 793 730 826 distantibus
746 792 943 832 huiusmodi,
960 793 1056 825 ctiam
1092 805 1157 834 ras,
1180 795 1231 827 die
1257 806 1340 829 xxvn
1366 798 1439 830 maii
1461 809 1629 833 imtxxxvu
1649 807 1826 838 emanatas,

319 852 489 890 praetextu
527 847 616 890 quod
652 852 763 880 essent
802 846 923 879 domini
962 846 1055 879 liberi
1073 837 1075 858 ¹
1092 848 1282 888 declaravit,
1301 854 1474 884 attestatus
1501 858 1562 892 est,
1592 854 1692 885 voluit
1718 860 1747 886 et
1774 856 1827 888 de-

319 904 352 932 et
387 899 528 932 absoluti
563 900 613 932 vel
648 899 848 932 habitatores
883 900 1194 935 domorum,crevit
1218 903 1430 944 primodietas
1456 904 1581 938 litteras
1616 912 1647 938 et
1672 913 1825 940 contenta

916 217 1102 239 ,ttffixmnssn
1128 218 1174 240 ΡΡ.
1203 219 1247 242 ΥΙΙ

319 953 440 986 circum
477 952 563 986 eirca
598 953 632 985 in
665 953 751 985 dicta
782 953 889 995 platea
914 952 1056 985 existen·

319 1007 425 1047 tium,
450 1006 483 1039 in
510 1006 682 1039 domorum
719 1006 964 1049 praedictarum
1001 1015 1056 1049 pa-

318 1059 478 1099 rietibus,
516 1064 548 1092 et
573 1065 647 1092 ante
679 1070 753 1099 eas,
782 1060 915 1103 aliquod
951 1069 1053 1103 genus

318 1113 513 1151 bancorum,
543 1123 601 1145 seu
633 1114 861 1154 tabulatorum,
888 1115 937 1146 vel
963 1113 1073 1168 tabu-'¹‘

319 1167 435 1205 larum,
454 1166 492 1198 ad
515 1165 666 1199 ess'ectum
688 1167 851 1209 quispiam
877 1167 1051 1207 vendendi,
1071 1169 1072 1187 ³

318 1224 374 1252 aut
397 1219 510 1252 venale
536 1219 769 1262 prostituendi,
791 1219 829 1251 cle
856 1225 967 1252 cetero
993 1219 1072 1252 eri?

318 1281 409 1314 gere,
436 1281 497 1304 nec
522 1271 626 1313 erigi,
659 1282 718 1304 seu
744 1277 891 1304 erectum
917 1278 1051 1313 tenere,

317 1325 368 1358 vel
390 1325 495 1358 teneri
511 1325 628 1365 facere,
647 1336 708 1369 per
724 1337 771 1366 se,
793 1328 844 1360 vel
862 1326 973 1367 alium,
994 1338 1051 1360 seu

317 1378 410 1418 alios,
428 1379 553 1422 absque
572 1382 727 1422 expressa
745 1384 776 1412 et
794 1380 826 1412 in
848 1380 979 1423 scriptis
1001 1381 1053 1413 ob-

315 1434 406 1465 tenta
419 1432 701 1476 archipresbyteri
718 1444 755 1466 ac
772 1434 907 1477 capituli
925 1434 1054 1477 praedi-
1069 1435 1071 1476 j

317 1490 446 1519 ctorum
461 1486 602 1525 lieentia,
624 1487 722 1519 etiam
743 1493 906 1530 perpetuo
929 1490 1050 1528 statuit,

317 1545 350 1572 et
374 1540 454 1572 alias
478 1544 579 1582 prout
611 1540 644 1572 in
677 1541 781 1584 ipsius
812 1540 889 1574 Sixti
915 1543 1071 1585 praede-1

317 1592 459 1625 cessoris
487 1592 615 1632 litteris,
635 1603 720 1627 anno
742 1594 978 1628 incarnationis
993 1596 1054 1629 Do-

318 1644 456 1678 minicae
474 1655 642 1685 MDLxxxvl,
659 1646 767 1679 idibus
782 1647 981 1685 novembris,
1003 1648 1053 1681 de-

318 1705 419 1742 super
444 1699 504 1731 sub
540 1699 676 1741 plumbo
702 1700 885 1742 expeditis,
918 1701 1052 1733 uberius

318 1750 535 1784 continetur2.
556 1751 619 1784 Sed
640 1752 778 1785 subinde
797 1753 885 1796 (quia
906 1754 937 1786 in
958 1763 1071 1797 prae-=

319 1803 413 1837 dictis
436 1804 555 1837 litteris
586 1805 705 1837 mentis
731 1811 763 1838 et
786 1806 980 1839 intentionis
1007 1808 1054 1840 di·-

318 1857 361 1890 cti
397 1857 475 1889 Sixti
515 1858 782 1900 praedecessoris
822 1870 888 1892 non
925 1860 1050 1901 tuerat,

318 1920 425 1953 neque
440 1914 519 1950 erat,
539 1910 698 1943 ecclesiae
716 1911 895 1954 praefatae,
918 1912 1052 1955 eiusque

318 1962 619 2005 archipresbytero,
646 1963 812 1996 canonicis
839 1969 870 1996 et
895 1965 1051 2008 capitulo,

318 2014 359 2047 ad
384 2025 525 2057 quorum
543 2014 687 2047 favorem
712 2015 841 2048 litterae
859 2016 950 2059 ipsae
967 2028 1054 2050 ema-

318 2072 485 2107 naverant,
511 2068 689 2111 quidquam
716 2069 755 2101 de
780 2079 876 2109 novo,
904 2074 936 2102 et
958 2061 1072 2114 prae-¹

319 2121 433 2153 sertim
464 2121 496 2153 in
521 2121 757 2164 praeiudicium
781 2122 921 2155 cuiusvis
948 2124 1051 2163 tertii,

318 2174 514 2213 concedere,
534 2174 592 2206 sed
610 2175 715 2207 solum
734 2174 927 2208 contii-mare
942 2181 1054 2209 vetera

318 2236 444 2265 eorum,
465 2226 490 2258 si
513 2237 593 2270 quae
616 2232 648 2260 et
669 2238 895 2271 quaecumque
918 2228 1054 2270 eisdem,

1089 954 1122 986 in
1148 954 1222 995 illis,
1249 955 1281 988 in
1308 962 1472 999 quantum,
1498 960 1581 991 ultra
1602 964 1729 992 veteres
1749 972 1826 993 con-

1090 1009 1257 1042 cessiones
1284 1015 1316 1042 et
1340 1010 1485 1050 indulta,
1520 1017 1575 1044 aut
1600 1013 1733 1052 titulos,
1768 1025 1823 1046 seu

1090 1061 1152 1094 alia
1169 1062 1241 1095 iura
1261 1063 1460 1103 huiusmodi,
1484 1065 1662 1109 quidquam
1682 1068 1720 1099 de
1740 1078 1823 1100 novo

1089 1115 1293 1148 concessisse
1320 1117 1509 1157 videretur,
1544 1129 1604 1161 pro
1630 1130 1694 1151 non
1728 1120 1823 1152 editis

1089 1168 1213 1207 haberi,
1244 1169 1542 1213 concessionesque
1569 1177 1600 1203 et
1625 1171 1749 1205 indulta
1769 1173 1823 1204 hu-

1088 1221 1243 1260 iusmodi,
1260 1226 1292 1253 et.
1312 1223 1417 1254 onmia
1444 1223 1475 1254 in
1502 1223 1566 1256 illis
1586 1229 1749 1263 contenta,
1773 1237 1823 1258 re.-

1089 1274 1234 1314 vocavit,
1262 1276 1465 1313 annullavit,
1498 1281 1529 1308 et
1555 1287 1613 1319 pro
1640 1288 1703 1309 non
1731 1278 1821 1311 saetis

1089 1326 1202 1358 haberi
1228 1328 1413 1367 mandavit,
1444 1328 1567 1360 eisdem
1593 1329 1723 1368 litteris,
1749 1341 1820 1363 cum

1088 1381 1237 1413 omnibus
1251 1380 1283 1412 in
1298 1380 1362 1413 illis
1378 1381 1551 1420 contentis,
1571 1383 1675 1414 solum
1690 1389 1718 1415 et
1738 1384 1811 1416 dum

1088 1439 1174 1466 taxat
1213 1435 1319 1477 quoad
1356 1434 1639 1468 confirmationem
1675 1442 1820 1469 veterum

1088 1487 1338 1520 concessionum
1363 1493 1395 1519 et.
1420 1488 1618 1520 indultorum
1640 1500 1674 1521 ac
1704 1490 1820 1522 iurium

1087 1539 1244 1573 eiusdem¹
1263 1540 1434 1579 ecclesiae,
1451 1541 1754 1584 archipresbytero,
1775 1554 1821 1575 ca-

1087 1593 1213 1625 nonicis
1240 1598 1271 1626 et
1294 1594 1435 1637 capitulo
1461 1593 1546 1626 iuxta
1577 1605 1744 1628 sacrorum
1772 1608 1822 1629 ea-

1088 1657 1208 1679 nonum
1235 1652 1352 1680 statuta
1383 1653 1413 1679 et
1440 1648 1701 1690 supradictorum
1728 1660 1821 1692 prae-

1088 1701 1313 1739 decessorum,
1333 1705 1367 1731 ut
1391 1711 1501 1743 supra,
1521 1706 1574 1733 aut
1590 1701 1669 1734 alias
1692 1713 1821 1735 conoes-

1088 1754 1197 1786 siones
1223 1758 1255 1785 et
1280 1753 1404 1785 litteras
1431 1754 1688 1797 competentium
1714 1755 1745 1786 in
1764 1766 1821 1788 suo

1088 1807 1207 1839 robore
1239 1811 1271 1838 et
1295 1806 1447 1839 firmitate
1484 1807 1703 1840 manentibus.
1733 1809 1823 1841 Post-

1088 1861 1219 1892 modum
1244 1869 1340 1899 ver0‚
1374 1865 1508 1903 accepto
1534 1870 1594 1903 per
1624 1862 1820 1894 recolendae

1087 1912 1264 1945 memoriae
1282 1911 1446 1944 Urbanum
1460 1912 1580 1955 Papam
1594 1913 1668 1953 VIII,
1686 1915 1823 1957 praede-

1088 1975 1255 1998 cessorem
1281 1965 1407 2008 pariter
1431 1970 1587 2005 nostrum,
1615 1967 1719 2009 quod,
1748 1968 1824 2000 licet

1070 2019 1355 2061 ,archipresbyter
1386 2029 1422 2050 ac
1453 2018 1629 2061 capitulum
1664 2025 1696 2052 et
1726 2031 1823 2053 cano-

1088 2071 1152 2103 nici
1166 2070 1326 2114 praedicti
1341 2071 1380 2103 ab
1394 2070 1647 2105 immemorabili
1662 2078 1820 2116 tempore,

1088 2135 1124 2156 ao
1148 2124 1289 2167 plurium
1325 2124 1561 2156 sententiarum
1588 2129 1619 2157 et
1644 2136 1751 2158 rerum
1776 2127 1823 2158 iu-

1088 2178 1290 2217 dicatarum,
1326 2182 1358 2209 et
1382 2182 1447 2209 tam
1472 2177 1545 2220 piae
1570 2179 1750 2212 memoriae
1776 2180 1823 2212 In-

1088 2230 1232 2263 nocentii
1256 2230 1339 2270 VIII,
1373 2230 1450 2263 Sixti
1483 2231 1520 2263 IV
1556 2237 1588 2264 et
1618 2232 1687 2265 Iulii
1713 2233 1737 2265 II
1762 2233 1824 2266 Ro-

317 2278 404 2311 iuxta
424 2289 593 2311 sacrorum
619 2290 781 2313 canonum
807 2286 928 2314 statuta
945 2286 977 2314 et
994 2282 1054 2314 Ro-

318 2343 488 2365 manorum
530 2333 722 2366 Pontificum
758 2335 1054 2378 praedecessorum

319 2395 453 2418 suorum
486 2391 542 2418 aut
566 2386 704 2419 aliarum
736 2398 950 2430 personarum
976 2400 1055 2432 qua-

355 2474 367 2500 1
385 2473 537 2508 Praeposit.
554 2474 586 2501 in
602 2473 725 2501 addimus
740 2482 771 2501 ex
786 2475 837 2502 loc.
854 2476 949 2510 parali.
965 2478 1053 2509 (nm).

353 2517 370 2543 2
385 2516 461 2544 Circa
480 2517 616 2553 praedicta
631 2519 691 2545 vide
707 2518 798 2545 Const.
818 2520 882 2546 Sixti
903 2521 924 2546 V
942 2520 1055 2547 relatam

318 2560 347 2588 in
375 2560 464 2588 Const.
495 2567 629 2589 cccxxvm
659 2562 758 2589 Urbani
786 2563 844 2590 VlIl
855 2585 864 2598 ,
894 2568 959 2592 tom.
987 2571 1053 2599 xm,

320 2613 383 2641 pag.
402 2606 453 2632 632
472 2606 510 2640 (n.
526 2607 574 2641 τ,).

404 2659 482 2687 Bull-
503 2659 586 2687 Rom.
604 2674 636 2679 -
655 2659 711 2688 Vol.
728 2659 819 2687 XVII.
963 2662 994 2700 ²1.

1088 2293 1259 2315 manorum
1297 2282 1490 2316 Pontificum
1528 2285 1823 2327 praedecessorum

1070 2336 1187 2405 'etiam
1223 2340 1411 2368 nostrorum
1431 2363 1438 2376 ‚
1477 2346 1571 2380 quam
1605 2339 1824 2381 praefatarum

1087 2389 1165 2421 Sixti
1189 2388 1213 2420 V
1237 2389 1505 2432 praedecessoris
1532 2390 1726 2431 litterarum,
1750 2402 1826 2425 nec-

1088 2452 1154 2474 non
1179 2442 1339 2474 variarum
1372 2441 1606 2476 inhibitionum
1633 2450 1665 2476 et
1693 2446 1826 2477 manda-

1088 2500 1196 2528 torum
1215 2495 1351 2528 diversis
1367 2496 1569 2539 temporibus
1586 2497 1726 2541 desuper
1742 2509 1826 2531 ema-

1088 2553 1238 2581 natorum
1255 2548 1377 2591 vigore,
1398 2549 1537 2582 fuissent
1564 2556 1596 2583 et
1623 2556 1696 2583 tuuc
1715 2556 1825 2584 essent

1123 2611 1135 2636 1
1154 2609 1265 2637 Videtur
1279 2609 1386 2646 legend.
1403 2611 1510 2639 eisdem
1526 2620 1575 2648 pro
1591 2612 1719 2640 eiusdem
1734 2612 1824 2645 (n.T.).

1845 223 1891 246 Auv
1914 222 1939 246 u.
1961 222 2025 247 1003

1873 1812 1952 1834 Urbani
1977 1813 2021 1833 vm

1838 1839 1924 1860 dem-oia
