2247 3208
200 202 251 230 An.
264 202 297 230 C.
317 203 330 229 ·’l
337 202 386 229 667

433 192 496 226 558

395 251 482 294 quod
513 250 697 282 nominatus
726 248 842 281 suisset
868 248 1035 290 resignare
1066 248 1129 280 vel-

394 305 449 343 let,
469 313 508 335 ne
533 303 600 335 ullo
625 302 735 342 modo,
755 301 815 334 nisi
842 301 875 334 in
898 301 1046 333 manibus
1071 301 1129 333 Ro-

393 356 477 388 mani
502 354 667 387 Pontisseis
697 360 749 387 aut
773 355 882 387 nuncii
905 354 1074 397 apostolici
1096 354 1128 386 in

394 408 476 440 dicta
494 407 617 439 civitate
632 407 817 439 Coloniensi
834 417 894 450 pro
914 412 1061 450 tempore
1076 406 1130 438 de-

393 459 496 501 gentis
506 458 523 500 ¹,
551 459 738 492 huiusmodi
762 459 959 492 beneficium
985 459 1023 491 ad
1044 458 1130 491 savo-

392 523 461 545 rem
486 513 616 546 alterius
637 524 655 545 a
679 518 808 545 rectore
835 518 866 545 et
891 512 1020 545 decanis
1038 522 1151 555 prae-v

393 566 485 598 dictis
502 566 703 607 nominandi,
722 578 782 599 nec
803 577 862 610 per
877 566 1129 608 resignationem
1149 571 1150 574 ’

392 618 485 658 illud,
504 629 564 651 nec
588 629 647 662 per
671 620 942 662 permutationem
968 618 1128 651 dimittere

392 676 521 714 posset,
551 673 703 715 quodque
737 672 865 705 nonnisi
897 677 1020 705 servato
1046 672 1130 704 inter

392 724 623 767 competitores
648 736 809 757 concursu
835 736 852 757 a
876 735 968 757 sacro
986 724 1129 757 Concilio
1149 744 1151 770 3

391 776 580 810 Tridentino
597 777 629 810 in
648 778 875 811 collationibus
893 777 1129 821 parochialium

392 830 648 864 ecclesiariarum
674 831 875 875 praescripto
896 832 935 864 ad
960 831 1130 863 canonica-

392 887 440 916 tus
463 888 494 916 et
518 884 719 926 praehendas
743 885 926 927 praedictos
961 883 1128 916 nominare
1149 884 1150 895 ¹

391 940 423 968 et
446 937 592 969 conferre
618 937 794 977 deberent,
827 942 858 969 et
889 935 1130 970 nominatores²

391 988 497 1021 iurare
527 1000 560 1021 se
591 989 771 1032 digniorem
797 995 828 1022 et
859 990 899 1022 ad
932 989 1150 1032 profitendi3'

391 1051 506 1074 munus
530 1042 632 1084 magis
654 1047 763 1085 aptum
781 1042 1009 1086 praelaturos&
1032 1047 1063 1075 et
1086 1043 1129 1075 vi-

391 1094 497 1126 cissim
523 1105 605 1134 eum,
633 1106 727 1137 quem
747 1095 903 1137 praeferri
929 1096 1126 1137 contigisset,

391 1146 497 1180 iurare
524 1158 557 1180 se
583 1148 763 1181 iniunctum
788 1148 960 1192 profitendi
986 1149 1127 1182 osticium

392 1200 564 1243 diligenter
587 1202 831 1244 praestiturum
847 1202 963 1235 deinde
987 1213 1063 1236 vero
1090 1214 1128 1236 ex

390 1254 492 1286 causis
510 1255 683 1298 praedictis
705 1255 810 1288 dictus
829 1255 974 1301 Clemens
994 1257 1129 1299 praede-

392 1317 499 1340 cessor
513 1308 674 1341 indultum
692 1308 877 1342 huiusmodi
896 1309 934 1341 ad
953 1310 1129 1352 quinquen-

392 1359 479 1392 nium
505 1360 621 1393 iterum
646 1366 897 1403 prorogaverat,
921 1362 1128 1401 extenderat,

392 1423 446 1445 seu
479 1419 703 1453 concesserat,
737 1415 984 1458 decreveratque
1017 1415 1130 1448 liuius-

390 1466 478 1499 modi
512 1467 719 1499 canonicatus
755 1467 883 1499 nonnisi
920 1468 1067 1510 personis
1092 1479 1129 1500 ex

392 1518 500 1562 aliqua
521 1531 555 1551 ex
583 1520 676 1552 dietis
699 1521 966 1553 universitatibus
992 1521 1129 1561 idoneis,

392 1582 473 1613 quae
507 1572 679 1605 iurerando
713 1573 750 1605 ad
781 1573 979 1616 prolitendi⁵
1012 1584 1151 1606 munus=

392 1624 567 1667 diligenter
591 1635 661 1658 sese
687 1626 941 1668 adstringerent,
966 1627 1131 1659 dumtaxat

393 1731 575 1774 praedictos
600 1742 658 1775 per
682 1743 737 1765 eos
769 1733 953 1765 huiusmodi
986 1733 1132 1766 nomina-

393 1784 491 1817 tionis
515 1785 623 1827 vigore
649 1786 844 1819 obtinendae
871 1786 999 1819 nonnisi
1018 1787 1048 1818 in
1066 1797 1133 1819 ma-

394 1838 489 1870 nibus
516 1838 681 1871 Pontificis
706 1850 764 1882 pro
782 1845 927 1882 tempore
953 1839 1130 1879 existentis,
1152 1855 1153 1859 =

395 1901 468 1923 eum
493 1891 643 1935 specifica
667 1892 851 1932 mentione,
881 1893 965 1936 quod
992 1893 1063 1925 illos
1088 1893 1134 1925 vi-

395 1954 473 1986 gore
509 1944 740 1978 nominationis
775 1946 965 1988 consequuti
999 1951 1130 1986 essent,

395 1997 553 2039 resignari
589 1999 637 2030 vel
670 1999 748 2031 alias
787 1998 905 2031 dimitti
950 2000 1134 2031 nullatenus

395 2056 552 2092 possent,
575 2051 718 2093 alioquin
754 2051 963 2084 canonicatus
989 2058 1021 2084 et
1044 2063 1135 2095 prae-

397 2103 523 2136 bendae
544 2104 728 2137 huiusmodi
749 2111 900 2138 vacarent
932 2116 969 2138 eo
994 2106 1074 2148 ipso,
1092 2106 1135 2138 ita

397 2161 432 2187 ut
456 2156 494 2189 de
521 2157 583 2189 illis
609 2167 668 2200 per
692 2158 807 2190 Sedem
826 2158 1043 2201 Apostolicam
1070 2159 1156 2191 dis—¹

397 2209 475 2252 poni
500 2216 628 2252 posset:
655 2211 741 2243 idem
758 2212 874 2253 Paulus
894 2212 917 2243 V
942 2212 1135 2254 praedeces-

399 2272 461 2302 sor,
477 2264 769 2306 supplicationibus
792 2270 896 2297 vestro
914 2265 1044 2298 nomine
1072 2266 1134 2297 sibi

399 2325 494 2358 super
511 2317 573 2349 hoe
593 2317 758 2349 humiliter
775 2317 931 2360 porrectis
950 2318 1134 2357 inclinatus,

436 2415 447 2440 1
470 2413 518 2440 Ed.
536 2414 613 2440 illain.
629 2414 694 2448 legit
709 2415 839 2448 deflentes·
854 2416 892 2445 (R.
909 2415 957 2448 T.).

434 2459 451 2485 2
471 2458 535 2485 Male
551 2459 593 2485 ed.
611 2459 687 2485 Maia.
707 2459 769 2494 legit
790 2461 998 2486 nominationes
1013 2461 1049 2492 (a,
1068 2460 1115 2494 T.).

435 2503 450 2530 3
471 2503 540 2530 Edit.
559 2503 640 2529 Μαίη.
659 2503 721 2537 legit
735 2505 931 2537 profitendum
947 2511 986 2536 (R.
1004 2506 1051 2539 T..)

436 2549 451 2573 [ι
471 2547 541 2574 Edit.
559 2547 636 2573 Maia.
654 2547 717 2581 legit
730 2549 897 2581 prolaturos
912 2550 948 2582 (rt,
966 2550 1002 2577 T).

435 2592 451 2619 5
472 2592 540 2618 Edit.
558 2591 635 2618 Main.
652 2592 711 2626 legit
726 2592 921 2625 profitendum
939 2599 975 2625 tn.
994 2593 1040 2626 Τ,).

972 200 1151 224 BULLARIUM
1175 200 1326 224 ROMANUM

1170 246 1330 280 indultum
1365 248 1454 281 vohis
1491 259 1508 281 a
1543 249 1711 292 praedicto
1743 249 1906 283 Clemente

1171 300 1421 342 praedecessore
1435 312 1635 343 concessum,
1653 308 1685 336 et
1702 303 1840 347 desuper
1854 314 1907 337 ex-

1171 353 1297 395 peditas
1312 353 1436 386 litteras
1453 355 1645 397 praedictas,
1661 356 1700 389 ad
1715 357 1802 390 aliud
1820 357 1907 400 quin-

1172 406 1360 448 quennium,
1387 417 1404 439 a
1427 406 1491 440 sine
1509 407 1724 451 quinquennii
1742 410 1908 443 ultimodi-

1172 459 1213 491 cti
1239 470 1256 492 a
1280 459 1443 493 Clemente
1475 461 1724 504 praedecessore
1764 464 1906 496 concessi

1172 513 1434 555 computandum,
1453 514 1642 547 auctoritate
1659 515 1836 558 apostolica
1860 526 1908 549 ex-

1173 566 1277 598 tendit
1297 571 1328 598 et
1344 567 1541 609 prorogavit,
1556 573 1587 600 et
1602 567 1827 609 nihilominus,
1838 569 1907 602 sine

1149 618 1370 661 3p1·aeiudicio
1407 624 1482 653 tune
1514 625 1546 653 et
1569 631 1628 664 pro
1660 626 1808 664 tempore
1844 622 1908 654 exi-

1173 671 1286 703 stentis
1312 671 1549 716 archiepiscopi
1585 673 1801 714 Coloniensis,
1829 674 1909 707 dile-

1173 723 1230 755 ctis
1251 723 1324 756 filiis
1342 725 1460 757 rectori
1478 730 1510 757 et
1526 726 1656 759 decanis
1673 726 1908 769 praedictarum

1173 780 1311 817 quatuor
1334 777 1519 811 facultatum
1538 779 1570 811 in
1591 779 1674 811 dicta
1698 779 1907 812 universitate

1172 830 1328 862 canonice
1354 831 1585 872 institutarum,
1612 837 1644 865 et
1668 832 1804 866 consilio
1819 832 1907 865 illius

1173 893 1209 915 ex
1236 884 1438 917 facultatibus
1460 885 1646 919 huiusmodi
1660 886 1750 919 cuius
1766 896 1908 929 persona

1173 935 1261 968 iuxta
1286 936 1420 970 sormam
1446 938 1626 971 litterarum
1649 939 1739 972 Pauli
1760 940 1796 972 IV
1814 949 1908 982 prae-

1173 988 1354 1022 decessoris
1380 991 1576 1024 nominanda
1592 991 1713 1032 fuisset,
1733 992 1829 1024 etiam
1847 1002 1907 1035 pro

1173 1046 1319 1084 tempore
1346 1044 1577 1084 existentibus,
1602 1047 1667 1076 una
1688 1055 1758 1077 eum
1784 1045 1908 1077 dilectis

1149 1107 1150 1126 i
1171 1092 1246 1126 filiis
1268 1096 1487 1138 provisoribas
1508 1097 1609 1140 ipsius
1629 1097 1856 1137 universitatis,
1874 1102 1910 1129 ut

1171 1158 1326 1190 personas
1351 1149 1383 1181 in
1408 1150 1521 1183 eadem
1549 1150 1757 1184 universitate
1782 1161 1910 1194 promo-

1172 1205 1228 1240 tas,
1257 1206 1288 1233 et
1313 1203 1458 1244 legentes
1491 1214 1526 1235 ae
1556 1205 1695 1236 lecturas
1713 1230 1720 1244 ,
1746 1215 1824 1247 quas
1848 1204 1909 1247 ipsi

1171 1258 1278 1286 rector
1313 1260 1345 1287 et
1377 1256 1489 1289 decani
1521 1267 1557 1289 ac
1592 1256 1772 1299 provisores
1802 1257 1909 1290 medio

1172 1317 1284 1340 eorum
1308 1308 1498 1348 iuramento,
1521 1312 1584 1342 una
1610 1321 1681 1342 cum
1706 1311 1840 1344 consilio
1866 1311 1910 1343 fa-

1172 1361 1297 1393 cultatis
1323 1361 1508 1396 huiusmodi
1533 1363 1566 1395 in
1597 1374 1659 1406 qua
1682 1374 1839 1406 personae
1864 1364 1912 1407 ip-

1171 1424 1223 1446 sae
1248 1415 1397 1456 legerent
1421 1420 1452 1448 et
1476 1417 1585 1458 legere
1607 1416 1764 1449 deberent
1783 1417 1823 1449 ad
1848 1417 1911 1450 hoc

1172 1477 1259 1500 more
1284 1468 1380 1500 solito
1399 1474 1582 1508 convocato,
1598 1468 1732 1501 idoneas
1750 1475 1781 1502 et
1805 1469 1911 1502 catho-

1172 1519 1249 1552 licas
1270 1530 1353 1560 csse,
1371 1531 1406 1553 ac
1431 1532 1502 1554 cum
1528 1522 1622 1554 laude
1648 1527 1680 1554 et
1704 1522 1807 1554 fructu
1831 1522 1912 1554 inibi

1173 1583 1232 1614 pro
1258 1578 1407 1616 tempore
1432 1575 1630 1606 studentium
1652 1574 1796 1617 profiteri
1814 1585 1911 1618 posse

1150 1626 1152 1659 3
1174 1626 1370 1658 affirmarent
1387 1627 1445 1670 (ita
1462 1632 1497 1659 ut
1513 1627 1538 1660 si
1556 1628 1778 1660 controversia
1798 1628 1831 1660 in
1855 1638 1913 1660 no-

392 1677 544 1716 conserri,
575 1689 610 1710 ac
636 1679 846 1711 canonicatus
872 1686 904 1711 et
928 1680 1152 1722 praebendas*

1174 1679 1325 1713 minando
1343 1680 1427 1712 inter
1444 1686 1603 1713 rectorem
1629 1686 1660 1713 et
1685 1681 1822 1714 decanos
1840 1691 1914 1714 nec-

1176 1744 1240 1765 non
1265 1734 1449 1776 provisores
1475 1740 1506 1766 et
1530 1734 1703 1767 consilium
1727 1734 1913 1768 huiusmodi

1176 1792 1288 1819 exorta
1324 1787 1455 1827 suisset,
1488 1787 1562 1828 ille,
1591 1798 1688 1830 quem
1711 1788 1815 1820 maior
1839 1798 1912 1831 pars

1176 1840 1256 1872 votis
1281 1840 1347 1872 suis
1367 1840 1621 1883 praeferendum
1646 1846 1801 1883 putasset,
1823 1850 1916 1883 prae-

1177 1893 1329 1936 ferretur)
1348 1893 1473 1926 dilectis
1498 1893 1571 1926 tiliis
1595 1894 1726 1926 maioris
1747 1905 1784 1927 ac
1805 1893 1837 1926 S.
1857 1893 1916 1927 Ge-

1177 1946 1284 1979 reonis
1311 1952 1342 1979 et
1367 1947 1501 1979 aliarum
1519 1947 1730 1980 ecclesiarum
1755 1947 1913 1990 capitulis,

1177 2000 1215 2032 ad
1235 2010 1316 2042 quos
1343 2000 1589 2032 canonicatuum
1607 2006 1639 2033 et
1655 2000 1915 2043 praebendarum

1178 2053 1209 2084 in
1235 2052 1357 2086 eisdem
1383 2053 1528 2085 ecclesiis
1546 2053 1794 2086 consistentium
1818 2053 1917 2086 colla-

1178 2105 1232 2145 tio,
1250 2105 1400 2148 provisio,
1420 2106 1650 2148 praesentatio,
1670 2106 1797 2146 electio,
1825 2105 1917 2138 insti-

1179 2159 1268 2199 tutio,
1288 2169 1343 2191 seu
1369 2159 1499 2201 quaevis
1514 2159 1577 2191 alia
1593 2158 1761 2201 dispositio
1785 2159 1919 2191 coniun-

1178 2211 1252 2244 ctim
1283 2213 1331 2244 vel
1361 2211 1555 2255 separatim,
1587 2213 1637 2244 vel
1674 2212 1752 2244 alias
1782 2222 1918 2255 quomo-

1179 2264 1321 2303 dolibet,
1348 2265 1549 2297 cessantibus
1576 2264 1848 2297 reservationibus
1885 2269 1917 2297 et

1179 2317 1400 2350 affectionibus
1425 2318 1620 2361 apostolicis,
1647 2318 1841 2361 pertinebat,
1870 2318 1914 2350 vi-

1179 2372 1295 2404 delicet
1321 2372 1360 2403 ad
1386 2372 1624 2415 presbyterales
1646 2378 1767 2404 tantum
1784 2371 1915 2404 maioris

1179 2431 1210 2457 et
1235 2425 1265 2457 S.
1285 2425 1448 2465 Gereonis,
1468 2426 1548 2457 itaut
1564 2425 1780 2458 nominandae
1805 2435 1918 2467 perso-

1178 2489 1238 2511 nae
1264 2480 1441 2511 secundum
1460 2490 1573 2512 eorum
1598 2484 1716 2512 statuta
1733 2483 1765 2511 et
1788 2477 1917 2520 privile-

1179 2532 1230 2574 gia
1256 2542 1368 2564 eorum
1400 2532 1549 2575 capitulis
1574 2542 1726 2564 concessa
1750 2535 1785 2563 ut
1820 2541 1920 2574 prae-

1180 2585 1280 2617 fertur
1298 2585 1496 2628 qualificatae
1515 2590 1631 2625 essent,
1651 2584 1690 2617 ad
1708 2594 1822 2616 omnes
1839 2594 1918 2616 vcro

1917 201 1967 228 ltn.
1987 201 2014 229 C.
2034 201 2098 230 1667
