2247 3208
211 270 264 297 An.
287 270 315 296 G.
337 269 401 296 1000

244 1957 385 1984 Supplicatio.

449 261 507 277 ox!

448 273 511 293 0524
985 265 1163 287 nt'lrtxmtlu
1188 264 1339 288 HOWXNUM

407 319 516 352 clectis
556 327 614 359 pro
656 320 801 356 tempore
843 312 1054 355 supradictis,
1098 311 1141 343 ita

408 371 491 414 quod
517 369 580 402 illis
604 369 653 400 vel
686 377 797 399 eorum
828 364 940 404 alteri,
975 364 1007 396 in
1033 374 1140 396 casum

405 422 517 456 mortis
542 422 591 453 vel
617 419 748 452 alterius
779 416 1004 461 impedimenti
1038 416 1141 458 legiti-

405 475 468 514 mi,
495 474 575 505 alius
603 473 653 505 vel
678 471 731 504 alii
758 470 938 503 successive
963 470 1140 502 electorum

405 527 620 570 praelatorum
647 524 685 556 ad
710 524 742 556 id
766 523 938 555 succedere
957 527 1069 565 posset
1084 531 1139 553 seu

406 584 547 623 possent,
566 577 709 610 omniurn
727 581 759 609 et
783 576 985 618 singulorum
999 574 1141 607 fidelium

404 630 571 672 utriusque
593 638 687 660 sexus
714 626 931 670 praefatorum
956 625 993 657 ad
1021 625 1140 657 dictum

408 681 637 714 monasterium
659 678 897 722 peregrinando
919 687 977 720 pro
995 682 1141 719 tempore

406 734 649 772 confluentium,
677 742 803 764 necnon
829 731 1058 762 canonicorum
1076 740 1142 762 mo-

406 787 545 827 nasterii,
572 797 606 819 ac
632 786 830 818 infirmorum
856 783 1023 826 hospitalis
1048 793 1142 826 prae-

407 841 542 873 fatorum
566 838 783 882 praesentium
802 842 835 870 et
855 837 1042 875 futurorum,
1068 846 1143 877 quo-

406 894 465 926 ties
485 893 635 936 expedire
656 891 828 931 videretur,
850 889 1072 923 consessiones
1089 899 1143 920 au-

407 945 524 985 diendi,
552 954 678 977 necnon
704 953 815 976 eorum
834 942 967 975 cuilibet
983 952 1042 984 pro
1063 951 1143 973 com-

404 998 509 1031 missis
534 998 628 1030 etiam
654 997 686 1028 in
713 995 837 1029 casibus
859 994 1021 1038 episcopis
1039 1004 1055 1026 a
1073 994 1141 1026 iure

404 1051 573 1085 reservatis
599 1049 739 1083 debitam
757 1048 994 1081 absolutionem
1019 1047 1143 1090 impen-

406 1104 513 1144 dendi,
531 1105 765 1145 salutaremque
784 1100 1016 1145 poenitentiam
1040 1100 1142 1133 iniun-

407 1156 514 1200 gendi‚
533 1167 569 1188 ac
586 1155 803 1188 Eucharistiae
822 1159 853 1187 et
867 1154 927 1186 alia
944 1157 1141 1186 sacramenta

406 1209 621 1242 ecclesiastica
644 1207 863 1246 ministrandi,
888 1216 1016 1239 necnon
1046 1206 1141 1238 etiam

406 1262 528 1294 eisdem
552 1260 659 1293 abbati
684 1270 744 1303 pro
771 1264 916 1302 tempore
947 1264 979 1290 et
1002 1258 1141 1301 capitulo

407 1313 599 1347 electionem
618 1311 804 1345 huiusmodi
820 1310 911 1342 annis
928 1310 1073 1353 singulis,
1087 1321 1141 1343 seu

407 1366 504 1406 alias,
538 1370 635 1409 prout
658 1364 702 1397 eis
726 1364 829 1396 visum
861 1364 959 1403 soret,
993 1364 1141 1403 faciendi,

407 1421 537 1462 plenam
562 1423 594 1451 et
611 1417 745 1450 liberam
763 1416 951 1448 auctoritate
970 1415 1143 1458 apostoliea

408 1471 570 1506 concessit
605 1471 786 1503 facultatem
824 1469 991 1512 perpetuis
1030 1468 1143 1501 suturis

409 1523 610 1567 temporibus
634 1523 816 1562 valituram,
843 1527 874 1554 et
897 1522 976 1554 alias
1000 1527 1096 1565 prout
1113 1521 1145 1554 in

408 1576 509 1620 ipsius
523 1575 657 1618 Eugenii
675 1573 849 1618 praedicti¹
873 1574 988 1607 litteris
1006 1574 1146 1617 desuper

411 1630 470 1662 sub
496 1629 639 1672 plumbo,
655 1638 739 1660 anno
755 1627 984 1660 Incarnationis
1004 1627 1147 1660 Domini-

411 1692 465 1714 cae
491 1691 647 1721 McuxLui,
675 1680 779 1724 pridie
804 1680 956 1713 kalendas
982 1680 1146 1720 februarii,

411 1734 581 1778 expeditis,
597 1744 729 1777 quarum
756 1738 900 1765 tenorem
926 1732 1149 1775 praesentibus

411 1798 471 1831 pro
505 1788 601 1830 plene
635 1791 667 1819 et
701 1786 896 1819 sufficienter
932 1796 1085 1829 expresso
1118 1792 1150 1819 et

412 1840 534 1873 inserto
567 1839 678 1872 haberi
703 1839 857 1879 volumus,
884 1838 1016 1870 uberius
1047 1838 1149 1871 conti-

414 1899 518 1926 netur.

455 1946 470 1990 ἑ
495 1945 526 1978 2.
553 1945 630 1979 Cum
656 1950 771 1986 autem,
797 1945 878 1978 sicut
902 1944 1037 1978 dilectus
1064 1943 1148 1977 filius

412 1999 549 2032 Ioannes
573 1998 678 2037 Basse,
695 1998 769 2031 dicti
794 1997 980 2030 monasterii
1006 2003 1038 2030 et
1053 1997 1148 2030 totius

410 2051 538 2084 Ordinis
567 2051 711 2084 eiusdem
729 2050 759 2083 S.
780 2050 910 2083 Antonii
936 2051 1034 2083 abbas
1055 2061 1148 2093 gene-

410 2105 495 2144 ralis,
521 2104 615 2137 nobis
636 2114 738 2147 nuper
755 2104 872 2147 exponi
891 2103 972 2144 fecit,
993 2108 1097 2136 tantus
1115 2103 1147 2135 in

412 2158 479 2190 dies
497 2158 534 2190 ad
552 2157 720 2190 ecclesiam
739 2157 951 2199 supradictam
969 2157 1148 2190 devotionis

413 2212 505 2242 causa
529 2210 668 2242 confluat
693 2209 966 2252 peregrinantium
984 2219 1145 2249 numerus,

412 2269 446 2295 ut
468 2263 530 2295 duo
545 2262 781 2305 poenitentiarii
799 2263 906 2304 rigore
933 2263 1148 2305 praefatarum

412 2315 546 2358 Eugenii
564 2315 820 2358 praedecessoris
836 2315 1011 2348 litterarum
1025 2315 1146 2348 ibidem

413 2368 564 2401 constitui
590 2367 672 2400 soliti
703 2368 984 2401 sacramentalibus
1017 2368 1147 2401 illorum

412 2418 667 2453 con'l'essionibus
692 2421 889 2464 excipiendis
911 2420 1041 2454 minime
1066 2420 1147 2453 suffi-

412 2474 512 2506 ciant:
526 2473 620 2506 nobis
645 2480 815 2517 propterea
831 2474 915 2507 idem
940 2475 1074 2508 loannes
1095 2475 1148 2507 ab·

411 2527 469 2559 bas
494 2527 652 2569 generalis
679 2527 843 2560 humiliter
872 2527 1046 2571 supplicari
1072 2527 1148 2560 fecit

411 2585 446 2612 ut
463 2579 495 2611 in
516 2579 698 2622 praemissis
724 2587 906 2623 opportune
927 2581 1095 2623 providere
1116 2584 1147 2613 et

450 2643 462 2667 1
484 2641 555 2668 Edit.
577 2640 654 2668 Maia.
676 2642 740 2677 legit
759 2643 863 2670 Praed.
883 2644 921 2677 (R.
938 2642 986 2679 T.).

1184 317 1219 343 ut
1243 312 1323 344 infra
1349 312 1515 354 indulgere
1543 313 1579 346 de
1599 314 1801 357 benignitate
1827 325 1918 357 apos-

1185 364 1282 397 tolica
1302 364 1519 407 dignaremur.

1228 418 1242 460 ἓ
1272 417 1303 449 4.
1333 417 1396 450 Nos
1429 417 1544 460 igitur,
1575 419 1675 461 ipsius
1707 419 1833 451 Ioannis
1864 420 1918 452 ab·

1925 265 1975 290 Λη,
1997 264 2111 292 016ῧῇ

1982 430 2036 450 Alias
2058 430 2111 450 «tuos

1937 456 2112 482 poennientianon

1184 470 1264 502 batis
1289 470 1446 513 generalis
1470 471 1551 503 votis
1580 471 1640 503 hac
1669 471 1702 503 in
1733 481 1787 510 re,
1818 482 2111 514 quan-concedamu-

1185 527 1252 554 tum
1269 533 1339 555 cum
1354 521 1488 555 Domino
1503 533 1692 567 possumus„
1700 523 1920 556 favorabiliter

1185 585 1325 608 annuere
1350 576 1498 608 volentes
1514 602 1521 616 ‚
1550 586 1689 618 eumque
1712 586 1728 607 a
1754 575 1918 618 quibusvis

1186 629 1536 669 excommunicationis,
1567 628 1790 671 suspensionis
1817 634 1848 661 et
1872 628 1920 661 in-

1186 681 1326 721 terdicti,
1345 681 1480 724 aliisque
1495 681 1723 714 ecclesiasticis
1739 681 1918 721 sententiis,

1929 508 1970 530 sex.

1185 733 1334 765 censuris
1351 738 1383 765 et
1399 733 1527 776 poenis,
1547 743 1565 765 a
1582 733 1651 765 iure
1674 733 1724 765 vel
1750 733 1789 765 ab
1816 733 1921 765 homi-

1185 795 1224 817 ne
1242 811 1249 825 ,
1284 786 1392 828 quavis
1428 785 1601 818 occasione
1633 786 1683 818 vel
1709 787 1806 817 causa
1831 786 1917 825 latis,

1185 837 1209 870 si
1236 837 1353 881 quibus
1379 837 1625 880 quomodolibet
1651 837 1825 870 innodatus
1856 837 1921 869 exi-

1185 890 1260 930 stit,
1290 891 1329 923 ad
1364 890 1513 922 effectum
1545 890 1763 933 praesentium
1796 891 1920 922 dumta-

1186 948 1238 975 xat
1257 943 1545 986 consequendum,
1573 943 1687 975 harum
1713 942 1797 975 serie
1812 944 1920 975 absol-

1184 1002 1295 1029 ventes
1315 1002 1346 1028 et
1364 997 1547 1029 absolutum
1566 996 1635 1028 sore
1654 1001 1842 1035 censentes,
1861 995 1920 1027 hu-

1185 1048 1323 1081 iusmodi
1357 1047 1650 1091 supplicationibus
1675 1047 1841 1087 inclinati,
1868 1053 1919 1087 ut,

1185 1107 1314 1145 praeter
1344 1106 1537 1134 memoratos
1563 1100 1650 1141 duos,
1677 1100 1730 1132 alii
1756 1100 1818 1133 duo
1844 1110 1921 1143 poe-

1186 1154 1360 1186 nitentiarii
1386 1154 1417 1186 in
1443 1154 1555 1186 eadem
1587 1153 1723 1185 ecclesia
1753 1153 1836 1185 iuxta
1862 1153 1924 1185 sor-

1185 1218 1267 1240 mam
1294 1207 1549 1250 supradictarum
1573 1206 1706 1249 Eugenii
1736 1206 1923 1249 praedeces-

1185 1262 1264 1294 soris
1297 1261 1498 1299 litterarum,
1525 1270 1597 1292 cum
1631 1258 1835 1291 facultatibus
1864 1268 1923 1302 per

1185 1314 1312 1346 easdem
1337 1313 1458 1346 litteras
1485 1312 1661 1352 concessis,
1678 1309 1866 1354 servataque
1889 1311 1922 1344 in

1185 1366 1317 1409 reliquis
1343 1367 1483 1409 ipsarum
1505 1365 1685 1398 litterarum
1703 1364 1922 1407 dispositione,

1187 1419 1272 1461 eligi,
1298 1418 1451 1451 constitui
1478 1424 1508 1450 et
1533 1417 1680 1460 deputari
1714 1417 1815 1450 libere
1840 1422 1871 1449 et
1888 1417 1924 1449 li-

1187 1471 1247 1504 cite
1267 1471 1393 1515 possint
1417 1477 1448 1503 et
1473 1472 1607 1509 valeant,
1627 1470 1816 1502 auctoritate
1831 1480 1924 1512 apos-

1189 1525 1293 1565 toliea,
1321 1530 1430 1557 tenore
1455 1523 1692 1567 praesentium,
1718 1523 1924 1556 concedimus

1190 1583 1219 1611 et
1245 1577 1462 1620 indulgemus.

1234 1631 1248 1674 g
1272 1630 1303 1662 4.
1330 1630 1548 1662 Decernentes
1565 1628 1649 1672 ipsas
1665 1632 1856 1671 praesentes
1874 1627 1925 1660 lit-

1191 1689 1273 1716 teras
1299 1693 1427 1726 semper
1450 1681 1577 1722 firmas,
1610 1681 1731 1714 validas
1763 1685 1796 1713 et
1825 1680 1927 1713 effica-

1191 1746 1242 1768 ces
1268 1735 1406 1768 existere
1433 1740 1464 1767 et
1489 1734 1566 1774 sore,
1593 1744 1734 1776 suosque
1759 1732 1926 1776 plenarios

1192 1794 1222 1821 et
1243 1789 1387 1831 integros
1412 1787 1544 1821 effectus
1569 1786 1680 1819 sortiri
1709 1791 1742 1819 et
1765 1785 1925 1825 obtinere,

1192 1853 1227 1874 ac
1244 1842 1318 1882 illis,
1339 1842 1377 1873 ad
1403 1851 1484 1884 quos
1509 1845 1631 1883 spectat
1649 1845 1681 1872 et
1705 1850 1764 1882 pro
1783 1844 1929 1881 tempore

1191 1893 1358 1938 spectabit,
1377 1892 1568 1937 plenissime
1579 1891 1758 1934 suffragari,
1778 1897 1810 1924 et
1827 1891 1865 1923 ab
1883 1890 1928 1923 eis

1191 1947 1368 1990 respective
1397 1945 1627 1980 inviolabiliter
1661 1943 1843 1983 observari,
1869 1942 1929 1975 sic-

1192 2010 1254 2043 que
1283 2000 1317 2032 in
1341 1999 1529 2043 praemissis
1553 2009 1611 2042 per
1636 2007 1855 2041 quoscumque
1881 1996 1929 2028 iu-

1192 2053 1279 2085 dices
1321 2052 1502 2085 ordinarios
1540 2057 1571 2084 et
1606 2051 1796 2093 delegatos,
1832 2049 1926 2081 etiarn

1191 2116 1363 2138 causarum
1390 2105 1499 2148 palatii
1531 2103 1700 2147 apostolici
1737 2102 1899 2135 auditores
1919 2127 1926 2140 ,

1190 2159 1327 2191 iudicari
1353 2164 1384 2191 et
1409 2157 1535 2191 definiri
1551 2158 1680 2196 debere,
1699 2165 1734 2187 ac
1751 2154 1876 2187 irritum
1897 2158 1929 2186 et

1192 2211 1336 2244 inanest
1363 2221 1454 2243 secus
1487 2220 1584 2253 super
1609 2209 1658 2241 liis
1689 2218 1706 2240 a
1739 2216 1900 2250 quoquam
1917 2233 1924 2246 ,

1192 2263 1304 2307 quavis
1321 2262 1522 2301 auctoritate,
1540 2262 1680 2294 scienter
1699 2261 1749 2292 vel
1773 2259 1927 2302 ignoran-

1191 2323 1250 2358 ter,
1281 2315 1454 2358 contigerit
1481 2313 1642 2347 attentari.

1235 2371 1249 2414 g
1274 2368 1306 2401 5.
1325 2368 1394 2401 Non
1419 2366 1622 2400 obstantibus
1639 2364 1926 2398 constitutionibus

1191 2428 1223 2456 et
1255 2420 1515 2455 ordinationibus
1554 2418 1765 2462 apostolicis,
1799 2427 1926 2450 necnon

1191 2474 1343 2508 omnibus
1367 2478 1399 2507 et
1416 2472 1554 2516 singulis
1579 2472 1653 2512 illis,
1673 2481 1754 2514 quae
1779 2469 1810 2501 in
1835 2479 1925 2513 prae-

1190 2528 1260 2561 fatis
1284 2526 1418 2569 Eugeuii
1436 2524 1696 2569 praedecessoris
1715 2522 1827 2556 litteris
1848 2531 1925 2554 cou-

1189 2591 1282 2613 cessa
1308 2584 1383 2612 sunt
1399 2589 1464 2611 non
1482 2579 1623 2618 obstare,
1640 2575 1827 2619 ceterisque
1846 2584 1925 2608 con-

1190 2633 1298 2667 trariis
1325 2632 1601 2676 quibuscumque.

1946 1663 1949 1666 4
1962 1636 2073 1656 Decretum
2090 1636 2118 1657 it-

1935 1666 2007 1683 fitam.

1961 2370 2079 2390 Contrariis
2087 2371 2124 2390 do·

1939 2398 2008 2421 rogat.
