2247 3208
188 176 242 205 An.
265 177 294 205 c.
312 176 379 206 1667
427 169 492 203 570

212 448 312 469 conr-nitu
322 455 367 474 pro-

183 478 207 495 u'.
220 482 238 495 ιιι
250 476 341 496 rubrica.

198 1615 314 1635 Coi-,trariis
330 1615 366 1635 de-

183 1645 250 1667 rogat.

216 1773 365 1800 Tramunwto·

183 1805 226 1820 rum
244 1800 301 1820 tides.

382 227 563 261 directione
590 227 671 259 viam
702 231 907 267 monstrant,
932 232 1006 260 vota
1029 227 1062 259 in
1086 227 1119 260 id

382 279 486 323 ipsum
512 278 679 311 tendentia

382 332 543 365 favoribus
569 338 597 365 et
624 332 733 375 gratiis
754 333 985 376 prosequimur
1001 343 1119 376 oppor-

381 385 477 417 tuuis.

424 436 494 479 §i
531 437 827 481 Suprssicafionibus
862 438 971 482 itaque
1009 439 1118 472 dilecti

379 488 435 521 filii
462 489 589 521 Ioannis
615 490 701 522 Pauli
727 490 848 531 Olivae,
867 492 1046 533 praepositi
1065 502 1119 533 ge-

380 542 500 574 neralis
526 542 695 576 Societatis
721 543 791 576 lesu
809 571 816 583 ,
844 549 908 576 tam
932 555 988 577 suo
1021 555 1118 588 quam

379 595 475 626 totius
500 594 667 628 Societatis
693 596 878 638 praedictae
902 597 1034 629 nomine
1062 608 1119 630 no-

377 647 427 679 bis
454 658 553 691 super
578 648 639 681 hoc
665 649 830 682 humiliter
853 651 1013 693 porrectis
1031 651 1118 683 incli-

377 700 454 740 nati,
479 705 513 732 ut
537 701 569 732 in
596 701 707 734 eadem
733 701 892 735 Societate
910 703 949 735 ab
968 703 1116 736 omnibus

376 752 465 785 illius
490 753 692 796 presbyteris
709 760 741 787 et
757 754 884 788 clericis
901 755 1114 798 regularibus,

379 805 433 849 qui
459 806 555 839 horas
581 807 752 839 canonicas
779 807 915 840 recitare
943 813 1115 850 tenentur,

378 858 518 891 officium
545 864 576 891 ct
599 860 697 892 missa
721 859 952 903 Conceptionis
972 861 1115 894 eiusdem

376 911 493 944 Beatae
508 911 623 944 Mariae
638 912 778 955 Virginis
792 913 1018 946 Immaculatae
1044 925 1117 947 cum

377 968 487 998 octava
512 965 544 997 in
569 971 737 1008 posterum
755 966 793 998 de
808 973 985 1009 praecepto
1001 967 1118 1000 recite-

376 1023 428 1050 tur
454 1028 525 1050 cum
552 1018 746 1050 lectionibus
773 1018 805 1050 in
824 1019 986 1052 octavario
1011 1030 1117 1053 roma-

376 1081 419 1103 no
453 1081 470 1102 a
503 1071 755 1112 congregatione
792 1073 1030 1105 venerabilium
1055 1074 1118 1106 sra-

376 1128 460 1155 trum
494 1129 682 1155 nostrorum
714 1123 745 1156 S.
773 1124 810 1156 R.
839 1125 873 1157 E.
905 1125 1115 1159 cardinalium

376 1176 476 1208 sacris
500 1176 615 1208 ritibus
641 1177 904 1219 praepositorum
934 1180 1115 1223 approbato

376 1229 548 1268 contentis,
574 1234 605 1261 et
629 1239 646 1261 a
672 1229 724 1262 die
755 1233 866 1263 octava
891 1232 930 1264 ad
957 1233 1115 1266 decimam

377 1281 523 1324 quintam
542 1281 723 1315 decembris
737 1283 798 1315 rite
818 1284 992 1327 dispositis,
1007 1291 1116 1319 aucto-

375 1335 471 1367 ritate
510 1335 694 1378 praedicta,
734 1340 847 1369 tenore
878 1339 1115 1380 praesentium,

375 1388 564 1421 mandamus
591 1393 621 1420 et
646 1389 867 1429 decernimus,
892 1390 1044 1435 idemque
1070 1393 1116 1425 os-

376 1441 486 1473 ficium
512 1441 550 1473 ad
575 1452 669 1474 usum
696 1442 799 1475 dictae
835 1443 1004 1478 Societatis
1028 1456 1117 1479 seor-

376 1493 437 1526 sim
463 1494 502 1527 ab
523 1494 685 1527 octavario
703 1504 840 1528 romano
858 1496 999 1540 imprimi
1017 1509 1115 1540 posse

377 1547 594 1580 concedimus.

421 1601 435 1644 g
461 1600 491 1633 Ξ.
518 1601 586 1634 Non
606 1601 808 1635 obstantibus
832 1604 1116 1638 constitutionibus

378 1659 409 1687 et
438 1654 698 1688 ordinationibus
723 1657 919 1699 apostolicis,
937 1658 1116 1702 ceterisque

377 1707 549 1740 contrariis
567 1708 836 1753 quibuscumque.

420 1761 490 1803 §7.
529 1761 680 1794 Volumus
716 1768 825 1796 autem
861 1768 897 1795 ut
928 1765 1115 1798 earumdem

376 1814 597 1857 praesentium
613 1816 795 1848 litterarum
816 1818 1040 1861 transumptis,
1058 1829 1115 1852 seu

376 1868 544 1911 exemplis,
562 1869 656 1901 etiam
669 1869 848 1912 impressis,
868 1881 964 1904 manu
982 1871 1115 1905 alicuius

375 1921 494 1953 notarii
515 1921 639 1964 publici
666 1923 715 1955 vel
741 1923 908 1956 secretarii
935 1924 1040 1958 dictae
1065 1925 1115 1958 So-

376 1975 502 2008 cietatis
528 1975 734 2018 subscriptis,
757 1982 788 2008 et
820 1976 928 2019 sigillo
946 1979 1114 2011 memorati

375 2028 554 2071 praepositi
581 2028 743 2071 generalis
767 2035 823 2061 aut
846 2030 978 2063 alterius
1002 2042 1116 2074 perso-

376 2091 436 2113 nae
462 2081 494 2113 in
518 2081 739 2114 ecclesiastica
757 2082 914 2125 dignitate
939 2084 1115 2117 contitutae

377 2134 523 2175 munitis,
544 2135 657 2167 eadem
678 2146 816 2178 prorsus
834 2135 914 2168 fides
936 2136 968 2168 in
993 2136 1114 2170 iudicio

378 2192 410 2219 et
435 2193 523 2219 extra
549 2187 753 2228 adhibeatur,
781 2200 863 2232 quae
888 2190 1115 2233 praesentibus

377 2239 456 2282 ipsis
483 2240 718 2283 adhiberetur,
756 2242 782 2274 si
808 2242 917 2275 forent
947 2243 1114 2277 exhibitae

376 2294 427 2326 vel
454 2299 618 2327 ostensae.
822 2313 831 2319 ·

420 2346 535 2378 Datum
557 2347 698 2387 Romae,
726 2348 813 2392 apud
837 2348 868 2382 S.
896 2349 1027 2382 Mariam
1053 2349 1116 2383 Ma-

375 2399 494 2439 iorem,
523 2401 583 2432 sub
609 2400 730 2434 annulo
755 2402 944 2443 Piscatoris‚
974 2403 1025 2436 dic
1051 2414 1115 2437 xv11

376 2453 569 2497 septembris
588 2464 757 2496 ainevan,
773 2456 984 2500 pontificatus
1009 2456 1114 2491 nostri

377 2518 463 2541 anno
490 2518 511 2540 L

414 2569 472 2596 Dat.
494 2569 537 2596 die
561 2570 589 2596 17
606 2570 768 2606 septembris
790 2571 868 2605 1667,
889 2571 983 2607 pontif.
1003 2579 1072 2599 anno
1095 2579 1115 2600 1.

965 179 1145 204 EULLARIUM
1170 179 1321 205 Romamn

1482 229 1571 263 XVII.

704 279 847 312 hbent&
873 279 1062 312 0X3¹¹d¹mus
1084 289 1120 311 ³⁰
1162 297 1332 340 Separatio
1344 299 1561 342 quorumdam
1576 306 1789 334 conventuum
1803 313 1902 345 apro-

1205 351 1313 383 vinciri
1333 351 1365 384 S.
1391 352 1544 395 Dionysii
1566 354 1603 385 in
1632 354 1741 387 Gallia
1768 355 1902 389 Ordinis

1205 404 1371 436 Minorum
1409 406 1515 438 sancti
1552 406 1723 440 Franciscz'
1764 409 1800 442 de
1833 408 1895 443 Ob-

1205 457 1369 489 servantid
1393 458 1662 499 Rpcollectorum,
1690 470 1762 492 cum
1793 471 1903 494 eorum

1205 509 1360 541 erectione
1385 510 1421 542 in
1444 521 1560 543 novam
1577 512 1779 554 provinciam
1792 513 1847 546 sub
1867 514 1903 548 ti-

1207 561 1274 594 tulo
1297 563 1328 595 S.
1353 562 1493 595 Antonii
1517 564 1554 596 de
1573 563 1717 597 Padua'.

1380 643 1511 670 clemens
1539 644 1617 677 Papa
1636 645 1688 676 IX,

1280 687 1316 714 ad
1339 691 1514 722 perpetuam
1536 688 1581 715 rei
1601 689 1780 716 memoriam.

1205 756 1354 791 Creditae
1379 760 1474 791 nobis
1501 759 1654 793 divinitus
1685 761 1900 804 dispensatio-

1162 809 1210 842 nis
1237 810 1319 843 ratio
1342 812 1493 854 postulat,
1513 817 1556 851 ut,
1582 818 1751 856 paternam
1769 814 1898 846 christi-

1161 862 1316 900 fidelium.
1342 865 1395 907 qui
1422 875 1438 897 e
1464 865 1614 898 fluctibus
1643 867 1740 899 seculi
1766 867 1798 899 in
1823 867 1899 900 reli-

1162 916 1272 958 giosae
1296 916 1379 949 vitae
1397 922 1524 959 portum
1543 919 1771 960 confugerunt,
1791 930 1899 953 curam

1162 973 1324 1011 gerentes,
1351 979 1510 1012 prospero
1537 970 1688 1014 felicique
1713 982 1824 1004 eorum
1849 983 1900 1006 re-

1161 1021 1274 1062 gimini
1292 1027 1324 1054 et
1341 1022 1500 1064 gubernio
1519 1024 1685 1056 consulere
1703 1030 1897 1067 satagamus,

1161 1073 1260 1114 sicut,
1285 1084 1406 1115 rerum,
1434 1076 1601 1115 locorum,
1628 1086 1843 1119 personarum
1869 1084 1901 1112 et

1160 1126 1362 1169 temporibus
1386 1128 1593 1171 qualitatibus
1619 1134 1742 1162 mature
1760 1140 1900 1173 perpen-

1161 1178 1217 1218 sis,
1243 1180 1419 1213 salubriter
1437 1181 1590 1225 expedire
1608 1181 1641 1214 in
1656 1182 1792 1215 Domino
1811 1183 1898 1216 arbi-

1161 1237 1294 1265 tramur.

1203 1286 1218 1328 g
1243 1284 1273 1317 1.
1300 1285 1425 1329 Exponi
1446 1286 1604 1330 siquidem
1622 1288 1716 1321 nobis
1733 1299 1839 1332 nuper
1856 1290 1899 1323 fe-

1160 1343 1276 1370 ceruut
1300 1339 1409 1372 dilecti
1434 1339 1491 1372 filii
1517 1339 1722 1374 Constantius
1750 1342 1898 1385 Legrand

1160 1395 1192 1423 et
1215 1391 1423 1424 Potentianus
1449 1392 1545 1433 Ozon,
1572 1399 1803 1436 procuratores
1828 1406 1900 1439 spe-

1160 1445 1286 1478 cialiter
1311 1446 1453 1489 deputati
1478 1446 1663 1489 provinciae
1694 1447 1724 1480 S.
1752 1448 1896 1492 Dionysii

1159 1498 1192 1531 in
1217 1498 1319 1532 Gallia
1340 1498 1468 1532 Ordinis
1493 1500 1627 1533 fratrum
1646 1500 1806 1534 Minorum
1826 1512 1898 1534 san-

1160 1551 1201 1584 cti
1226 1551 1386 1584 Francisci
1412 1552 1450 1584 de
1465 1552 1675 1586 Observantia
1694 1553 1898 1588 Recollecto-

1159 1615 1230 1638 rum
1253 1611 1527 1648 nuncupatorum,
1545 1607 1645 1650 quod,
1665 1617 1736 1640 cum
1758 1607 1894 1640 dilectus

1159 1657 1243 1691 filius
1269 1659 1417 1692 minister
1442 1660 1604 1702 generalis
1630 1660 1705 1693 dicti
1741 1660 1870 1694 Ordinis
1886 1688 1893 1702 ,

1159 1712 1199 1745 ad
1223 1712 1409 1746 instantiam
1424 1718 1456 1746 et
1471 1713 1665 1757 petitionem
1690 1715 1845 1748 carissimi
1863 1715 1896 1748 in

1158 1765 1284 1799 Christo
1309 1765 1365 1798 filii
1391 1767 1495 1799 nostri
1520 1767 1670 1800 Ludovici
1695 1768 1895 1802 Francorum

1157 1819 1243 1861 regis
1263 1818 1546 1860 christianissimi,
1572 1821 1690 1853 multos
1716 1827 1895 1854 conventus

1159 1876 1222 1903 tam
1248 1871 1380 1904 fratrum
1412 1883 1507 1915 quam
1539 1872 1726 1906 monialium
1752 1874 1896 1907 eiusdem

1158 1923 1305 1964 Ordinis,
1324 1924 1357 1957 in
1382 1923 1421 1957 iis
1442 1925 1586 1958 Artesiae
1612 1936 1648 1958 ac
1673 1927 1840 1960 Annoniae
1865 1933 1898 1960 et

1158 1977 1326 2010 Flandriae
1347 1977 1426 2010 locis
1452 1989 1531 2021 quae
1556 1989 1616 2021 per
1641 1979 1788 2012 ultimum
1809 1980 1896 2023 pacis

1158 2030 1269 2062 foedus
1285 2030 1372 2062 inter
1389 2036 1562 2074 utrumque
1581 2042 1693 2074 regem
1718 2031 1832 2064 initum
1851 2032 1898 2065 di-

1158 2082 1239 2115 tioni
1264 2083 1404 2116 Gallicae
1430 2083 1588 2126 acquisita
1612 2090 1839 2117 remanserunt
1856 2085 1897 2117 si-

1159 2141 1220 2176 tos,
1247 2135 1279 2168 in
1304 2146 1419 2168 novam
1444 2137 1627 2169 custodiam
1652 2147 1724 2169 cum
1741 2148 1896 2180 aggrega-

1159 2190 1245 2222 tione
1271 2189 1310 2222 ad
1336 2190 1453 2222 dictam
1478 2189 1678 2232 provinciam
1699 2190 1731 2223 S.
1754 2191 1895 2235 Dionysii

1159 2247 1191 2275 et
1225 2243 1443 2286 dependentia
1480 2244 1518 2276 ab
1555 2244 1610 2276 illa
1641 2244 1804 2285 erexerit;
1838 2255 1897 2288 per

1160 2297 1243 2329 hanc
1268 2302 1374 2329 autem
1399 2297 1663 2339 aggregationem
1687 2303 1719 2330 et
1743 2297 1896 2340 incorpo-

1160 2349 1318 2382 rationem
1343 2350 1386 2382 ita
1411 2349 1561 2393 ampliata
1585 2355 1617 2383 et
1648 2355 1779 2383 extensa
1804 2361 1896 2394 repe-

1159 2403 1260 2436 riatur
1274 2403 1387 2436 eadcm
1404 2403 1581 2446 provincia,
1595 2409 1638 2444 ut,
1658 2404 1896 2447 quadringenta

1160 2456 1310 2490 milliaria
1335 2457 1503 2496 excedens,
1517 2457 1556 2489 ab
1570 2467 1635 2489 uno
1650 2456 1798 2488 ministro
1819 2466 1895 2499 pro-

1159 2510 1287 2544 vinciali
1311 2511 1408 2543 modo
1426 2510 1457 2543 in
1475 2512 1585 2553 regula
1612 2510 1811 2554 praescripto
1829 2521 1895 2544 non

1195 2572 1206 2598 1
1230 2571 1266 2598 Ex
1286 2572 1397 2606 Regest.
1419 2571 1445 2598 in
1465 2571 1565 2599 Secret.
1587 2571 1665 2600 Brev-

1906 184 1956 210 An.
1979 183 2005 209 C.
2026 183 2091 212 1007

1936 772 2077 795 Prooemium<

1936 1304 2053 1330 Expositio.
