2247 3208
200 221 250 263 An'.
266 218 305 262 cl
316 231 384 261 1662
429 221 472 256 42

228 296 288 317 Prior
301 299 386 321 genera-

200 323 226 343 lis
234 322 345 342 confirmat
353 322 388 343 de-

201 351 290 371 cretum.

446 277 599 320 Magister
623 273 724 307 frater
747 271 862 304 Petrus
880 268 1135 308 Lansrancenus,

403 331 631 367 Anconitanus,
648 327 745 360 totius
763 322 891 358 Ordinis
910 322 1047 354 fratrum
1059 320 1138 353 Ere-

403 385 555 419 mitarum
580 379 682 414 sancti
714 376 886 421 Augustini
916 374 1008 419 prior
1040 383 1138 417 gene-

404 437 495 471 ralis:
721 465 724 468 .

450 489 498 522 Ad
524 498 570 528 ea,
597 495 681 531 quae
705 485 778 529 piae
803 488 835 516 et
858 486 971 515 sancte
996 480 1036 513 ad
1061 490 1139 513 eon-

405 541 609 586 sequendam
645 544 677 572 et
711 536 893 579 augendam
931 533 1139 577 disciplinam

405 596 592 637 regularem
617 596 736 625 statuta
756 594 839 628 sunt,
859 598 898 620 eo
915 586 1070 620 libentius
1091 585 1140 618 in-

406 647 580 685 tendimus,
600 655 664 688 quo
682 642 798 676 exinde
816 640 974 673 maiorem
991 638 1047 671 Dei
1071 639 1141 681 glo-

406 700 488 733 riam
517 703 549 732 et
577 694 838 731 christifidelium
867 693 1040 725 utilitatem
1064 701 1141 734 pro-

406 758 575 786 venturam
593 751 663 783 sore
682 747 915 791 dignoscimus.
933 745 1047 785 Quare,
1067 755 1141 777 eum

407 802 700 838 reverendissimus
725 804 820 844 pater
843 799 998 841 magister
1022 798 1141 830 Paulus

407 858 573 892 Lucliinus
599 853 811 892 Pisaurensis,
827 852 1066 895 praedecessor
1085 861 1143 883 no-

409 917 486 949 ster,
502 907 721 953 personaliter
737 905 871 938 visitans
889 904 1048 937 maiorem
1066 914 1143 936 eon-

410 968 541 998 ventuin
567 967 599 994 et
622 960 797 1002 collegium
815 962 965 991 nostrum
982 957 1144 989 Parisien-

411 1028 455 1057 se,
480 1021 515 1048 ut
538 1015 618 1048 illud
634 1014 674 1047 ad
688 1011 876 1056 primariam
899 1016 961 1043 tam
980 1011 1143 1043 bonorum

412 1076 444 1103 et
460 1079 625 1106 sacrarum
639 1068 821 1101 litterarum
836 1063 1029 1107 sapientiam
1048 1074 1145 1106 quam

411 1122 611 1156 monasticae
629 1118 820 1162 disciplinae
845 1117 1030 1150 institutum
1048 1116 1146 1149 redu-

412 1180 509 1214 ceret,
530 1174 646 1217 aliqua,
661 1172 780 1215 partim
799 1182 835 1203 ex
857 1169 1145 1203 constitutionibus

413 1227 564 1267 Ordinis,
599 1225 717 1269 partim
750 1235 787 1257 ex
817 1222 974 1256 institutis
1008 1222 1149 1255 aliorum

413 1281 562 1325 priorum
605 1277 808 1321 generalium
851 1277 1147 1320 praedecessorum

414 1339 611 1373 nostrorum,
626 1332 743 1376 partini
761 1330 897 1374 propria
920 1329 991 1373 ipse
1010 1328 1150 1362 ediderit

417 1388 556 1427 decreta,
583 1396 663 1429 quae
692 1390 798 1418 tamen
824 1394 862 1416 ex
887 1382 1024 1416 diversis
1043 1392 1149 1414 emer-

417 1439 566 1483 gentibus
595 1438 722 1471 casibus
756 1436 901 1469 nondum
931 1436 1061 1467 suerunt
1092 1444 1150 1477 pu-

416 1493 546 1531 blicata;
564 1491 701 1534 proinde
716 1490 864 1533 ipsorum
879 1487 1050 1530 originalia
1063 1487 1150 1519 idem

418 1543 711 1578 reverendissimus
737 1548 830 1586 pater
854 1541 1011 1584 magister
1035 1541 1150 1573 Paulus

418 1597 580 1632 Luchinus
618 1596 712 1629 nobis
746 1595 888 1634 remisit,
920 1598 1078 1637 quatenus
1112 1593 1150 1626 de

420 1656 605 1695 opportuno
629 1649 662 1682 in
688 1650 750 1682 hoc
775 1648 917 1692 capitulo
935 1647 1081 1690 generali
1100 1657 1152 1679 cu-

420 1714 566 1737 raremus
588 1702 722 1746 procedi
744 1701 903 1735 remedio.
923 1699 1059 1739 Quibus¹
1077 1710 1154 1743 pro-

421 1757 506 1797 inde,
522 1757 571 1789 his
587 1756 735 1789 omnibus
753 1766 813 1799 per
829 1765 888 1788 nos
906 1754 1053 1798 praefato
1068 1753 1154 1796 capi-

422 1812 489 1844 tulo
510 1810 672 1853 expositis,
699 1809 825 1842 censuit
853 1809 1056 1852 deputandos
1082 1818 1154 1840 esse

423 1863 548 1906 aliquos
574 1873 687 1905 graves
712 1868 830 1905 patres
851 1861 913 1905 qui,
935 1861 1010 1894 visis
1033 1865 1064 1893 et
1084 1871 1156 1893 exa-

423 1916 550 1949 minatis
578 1916 761 1949 huiusmodi
787 1916 945 1955 decretis,
972 1915 1154 1954 referrent,

424 1974 523 2013 prout
546 1969 584 2002 de
610 1969 692 2001 sacto
719 1969 884 2012 deputavit
909 1969 1082 2001 admodum
1106 1978 1158 2001 re-

426 2022 588 2054 verendos
631 2027 740 2065 patres
784 2022 956 2064 magistros
1000 2021 1159 2064 Hierony-

427 2084 513 2106 mum
542 2074 754 2107 Valvasonum
780 2075 1078 2115 Mediolanensem,
1111 2080 1160 2107 to-

428 2127 489 2159 tius
514 2127 640 2159 Ordinis
666 2127 767 2160 nostri
792 2134 1037 2171 procuratorem
1062 2139 1161 2170 gene—

430 2181 540 2219 ralem,
557 2186 588 2212 et
611 2180 784 2223 Ioscplium
801 2181 1087 2221 interamnensem,
1102 2182 1162 2214 Ita-

430 2233 493 2265 liae
518 2233 733 2273 assistentem,
753 2244 889 2277 quorum
906 2240 1021 2277 postea
1045 2234 1161 2267 auditis

433 2290 465 2318 et
488 2290 599 2318 exacte
624 2287 811 2328 ponderatis
835 2287 938 2327 votis,
964 2288 1051 2320 idem
1076 2288 1163 2331 capi-

432 2338 533 2370 tulum
558 2339 710 2379 generale
736 2339 845 2371 statuit
868 2340 1014 2382 praefata
1031 2341 1164 2373 decreta

435 2401 507 2424 esse
544 2391 783 2431 confirmanda,
818 2392 900 2425 sicut
923 2392 978 2426 illa
1002 2394 1110 2427 omnia
1134 2400 1166 2427 et

435 2444 562 2487 singula
585 2443 801 2484 confirmavit,
828 2450 872 2485 et,
900 2451 1056 2489 quatenus
1082 2457 1164 2490 opus

436 2496 484 2537 sit,
512 2497 618 2529 denuo
643 2496 751 2536 edidit,
778 2498 942 2541 roburque
962 2499 1093 2543 capituli
1111 2510 1166 2543 ge-

472 2568 483 2594 1
501 2567 611 2594 Videtur
626 2567 766 2602 legendum
779 2569 844 2603 Qui,
856 2577 953 2605 nempe
964 2570 1107 2606 capitulum
1123 2579 1168 2607 ge-

436 2612 537 2648 nerale,
554 2621 601 2647 pro
619 2614 726 2645 Quibus
739 2615 777 2648 (n.
794 2614 842 2648 Τ.).

976 218 1156 244 BULLARIUM
1179 217 1331 244 ROMANUM

1170 267 1292 300 neralis
1317 268 1486 312 perpetuis
1504 268 1618 303 suturis
1636 271 1837 314 temporibus
1855 272 1905 316 ip-

1170 321 1214 354 sis
1228 320 1354 362 adiecit,
1368 326 1400 354 et
1415 322 1474 355 sub
1487 322 1603 365 poenis
1618 323 1651 356 in
1669 324 1715 357 eis
1731 325 1902 366 contentis,

1172 379 1204 407 et
1227 373 1298 408 aliis
1324 374 1363 407 ad
1389 374 1559 407 arbitrium
1583 380 1731 409 nostrum
1756 377 1905 420 infligen-

1172 428 1236 469 dis,
1262 427 1423 472 publicari
1448 433 1480 461 et
1503 429 1627 461 servari
1651 430 1824 463 mandavit.
1855 431 1905 464 Id-

1172 480 1268 522 circo,
1283 481 1400 514 eodem
1412 481 1543 514 nomine
1562 486 1595 514 et
1606 482 1795 516 auctoritate
1810 494 1906 527 prae-

1172 533 1227 566 fati
1243 534 1374 577 capituli
1392 534 1554 577 generalis
1573 535 1634 567 hac
1651 534 1684 567 in
1701 540 1793 578 parte
1810 535 1904 569 nobis

1173 586 1356 626 commissa,
1376 587 1484 620 omnia
1501 592 1534 620 et
1549 587 1676 630 singula
1693 588 1907 632 retroscripta

1174 639 1306 672 decreta
1329 641 1564 683 approbamus,
1590 640 1804 681 ratificamus,
1830 652 1908 674 con-

1173 692 1336 726 firmamus
1363 698 1395 725 et
1418 693 1450 726 in
1475 699 1629 736 quantum
1645 704 1727 737 opus
1747 699 1797 727 est
1814 694 1908 727 inno-

1175 756 1304 786 vamus,
1337 750 1435 789 prout
1463 745 1634 786 ratificata,
1661 747 1842 790 approbata
1877 751 1910 779 et

1174 798 1326 832 innovata
1357 808 1429 831 esse
1462 800 1608 832 volumus
1642 804 1674 832 et
1705 800 1906 833 mandamus.

1175 852 1427 895 praecipientes,
1447 852 1479 885 in
1497 852 1648 885 meritum
1667 853 1815 885 salutaris
1831 854 1910 886 obe-

1177 905 1326 945 dientiae,
1346 910 1378 937 et
1397 906 1456 938 sub
1481 905 1596 948 poenis
1614 905 1646 937 in
1667 905 1746 948 ipsis
1768 905 1909 939 decretis

1177 958 1348 998 contentis,
1371 963 1403 992 et
1426 958 1497 991 aliis
1515 958 1555 991 ad
1571 958 1741 991 arbitrium
1764 963 1912 992 nostrum

1177 1011 1384 1054 infligendis,
1419 1011 1565 1054 ipsorum
1595 1010 1851 1054 publicationem
1882 1016 1914 1044 et

1179 1064 1420 1098 observantiam
1445 1064 1531 1097 iuxta
1555 1064 1688 1097 modum
1716 1069 1749 1097 et
1777 1065 1913 1097 sormam

1178 1118 1212 1151 in
1242 1118 1323 1162 ipsis
1352 1117 1610 1161 praescriptam·‚
1638 1117 1751 1150 dantes
1780 1122 1915 1160 propte-

1179 1181 1237 1204 rea
1269 1170 1444 1203 admodum
1480 1169 1663 1203 reverendo
1698 1169 1782 1212 patri
1814 1169 1916 1212 magi-

1180 1230 1248 1258 stro
1279 1224 1421 1256 Thomae
1447 1222 1611 1256 Guicbens
1648 1222 1812 1255 assistenti
1844 1222 1916 1262 Gal-

1180 1277 1243 1311 liae
1267 1278 1416 1310 absoluto
1442 1282 1474 1309 et
1497 1276 1609 1320 priori,
1637 1282 1732 1319 atque
1753 1276 1821 1309 eius
1844 1287 1916 1309 suc-

1182 1330 1368 1364 cessoribus
1391 1330 1558 1373 prioribus
1582 1329 1720 1373 praefati
1738 1335 1916 1363 conventus

1184 1390 1216 1419 et
1232 1383 1361 1427 collegii
1380 1383 1543 1426 generalis
1561 1383 1693 1416 maioris
1714 1383 1916 1423 Parisiensis,

1184 1438 1404 1472 omnimodam
1429 1442 1461 1469 et
1482 1436 1704 1469 necessariam
1723 1441 1919 1479 potestatem

1185 1491 1281 1525 etiam
1313 1490 1511 1533 implorandi
1541 1489 1694 1522 auxilium
1716 1488 1845 1522 brachii
1869 1499 1921 1522 se-

1186 1544 1321 1583 cularis;
1349 1544 1555 1576 declarantes
1580 1547 1755 1586 praeterea
1778 1541 1812 1574 in
1837 1543 1921 1575 nova

1187 1597 1350 1631 sexdecim
1370 1602 1498 1640 patrum
1516 1595 1714 1636 affiliatione,
1733 1596 1772 1628 de
1793 1606 1856 1639 qua
1871 1595 1921 1638 §11

1186 1661 1274 1683 num.
1301 1661 1312 1683 1
1337 1655 1369 1683 et
1392 1660 1435 1690 11,
1462 1659 1528 1682 non
1549 1648 1787 1692 comprehendi
1811 1653 1921 1691 patres

1188 1703 1428 1743 conventuales,
1443 1702 1496 1746 qui
1513 1712 1599 1735 nunc
1616 1701 1785 1735 actualiter
1801 1701 1834 1734 in
1850 1701 1922 1744 ipso

1189 1757 1330 1790 existunt
1353 1757 1392 1789 de
1418 1755 1545 1796 familia,
1572 1755 1634 1799 qui,
1662 1755 1814 1798 quamdiu
1837 1753 1925 1787 vixe-

1190 1810 1262 1850 rint,
1289 1809 1436 1842 volumus
1465 1813 1497 1841 et
1519 1809 1709 1841 mandamus
1741 1813 1777 1840 ut
1804 1807 1848 1840 ibi
1870 1807 1925 1840 de-

1191 1868 1267 1906 gant
1283 1868 1447 1906 tamquam
1470 1861 1558 1894 illius
1578 1861 1635 1894 filii
1655 1871 1716 1904 per
1736 1860 1925 1904 superiores

1192 1927 1263 1950 cum
1296 1915 1384 1949 omni
1416 1914 1646 1948 benevolentia
1669 1915 1841 1948 tractandi.
1867 1914 1927 1947 Ve-

1192 1981 1272 2010 rum,
1298 1969 1378 2013 ipsis
1403 1979 1464 2012 per
1486 1974 1626 2001 mortem
1647 1969 1698 2002 vel
1723 1978 1926 2011 quocumque

1193 2023 1256 2056 alio
1272 2023 1369 2055 modo
1384 2021 1618 2061 deficientibus,
1632 2020 1711 2054 alios
1726 2031 1840 2053 eorum
1854 2022 1926 2054 loco

1194 2075 1340 2119 suppleri
1358 2085 1424 2107 non
1441 2084 1539 2117 posse
1560 2073 1788 2117 prohibemus.
1815 2074 1928 2106 Datum

1195 2129 1280 2171 apud
1305 2127 1335 2160 S.
1363 2126 1576 2169 Augustinum
1600 2127 1639 2159 de
1666 2126 1751 2159 Urbe
1775 2126 1808 2158 in
1830 2125 1929 2159 comi-

1196 2181 1247 2215 tiis
1273 2181 1481 2224 generalibus
1509 2179 1559 2212 die
1585 2190 1615 2212 ix
1638 2179 1716 2212 iunii
1741 2189 1870 2213 MDCLXI.

1371 2233 1484 2266 Frater
1508 2233 1631 2266 rmus
1654 2233 1928 2273 Lanrnaneonius

1493 2286 1657 2329 generalis
1682 2286 1750 2319 ind.

1285 2341 1370 2374 Loco
1394 2342 1417 2381 †
1442 2339 1551 2382 sigilli.

1482 2393 1533 2425 Fr.
1562 2394 1722 2426 Aunsstrus
1744 2392 1916 2434 Maucmus,

1513 2445 1710 2478 secretarius
1724 2445 1864 2479 Ordinis.

1243 2500 1258 2544 ἓ
1282 2500 1313 2533 2.
1341 2499 1418 2533 Cum
1442 2504 1562 2540 autem,
1589 2499 1671 2532 sicut
1695 2499 1809 2532 eadem
1835 2509 1933 2543 expo-

1201 2553 1274 2587 sitio
1300 2552 1522 2595 subiungebat,
1548 2552 1692 2585 firmiora
1712 2557 1744 2585 et
1767 2552 1933 2586 stabiliora

1201 2607 1265 2641 sint
1283 2606 1339 2640 illa
1356 2617 1437 2650 quae
1455 2606 1654 2650 apostolieae
1679 2605 1933 2640 confirmationis

1917 225 1965 250 Ar..
1983 224 2011 250 C.
2035 223 2101 251 1662

2233 2662 2247 3208 —nn-m--vmxmusmas
2242 2629 2247 2652 m„
2246 2596 2247 2621 fl„
2244 2565 2247 2587 ff
2244 2523 2247 2534 -
