2247 3208
179 196 181 198 ’
216 210 265 236 An,
283 209 313 237 c.
334 210 398 237 1657
447 200 510 234 566

409 259 463 297 sis,
484 256 768 290 communitatibus
792 256 963 298 dissipatis,
983 261 1053 294 etc„
1073 255 1144 298 qui·
1164 274 1166 306 t

408 313 468 344 bus
486 311 547 343 nisi
566 310 695 351 atinnde
714 320 771 352 per
788 319 946 341 neverum
964 308 1142 341 identidem

408 364 632 407 operariorum
645 362 830 405 quotidiana
842 364 1064 405 supplementa
1073 372 1143 404 pro·

406 417 478 449 vide
504 421 720 455 succurratur,
746 415 834 448 brevi
863 416 901 448 ele
927 415 1089 457 provincia
1110 426 1143 447 a·

405 475 491 501 ctum
516 469 588 502 erit.
617 468 716 501 Porro
743 468 791 510 (ut
807 469 982 512 prudenter
1007 478 1163 515 sugges-¹

1162 519 1163 524 ’
1184 522 1313 563 signare
1339 523 1377 555 ad
1402 522 1551 556 effectum
1582 529 1616 556 ut
1640 535 1760 568 supra,
1791 530 1822 558 et
1847 537 1918 559 cum

1160 571 1294 607 *iisdem
1321 573 1538 609 facultatibus.
1565 576 1719 610 Volumus
1751 583 1859 612 autem
1883 590 1919 612 ae

405 523 488 565 sisti)
506 522 545 555 iis
571 522 713 555 succurri
739 532 803 555 non
828 522 947 564 poterit
963 521 1023 553 nisi
1050 526 1139 554 extra

404 575 542 608 insulam
556 575 587 607 in
606 575 677 621 aliis
697 575 930 608 catholicorum
956 574 1138 617 principum

401 628 510 671 regnis
537 639 572 661 ac
597 628 773 661 ditionibus
802 628 1060 672 multiplicentur
1085 638 1139 660 na-

402 681 534 713 tionalia
558 681 787 723 religiosorum
808 681 943 714 istorum
974 680 1137 714 domicilia

403 740 434 767 et
452 734 631 767 litterarum
645 734 795 776 collegia,
807 734 839 766 in
854 735 968 777 quibus
984 740 1049 766 tum
1064 744 1138 766 exu-

398 788 445 820 les
472 787 573 820 nostri
598 787 792 820 niissionarii
817 788 857 820 ob
882 787 978 820 fidem
1003 787 1138 830 proscri-

398 840 446 883 pti
470 841 590 883 asylum
611 840 786 880 inveniant,
807 846 872 872 tuni
894 841 1066 872 vernacula
1083 840 1136 872 lli-

396 893 570 926 hernorum
596 893 740 926 iuventus
767 893 881 926 studiis
902 893 1135 925 controversia-

396 956 468 978 rum
496 952 528 979 ct
551 957 716 979 sacrarum
742 946 926 989 linguarum
952 946 1070 990 iugiter
1095 946 1133 977 ad

397 999 607 1042 apostolicam
638 998 825 1032 missionem
861 998 1038 1031 erudiatur.
1066 999 1132 1031 Hoc

394 1051 492 1094 igitur
517 1058 694 1085 extremum
726 1051 818 1084 istius
850 1051 1058 1084 desolationis
1083 1062 1133 1084 re-

393 1105 535 1138 medium
577 1110 611 1138 ut
641 1116 699 1138 suo
734 1106 862 1138 tandem
895 1105 1038 1148 potiatur
1072 1117 1130 1138 usu

394 1162 426 1190 et
444 1151 572 1197 effectu,
591 1159 623 1191 in
649 1169 745 1202 quem
769 1161 833 1191 una
858 1164 964 1191 tecum
987 1159 1130 1202 undique
1151 1170 1153 1185 ¹

393 1210 534 1254 plurium
550 1217 736 1251 magnatum
753 1217 836 1251 vota,
854 1211 1036 1252 instantiae,
1057 1223 1131 1255 pro-

392 1264 490 1297 missa
524 1264 674 1297 munifice
706 1263 974 1308 pientissimoque
1005 1266 1130 1308 conspi-

391 1322 475 1358 rant,
498 1318 701 1361 ampliusque
727 1318 759 1350 in
784 1318 854 1350 aliis
880 1318 1001 1361 pariter
1025 1319 1130 1361 regio-

390 1370 487 1403 nibus
505 1370 729 1414 conspiratura
748 1376 911 1414 putantur,
931 1382 997 1411 nos,
1017 1372 1128 1404 harum

391 1423 498 1464 serie,
525 1434 560 1455 ac
590 1426 739 1466 suprema
774 1423 867 1456 officii
894 1424 995 1456 nostri
1021 1431 1128 1458 aucto-

389 1476 496 1515 ritate,
515 1477 547 1509 in
563 1477 676 1519 primis
694 1476 749 1508 tibi
768 1477 1034 1520 supranominato
1054 1478 1128 1510 tuis-

390 1540 452 1572 que
478 1529 511 1561 in
536 1529 641 1562 ossicio
667 1530 909 1562 successoribus
934 1535 1127 1573 potestatem

389 1582 523 1614 facimus
549 1582 737 1625 acceptandi
754 1608 761 1621 ,
796 1583 968 1625 erigendi,
1001 1595 1036 1616 ac
1063 1585 1148 1616 for-t

388 1635 497 1668 mandi
523 1636 605 1678 apud
624 1635 784 1667 Matritum
802 1636 975 1678 Hispaniae
996 1638 1125 1670 unicum

388 1693 460 1721 tuae
483 1688 606 1721 nativae
632 1688 816 1731 provinciae
830 1690 1013 1732 collegium,
1031 1693 1124 1733 quale

389 1741 522 1774 confidis
549 1741 615 1775 illic
639 1752 675 1774 ex
696 1742 822 1784 piorum
848 1743 1061 1786 eleemosynis
1088 1756 1124 1777 ac

387 1794 514 1828 liberali
536 1795 725 1827 fundatione
745 1800 773 1827 tc
792 1796 1005 1828 obtenturum
1023 1798 1061 1830 ad
1084 1798 1125 1830 ef·
1144 1790 1146 1812 l

388 1848 506 1880 fectum
532 1848 706 1891 praecipue
742 1849 862 1881 ibidem
896 1849 954 1881 sub
980 1851 1123 1892 regulari
1144 1841 1145 1855 ¹

388 1900 557 1944 disciplina
582 1902 742 1934 educandi
768 1903 991 1936 missionarios
1012 1905 1124 1937 Hiber·
1143 1914 1145 1963 t

386 1954 478 1987 nicae
502 1954 642 1988 nationis
673 1955 952 1989 indiscriminatim
969 1984 976 1995 ,
1010 1957 1053 1990 ita
1079 1964 1123 1991 ta·
1143 1965 1144 1984 ἓ

387 2017 461 2040 men
489 2014 523 2040 ut
547 2009 642 2041 etiam
667 2009 761 2051 Angli
787 2015 820 2041 ct
843 2009 926 2042 Scoti
952 2011 984 2042 in
1009 2012 1122 2044 eodem

386 2061 524 2103 collegio
550 2061 760 2105 recipiantur,
779 2068 997 2096 sustententur
1022 2071 1052 2097 ct
1076 2065 1143 2107 iii-3

385 2119 573 2155 struantur,
600 2125 671 2147 cum
695 2121 854 2158 potestate
880 2117 975 2149 etiam
1000 2117 1121 2150 ibidem

386 2167 564 2209 recipiendi
591 2169 629 2201 ad
655 2168 802 2201 habitum
827 2175 858 2201 et
883 2171 1120 2212 professionem

385 2218 518 2252 iuvenes
543 2221 800 2263 supradictarum
822 2222 918 2254 trium
938 2223 1117 2264 nationum,
1141 2241 1142 2253 t

386 2270 523 2314 illosque
559 2274 717 2306 educandi
744 2274 775 2306 in
801 2275 935 2318 proprio
966 2276 1120 2309 novitiatu

385 2326 445 2357 sub
471 2329 580 2359 exacta
606 2329 813 2360 observantia
840 2330 995 2371 regulari;
1022 2330 1120 2362 simili

385 2379 533 2416 ratione,
566 2379 626 2412 stne
653 2391 686 2413 ac
713 2382 808 2414 modo
835 2382 865 2414 in
892 2383 962 2415 aliis
989 2383 1121 2426 quibus-

386 2442 523 2475 cumque
549 2433 626 2465 locis
653 2439 717 2465 tum
736 2435 962 2477 Hispaniarum
982 2442 1047 2468 tum
1069 2447 1120 2469 ce-

386 2489 529 2517 terorum
555 2495 613 2527 per
637 2486 795 2528 Europam
818 2488 1051 2521 catliolicoriun
1070 2500 1120 2522 re-

1145 1721 1147 1739 l

386 2548 536 2580 gnarum,
554 2543 695 2571 statuum
727 2544 759 2572 et
784 2540 951 2581 ditionum,
978 2543 1121 2575 ubicum-

385 2601 448 2635 que
480 2597 654 2634 patronos,
686 2593 828 2627 fautores
861 2605 896 2627 ac
934 2595 1119 2628 fundatores

992 208 1171 231 nt‘met‘u
1197 208 1349 232 nonium!

1164 260 1166 272 ¹
1187 255 1332 297 potueris
1358 256 1522 298 reperire,
1542 263 1638 301 atque
1664 259 1702 292 ad
1729 264 1833 293 tantae
1858 259 1923 303 pie-

1188 308 1259 340 tatis
1286 319 1367 351 opus
1392 309 1561 349 inducere,
1581 312 1636 344 tibi
1657 314 1783 356 tuisque
1801 323 1922 347 sueces-

1163 352 1164 363 ¹
1185 362 1314 394 soribus
1339 362 1372 394 in
1397 363 1502 395 officio
1535 365 1650 398 amodo
1679 366 1773 399 liceat
1809 367 1922 400 huius-

1185 415 1310 447 cemodi
1347 416 1483 457 collegia
1522 427 1697 460 procurare
1734 419 1919 463 suscipere,

1184 468 1371 501 eorumdem
1398 480 1573 511 regnorum
1602 470 1818 505 nationalibus
1843 483 1920 505 con-

1183 627 1393 669 declaramus,
1415 630 1498 672 quod
1519 631 1625 663 onmia
1647 636 1679 664 et
1695 631 1823 674 singula
1839 632 1919 665 eius·

1181 681 1269 713 modi
1294 683 1441 725 collegia,
1460 683 1655 726 ubicumque
1674 684 1729 717 rei
1747 695 1819 728 ope,
1839 684 1917 719 fide-

1181 733 1260 765 lium
1284 735 1522 775 munificentia,
1553 739 1670 779 tuaque
1696 742 1728 770 et
1752 748 1917 771 suceesso-

1179 797 1250 819 rum
1275 787 1433 820 industria
1465 789 1710 829 excitabuntur,
1736 790 1807 833 ipso
1832 791 1915 824 sacto

1179 839 1244 872 sint
1268 845 1300 872 et
1323 846 1535 883 permaneant
1557 853 1632 875 vera
1648 843 1795 876 membra
1814 843 1915 876 sotiav-

1178 898 1309 926 nostrae
1334 895 1521 937 provinciae
1546 896 1733 937 Hiberniae,
1760 897 1801 930 ita
1827 897 1913 941 quod

1177 946 1256 979 nulli
1290 947 1383 979 alteri
1408 947 1536 980 Ordinis
1567 950 1730 992 superiori
1760 950 1910 990 subsint,

1177 1004 1404 1042 praeterquam
1429 1011 1488 1033 suo
1521 1002 1712 1044 provinciali
1738 1003 1912 1036 Hiberniae

1176 1057 1208 1084 et
1231 1053 1383 1095 magistro
1409 1053 1537 1087 Ordinis
1562 1066 1621 1099 pro
1648 1061 1808 1099 tempore.
1828 1057 1913 1089 Inte-

1174 1104 1246 1144 rim,
1275 1106 1378 1139 donec
1397 1107 1511 1140 fratres
1528 1109 1631 1140 nostri
1648 1108 1798 1151 proprias
1823 1120 1912 1142 seor-

1174 1157 1234 1190 sim
1259 1158 1465 1192 fundationes
1498 1165 1530 1192 et
1560 1160 1723 1194 domicilia
1754 1166 1788 1193 ut
1812 1172 1911 1205 supra

1173 1211 1372 1253 possideant,
1394 1223 1434 1244 ne
1460 1217 1568 1245 stante
1594 1213 1654 1246 hac
1678 1224 1792 1246 eorum
1817 1209 1911 1247 noto-

1172 1263 1219 1295 ria
1244 1261 1434 1307 paupertate
1466 1266 1637 1308 adigantur
1670 1267 1709 1299 ad
1740 1268 1909 1300 solvendas

1171 1316 1204 1347 in
1218 1317 1457 1358 provinciarum
1482 1320 1697 1352 conventibus
1719 1325 1774 1352 aut
1798 1320 1909 1362 hospi-

1171 1369 1222 1402 tiis
1250 1375 1369 1403 taxatas
1395 1372 1668 1413 contributiones,
1689 1383 1768 1416 quas
1793 1373 1906 1416 utique

1169 1428 1312 1456 extorres
1341 1429 1373 1455 et
1404 1425 1496 1467 egeni
1525 1426 1650 1457 solvere
1675 1431 1841 1468 nequeunt
1860 1425 1909 1458 in-

1169 1481 1235 1508 star
1260 1482 1443 1510 ceterorum
1475 1478 1530 1521 qui
1555 1484 1686 1521 pacatas
1722 1479 1906 1522 provincias

1170 1529 1300 1570 liabent,
1318 1531 1521 1571 mandamus,
1541 1531 1628 1574 quod
1646 1532 1814 1574 praesides
1833 1532 1906 1565 isto-

1167 1592 1238 1614 rum
1264 1589 1480 1615 conventuum
1499 1589 1532 1616 et
1557 1585 1776 1627 hospitiorum
1793 1585 1827 1617 in
1845 1585 1906 1617 liu-

1146 1628 1148 1667 i
1168 1636 1306 1669 iusmodi
1333 1637 1446 1669 alienis
1472 1637 1647 1680 provinciis
1669 1638 1752 1670 nihil
1770 1649 1788 1671 a
1805 1638 1906 1670 fratri-

1167 1689 1226 1721 bus
1246 1690 1363 1722 nostris
1378 1690 1500 1732 Anglis,
1514 1690 1679 1730 Hibernis,
1699 1690 1802 1723 Scotis
1819 1692 1904 1734 apud

1167 1752 1199 1773 sc
1227 1742 1436 1785 hospitaturis
1473 1744 1600 1785 exigant
1636 1744 1721 1776 ultra
1746 1744 1905 1787 quotidia-

1166 1806 1224 1827 nae
1251 1795 1368 1828 missae
1393 1796 1648 1829 celebrationem
1673 1802 1813 1838 tantum·,
1833 1797 1904 1830 ubi-

1165 1858 1301 1891 cumque
1327 1860 1401 1881 vero
1427 1849 1524 1882 iidem
1556 1850 1668 1882 fratres
1692 1850 1726 1882 in
1752 1850 1903 1894 hospitiis

1165 1907 1219 1934 aut
1242 1903 1454 1935 conventibus
1481 1904 1540 1936 sub
1566 1905 1602 1936 ea
1626 1904 1812 1936 conditione
1836 1915 1903 1936 non

1165 1955 1376 1998 recipientur,
1394 1956 1504 1988 licebit
1528 1957 1608 1999 ipsis
1632 1957 1791 2001 hospitari
1816 1957 1900 2001 apud

1164 2009 1242 2041 alios
1268 2019 1488 2052 quoscumque
1514 2011 1689 2043 benevolos
1713 2017 1901 2054 receptores

1142 2067 1143 2074 ¹
1163 2063 1409 2103 ecclesiasticos,
1427 2063 1493 2096 sive
1512 2063 1532 2095 ii
1552 2064 1616 2096 sint
1639 2065 1816 2106 regulares,
1835 2064 1900 2098 sive

1163 2116 1346 2156 seculares,
1372 2126 1412 2148 ne
1437 2117 1478 2149 ob
1504 2118 1700 2159 temporales
1732 2123 1900 2160 respectus

1162 2168 1254 2201 ullibi
1272 2174 1416 2201 sanctum
1433 2170 1517 2202 istud
1531 2171 1809 2212 procurandarum
1834 2171 1900 2203 fun—

1141 2228 1142 2239 *
1163 2222 1327 2254 dationum
1352 2222 1548 2265 impediatur
1571 2223 1739 2265 negotium
1754 2250 1762 2263 ,
1792 2234 1810 2256 a
1834 2235 1898 2267 quo

1163 2279 1209 2308 tot
1233 2276 1414 2307 animarum
1439 2276 1524 2308 salus
1551 2276 1726 2318 dependet.
1752 2276 1897 2319 Denique

1160 2328 1193 2360 in
1219 2328 1336 2361 virtute
1361 2329 1497 2371 Spiritus
1523 2329 1640 2369 Sancti,
1665 2335 1795 2362 sanctae
1821 2330 1898 2362 obe-

1161 2382 1302 2414 dit-ntiae
1328 2383 1386 2414 sub
1412 2383 1539 2415 formali
1564 2389 1750 2426 praecepto,
1767 2393 1895 2416 necnon

1161 2436 1220 2467 suli
1251 2438 1356 2478 poena
1388 2436 1518 2469 maioris
1555 2436 1896 2469 excommunicationis

1160 2488 1229 2531 ipso
1256 2489 1337 2522 sacto
1368 2490 1583 2530 incurrentia,
1610 2489 1746 2532 aliisque
1777 2490 1893 2532 poenis

1162 2542 1254 2575 nobis
1279 2543 1478 2584 arbitrariis,
1517 2554 1552 2575 ex
1578 2553 1663 2574 nunc
1694 2543 1894 2576 strictissime

1159 2596 1369 2639 prohibemus
1385 2596 1540 2629 universis
1558 2601 1589 2628 et
1609 2596 1746 2639 singulis
1761 2601 1894 2630 nostrae

1937 212 1986 238 An.
2003 211 2031 239 C.
2051 213 2116 242 ¹667
