2247 3208
166 215 214 241 An.
236 212 265 240 C.
285 211 352 239 1668

361 260 524 299 inclinati,
555 261 592 292 ‹le
623 261 855 293 venerabilium
883 260 1016 293 fratrum
1042 272 1098 292 no-

359 319 500 345 strorum
525 313 555 346 S.
585 313 620 345 R.
648 314 682 346 E.
711 315 922 347 cardinalium
957 314 1096 356 negotiis

358 373 386 398 et
413 367 706 399 consultationibus
736 368 963 411 episcoporum
991 373 1022 399 et
1048 378 1097 399 re-

358 420 518 461 gularium
539 421 801 463 praepositorum
827 421 975 459 consilio,
1003 430 1097 463 prae-

359 474 422 506 fato
449 474 607 506 Matthaei]
633 475 790 507 moderno
813 480 843 506 et
861 485 920 516 pro
950 480 1095 516 tempore

358 527 506 559 existenti
534 528 633 570 priori
652 528 792 569 generali
813 527 941 559 Ordinis
961 527 1095 569 praefati

359 580 491 623 petitam
519 581 700 613 facultatem
732 580 919 613 confercndi
955 581 1096 612 lauream

359 633 556 665 doctoralem
584 634 645 666 illis
671 634 823 665 fratribus
853 633 906 675 qui
941 644 976 664 ex
1003 643 1098 675 prae-

359 685 481 728 scripto
515 686 784 718 constitutionum
822 685 949 717 Ordinis
986 685 1098 717 liuius-

360 739 447 771 modi
468 739 654 782 magisterio
673 739 816 781 insigniti
836 738 965 777 fuerint,
989 744 1098 771 aucto-

361 793 454 825 ritate
488 792 682 835 apostolica,
718 798 828 824 tenore
855 793 1094 835 praesentium,

360 844 584 877 concedimus:
612 844 655 876 ita
673 849 778 876 tamen
798 849 832 875 ut
852 844 907 877 illa
925 849 1013 876 extra
1032 846 1097 877 eol-

360 896 478 939 legium
493 896 746 929 Salat'nantinum
763 897 889 929 nonnisi
909 897 940 929 in
956 898 1096 940 collegio

358 948 389 980 S.
417 949 534 981 Mariae
559 948 814 991 Transpontinae
841 950 880 982 de
907 949 990 982 Urbe
1015 951 1098 982 eius-

359 1002 432 1034 dem
457 1001 584 1034 Ordinis
610 1002 653 1033 uti
673 1002 786 1044 possit,
806 1013 839 1034 ac
861 1003 944 1035 salva
970 1014 1098 1046 semper

360 1055 392 1086 in
417 1054 604 1098 praemissis
624 1055 815 1087 auctoritate
837 1056 1098 1097 congregationis

361 1108 550 1140 eorumdem
570 1107 795 1140 cardinalium.

434 1161 465 1193 5.
486 1161 708 1194 Decerncntes
736 1161 820 1204 ipsas
842 1167 1036 1204 praesentes
1052 1162 1099 1194 lit-

363 1221 447 1247 teras
474 1225 606 1257 semper
620 1214 737 1253 firmas,
760 1215 883 1247 validas
902 1221 933 1247 et
950 1216 1097 1248 ellit-aces

360 1268 502 1300 existere
528 1273 559 1299 et
587 1268 671 1307 fore,
699 1269 844 1310 suosque
871 1269 1040 1311 plenarios
1067 1273 1098 1300 et

359 1322 507 1364 integros
542 1320 679 1353 elfectus
711 1321 823 1353 sortiri
857 1326 889 1353 et
927 1322 1097 1361 obtinere,

358 1385 394 1406 ac
420 1375 459 1406 ab
485 1373 560 1412 illis,
588 1374 625 1405 ad
647 1382 729 1415 quos
749 1378 876 1415 spectat
891 1379 923 1406 et
940 1384 1001 1417 pro
1021 1379 1099 1406 tcm-

358 1437 438 1470 pore
466 1426 639 1469 spectabit,
653 1426 685 1457 in
703 1426 854 1458 omnibus
872 1431 902 1459 et
917 1437 975 1469 per
990 1427 1099 1460 onmia

358 1479 545 1522 plenissime
567 1477 738 1521 suffragari
755 1506 762 1518 ,
797 1479 910 1522 sit-que
937 1480 970 1512 in
1003 1491 1099 1523 prae-

360 1533 470 1566 missis
496 1543 555 1576 per
573 1544 801 1576 quoscumque
823 1533 949 1566 iudices
969 1534 1101 1567 ordina-

363 1586 429 1619 rios
456 1591 487 1618 et
512 1586 693 1628 delegatos,
723 1586 821 1618 etiam
846 1597 1020 1619 cansarum
1049 1599 1101 1630 pa-

361 1639 431 1672 latii
464 1639 638 1682 apostolici
672 1639 863 1679 auditores,
898 1640 1034 1672 iudicari
1069 1646 1101 1673 et

363 1692 492 1724 definiri
519 1692 652 1732 debere,
679 1703 715 1724 ac
741 1692 873 1725 irritum
899 1698 932 1725 et
957 1693 1054 1726 inane
1075 1694 1100 1725 si

180 1200 182 1203 v
195 1172 304 1193 Decretum
321 1179 349 1192 n·-
405 1162 419 1204 ὲ

167 1202 238 1220 filaus.

363 1755 458 1778 secus
485 1756 586 1788 super
612 1746 662 1778 his
682 1757 698 1778 a
712 1756 892 1788 quoquam,
914 1747 1027 1789 quavis
1047 1757 1101 1778 au-
1122 1748 1124 1759 ²

363 1799 528 1839 ctoritate,
555 1799 701 1832 scienter
726 1801 776 1832 vel
800 1800 1003 1842 ignoranter,
1031 1812 1102 1833 con-
1123 1825 1124 1828 η

364 1853 473 1895 tigerit
506 1853 673 1885 attentari.

409 1906 424 1948 ξ
447 1906 478 1938 6.
506 1905 573 1938 Non
592 1906 796 1939 obstantibus
818 1907 1103 1940 constitutioniluls

367 1964 399 1991 et
424 1959 684 1991 ordinationibus
709 1960 909 2002 apostolicis,
927 1971 970 1999 ac,
993 1966 1104 2003 quate-

239 1909 353 1939 Derogatio

170 1938 332 1957 contrariorum.

366 2022 427 2045 nus
452 2023 532 2055 opus
558 2012 607 2051 sit,
627 2013 702 2045 dicti
727 2012 856 2045 Ordinis
882 2013 1017 2056 eiusque
1035 2024 1103 2056 pro·
1125 2029 1126 2034 ¹

367 2064 560 2105 vinciarnm,
586 2065 680 2097 etiam
712 2065 908 2105 iuramento,
936 2065 1105 2098 confirma-

367 2118 453 2151 tione
472 2119 664 2162 apostolica‚
681 2120 730 2151 vel
745 2119 855 2161 quavis
872 2118 1022 2151 firmitate
1042 2120 1105 2152 alia

365 2172 548 2211 roboratis,
574 2172 700 2204 statutis
733 2177 764 2204 et
795 2173 1104 2213 eonsuctffllinilms,

368 2277 552 2319 apostolicis
577 2277 608 2309 in
633 2278 828 2310 contrarium
856 2279 1106 2321 praemissorum

369 2329 616 2372 quomodolibet
640 2332 819 2370 concessis,
849 2332 1045 2364 confirmatis
1077 2334 1129 2364 et
1151 2333 1287 2366 civitatis
1311 2332 1502 2364 Viennensis
1529 2331 1637 2363 debita
1662 2341 1734 2363 cum
1757 2341 1887 2363 venera-

368 2381 550 2423 innovatis;
579 2383 694 2426 quibus
727 2384 875 2416 omnibus
900 2390 931 2416 ct.
954 2385 1107 2426 singulis,

368 2435 498 2468 illorum
523 2441 652 2468 tenores
671 2438 897 2479 praesentibus
923 2448 982 2480 pro
1008 2438 1105 2480 plene

368 2494 401 2521 et
417 2489 616 2522 sufficienter
641 2490 802 2532 expressis
833 2495 862 2521 et
888 2489 1017 2523 insertis
1050 2491 1107 2522 lia-

369 2541 506 2582 bentcs‚
537 2543 600 2575 illis
634 2543 712 2575 alias
747 2543 778 2575 in
803 2553 859 2575 suo
884 2543 1000 2576 robore
1034 2554 1108 2586 pcr-

369 2594 547 2636 mansuris,
581 2597 618 2628 ad
651 2598 904 2640 praemissorum
936 2598 1106 2637 ellectum,

983 211 1124 235 Ctmuzxs
1149 213 1177 235 tx
1203 213 1250 235 PP-

1127 2469 1130 2482 t

1142 261 1200 292 bae
1216 261 1281 292 vire
1299 260 1469 299 dumtaxat,
1485 259 1667 303 specialiter
1680 265 1711 292 et.
1724 271 1873 303 expresse

1118 339 1120 344 ,
1142 314 1342 356 dcrogamus3
1362 314 1541 357 ceterisque
1560 314 1729 346 contrariis
1748 314 1878 357 quibus-

1141 377 1289 409 eumque.

1185 421 1296 452 Datum
1323 420 1460 459 Romae,
1493 420 1576 462 apud
1603 420 1633 452 S.
1662 420 1789 452 Mariam
1817 419 1879 451 Ma-

1141 473 1252 513 iorem,
1271 474 1328 505 sub
1360 475 1480 506 annulo
1506 473 1686 511 Piscatoris,
1709 473 1759 505 die
1782 483 1819 506 xx
1837 472 1879 504 iu-

1141 526 1174 558 lii
1200 536 1377 565 nioccxvni,
1393 526 1598 569 pontificatus
1622 526 1722 558 nostri
1740 536 1823 559 auno
1841 535 1876 558 11.

1177 587 1233 614 Dat.
1252 588 1294 614 die
1311 589 1346 615 ⁰20
1366 587 1421 614 iulii
1444 588 1520 620 1668,
1539 588 1635 623 pontif.
1659 596 1728 615 anno
1748 594 1775 615 Η.

1456 730 1559 762 thx.

1140 809 1264 842 Erectio
1289 809 1545 852 conyreqationis
1569 810 1633 841 sive
1657 809 1789 842 unionis
1813 820 1878 842 ma-

1187 867 1356 895 {ranarum
1395 867 1424 894 eL
1459 863 1628 904 virqinum
1663 863 1826 895 nobilium
1851 868 1879 895 et

1185 916 1365 948 illusa-ima
1398 915 1454 947 sub
1479 916 1738 948 denominatione
1764 916 1877 949 Cruci-

1184 972 1329 1012 serarttm
1354 971 1389 1002 in
1415 970 1546 1001 ecclesio
1571 980 1625 1002 seu
1656 970 1801 1013 cappellf'i
1825 980 1882 1012 per

1185 1025 1367 1067 episcopum
1396 1023 1609 1055 Viennensem
1640 1023 1845 1065 desiqnandd
1858 1020 1877 1054 ¹.

1359 1105 1492 1131 Clemens
1513 1104 1590 1137 Papa
1611 1104 1658 1136 IX,

1265 1149 1300 1175 ad
1321 1151 1496 1182 perpetuam
1515 1148 1559 1175 rei
1575 1147 1755 1174 memoriam.

1186 1220 1413 1262 Redemptor-is
1449 1224 1481 1251 et
1509 1219 1635 1251 Domini
1672 1218 1772 1251 nostri
1805 1217 1877 1250 Iesu

1120 1299 1121 1302 ,
1142 1272 1281 1311 Christi,
1313 1272 1365 1314 qui
1393 1271 1574 1304 humiliavit
1599 1271 1811 1313 semetipsum
1839 1271 1879 1303 fa-

1143 1332 1210 1358 ctus
1237 1326 1394 1358 obediens
1420 1335 1519 1368 usque
1546 1325 1584 1357 ad
1610 1330 1767 1364 mortem,
1794 1334 1879 1356 mor-

1144 1385 1206 1412 tem
1233 1384 1336 1411 autem
1362 1378 1477 1417 erucis,
1495 1378 1590 1417 vices,
1612 1388 1805 1421 quamquam
1822 1378 1880 1410 im-

1120 1445 1121 1458 ³
1143 1432 1265 1471 meriti,
1293 1436 1443 1474 gerentes
1468 1430 1499 1463 in
1526 1431 1633 1470 terris,
1661 1430 1712 1473 pia
1737 1430 1880 1464 fidelium

1144 1484 1335 1527 praesertim
1354 1484 1541 1516 sublimium
1560 1494 1785 1526 personarum,
1801 1494 1881 1526 qnae

1144 1548 1207 1570 non
1226 1537 1329 1569 minus
1355 1536 1491 1569 eximiae
1517 1536 1707 1575 devotionis,
1729 1536 1884 1579 spiritua-

1145 1591 1287 1633 liumque
1308 1600 1415 1622 rerum
1435 1589 1557 1627 studiis,
1575 1600 1671 1632 quam
1688 1589 1882 1621 secularium

1144 1645 1305 1675 bonorum
1323 1642 1498 1685 splendore
1516 1642 1648 1684 fulgent,
1667 1647 1751 1681 vota,
1771 1641 1810 1674 ad
1831 1652 1883 1674 au-

1145 1696 1283 1738 gendam
1314 1695 1454 1728 vivificae
1479 1695 1609 1735 Crums,
1636 1706 1672 1727 ex
1706 1705 1769 1737 qua
1794 1695 1881 1728 salus

1145 1754 1255 1782 nostra
1280 1747 1445 1791 pependit,
1478 1748 1722 1780 venerationem
1748 1747 1884 1780 tenden-

1146 1802 1201 1841 tia,
1229 1801 1390 1834 favoribus
1416 1806 1446 1833 ct
1472 1801 1582 1843 gratiis
1608 1801 1749 1833 libenter
1773 1810 1884 1844 prose-

1147 1855 1277 1898 quimur
1302 1854 1506 1898 opportunis.

1190 1910 1204 1952 ἓ
1221 1909 1249 1941 1.
1265 1908 1387 1951 Exponi
1407 1907 1565 1950 siquidem
1581 1906 1676 1939 nobis
1692 1916 1794 1950 nuper
1810 1904 1885 1938 feeit

1147 1963 1311 1995 carissima
1343 1961 1374 1993 in
1406 1960 1533 1993 Christo
1559 1960 1625 1992 filia
1650 1966 1762 1992 nostra
1792 1959 1884 1992 Eleo-

1148 2025 1227 2047 nora
1248 2015 1465 2047 Romanorum
1485 2014 1597 2055 regina
1614 2013 1757 2051 illustris,
1777 2013 1883 2044 clarae

1148 2068 1320 2101 memoriae
1347 2067 1542 2100 Ferdinandi
1568 2067 1605 2099 Ill
1632 2067 1706 2099 dum
1730 2066 1806 2098 vixit
1831 2076 1886 2099 eo-

1148 2122 1296 2154 rumdem
1322 2121 1540 2153 Romanorum
1574 2120 1659 2162 regis
1691 2119 1722 2151 in
1748 2119 1887 2162 impera-

1126 2207 1128 2213 ,
1150 2180 1251 2207 torem
1276 2173 1373 2206 velecti
1400 2173 1511 2206 relicta
1538 2173 1652 2210 vidua,
1684 2173 1787 2215 quod,
1815 2183 1886 2204 cum

367 2224 546 2267 privilegiis
579 2236 726 2268 quoque,
757 2225 891 2258 indultis
924 2232 955 2257 et
991 2220 1128 2258 litteris⁴

1149 2228 1309 2271 particula
1333 2226 1411 2269 ligni
1438 2226 1615 2258 dominicae
1641 2225 1748 2257 Crucis
1771 2226 1818 2267 (ut
1834 2226 1885 2268 pic

1150 2280 1315 2322 creditur)
1341 2279 1373 2311 in
1399 2279 1547 2321 cappella
1572 2278 1681 2321 palatii
1707 2277 1885 2320 imperialis

1152 2386 1238 2418 tione
1265 2389 1494 2421 asservaretur,
1512 2390 1544 2416 et
1564 2388 1637 2416 ante
1656 2383 1780 2426 aliquot
1798 2394 1887 2415 men*

1151 2449 1200 2470 ses
1225 2437 1379 2480 palatium
1405 2437 1606 2480 praedictum
1625 2436 1823 2469 formidabili
1843 2436 1888 2467 in-

1128 2517 1129 2521 ,
1151 2490 1279 2531 cendio,
1303 2501 1365 2533 quo
1392 2491 1488 2523 etiam
1514 2490 1593 2522 muri
1619 2490 1678 2533 ipsi
1705 2489 1887 2531 consumpti

1193 2609 1198 2632 t
1224 2605 1259 2633 Ex
1280 2610 1376 2641 regest.
1401 2606 1426 2632 in
1448 2608 1543 2632 secret.
1566 2605 1644 2631 Brea

1774 202 1837 235 8053
1885 212 1930 237 An.
1954 211 1979 237 c.
2001 212 2065 239 mes

1915 1224 2037 1245 Exordium.

1920 1909 2036 1938 Expositio.
