2247 3208
996 209 1138 234 ereum-s
1163 210 1192 233 tx
1217 210 1264 234 1²1³.
1785 205 1848 239 7:33
1894 215 1944 241 An.
1966 215 1993 242 C.
2013 214 2078 244 1608

366 258 498 292 maioris
523 257 553 292 S.
576 258 737 300 Marthae,
765 259 831 293 sive
861 259 1018 292 Bernardi
1043 259 1127 313 R³¹·-l
1149 258 1248 302 recipi
1282 258 1391 303 ibique
1425 260 1529 294 curari
1558 261 1662 295 solent
1692 272 1761 295 eum
1795 269 1885 297 nota-

367 312 484 345 scassis
511 313 699 356 nuncupati,
718 313 855 346 civitatis
876 318 1006 346 nostrae
1029 313 1104 346 Ave·
1123 317 1126 355 1
1146 312 1202 344 bili
1229 313 1367 346 utilitate
1394 314 1496 347 dictae
1514 325 1670 355 camerae,
1698 327 1779 359 qnae
1805 318 1884 350 alio-

367 365 551 406 nionensis,
586 366 673 409 qnod
700 367 799 406 alitis,
837 366 988 400 videlieet
1019 377 1103 399 anno
1122 358 1125 387 Ι
1146 365 1224 407 quin
1250 367 1437 399 eurumdem
1464 368 1601 401 militum
1626 370 1782 402 curationi
1810 381 1884 413 pro-

365 429 492 459 tnnchl,
518 430 589 451 cum
612 419 731 452 dietum
753 420 918 462 hospitale,
943 419 1029 452 bona
1050 429 1103 451 va-
1122 407 1125 495 ξ
1147 417 1258 450 videre
1285 419 1430 456 deberem
1454 421 1528 453 dieti
1556 433 1630 455 vero
1649 428 1848 465 exponentes
1866 434 1883 455 a

364 472 444 504 loris
457 472 489 504 in
504 472 703 516 proprietate
724 472 946 505 novemdecim
964 471 1101 504 millium
1145 471 1303 503 sententia
1328 472 1457 514 quidem
1477 475 1618 516 praefata
1634 468 1880 518 hppotlavorint,

364 530 530 558 scutorum
551 531 711 562 monetae,
731 525 903 568 emptionis
920 525 970 557 vel
992 525 1103 556 haere·
1144 523 1199 555 sed
1226 524 1332 566 potius
1354 536 1388 557 ex
1411 529 1518 558 nostra
1545 533 1573 559 et
1597 528 1700 560 dictae
1719 528 1809 561 Sedis
1828 529 1882 562 be-

364 578 473 611 ditatis
499 589 556 611 seu
581 577 823 611 fideicommissi
843 577 948 617 titulo,
967 577 1102 620 acquisi-
1119 570 1124 623 l
1144 576 1299 618 nignitate
1326 578 1432 610 eidem
1458 579 1610 622 hospitali
1638 586 1821 623 opportune
1848 582 1879 614 in

362 631 471 671 visset,
501 637 532 663 et
556 631 682 663 ratione
709 631 871 663 bonorum
897 629 1100 669 huiusmodi,
1120 626 1124 650 l
1143 629 1331 670 praemissis
1357 642 1373 662 a
1399 632 1491 663 nobis
1516 633 1679 675 provideri
1697 639 1727 665 et
1744 639 1776 666 ut
1798 634 1880 667 infra

363 685 486 728 qnippe
512 684 551 717 ad
573 683 732 716 directum
751 683 930 716 dominium
952 693 1100 715 camerae
1142 681 1305 724 indulgeri
1321 683 1492 725 plurimum
1508 685 1709 719 desiderent:
1727 698 1792 726 nos,
1807 698 1880 730 spe-

361 744 493 771 nostrae
518 737 720 781 apostolicae
753 736 991 779 spectantium,
1023 747 1100 779 qua·
1142 733 1255 767 cialem
1272 735 1350 777 ipsis
1370 737 1608 778 exponentibus
1622 739 1757 780 gratiam
1772 740 1877 772 facere

362 797 437 825 tuor
469 797 559 838 scuta
591 801 663 824 cum
697 790 832 823 dimidio
862 800 921 833 pro
951 789 1099 832 quolibet
1141 788 1297 827 volentesy
1323 792 1354 819 et
1379 799 1489 821 eornm
1515 791 1694 832 singulares
1718 802 1877 835 personas

360 845 566 884 centenario,
591 849 687 887 atque
714 843 757 875 ita
785 843 973 885 octingenta
1006 843 1099 886 quin-
1141 850 1157 871 a
1183 840 1348 883 quibusvis
1374 843 1724 883 excomnnmieationis,
1744 854 1877 888 suspen-

360 897 515 940 quaginta
541 901 630 929 senta
656 896 762 939 paria,
788 897 836 929 vel
864 895 1007 935 circiter,
1034 895 1099 927 sin-
1140 894 1239 926 sionis
1254 899 1283 927 et
1301 895 1477 935 interdicti,
1495 896 1630 939 aliisque
1650 898 1876 931 ecclesiasticis

359 950 442 993 gulis
458 950 629 983 novenniis
645 950 752 982 eidem
767 960 915 982 camerae
930 954 1096 992 praestare
1116 963 1119 982 ι
1140 949 1319 988 sententiis,
1346 949 1488 981 censuris
1515 954 1545 982 et
1563 951 1684 993 poenis,
1704 962 1719 983 a
1741 951 1808 984 iure
1828 954 1875 985 vel

358 1004 506 1043 debe1=0t3
526 1009 601 1036 tunc
619 1004 796 1037 existentes
815 1003 1096 1035 administratores
1116 986 1119 1017 l
1139 1001 1177 1032 ab
1204 1001 1348 1041 bomine,
1377 1002 1488 1044 quavis
1513 1003 1683 1035 occasione
1710 1005 1758 1037 vel
1783 1007 1879 1036 cansa

169 209 224 236 An.
242 208 270 236 C.
296 209 362 236 1668

169 2496 272 2517 Concedit
284 2497 339 2517 t'un-

155 2523 207 2543 tifex
235 2524 340 2544 redactio-

156 2556 202 2569 nem
213 2552 338 2576 praestatio-

155 2577 187 2595 nis
216 2579 238 2596 ut.
263 2577 281 2596 iu
306 2583 340 2597 ru-

155 2602 224 2623 braca.

356 1057 528 1100 hospitalis
552 1056 691 1100 praefati
717 1056 775 1088 sibi
803 1068 820 1088 a
841 1062 917 1089 tunc
937 1056 1093 1088 existente

356 1110 389 1143 in
415 1111 501 1143 dicta
525 1110 653 1143 civitate
673 1115 703 1143 et
721 1110 877 1142 comitatu
894 1109 1094 1153 Venayssino

355 1164 536 1206 vicelegato
563 1164 602 1196 de
622 1163 755 1196 licentia
772 1163 968 1196 venerabilis
989 1163 1094 1195 fratris

355 1217 457 1249 nostri
483 1216 616 1249 Antonii
642 1215 809 1248 Barberini
828 1216 975 1259 episcopi
1000 1215 1095 1248 Prae-

354 1269 473 1302 nestini
498 1269 529 1302 S.
558 1269 594 1302 R.
615 1269 649 1301 E.
669 1269 845 1301 cardinalis
863 1269 994 1301 Antonii
1010 1279 1093 1301 nun-

354 1323 460 1366 cupati
486 1328 561 1355 tunc
586 1322 741 1364 temporis
766 1322 797 1353 in
823 1321 947 1354 eisdem
968 1321 1092 1353 civitate

354 1380 386 1408 et
410 1375 564 1408 comitatu
589 1374 681 1407 Sedis
706 1375 915 1417 Apostolieae
934 1375 971 1407 de
990 1376 1092 1408 latere

351 1428 450 1471 legati
489 1427 747 1461 moderationem
779 1438 834 1460 seu
867 1428 1091 1461 reductionem

352 1482 546 1515 novennalis
568 1481 832 1524 octingentorum
855 1481 1092 1524 quinquaginta

352 1536 401 1568 vel
426 1535 558 1568 circiter
582 1541 746 1567 scutorum
780 1534 966 1567 huiusmodi
997 1546 1092 1578 prae-

352 1588 500 1622 stationis
536 1588 575 1620 ad
607 1593 738 1620 centmn
768 1593 798 1620 et
831 1594 903 1621 octo
933 1594 1023 1621 scuta
1051 1589 1091 1620 si-

352 1640 443 1673 milia
468 1641 570 1673 dictae
596 1651 742 1674 camerae
768 1641 912 1684 quolibet.
928 1641 1090 1674 novennio

351 1694 549 1737 praestanda
574 1694 710 1726 concedi
735 1694 962 1734 obtinuerunt,
988 1699 1019 1726 et
1043 1705 1091 1727 se-

352 1748 492 1780 cundum
518 1747 603 1780 hanc
628 1747 886 1780 moderationem
911 1748 977 1780 sive
996 1748 1091 1780 redu-

353 1801 496 1834 ctionem
520 1800 659 1834 subinde
691 1801 791 1834 sactae
823 1802 953 1834 suerunt
984 1801 1089 1834 eidem

352 1865 498 1887 camerae
539 1855 578 1887 de
620 1854 786 1887 novennio
825 1855 857 1886 in
889 1854 1088 1887 novennium

353 1907 536 1940 solutiones
577 1918 678 1950 nsque
719 1908 758 1940 ad
791 1919 910 1940 annum
942 1908 1088 1951 proxime

351 1960 564 2003 praeteritum
587 1970 753 2000 ,nnetxvffi
781 1971 843 2003 quo
870 1966 1016 2003 tempore
1043 1961 1090 1993 di-

350 2013 428 2045 lecti
454 2013 510 2046 filii
536 2024 683 2046 camerae
710 2014 874 2057 praefatae
899 2013 1037 2046 ministri
1056 2015 1087 2046 in

351 2067 506 2099 comitatu
525 2067 712 2110 supradicto
731 2067 911 2100 residentes
929 2068 1015 2100 litem
1035 2068 1090 2100 de-

350 2132 449 2165 super
464 2126 578 2153 contra
596 2121 715 2154 dietum
731 2121 893 2163 hospitale
909 2127 1088 2161 moverunt,

351 2180 383 2207 et
405 2186 423 2207 a
448 2175 566 2208 dilecto
590 2175 714 2218 pariter
735 2175 802 2208 silio
818 2175 924 2208 iudice
943 2176 1087 2208 eiusdem

351 2237 497 2261 camerae
521 2239 579 2271 per
603 2228 799 2260 sententiam
826 2229 983 2261 declarari
1010 2229 1090 2260 obti-

350 2287 495 2313 nuerunt
528 2281 664 2323 gratiam
694 2281 798 2314 eidem
831 2281 982 2325 hospitali
1011 2287 1089 2314 tem-

351 2343 431 2376 pore
457 2334 626 2376 legationis
649 2335 785 2377 praesati
820 2335 951 2367 Antonii
985 2335 1090 2367 cardi-

350 2385 433 2418 nalis
459 2387 542 2419 sieut
557 2387 776 2430 praemittitur
794 2388 909 2420 factam
924 2399 993 2420 cum
1019 2388 1090 2431 ipsa

349 2439 515 2481 legatione
541 2440 718 2483 expirasse.

394 2493 409 2536 ξ,
426 2493 456 2525 2.
477 2493 554 2526 Cum
567 2499 683 2532 autem,
700 2494 783 2526 sicut
799 2494 913 2526 eadem
928 2494 1088 2537 expositio

352 2546 584 2589 subiungebat,
617 2547 717 2579 nosti-i
743 2553 771 2578 et
799 2547 900 2579 dietae
923 2547 1014 2579 Sedis
1032 2547 1090 2579 ini-

352 2598 424 2631 lites
439 2600 563 2642 aegroti
581 2600 610 2631 in
626 2600 788 2642 hospitale
799 2600 978 2643 praefatum
991 2600 1090 2642 gratis

1139 1054 1220 1093 latis,
1245 1055 1269 1087 si
1296 1055 1412 1098 quibus
1438 1057 1685 1098 quomodolibet
1702 1057 1875 1090 innodatae

1138 1106 1289 1147 existunt,
1317 1108 1355 1140 ad
1380 1108 1529 1141 effectum
1550 1110 1770 1152 praesentium
1789 1111 1875 1143 dum-

1138 1164 1221 1192 taxat
1247 1162 1512 1204 eonseqnemlum
1529 1189 1536 1201 ,
1567 1163 1682 1195 barum
1714 1164 1795 1197 serie
1822 1164 1876 1196 ab·

1137 1214 1300 1246 solventes
1327 1220 1357 1246 et
1382 1215 1548 1248 absolutas
1583 1216 1652 1248 sore
1686 1223 1873 1257 censentes,

1137 1278 1172 1299 ac
1197 1267 1300 1300 dictae
1327 1268 1390 1300 litis
1417 1274 1533 1301 statum
1559 1275 1587 1301 et
1614 1270 1742 1308 merita,
1770 1271 1874 1303 nomi-

1137 1330 1242 1363 naque
1268 1327 1299 1353 et
1324 1322 1527 1363 cognomina,
1547 1332 1580 1353 ac
1607 1323 1775 1365 qualitates
1794 1323 1874 1356 iudi-

1136 1384 1206 1406 cum
1232 1378 1262 1405 et
1286 1373 1531 1416 colligantium,
1557 1385 1591 1406 ac
1618 1375 1679 1407 alia
1705 1386 1874 1418 quaecum-

1136 1437 1198 1469 que
1240 1426 1335 1465 etignn
1377 1427 1560 1469 specificam
1601 1433 1629 1460 et
1673 1428 1871 1461 individuam

1112 1480 1334 1519 ²mentionem
1369 1485 1400 1513 et
1433 1481 1677 1524 expressionem
1703 1482 1873 1524 requiren-

1111 1521 1114 1588 ᾗ
1136 1533 1187 1573 tia,
1201 1534 1429 1577 praesentibus
1444 1544 1502 1576 pro
1519 1535 1614 1576 plene
1631 1539 1662 1566 et
1675 1534 1873 1567 sufficienter

1134 1587 1293 1630 expressis
1318 1587 1487 1627 habentes,
1508 1588 1802 1631 supplicationibus
1823 1599 1872 1621 eo—

1135 1640 1283 1673 rumdem
1320 1640 1552 1683 exponentium
1590 1651 1625 1673 ac
1662 1641 1759 1673 etiam
1793 1641 1872 1674 dile-

1134 1699 1260 1726 ctorum
1284 1693 1407 1737 pariter
1427 1693 1565 1726 tiliorum
1583 1694 1822 1727 communitatis
1839 1700 1871 1727 et

1134 1747 1301 1780 hominum
1337 1747 1441 1780 dictae
1475 1748 1611 1780 civitatis
1638 1749 1870 1781 Avenionensis

1133 1801 1263 1834 nomine
1288 1801 1382 1834 nobis
1408 1811 1505 1843 snper
1530 1802 1593 1833 hoc
1619 1801 1784 1834 humiliter
1800 1812 1871 1845 por-

1133 1853 1227 1886 rectis
1252 1853 1420 1894 inclinati,
1453 1855 1707 1886 moderationem
1741 1865 1797 1886 seu
1823 1864 1870 1886 re-

1133 1908 1316 1940 ductionem
1342 1908 1446 1940 dictae
1471 1908 1661 1940 novennalis
1678 1908 1870 1951 praestatio-

1133 1961 1181 1993 nis
1208 1961 1469 2003 octingentortnn
1490 1960 1722 2004 quinquaginta
1744 1962 1792 1993 vel
1810 1961 1871 1993 cir‘

1132 2014 1212 2046 citer
1237 2019 1401 2047 scutorum
1425 2014 1464 2046 ad
1489 2020 1617 2046 centum
1635 2019 1665 2045 et
1684 2019 1756 2046 octo
1781 2019 1870 2046 scuta

1132 2067 1220 2110 paria
1247 2067 1393 2109 quolibet
1411 2066 1572 2099 novennio
1592 2077 1738 2098 camerae
1756 2077 1870 2108 snpra-

1132 2119 1235 2152 dictae
1261 2119 1472 2163 praestanda,
1501 2124 1679 2151 memorato
1715 2119 1868 2161 hospitali

1134 2173 1259 2213 saetam,
1286 2178 1321 2203 ut
1344 2172 1540 2215 praefertur,
1563 2172 1605 2203 ita
1624 2177 1728 2204 tamen
1755 2177 1788 2204 nt
1811 2183 1870 2204 no-

1113 2226 1187 2258 -stri
1213 2231 1244 2258 et
1270 2226 1372 2257 dictae
1408 2224 1501 2257 Sedis
1538 2224 1656 2256 milites
1689 2225 1812 2266 aegroti
1838 2230 1870 2257 et

1132 2279 1395 2312 convalescentes
1420 2278 1588 2321 perpetuis
1611 2278 1723 2310 suturis
1749 2283 1870 2321 tempo-

1132 2333 1220 2365 ribus
1256 2332 1288 2364 in
1328 2331 1489 2374 hospitale
1529 2331 1730 2374 praedictum
1770 2331 1868 2373 gratis

1132 2385 1232 2429 recipi
1269 2385 1378 2428 ibique
1416 2385 1538 2427 absque
1573 2384 1672 2417 ullius
1709 2385 1867 2417 mercedis

1131 2439 1352 2482 praestatione
1378 2437 1482 2470 curari
1508 2437 1657 2477 debeant,
1680 2438 1867 2471 auctoritate

1133 2492 1326 2535 apostoliea⁷
1352 2496 1463 2524 tenore
1489 2491 1722 2534 praesentium,
1751 2503 1868 2535 perpe-

1134 2552 1186 2578 tuo
1203 2546 1431 2578 confirmamus
1453 2550 1483 2577 et
1503 2545 1728 2588 approbamus,
1754 2546 1865 2587 illique

1133 2599 1326 2632 inviolabilis
1357 2598 1553 2642 apostolicae
1582 2598 1740 2630 firmitatis
1771 2599 1867 2629 imbus
