2247 3208
249 245 288 271 μη
318 242 346 266 (2.
371 243 436 269 mos
479 234 546 267 filo

304 407 429 427 enuntiatio

245 433 308 455 l‘ann
323 434 361 454 1¹2³.
379 435 402 454 V.

270 777 389 798 rostanno

292 1940 377 1959 innovat
403 1943 421 1959 el

240 1967 348 1986 confirmat
370 1966 423 1987 Pon<

239 1994 290 2013 tilex

656 292 789 318 clemens
816 292 895 325 Papa
917 293 968 325 IX,

587 338 621 361 ad
639 336 770 363 futuram
790 337 834 364 rei
854 338 1036 365 memoriam.

487 397 501 439 g
527 397 557 428 ‘l.
587 398 672 430 Alias
700 405 891 431 emanarunt
915 410 932 432 a
957 400 1059 433 felicis
1078 411 1181 434 recor-

443 449 583 482 dationis
598 450 696 483 Paulo
715 451 800 494 Papa
818 452 839 483 V
858 453 1110 495 praedecessore
1129 464 1180 486 no-

441 506 508 534 stro
533 502 659 535 litterae
685 503 717 535 in
742 504 837 537 simili
869 505 969 537 forma
1001 505 1108 538 Brevis
1135 511 1180 538 tc-

441 555 530 587 noris
556 555 609 598 qui
635 557 789 599 sequitur,
815 558 986 591 videlieet:

485 608 613 640 Paulus
648 609 742 651 Papa
772 609 804 649 V,
833 610 875 642 ad
905 615 1094 654 perpetuam
1131 612 1179 643 rei

439 662 642 694 memoriam.
671 663 893 695 Admonemur
917 664 1088 706 pastoralis
1114 665 1177 697 offi-

441 715 491 754 cii,
519 721 578 748 etc.
604 715 754 759 (Reliqua
778 721 813 749 ul
840 717 874 750 in
898 729 955 750 suo
981 717 1087 761 Ioco⁴).

483 768 497 810 g
523 767 553 800 2.
582 768 659 801 Cum
685 774 805 810 autem,
833 770 915 803 sicut
941 771 1076 804 dilectus
1093 771 1177 805 silius

439 821 568 854 Simeon
593 821 716 864 Duqna,
735 823 832 855 l'rater
850 829 882 855 et
898 829 1089 866 procurator
1109 835 1177 867 pro-

438 875 561 908 vinciae
588 875 779 917 Aquitaniae
805 877 1016 919 antiquioris,
1049 876 1176 910 Ordinis

439 930 571 960 fratrum
604 928 763 960 Minorum
800 930 902 961 sancti
937 929 1099 962 Francisci
1135 931 1174 963 de

438 980 648 1014 Observantia
668 986 937 1023 nuncupatorum,
960 982 1053 1014 nohis
1070 993 1175 1025 nuper

438 1034 556 1077 exponi
596 1034 693 1073 fecit,
725 1035 763 1066 ad
800 1035 867 1067 eius
901 1046 1017 1067 munus
1052 1040 1175 1077 spectet

438 1087 581 1129 quietem
600 1092 631 1119 et
657 1087 921 1128 tranquillitatem
950 1088 1079 1130 capituli
1105 1098 1174 1131 pro-

438 1140 582 1172 vincialis
619 1140 723 1172 dietae
761 1139 943 1182 provinciae
983 1142 1172 1184 propediem

437 1192 623 1225 celebrandi
659 1203 856 1235 procurare,
890 1204 999 1235 pacem
1033 1204 1108 1227 vero
1143 1200 1174 1227 ct

438 1245 702 1288 tranquillitatem
722 1246 903 1278 huiusmodi
922 1248 1090 1288 perturbet
1108 1258 1173 1280 am-

436 1297 514 1329 bitio
540 1298 751 1340 quorumdam
771 1298 901 1330 fratrum
920 1299 1043 1331 savores
1061 1300 1100 1332 ad
1122 1300 1173 1332 ob-

437 1350 569 1383 tinenda
594 1351 718 1383 diversa
743 1351 889 1384 eiusdem
914 1353 1100 1395 provinciae
1126 1354 1173 1386 os-

1026 247 1096 269 ΒΓΗ
1108 247 1204 271 anun
1229 249 1268 272 Rs)
1274 250 1380 275 MANFM

436 1402 507 1435 sicia
536 1404 753 1446 undequaque
786 1405 1058 1444 mendicantium,
1085 1407 1171 1439 unde
1197 1415 1198 1418 ’

436 1455 542 1488 variae
568 1455 651 1487 inter
688 1457 800 1488 tratres
826 1458 1066 1490 controversiae
1091 1460 1172 1491 mul-

437 1514 532 1551 taque
559 1509 710 1541 scandala
736 1509 906 1542 oriuntur:
933 1510 1026 1543 nobis
1044 1517 1174 1554 propte-

434 1571 490 1593 rea
516 1561 619 1593 dictus
644 1561 772 1594 Simeon
799 1562 965 1595 humiliter
997 1564 1171 1606 supplicari

436 1614 510 1646 set-it
534 1619 567 1645 ut
602 1614 651 1646 liis
678 1614 918 1647 imminentibus
944 1616 1036 1648 malis
1062 1627 1173 1649 oecur-

434 1677 529 1707 rere,
557 1667 725 1699 ambitioni
760 1669 842 1700 viam
872 1670 1103 1711 praecludere,
1137 1681 1173 1703 ac

435 1720 535 1762 quieti
550 1720 652 1752 dictae
669 1721 850 1763 provinciae
869 1723 1052 1762 consulere,
1069 1724 1171 1765 eaque

436 1773 474 1805 de
500 1777 594 1805 causa
621 1784 773 1806 ‹musuras
799 1779 830 1806 et
850 1785 974 1817 poenas
1000 1775 1032 1807 in
1057 1776 1172 1808 litteris

434 1827 643 1869 praeinsertis
669 1829 748 1860 latas
773 1829 926 1860 innovare
960 1829 998 1861 de
1023 1829 1173 1872 benigni-

435 1884 499 1911 tate
525 1880 704 1922 apostolica
729 1881 950 1923 dignaren'nn‘.

478 1935 492 1975 ᾗ
509 1932 539 1965 3.
568 1932 631 1964 Nos
651 1933 756 1975 igitur,
777 1934 882 1977 ipsum
899 1934 1082 1967 Simeonem
1103 1945 1173 1977 spe-

435 1985 570 2017 cialibus
590 1985 750 2017 savoribas
769 1991 800 2017 et
817 1986 927 2027 gratiis
946 1987 1100 2029 prosequi
1118 1998 1172 2019 vo-

434 2038 549 2076 lentes,
572 2043 604 2070 et
628 2049 644 2070 a
666 2039 836 2081 quibusvis
859 2039 1172 2072 cxcon‘nnunicatio-

433 2091 496 2130 nis,
517 2091 746 2134 suspensionis
773 2097 805 2123 et
829 2092 1010 2132 interdicti,
1031 2093 1170 2135 aliisque

433 2144 667 2176 ecelesiasticis
683 2145 868 2185 sententiis,
883 2146 1032 2177 censuris
1049 2151 1081 2178 et
1094 2157 1171 2188 poe-

432 2195 495 2234 nis,
523 2208 539 2228 a
564 2196 634 2228 iure
653 2198 703 2229 vel
725 2198 763 2228 ab
783 2198 927 2237 bomine,
947 2199 1060 2240 quavis
1080 2210 1172 2231 occa-

433 2248 524 2280 sione
552 2249 601 2281 vel
626 2251 723 2281 causa
745 2250 831 2290 latis,
851 2250 877 2282 si
896 2251 1015 2293 quibus
1035 2261 1171 2294 quomo-

433 2300 560 2333 dolibet
584 2301 759 2334 innodatus
788 2303 918 2343 existit,
941 2305 981 2337 ad
1017 2304 1168 2337 effectum

431 2354 657 2396 praesentium
684 2355 850 2388 dumtaxat
879 2358 1167 2400 consequendum,

433 2407 551 2439 harum
577 2408 662 2440 serie
697 2409 906 2442 absolventes
942 2417 974 2442 et
1002 2411 1169 2444 absolutas

432 2459 502 2492 sore
528 2466 715 2499 censentes,
744 2462 927 2495 huiusmodi
953 2463 1161 2506 supplicatio-

432 2511 528 2545 nibus
550 2512 710 2553 inclinari,
727 2514 765 2546 de
782 2516 1017 2548 venerabilium
1032 2518 1168 2550 fratrum

469 2626 480 2652 1
503 2624 568 2652 Vide
589 2629 652 2652 tom.
674 2632 718 2661 xli,
741 2635 800 2662 pag.
823 2628 874 2654 450
894 2634 929 2661 111.
947 2628 995 2662 Τ.).

1190 2115 1193 2143 1

1753 287 1759 291 1
1965 255 2012 279 An.
2029 254 2056 279 C.
2083 252 2153 280 ¹1368

1225 301 1410 330 nostrornm
1425 298 1455 331 S.
1473 299 1509 331 R.
1529 299 1563 332 E.
1585 301 1796 335 cardinalium
1821 302 1962 345 negotiis

1224 353 1256 381 et
1279 352 1572 384 consultationibus
1602 354 1829 397 episcoporum
1857 360 1890 388 et
1916 365 1962 388 re-

1224 402 1380 443 gularium
1394 404 1655 447 praepositorum
1670 407 1818 447 consilio,
1837 408 1962 450 praein-

1223 460 1323 487 sertas
1349 456 1437 489 Pauli
1463 457 1719 499 praedecessoris
1740 459 1872 501 litteraS,
1892 471 1960 493 om-

1223 507 1341 550 niaque
1367 513 1399 541 et
1424 509 1550 552 singula
1575 510 1608 542 in
1634 510 1679 543 eis
1704 516 1877 552 contenta,
1904 523 1960 545 au-

1222 561 1368 593 ctoritate
1395 563 1580 605 apostolica,
1597 568 1709 596 tenore
1727 565 1956 607 praesentium,

1222 613 1447 647 confirmamus
1476 620 1508 647 et
1535 615 1737 652 innovamus.

1264 667 1279 712 ᾖ
1303 667 1334 699 4.
1364 667 1581 701 Decernentes
1610 669 1742 702 casdem
1773 675 1958 712 praesentes
1985 679 2157 715 ‘orror-aneon-

1221 725 1251 751 et
1275 720 1490 762 praeinsertas
1516 721 1640 754 litteras
1666 732 1796 765 semper
1826 723 1954 764 firmas,
1970 708 2048 727 ΝΜ

1220 772 1341 805 validas
1356 778 1387 805 et
1404 773 1550 806 efficaces
1569 774 1705 807 existere
1723 779 1753 807 et
1771 775 1848 816 sore,
1867 786 1958 809 suos-

1220 836 1280 867 que
1314 826 1479 868 plenarios
1506 831 1538 859 et
1554 827 1701 869 integros
1731 827 1864 861 effectus
1890 839 1958 861 sor-

1220 877 1270 909 tiri
1293 883 1323 910 et
1340 878 1496 918 obtinere,
1514 890 1550 911 ae
1568 880 1606 912 ab
1625 880 1774 912 omnibus
1792 885 1824 913 et
1847 881 1956 924 singu-

1218 930 1257 962 lis
1288 937 1484 964 memoratae
1521 932 1704 975 provinciae
1737 933 1888 966 iratribus
1924 938 1956 966 et

1217 984 1364 1026 personis
1389 984 1617 1017 inviolabiliter
1641 985 1816 1024 observari,
1840 986 1953 1028 sicque

1217 1037 1250 1069 in
1274 1037 1465 1080 praemissis
1491 1048 1551 1080 per
1580 1048 1808 1080 quoscumque
1826 1037 1952 1071 iudices

1217 1090 1402 1123 ordinarios
1422 1095 1454 1122 et
1470 1090 1652 1132 delegatos,
1672 1090 1768 1122 etiam
1782 1101 1954 1123 causarum

1216 1144 1328 1187 palatii
1350 1143 1523 1186 apostolici
1548 1143 1736 1183 auditores,
1763 1142 1898 1175 iudicari
1924 1149 1956 1176 et

1217 1196 1342 1229 deliniri
1367 1196 1506 1236 debere,
1533 1206 1568 1228 ac
1596 1196 1721 1228 irritum
1746 1200 1776 1228 et
1808 1195 1903 1228 inane
1928 1197 1954 1229 si

1216 1259 1304 1281 secus
1321 1259 1417 1292 snper
1438 1248 1488 1281 his
1501 1259 1518 1280 a
1538 1258 1708 1291 quoquam,
1722 1248 1829 1291 quavis
1847 1253 1954 1281 aucto-

1215 1302 1317 1341 ritate,
1347 1302 1484 1334 scienter
1500 1302 1550 1334 vel
1570 1301 1765 1344 ignoranter,
1782 1301 1954 1344 contigerit

1216 1356 1378 1387 attentari.

1259 1409 1273 1452 ἓ
1308 1408 1339 1441 5.
1377 1408 1446 1441 Non
1476 1407 1679 1440 obstantibus
1710 1407 2140 1461 constiffl‘ioni'2s¹.}5.‘.?.-'{;².²„¹⁰⁶⁰⁰

1215 1462 1274 1494 bus
1308 1466 1339 1494 et
1374 1460 1632 1494 ordinationibus
1658 1460 1866 1504 apostolicis,
1898 1472 1951 1500 ac,

1217 1520 1373 1557 qnatenus
1393 1524 1473 1557 opus
1492 1513 1547 1551 sit,
1569 1512 1698 1545 Ordinis
1717 1518 1749 1546 et
1767 1513 1952 1556 provinciae

1217 1566 1411 1605 huiusmodi,
1439 1566 1534 1598 etiam
1549 1565 1752 1605 iuramento,
1779 1565 1954 1599 confirma-

1217 1620 1303 1652 tione
1319 1618 1508 1662 apostolica,
1525 1619 1575 1650 vel
1595 1618 1705 1661 quavis
1723 1617 1875 1651 firmitate
1890 1618 1953 1651 alia

1216 1673 1400 1711 roboratis,
1431 1671 1557 1704 statutis
1584 1677 1616 1703 et
1641 1671 1950 1711 consuetudinibus,

1216 1725 1394 1768 privilegiis
1421 1735 1558 1767 quoquc,
1585 1723 1716 1756 indultis
1734 1730 1767 1756 et
1786 1723 1901 1756 litteris
1915 1718 1953 1756 ⁴a-

1216 1779 1384 1821 postolicis
1410 1777 1443 1809 in
1464 1777 1665 1809 contrarium
1691 1777 1951 1819 praemissorum

1216 1830 1465 1874 quomodolibet
1486 1829 1667 1869 concessis,
1694 1828 1892 1862 confirmatis
1918 1835 1951 1862 et

1215 1883 1395 1922 innovatis‘,
1415 1883 1534 1925 quibus
1561 1882 1713 1914 omnibus
1739 1887 1772 1914 et
1796 1882 1948 1925 singulis,

1215 1937 1346 1968 illorum
1362 1941 1495 1968 tenores
1521 1934 1754 1977 praesentibus
1770 1944 1830 1977 pro
1851 1935 1949 1977 plene

1215 1994 1247 2021 et
1273 1988 1478 2020 sufficienter
1511 1987 1678 2030 expressis
1714 1997 1750 2019 ac
1781 1987 1819 2019 de
1851 1987 1949 2019 verbo

1214 2042 1252 2073 ad
1277 2041 1410 2073 verbum
1433 2040 1568 2072 insertis
1588 2039 1762 2079 habentes,
1786 2038 1851 2071 illis
1869 2039 1948 2071 alias

1213 2096 1245 2127 in
1259 2104 1318 2127 sno
1336 2095 1456 2126 robore
1482 2091 1721 2136 permansuriS,
1737 2092 1776 2124 ad
1791 2091 1951 2135 praemis-

1190 2157 1192 2163 ’
1213 2158 1324 2180 sorum
1340 2146 1503 2186 effectum,
1523 2146 1585 2178 hac
1599 2145 1668 2178 vice
1688 2145 1866 2185 dumtaxat,
1880 2156 1950 2188 spe-

1213 2199 1340 2233 cialiter
1365 2204 1396 2231 et
1414 2208 1569 2241 expresse
1587 2198 1798 2240 derogamus3
1818 2197 1949 2229 ceteris-

1212 2263 1275 2295 que
1296 2250 1473 2284 contrariis
1493 2249 1769 2293 quibuscumque.
1817 2255 1820 2259 '

1255 2304 1367 2336 Datum
1394 2303 1536 2343 Romae,
1563 2302 1648 2345 apud
1673 2301 1703 2334 S.
1732 2301 1862 2334 Mariam
1886 2300 1948 2334 Ma-

1211 2357 1333 2397 iorem,
1359 2356 1418 2388 suh
1443 2356 1564 2387 annulo
1589 2353 1773 2394 Piscatm‘is,
1792 2354 1851 2396 ,die
1875 2363 1946 2386 xxiv

1210 2409 1317 2442 martii
1336 2418 1511 2447 nnctxvni,
1537 2406 1744 2451 pontificatus
1771 2406 1870 2439 nostri
1891 2415 1947 2438 an-

1211 2473 1252 2495 no
1278 2473 1299 2495 1.

1245 2523 1304 2551 Dat.
1321 2523 1365 2550 die
1379 2523 1412 2549 24
1428 2522 1518 2549 martii
1534 2521 1613 2556 1668,
1629 2521 1722 2557 pontis.
1739 2528 1809 2548 anno
1824 2525 1842 2547 ι.
