2247 3208
219 228 269 257 An.
285 225 314 253 e.
336 223 404 252 1662
452 212 494 245 82

253 1233 360 1253 Clausulas
371 1238 407 1259 ap·

226 1263 291 1286 pontt.

233 1968 341 1989 Contraria
354 1969 412 1989 toltit.

417 272 486 304 fore
511 269 696 303 censentes,
728 257 909 293 huiusmodi
942 254 1151 299 supplicatio-

418 324 513 357 nibus
534 316 689 356 inclinati,
710 315 749 347 de
766 310 1001 346 venerabilium
1018 309 1150 341 fratrum

418 381 599 410 nostrorum
624 369 655 402 S.
682 369 720 400 R.
746 367 781 399 E.
815 362 1026 397 cardinalium
1050 372 1151 404 nego-

418 427 469 461 tiis
496 430 527 460 et
551 419 843 457 consultationibus
869 416 1095 460 episcoporum
1119 418 1152 446 et

416 479 613 523 regularium
637 472 906 519 praepositorum,
926 468 980 512 qni
998 478 1067 500 rem
1084 477 1152 499 ma-

418 539 489 567 ture
527 529 790 565 considerarunt,
833 522 979 561 consilio,
1020 519 1151 554 attentis

416 584 573 624 narratis,
612 580 807 615 erectionem
841 574 1007 609 custodiae
1040 572 1154 606 huius-

417 639 517 679 modi,
536 635 723 671 auctoritate
735 630 919 675 apostolica,
930 633 1042 661 tenore
1059 637 1154 670 prae-

419 693 580 730 sentium,
607 687 822 731 approbamus
848 687 879 715 et
903 680 1128 714 confirmamus
1143 706 1151 720 ,

417 746 529 789 illique
555 740 748 776 inviolabilis
773 735 971 781 apostolicae
995 732 1153 766 firmitatis

417 799 515 832 robur
539 794 704 829 adiicimus
719 820 726 833 ,
753 801 790 823 ac
813 798 927 822 omnes
952 791 984 819 et
1007 785 1153 828 singulos

418 851 496 884 iuris
521 854 554 882 et
585 846 658 880 sacti
683 845 846 883 desectus,
874 840 899 873 si
926 839 979 883 qui
1012 839 1155 881 desuper

421 902 666 948 quomodolibet
684 894 930 934 intervenerint,
951 894 1152 936 supplemus,

421 956 547 1000 ipsique
582 951 745 986 custodiae
780 947 887 982 omnia
921 945 1090 990 privilegia
1123 949 1156 978 et

421 1007 661 1054 praerogativas
682 1013 776 1037 verae
796 1000 970 1039 custodiae,
987 1008 1115 1031 necnon
1128 997 1153 1030 si

422 1073 503 1106 quae
532 1060 593 1093 alia
619 1059 724 1092 eidem
742 1067 759 1088 a
779 1055 894 1088 Sancta
918 1052 1001 1085 Sede
1019 1052 1155 1094 Aposto-

421 1116 482 1149 lica
506 1114 629 1146 indulta
654 1112 793 1149 suerunt,
831 1110 1016 1150 competere
1049 1105 1155 1137 decla-

422 1178 540 1201 ramus.

464 1222 480 1263 §
503 1220 533 1252 4.
561 1219 780 1251 Decernentes
806 1213 939 1246 easdem
963 1215 1156 1255 praesentes

422 1262 545 1308 litteras
571 1281 700 1314 semper
731 1269 851 1308 firmas,
885 1266 1007 1300 validas
1033 1270 1066 1298 et
1089 1263 1157 1297 erfi-

423 1338 513 1362 caccs
539 1326 676 1358 existere
709 1327 742 1355 et
766 1322 847 1361 sore,
879 1329 1020 1362 suosque
1044 1319 1155 1361 plena-

423 1380 490 1412 ri0s
513 1384 544 1412 et
568 1378 710 1419 integros
736 1374 868 1407 effectus
887 1372 996 1405 sortiri
1021 1375 1053 1404 et
1075 1369 1155 1403 obti-
1174 1374 1176 1394 '=

424 1438 514 1467 nero⁷
542 1430 678 1468 acinis,
711 1429 751 1461 ad
780 1437 859 1471 quos
891 1428 1016 1468 spectat
1045 1428 1078 1456 et
1101 1433 1171 1466 pro*

423 1490 567 1527 tempore
583 1482 753 1526 spectabit,
772 1478 963 1524 plenissime
978 1475 1156 1519 suffragari,
1171 1486 1177 1534 ἲ

424 1543 456 1572 et
479 1538 518 1570 ab
542 1537 604 1570 illis
630 1534 810 1578 respective
850 1531 1081 1564 inviolabiliter
1104 1531 1159 1563 ob*

424 1590 566 1630 servari,
593 1589 703 1632 sicque
728 1587 760 1619 in
784 1584 971 1630 praemissis
989 1593 1047 1627 per
1064 1593 1161 1627 quos-

425 1654 557 1687 cumque
579 1642 698 1674 iudices
717 1638 897 1673 ordinarios
923 1642 955 1670 et
979 1637 1158 1678 delegatos,

427 1698 521 1730 etiam
545 1705 713 1729 causarum
738 1692 848 1736 palatii
873 1689 1041 1734 apostolici
1072 1688 1161 1721 audi-

428 1755 524 1789 tores,
562 1747 694 1781 iudicari
727 1752 759 1779 et
789 1744 916 1778 definiri
954 1743 1087 1783 debere,
1125 1753 1162 1775 ac

427 1802 549 1835 irritum
574 1806 606 1834 et
630 1801 727 1833 inane
760 1799 787 1832 si
820 1808 913 1831 secus
946 1806 1043 1840 super
1067 1795 1118 1828 his
1144 1806 1162 1827 a

429 1866 600 1898 quoquam,
637 1852 748 1896 quavis
782 1849 988 1889 auctoritate,
1022 1848 1162 1881 scienter

428 1910 477 1940 vel
503 1908 702 1949 ignoranter,
730 1903 901 1946 contigerit
925 1901 1088 1935 attentari.

472 1962 486 2003 ξ
510 1960 540 1992 5.
566 1960 635 1992 Non
668 1957 870 1991 obstantibus
899 1955 1099 1999 promissis,
1127 1964 1164 1987 ac

430 2013 711 2046 constitutionilms
742 2016 773 2043 et
806 2009 1062 2043 ordinationibus
1088 2019 1180 2056 apo-¹

431 2066 563 2104 stolicis,
591 2075 728 2102 necnon,
754 2069 913 2106 quatenus
938 2072 1019 2105 opus
1040 2061 1090 2101 sit,
1108 2058 1180 2093 Οι’-“’

432 2119 514 2151 diuis
540 2123 572 2150 et
595 2116 779 2160 provinciae
805 2122 836 2148 et
860 2121 1076 2148 conventuum
1106 2114 1181 2146 liu-z

432 2170 580 2208 iusmodi,
599 2170 694 2202 etiam
708 2169 899 2208 iuramento,
919 2167 1164 2200 confirmatione

433 2223 620 2267 apostolica,
648 2224 698 2255 vel
724 2221 834 2265 quavis
860 2221 1008 2254 firmitate
1035 2221 1096 2254 alia
1115 2231 1166 2253 ro-

433 2277 566 2316 boratis,
588 2276 714 2308 statutis
733 2282 764 2308 et
780 2275 1079 2314 consuetudinibus,
1101 2274 1167 2317 pri-

434 2330 561 2372 vilegiis
588 2340 725 2372 quoque,
753 2329 885 2361 indultis
904 2334 936 2361 ct
953 2327 1068 2361 litteris
1090 2337 1167 2371 apo-

436 2383 555 2416 stolicis
570 2383 603 2415 in
617 2383 809 2415 contrarium
824 2382 1076 2425 praemissorum
1090 2391 1168 2424 quo-

434 2436 613 2469 modolibet
636 2435 815 2475 concessis,
850 2434 1033 2478 approbatis
1061 2440 1092 2467 et
1120 2434 1169 2466 in-

436 2488 584 2528 novatis;
627 2487 740 2530 quibus
765 2487 911 2520 omnibus
948 2493 979 2519 et
1011 2487 1166 2530 singulis,

435 2541 561 2574 illorum
589 2547 718 2573 tenores
744 2540 969 2583 praesentibus
988 2551 1045 2584 pro
1070 2542 1168 2584 plene

437 2600 470 2628 et
500 2593 699 2626 ,sufficienter
730 2593 892 2638 expressis
928 2603 964 2626 ac
996 2594 1035 2626 de
1067 2594 1167 2627 verbo

995 205 1174 233 BULLARIUM
1197 203 1351 229 ROMANUM

1183 254 1223 286 ad
1249 253 1381 286 verbum
1404 252 1536 286 insertis
1562 254 1734 296 habentes,
1752 254 1817 288 illis
1838 254 1916 287 alias

1182 307 1215 340 in
1240 317 1297 340 suo
1329 306 1450 340 robore
1482 307 1720 350 permansuris,
1755 308 1795 341 ad
1826 317 1920 351 prae-

1183 361 1359 394 missorum
1384 359 1547 400 effectum,
1571 361 1633 393 hac
1652 364 1722 394 vice
1740 361 1919 400 dumtaxat,

1184 413 1372 458 specialiter
1397 418 1429 446 et
1454 424 1610 457 expresse
1628 415 1844 457 derogamus;
1866 424 1919 447 ce-

1183 467 1329 510 terisque
1355 466 1527 499 contrariis
1553 466 1827 511 quibuscumque.

1226 519 1342 553 Datum
1367 518 1508 559 Romae,
1535 519 1620 562 apud
1645 519 1676 552 S.
1701 519 1831 552 Mariam
1858 519 1920 553 Ma-

1185 572 1311 613 iorem,
1338 573 1398 605 sub
1434 574 1554 606 annulo
1586 572 1777 613 Piscatoris,
1804 573 1856 609 die
1888 583 1920 606 xl

1186 626 1370 659 decembris
1405 635 1558 666 MDCan,
1586 624 1792 669 pontificatus
1817 625 1921 659 nostri

1187 689 1271 712 anno
1295 689 1365 713 vm.

1221 740 1279 769 Dat.
1296 740 1340 768 die
1356 741 1384 768 11
1402 739 1555 768 decembris
1570 740 1648 776 1662,
1664 740 1760 776 pontif.
1778 748 1848 769 anno
1864 746 1920 769 vul.

1499 881 1610 915 CDXV.

1189 963 1365 1006 Confirmat
1390 963 1647 996 consultationem
1671 963 1810 1006 capituli
1832 973 1924 1006 yene-

1231 1016 1313 1049 ralis
1337 1016 1480 1058 fratrum
1506 1015 1771 1058 Conyreyationis
1795 1015 1923 1048 Discat-

1232 1072 1393 1101 centorum
1419 1067 1552 1102 Ordinis
1576 1068 1614 1101 B.
1643 1068 1769 1100 Mariae
1792 1067 1829 1100 de
1846 1067 1926 1100 Mer-

1232 1121 1303 1155 cede
1332 1121 1563 1165 redemptionis
1593 1121 1806 1164 captivorum,
1840 1120 1926 1153 circa

1232 1174 1511 1207 renunciationem
1534 1174 1710 1217 officiorum
1727 1172 1925 1206 commenda-

1235 1231 1341 1260 torum
1364 1231 1393 1259 et
1416 1231 1576 1259 rectorum
1595 1226 1803 1270 colleyiorum
1820 1226 1924 1270 ipsius

1235 1280 1507 1324 Corcyreqatz'onis.

1390 1360 1555 1387 Alexander
1570 1359 1647 1393 Papa
1661 1360 1723 1392 VII,

1332 1405 1368 1432 ad
1387 1405 1519 1432 futuram
1537 1404 1582 1431 rei
1602 1403 1773 1431 memoriam

1235 1476 1321 1510 Alias
1346 1486 1406 1520 pro
1431 1480 1526 1519 parte
1551 1475 1663 1509 dilecti
1687 1474 1745 1508 filii
1770 1484 1928 1518 procura-

1193 1530 1273 1562 toris
1299 1529 1462 1572 generalis
1487 1527 1757 1571 Congregationis
1790 1528 1928 1561 fratrum

1192 1583 1470 1615 Discalceatorum
1503 1586 1769 1624 noncupatorum
1798 1580 1928 1614 Ordinis

1193 1636 1228 1668 B.
1268 1635 1388 1667 Mariae
1425 1634 1465 1667 de
1502 1634 1652 1667 Mercede
1688 1633 1927 1676 redemptionis

1194 1689 1399 1732 captivorum
1417 1688 1662 1721 venerabilibus
1678 1687 1833 1720 fratribus
1853 1697 1930 1720 nos-

1194 1743 1252 1775 tris
1279 1742 1310 1775 S.
1338 1742 1375 1774 R.
1402 1742 1438 1775 E.
1465 1741 1685 1774 cardinalibus
1721 1740 1862 1783 negotiis
1898 1745 1931 1773 et

1194 1795 1491 1828 consultationibus
1521 1794 1753 1838 episcoporum
1779 1798 1811 1826 et
1834 1804 1931 1836 regu-

1194 1848 1312 1882 larium
1336 1847 1535 1891 praepositis
1561 1846 1718 1890 exposito,
1753 1846 1840 1889 quod
1870 1856 1932 1890 per

1195 1901 1449 1935 constitutiones
1475 1901 1581 1933 dictae
1606 1890 1888 1942 Congregationis‚
1914 1909 1932 1931 a

1196 1954 1299 1988 felicis
1324 1953 1564 1987 recordationis
1602 1953 1733 1986 Urbano
1758 1952 1844 1995 Papa
1867 1951 1932 1984 VIII

1196 2008 1454 2051 praedecessore
1468 2011 1583 2039 nostro
1602 2005 1822 2045 confirmatas,
1840 2015 1933 2038 cave-

1196 2062 1292 2093 batur
1318 2071 1483 2104 expresse,
1503 2060 1543 2092 ad
1564 2059 1748 2092 evitandam
1774 2057 1934 2090 constitu-

1197 2116 1322 2148 tionum
1354 2114 1609 2152 multitudinem,
1644 2123 1686 2145 ne
1717 2112 1751 2145 in
1788 2112 1933 2144 futurum

1200 2170 1264 2201 ulla
1288 2167 1480 2200 constitutio
1498 2165 1674 2209 approbari
1693 2169 1725 2198 et,
1746 2163 1932 2197 confirmari

1200 2226 1311 2265 posset
1350 2220 1412 2253 nisi
1454 2220 1488 2253 in
1528 2218 1678 2262 capitulis
1721 2216 1933 2260 generalibus

1199 2275 1376 2309 examinata
1405 2280 1435 2307 et
1467 2276 1643 2319 approbata
1675 2277 1799 2317 suisset3
1831 2281 1932 2320 quod-

1199 2338 1260 2371 que
1285 2338 1343 2370 pro
1376 2327 1459 2360 felici
1493 2328 1637 2361 eiusdem
1669 2329 1931 2372 Cougrcgationis

1199 2382 1356 2423 regimine
1401 2381 1486 2414 edita
1534 2382 1636 2414 suerat
1677 2383 1860 2416 constitutio
1898 2388 1934 2415 ut

1199 2435 1476 2467 commendatores
1521 2439 1552 2467 et
1594 2440 1738 2467 rectores
1783 2436 1934 2478 collegio-

1201 2499 1271 2521 rum
1310 2489 1409 2531 ipsius
1452 2488 1714 2531 Congregationis
1756 2488 1789 2521 in
1826 2489 1933 2522 medio

1202 2542 1486 2575 administrationis
1510 2552 1640 2574 suorum
1670 2541 1848 2574 officiorum
1881 2542 1936 2575 illa

1201 2597 1233 2630 in
1278 2596 1458 2628 definitorio
1494 2595 1675 2634 provinciae
1724 2595 1935 2638 renunciare,

1937 205 1985 230 Αη.
2003 204 2030 230 (ἶ.
2050 203 2118 232 1662

1969 1485 2086 1511 Expostttn.

2243 1010 2247 1052 -.
2240 905 2247 1000 ...ψ-..ξ-
2243 876 2247 883 ,
