2247 3208
464 242 526 276 898

509 302 658 335 rliionatu
689 299 863 333 Finaricnsi
896 298 1050 330 recitetur
1081 296 1155 329 offi-

506 356 589 387 cium
606 361 636 386 et
655 353 749 385 missa
775 350 999 394 Conceptionis
1015 350 1046 382 B.
1068 350 1104 381 M.
1122 349 1142 379 V

507 407 747 441 immaculatae,
777 415 848 438 cum
876 405 998 439 octava,
1026 401 1100 434 395.

418 461 548 494 nxxtv.
578 461 616 492 [t
642 460 671 491 in
697 458 848 491 omnibus
873 455 1025 489 dominiis
1050 461 1081 487 ct
1107 455 1157 486 di-

505 514 646 546 tionibus
671 521 845 554 regnorum
873 509 1001 543 Siciliae
1031 514 1060 541 et
1094 509 1162 541 Sar-

506 567 612 599 diniae
645 565 797 598 recitetur
831 563 973 597 officium
1007 568 1036 594 et
1067 555 1161 594 missa

505 618 732 661 Conceptionis
752 618 784 650 B.
802 617 839 649 M.
864 617 898 648 V.
922 615 1162 651 Immaculatae,

508 682 579 704 cum
603 673 724 709 octava,
749 669 824 703 390.

419 725 541 758 DXXV.
570 723 778 757 Confirmatio
804 721 1082 755 determinationis
1100 721 1160 752 do·
1188 726 1190 763 ξ

510 778 586 810 mini
613 776 785 810 cardinalis
806 774 996 819 protectoris
1009 784 1164 817 superre-
1189 792 1190 805 2
1239 770 1244 774 ”

510 831 679 864 stitutione
712 829 876 862 custodiae
912 828 964 861 SS.
1003 826 1191 862 Trinitatis

511 885 644 917 fratrum
654 883 811 915 Minorum
825 881 924 920 sancti
940 879 1098 913 Francisci
1110 879 1165 912 Re·
1190 871 1192 907 ἶ

508 937 718 970 collectorum
738 941 998 978 nuncupatorum
1019 934 1049 965 in
1064 932 1163 966 Gallia

511 992 542 1023 in
568 991 737 1034 pristinum
765 994 896 1026 statum,
926 986 1001 1020 397.

423 1045 551 1078 tvxxvt.
581 1043 729 1076 Extensio
755 1048 784 1075 et
812 1040 1066 1074 communicatio
1095 1039 1162 1082 pri-

510 1097 700 1139 vilegiorum
730 1097 865 1128 fratrum
890 1094 1164 1127 Disealceatorum
1191 1088 1193 1127 ¹,

512 1151 543 1182 in
563 1149 714 1193 Hispania
737 1148 864 1182 Ordinis
885 1147 984 1180 sancti
1006 1145 1165 1179 Francisci

512 1203 551 1235 ad
570 1212 681 1236 omnes
696 1200 879 1245 provincias
896 1200 1165 1232 Discalceatorum

512 1256 688 1289 Indiarum,
717 1253 792 1287 400.

425 1309 573 1342 tixxvll.
601 1307 810 1341 Confirmatio
836 1306 955 1339 decreti
975 1305 1005 1337 in
1027 1304 1168 1349 capitulo

513 1361 791 1404 generaliOrdinis
806 1361 940 1393 fratrum
956 1359 1112 1391 Minorum
1129 1358 1167 1391 de

515 1415 721 1448 Observantia
758 1420 787 1446 et
820 1414 1079 1446 Reformatorum
1098 1423 1169 1445 san—

514 1470 555 1501 cti
582 1469 742 1502 Francisci
762 1468 851 1507 editi,
876 1467 962 1510 quod
984 1465 1168 1509 provinciae

518 1522 650 1564 Angliae
676 1522 803 1555 Ordinis
823 1520 1009 1553 huiusmodi
1029 1519 1169 1552 Recolle-

515 1581 639 1608 ctorum
659 1580 921 1617 nuncupatorum
945 1572 1105 1616 competat
1125 1573 1169 1604 lo—

515 1639 570 1661 cus
587 1627 834 1671 praecedentiae
849 1626 935 1658 iuxta
954 1632 1079 1669 tempus
1094 1635 1169 1658 suae

515 1680 698 1720 erectionis,
726 1679 800 1713 4022*

429 1734 583 1767 ltXXVlll.
613 1733 797 1766 Transactio
825 1733 907 1765 inter
934 1730 1089 1764 vicarium
1115 1741 1170 1772 ge-

516 1788 659 1821 neralem
698 1787 948 1828 Bergomensem
987 1791 1017 1817 et
1056 1784 1172 1816 fratres

517 1840 663 1874 Minimos
692 1839 793 1873 sancti
818 1838 980 1871 Francisci
1006 1838 1045 1870 de
1074 1837 1172 1870 Paula

518 1904 576 1937 pro
602 1893 787 1936 receptione
809 1897 984 1925 conventus
1001 1891 1034 1923 Β.
1056 1891 1172 1923 Mariae

516 1948 727 1990 omniumque
749 1946 941 1979 Sanctorum
962 1945 1001 1977 de
1022 1943 1172 1985 Galgario
1197 1955 1199 1961 ·

519 2001 707 2044 nuncupati,
736 1998 811 2032 403.

434 2055 560 2087 mxxix.
583 2054 759 2087 Declaratio
774 2053 859 2085 circa
872 2052 1066 2085 solutionem
1089 2047 1173 2085 deri—

522 2118 592 2140 mae
610 2107 869 2150 octingentorum
888 2105 1024 2138 millium
1044 2105 1174 2138 ducato-

522 2173 591 2194 rum
630 2167 779 2193 monetae
812 2159 1037 2203 Hispaniarum
1070 2160 1174 2192 clarae

523 2215 698 2248 memoriae
730 2213 878 2256 Philippo
915 2213 950 2246 tv
979 2223 1171 2249 concessae.

522 2268 596 2302 405.

434 2322 557 2355 DXXX.
579 2321 726 2354 De‹·ernit
745 2321 857 2353 fratres
875 2320 972 2352 laicos
990 2319 1175 2362 provinciae

521 2374 680 2406 Turoniae
706 2373 833 2405 Maioris
859 2373 890 2404 in
916 2372 1017 2405 Gallia
1048 2372 1175 2405 Ordinis

523 2428 653 2459 fratrum
670 2427 825 2459 Minorum
842 2426 942 2458 sancti
960 2425 1120 2458 Francisci
1137 2426 1175 2457 de
1200 2445 1202 2468 ξ

522 2479 725 2513 Observantia
754 2479 951 2522 professione
977 2478 1176 2522 antiquiores

522 2533 717 2575 praecedere
753 2532 871 2564 debere
906 2533 1017 2564 tratres
1042 2531 1176 2564 clericos

522 2586 665 2618 eiusdem
693 2585 875 2628 provinciae
902 2585 1044 2617 nondum
1068 2585 1097 2616 in
1120 2595 1172 2616 sa-

524 2639 585 2672 cris
609 2638 778 2671 ordinibus
803 2638 1004 2678 constitutos,
1032 2636 1107 2671 407.

1012 246 1190 269 BL'LLARtmt
1216 244 1367 269 ROMANEM

1212 295 1352 329 Dxxxt.
1381 294 1472 333 Quod
1497 293 1575 326 nulli
1602 305 1638 325 ex
1664 293 1814 326 fratribus
1839 293 1951 326 Refor-

1301 347 1503 380 matissancti
1520 346 1680 378 Francisci
1696 346 1879 388 provinciae
1893 346 1954 378 Ro-

1302 411 1415 432 manae
1447 398 1599 442 competit
1635 399 1682 430 ius
1715 399 1951 441 praecedendi,

1301 454 1364 486 sive
1392 451 1610 484 honoratioris
1636 451 1709 487 loci.
1734 450 1793 483 nisi
1814 451 1955 494 superio-

1305 506 1392 539 ribus
1429 504 1606 538 actualibus
1633 510 1661 536 et
1687 503 1951 545 exgeneralibus,

1304 560 1377 593 408.

1216 613 1367 646 ttxxxtt.
1401 612 1609 645 Confirmatio
1642 610 1901 653 congregationis
1926 617 1956 644 et

1305 666 1438 699 instituti
1466 665 1652 698 monialium
1675 663 1954 708 liospitalariarum

1307 719 1494 753 monasterii
1521 717 1651 761 hospitii
1676 729 1732 751 seu
1760 717 1875 750 domus
1901 717 1956 750 Dei

1307 773 1481 815 nuncupati
1503 771 1614 814 oppidi
1636 771 1675 803 de
1695 771 1724 803 la
1749 770 1854 803 Heclie
1879 780 1957 803 con-

1307 825 1502 867 gregationis
1522 825 1552 858 S.
1576 823 1702 867 Iosephi
1722 823 1957 864 Andevagensis

1190 914 1192 922 y
1308 878 1476 915 dioecesis,
1505 877 1579 910 4¹10.

1190 927 1192 977 ᾖ
1218 931 1381 966 Dxxxttl.
1417 930 1626 964 Confirmatio
1656 930 1804 963 binarum
1832 930 1959 962 littera-

1190 982 1192 988 '
1308 996 1377 1018 rum
1416 984 1594 1028 patentium
1629 983 1769 1025 magistri
1800 983 1958 1025 generalis

1191 1064 1192 1079 ,
1306 1038 1434 1071 ‹itt-ttinis
1476 1036 1737 1069 Praedicatorum
1780 1047 1835 1078 pro
1876 1035 1957 1068 felici

1308 1097 1390 1123 statu
1428 1096 1456 1122 et
1493 1100 1663 1133 progressu
1696 1088 1959 1131 Congregationis

1309 1145 1341 1177 Β,
1371 1143 1476 1176 lacobi
1506 1143 1615 1175 Veneti
1652 1143 1681 1174 in
1708 1141 1870 1185 provincia
1902 1142 1959 1175 Ve-

1309 1199 1381 1229 neta
1407 1196 1482 1229 dicti
1503 1195 1631 1229 Ordinis·
1656 1206 1672 1227 a
1698 1195 1784 1228 dicto
1806 1195 1959 1237 magistro

1309 1249 1451 1292 generali
1473 1249 1636 1282 institutae
1661 1248 1841 1292 studiisque
1867 1248 1896 1281 in
1923 1250 1959 1281 ea

1309 1302 1538 1347 promovendis
1552 1307 1786 1341 emanatarum,
1803 1312 1875 1334 cum
1891 1312 1961 1345 pro-

1310 1356 1465 1389 hibitione
1490 1365 1530 1388 ne
1554 1355 1594 1388 de
1618 1361 1724 1387 cetero
1750 1354 1862 1387 fratres
1880 1364 1958 1398 pro-

1310 1410 1380 1443 fessi
1398 1409 1541 1443 eiusdem
1559 1408 1822 1451 Congregationis
1835 1409 1873 1441 ad
1889 1418 1963 1441 con-

1309 1469 1420 1495 ventus
1458 1462 1620 1506 praefatae
1655 1464 1700 1494 vel
1738 1462 1868 1494 alterius
1899 1473 1959 1494 cu-

1310 1517 1406 1549 iusvis
1432 1515 1616 1560 provinciae
1641 1515 1715 1548 dicti
1734 1515 1861 1548 Ordinis
1880 1520 1961 1547 tran-

1194 1578 1196 1603 t
1309 1570 1371 1603 sire
1396 1569 1518 1613 possint
1531 1569 1652 1611 absque
1669 1570 1818 1611 expressa
1834 1567 1963 1601 licentia

1310 1622 1386 1656 dicti
1401 1621 1543 1664 magistri
1562 1620 1720 1663 generalis
1740 1631 1799 1664 pro
1819 1625 1963 1664 tempore

1312 1675 1485 1714 existentis,
1513 1673 1588 1707 412.

1223 1728 1387 1762 Dxxxlv.
1410 1727 1559 1762 Decernit
1571 1727 1762 1760 servandum
1785 1732 1816 1759 et
1829 1734 1964 1770 exequu-

1313 1781 1392 1815 tioni
1418 1781 1636 1814 mandandum
1664 1791 1731 1814 esse
1755 1781 1854 1813 Breve
1884 1780 1964 1813 Suae

1312 1834 1494 1867 Sanctitatis
1514 1844 1598 1866 anno
1622 1843 1741 1867 iinccxt
1762 1838 1961 1873 emanatum,

1313 1898 1377 1932 quo
1395 1894 1549 1920 statutum
1576 1887 1631 1920 fuit
1658 1888 1688 1919 in
1707 1886 1873 1930 provincia
1893 1897 1965 1919 san-

1314 1942 1355 1975 cti
1381 1941 1545 1975 Guillelmi
1571 1940 1724 1973 Franciac
1744 1940 1872 1974 Ordinis
1888 1940 1963 1973 Ere-

1317 1996 1467 2028 mitarum
1493 1994 1591 2028 sancti
1617 1993 1783 2036 Augustini
1809 1999 1966 2037 perpetuo

1315 2049 1531 2082 admittendos
1557 2058 1624 2081 esse
1651 2048 1760 2080 decem
1784 2047 1962 2089 magistros,

1303 2114 1387 2135 -cum
1422 2101 1597 2146 privilegiis
1622 2100 1682 2134 loci
1710 2106 1737 2133 ct
1764 2100 1849 2133 vocis
1880 2100 1967 2133 iuxta

1316 2155 1579 2193 constitutiones,
1607 2160 1682 2193 ete,
1711 2153 1785 2186 418.

1226 2210 1377 2244 DXXXV.
1406 2208 1554 2242 Decernit
1585 2207 1673 2251 quod
1702 2207 1854 2250 deinceps
1880 2207 1967 2250 capi-

1316 2262 1416 2295 tulum
1441 2261 1591 2304 generale
1615 2259 1879 2303 Congregationis
1904 2270 1969 2292 cre-

1316 2316 1466 2348 mitarum
1481 2313 1772 2347 Camaldulensium
1786 2313 1824 2346 de
1837 2312 1967 2345 biennio

1317 2370 1346 2401 in
1380 2368 1568 2406 biennium,
1606 2373 1634 2399 et
1669 2367 1754 2399 dieta
1788 2376 1872 2399 anno
1898 2371 1970 2409 post

1315 2422 1564 2455 celebrationem
1610 2420 1741 2464 capituli
1783 2419 1968 2453 huiusmodi

1316 2475 1492 2520 respective
1517 2475 1675 2508 celebrari
1707 2474 1862 2510 debeant,
1889 2471 1964 2505 419.

1227 2529 1385 2563 Dxxxvt.
1422 2528 1512 2567 Quod
1550 2528 1666 2560 fratres
1696 2525 1856 2559 Trinitarii
1888 2535 1966 2568 pro-

1316 2581 1438 2614 vinciae
1462 2581 1627 2619 Castettae,
1650 2578 1829 2621 ‚tr-agoniae
1847 2583 1877 2610 et
1898 2578 1971 2611 Bae-

1200 2641 1204 2676 1
1317 2635 1408 2675 ticae,
1431 2634 1632 2677 aliarumque
1649 2632 1887 2676 provinciarum
1910 2631 1970 2665 Re-
