2247 3208
101 248 149 276 An.
172 250 199 277 C.
221 250 285 277 1662

118 1687 239 1710 Exordium.

122 2164 262 2190 [applicatio.

885 250 1074 274 ALEXANDER
1098 252 1141 275 vn
1168 252 1215 275 Pr.

296 309 349 339 so,
378 304 409 331 et
435 298 534 331 forma
560 298 591 330 in
618 298 680 331 illis
708 298 823 331 tradita
847 298 1028 339 observata,

296 352 555 394 exprimerentur
590 357 618 383 et
658 351 898 392 insererentur,
938 362 1031 394 prae-

294 405 439 438 sentibus
474 415 531 447 pro
563 405 659 447 plene
692 409 720 435 et
748 404 945 436 sufficienter
977 414 1030 435 ex-

293 458 414 502 pressis
441 462 471 490 et
496 457 626 490 insertis
653 457 832 496 habentes,
860 457 923 489 illis
949 456 1028 489 alias

292 511 325 544 in
351 522 409 544 suo
444 510 558 543 robore
593 510 832 554 permansuris,
867 509 905 541 ad
936 519 1029 552 prae-

292 564 465 597 missorum
491 563 650 603 effectum,
676 563 736 595 hac
760 563 826 594 vice
853 562 1027 602 dumtaxat,

293 616 478 660 specialiter
503 621 532 648 et
558 625 711 658 expresse
738 615 950 657 derogamus,
977 625 1028 647 ce-

292 670 434 712 terisque
460 668 627 701 contrariis
654 667 923 710 quilmscumque.

335 722 448 754 Datum
481 721 612 760 Romae,
641 720 727 762 apud
752 720 782 752 S.
810 720 939 752 Mariam
965 720 1028 753 Ma-

291 775 406 815 iorem,
435 774 494 807 sub
513 773 632 806 annulo
650 773 834 814 Piscatoris,
855 773 905 806 die
923 784 953 806 v1
973 774 1027 806 de-

292 828 430 861 cembris
455 836 585 860 MDCLxu
614 825 819 870 pontificatus
845 826 946 860 nostri
972 837 1027 859 an-

291 892 334 914 no
358 891 427 914 vm.

326 942 383 971 Dat.
401 943 444 971 die
460 943 475 973 6
487 942 637 970 decembris
657 941 731 976 1662,
748 942 846 977 pontif.
867 950 938 970 anno
955 949 1006 970 vni.

599 1085 723 1118 CDXIV.

295 1164 505 1206 Confirmatio
533 1164 699 1197 erectionis
723 1164 884 1197 custodiae
908 1164 1026 1197 Lollia-

336 1216 466 1259 rz'nyz'ae
478 1217 619 1258 fratrum.
631 1217 665 1249 M
667 1217 794 1249 inormn
808 1216 942 1249 Omlz'm's
954 1227 1026 1248 san-

335 1269 379 1301 cti
395 1269 426 1302 F
426 1269 565 1301 rcmcisci
589 1269 854 1308 Recolleclormn,
882 1280 953 1301 cum
974 1269 1026 1302 de-

335 1321 524 1361 claratione,
543 1321 629 1364 quod
650 1322 703 1354 illi
722 1326 902 1365 competant
918 1322 1027 1354 omnia

331 1374 508 1418 privileyia
532 1378 560 1406 el
582 1374 828 1417 praerogyalivae
851 1385 942 1407 verae
965 1385 1023 1407 cu*-

333 1426 473 1467 stodiae,
501 1436 624 1459 necnon
647 1427 677 1459 si
707 1438 771 1470 qua
801 1427 872 1460 alia
900 1438 921 1460 a
948 1427 1026 1461 Sede

332 1480 520 1523 Apostolicct
545 1480 676 1513 indulta
699 1480 850 1523 fuerint&

484 1560 651 1587 Alexander
671 1561 748 1594 Papa
767 1561 829 1593 VII,

432 1604 469 1631 ad
484 1605 616 1632 futuram
631 1604 676 1632 rei
696 1605 878 1632 memoriam.

334 1675 421 1709 Inter
445 1675 652 1718 gravissimas
687 1674 949 1719 multiplicesque
975 1686 1027 1708 cu-

290 1739 355 1769 ras,
383 1728 499 1772 quibus
525 1738 562 1760 ex
588 1728 759 1771 impositae
793 1728 886 1760 nobis
913 1728 1028 1761 divini-

291 1786 342 1814 tus
368 1781 531 1814 servitutis
556 1791 691 1814 munere
710 1781 839 1814 assidue
860 1791 1024 1824 urgemur,

291 1834 324 1866 in
349 1844 419 1866 eam
445 1833 600 1876 peculiari
625 1834 731 1866 studio
749 1833 976 1875 incumbimus,
995 1840 1029 1866 ut

292 1886 377 1919 felici
401 1896 624 1930 prosperoque
642 1886 869 1929 religiosorum
888 1887 1027 1920 virorum

292 1941 362 1973 leve
387 1939 504 1972 Christi
542 1939 653 1982 iugum
685 1941 744 1972 sub
774 1940 920 1973 arctioris
945 1940 1027 1973 vitae

292 1992 440 2026 instituto
466 1992 674 2025 laudabiliter
698 1992 895 2036 portantium
921 1994 1028 2034 statui,

293 2052 449 2092 quantum
472 2046 565 2080 nobis
592 2057 629 2079 ex
654 2048 719 2080 alto
750 2039 951 2089 conceditur,
979 2059 1029 2081 sa-

292 2100 429 2134 lubriter
452 2101 669 2134 consulamus.

337 2153 351 2197 g
373 2153 405 2186 1.
431 2152 554 2197 Exponi
574 2153 734 2196 siquidem
752 2152 845 2186 nobis
864 2163 967 2196 nuper
984 2153 1029 2186 se-

293 2206 336 2238 cit
366 2206 501 2240 dilectus
532 2205 616 2239 filius
648 2206 915 2239 Bartholomaeus
947 2206 1029 2239 Deu-

294 2265 385 2292 mont
409 2265 516 2292 custos
535 2260 699 2292 custodiae
718 2260 947 2302 Lotharingiae
968 2260 1029 2292 sra-

295 2317 376 2345 trum
390 2312 546 2345 Minorum
561 2311 688 2345 Ordinis
703 2312 973 2345 sanctiFrancisci
989 2313 1027 2345 de

294 2366 505 2400 Observantia
543 2366 791 2398 recollectorum
830 2372 1029 2409 nuncupato-

294 2430 376 2459 rum,
397 2419 483 2463 quod
509 2418 600 2458 alias,
625 2418 775 2451 videlicet
793 2429 877 2451 anno
894 2429 1028 2459 nmxxx,

295 2472 379 2505 dicta
415 2471 570 2511 custodia,
609 2470 697 2503 iuxta
732 2471 889 2514 quasdam
926 2472 1027 2505 felicis

294 2524 527 2558 recordationis
568 2523 713 2567 Gregorii
753 2525 857 2568 Papae
894 2525 961 2558 XIII
997 2531 1029 2558 et

1729 241 1764 275 81

1066 304 1249 331 nostrorum
1283 298 1532 332 constitutiones
1564 309 1622 342 pro
1645 299 1800 332 reforma-

1066 351 1150 384 tione
1178 351 1293 391 editas,
1325 352 1365 384 ad
1393 352 1580 384 instantiam
1609 352 1800 386 dilectorum

1064 402 1202 436 filiorum
1221 404 1377 436 nobilium
1396 403 1536 437 virorum
1557 405 1797 448 Lotharingiae,

1063 467 1099 487 ac
1133 456 1389 499 supplicantibus
1428 457 1579 489 fratribus
1615 458 1799 501 provinciae

1063 508 1215 541 FrancIae
1241 508 1433 542 Parisiensis
1466 509 1541 542 dicti
1573 509 1712 551 Ordinis,
1745 511 1798 554 qui

1062 561 1147 592 iuxta
1172 561 1345 603 puritatem
1370 562 1502 604 regulae
1528 561 1673 594 eiusdem
1699 564 1798 596 sancti

1062 613 1222 645 Francisci
1248 614 1288 646 ab
1310 614 1355 647 eis
1389 614 1555 657 professae
1581 614 1686 647 vivere
1713 616 1799 647 desi-

1062 666 1230 707 derabant,
1251 667 1283 699 in
1310 668 1490 700 custodiam
1515 668 1721 700 reformatam
1743 668 1798 701 Or-

1062 718 1145 751 dinis
1161 719 1357 759 huiusmodi,
1372 720 1544 762 assignatis
1563 721 1602 753 ad
1620 721 1681 753 hoc
1698 721 1797 753 tribus

1061 772 1284 813 conventibus,
1305 778 1413 805 erecta
1431 773 1499 812 suit,
1528 778 1559 805 et
1579 773 1618 805 ad
1636 773 1732 806 huius
1752 775 1797 806 rei

1061 824 1340 858 confirmationem
1381 826 1519 859 subinde
1552 838 1570 859 a
1605 827 1798 859 recolendae

1060 879 1235 911 memoriae
1261 878 1389 912 Urbano
1415 879 1500 922 Papa
1519 879 1583 912 vltl
1607 880 1799 922 praedeces-

1061 942 1132 965 sore
1159 932 1280 975 pariter
1297 939 1408 966 nostro
1426 933 1553 967 litterae
1572 934 1604 967 in
1621 933 1719 967 simili
1737 933 1799 966 sor-

1061 987 1113 1018 ma
1137 986 1246 1019 Brevis
1272 986 1423 1020 obtentae
1450 986 1589 1020 fuerunt..

1104 1039 1118 1082 ἓ
1142 1038 1172 1071 ⁶2.
1201 1039 1277 1072 Cum
1302 1044 1421 1080 autem,
1449 1040 1532 1072 sicut
1561 1041 1674 1074 eadem
1701 1051 1797 1084 expo-

1061 1092 1133 1125 sitio
1170 1093 1400 1135 subiungebat,
1443 1093 1551 1126 dilecti
1587 1093 1644 1127 filii
1681 1095 1795 1128 fratres

1060 1144 1222 1187 Cordigeri
1249 1151 1281 1177 et
1306 1156 1369 1177 non
1395 1146 1560 1179 reformati
1589 1147 1692 1180 dictae
1724 1159 1797 1191 pro-

1061 1197 1196 1237 vinciae,
1215 1198 1435 1231 reformationi
1462 1199 1646 1232 huiusmodi
1671 1206 1797 1233 contra-

1060 1251 1109 1290 rii,
1134 1251 1350 1293 praetendant
1374 1252 1533 1293 praefatas
1560 1251 1678 1284 Urbani
1705 1264 1798 1296 prae-

1061 1303 1243 1336 decessoris
1269 1304 1392 1336 litteras
1411 1314 1476 1336 non
1495 1315 1566 1337 esse
1585 1305 1794 1347 sufficientes,

1061 1362 1093 1390 et
1127 1359 1217 1400 capta
1252 1357 1421 1390 occasione
1457 1357 1535 1390 belli
1567 1363 1599 1390 et
1629 1358 1797 1392 absentiae

1060 1415 1313 1443 memoratorum
1346 1411 1461 1443 ducum
1492 1411 1531 1443 ab
1562 1411 1618 1444 illo
1651 1418 1797 1455 ternpore

1061 1463 1174 1495 fratres
1200 1464 1390 1496 recollectos
1417 1462 1520 1496 dictae
1545 1464 1710 1497 custodiae
1731 1476 1799 1498 ino-

1061 1518 1179 1549 testare
1213 1527 1379 1559 nunquam
1415 1516 1632 1558 cessaverint,
1667 1519 1797 1551 tandem

1061 1579 1136 1601 vero
1162 1579 1219 1612 pro
1244 1579 1322 1612 pace
1349 1569 1502 1602 habenda
1524 1569 1558 1602 in
1583 1570 1721 1613 capitulo
1743 1581 1798 1613 ge-

1062 1623 1163 1655 nerali
1200 1622 1328 1655 Ordinis
1365 1623 1501 1666 praefati
1533 1634 1619 1657 anno
1651 1634 1797 1658 moctvni

1061 1675 1162 1708 Toleti
1188 1676 1351 1709 celebrato
1370 1676 1619 1709 determinatum
1636 1676 1744 1717 suerit,
1763 1682 1799 1710 ut

1062 1733 1169 1761 custos
1196 1728 1234 1761 ad
1261 1739 1318 1761 nos
1345 1739 1402 1772 pro
1427 1729 1612 1762 obtinendis
1631 1729 1722 1762 novis
1747 1740 1798 1762 su-

1062 1792 1121 1824 per
1152 1780 1395 1815 confirmatione
1429 1781 1600 1815 erectionis
1632 1782 1797 1816 custodiae

1063 1834 1246 1867 huiusmodi
1264 1834 1379 1867 litteris
1398 1835 1584 1878 apostolicis
1602 1840 1795 1868 recurreret:

1063 1887 1155 1920 nobis
1192 1893 1364 1931 propterea
1394 1889 1496 1921 dictus
1528 1889 1796 1921 Bartholomaeus

1063 1939 1228 1972 humiliter
1260 1940 1434 1983 supplicari
1467 1940 1541 1973 fecit
1571 1945 1606 1972 ut
1638 1941 1672 1973 in
1704 1951 1798 1984 prae-

1062 1993 1169 2025 missis
1195 1999 1375 2036 opportune
1404 1993 1573 2036 providere
1600 1998 1632 2026 et
1653 1998 1689 2026 ut
1716 1993 1798 2027 infra

1055 2042 1233 2089 'indulgere
1259 2047 1298 2079 de
1323 2047 1523 2090 benignitate
1550 2048 1726 2091 apostolica
1751 2049 1798 2081 di-

1063 2110 1247 2143 gnaremur.

1106 2153 1120 2196 ξ
1136 2153 1167 2186 3.
1187 2152 1249 2186 Nos
1268 2153 1372 2196 igitur,
1392 2154 1497 2197 ipsum
1513 2155 1798 2188 Bartholomaeum

1063 2205 1257 2249 specialibus
1283 2205 1444 2239 favoribus
1463 2211 1495 2239 et
1511 2207 1621 2250 gratiis
1642 2207 1798 2251 prosequi

1062 2260 1220 2299 volentes,
1248 2264 1279 2291 et
1303 2270 1321 2291 a
1346 2259 1511 2303 quibusvis
1544 2260 1799 2293 excommunica-

1063 2311 1171 2353 tionis,
1200 2312 1425 2355 suspensionis
1453 2318 1484 2345 et
1508 2313 1683 2353 interdicti,
1711 2313 1800 2346 aliis-

1063 2375 1124 2409 que
1150 2364 1376 2397 ecclesiasticis
1395 2365 1578 2406 sententiis,
1604 2365 1749 2398 censuris
1768 2370 1800 2398 et

1063 2418 1188 2461 poenis,
1213 2429 1230 2450 a
1254 2417 1324 2450 iure
1357 2419 1407 2450 vel
1432 2418 1471 2450 ab
1498 2417 1650 2458 homine,
1687 2417 1797 2462 quavis

1062 2470 1231 2504 occasione
1255 2471 1307 2503 vel
1324 2472 1419 2503 causa
1435 2470 1519 2511 latis,
1542 2470 1568 2503 si
1587 2469 1702 2514 quibus
1721 2480 1799 2514 quo-

1062 2524 1241 2557 modolibet
1258 2523 1431 2556 innodatus
1451 2523 1568 2564 existit,
1589 2523 1628 2556 ad
1650 2522 1798 2556 effectum

295 2577 470 2611 Clementis
505 2577 609 2620 Papae
647 2576 708 2609 VIII
739 2577 1026 2620 praedecessorum
1062 2576 1281 2620 praesentium
1318 2577 1482 2609 dumtaxat
1512 2575 1793 2619 consequendum,

332 2640 344 2667 1
360 2638 399 2666 Ex
414 2638 519 2674 Regest.
536 2638 563 2665 in
578 2638 679 2665 Secret.
697 2637 774 2665 Brev.

380 2692 457 2724 Ball.
478 2692 561 2719 Rom.
578 2707 611 2712 —
630 2692 687 2720 Vol.
709 2690 799 2721 XVII.
945 2691 974 2719 11

1063 2630 1177 2663 harum
1201 2629 1285 2663 serie
1319 2629 1526 2663 absolventes
1559 2633 1591 2661 et
1614 2627 1796 2661 absolutum

1815 249 1864 277 An.
1887 249 1914 276 C.
1933 249 1999 276 1002

1839 1048 1926 1070 Motum.

1840 2160 1949 2181 Confirmat
1962 2160 1996 2180 de·

1813 2190 1893 2208 cretum
1908 2193 1949 2208 iam
1964 2187 1997 2208 la-

1815 2217 1864 2235 tum.
