2247 3208
137 253 188 279 An.
207 253 234 278 (Σ.
260 252 323 278 1168

165 1311 276 1331 Successit]
293 1311 319 1332 ab

136 1337 244 1358 intestato.

958 251 1099 275 cremeas
1123 252 1153 276 ix
1177 252 1224 275 PP.

329 311 402 332 men
428 305 515 333 extra
533 299 770 339 residentiam),
791 299 884 331 etiam
903 298 935 331 in
953 299 1065 331 mortis
1087 307 1088 319 ¹

328 352 476 392 articulo,
488 358 516 383 et
532 359 597 384 no‘n
614 354 692 384 facta
706 352 870 385 mentione
886 351 1067 394 praesentis

327 406 376 438 vel
402 405 536 438 aliarum
562 405 608 437 eis
634 415 692 447 pro
720 410 866 447 tempore
897 414 1067 436 concessa-

329 468 398 490 rum
424 457 578 490 similium
600 458 799 496 facultatum,
833 461 886 489 aut
916 457 1003 499 quod
1034 456 1067 487 in

330 512 391 543 iim
417 511 543 544 illarum
561 511 670 543 testari
693 521 747 543 seu
766 510 939 552 disponere
968 509 1068 541 velint

329 569 361 596 et
390 564 578 603 intendant,
612 564 713 596 semel
750 568 845 606 atque
883 562 1001 594 iterum
1036 566 1065 593 et

328 616 450 660 pluries
476 617 662 659 disponere,
688 621 829 648 statuere
856 619 886 647 et
904 614 1065 653 ordinare,

329 670 374 702 ita
399 675 430 702 ut
458 669 615 713 quidquid
641 673 815 708 testatum,
840 672 987 710 gestum,
1013 672 1068 699 aut

330 723 524 762 ordinatum,
546 733 603 754 seu
625 721 702 754 alias
722 720 760 753 ab
778 720 856 763 ipsis
874 719 1067 762 dispositum

331 777 436 815 suerit,
464 777 558 808 etiam
584 775 615 807 in
647 774 711 806 vini
735 773 890 816 simplicis
917 772 1068 805 distribu-

333 830 438 867 tionis,
466 840 501 861 ae
526 829 612 868 alias,
632 827 718 860 omni
737 827 864 860 meliori
892 827 988 859 modo
1014 838 1066 859 va-

333 883 396 915 leat
422 888 453 914 et
477 881 594 914 serrari
621 880 752 913 omnino
779 881 905 920 debeat;
933 880 1066 923 ipsaque

330 940 534 973 testamenta,
559 934 734 972 codicillos,
760 934 999 977 dispositiones,
1020 943 1068 966 or-

330 988 526 1026 dinationes,
543 987 746 1027 donationes,
764 989 870 1029 legata
888 992 920 1019 et
936 992 1066 1025 statuta,

331 1041 427 1074 etiam
454 1041 586 1084 pluries,
615 1046 646 1073 et
676 1041 771 1073 toties
798 1040 926 1083 quoties
952 1040 998 1072 eis
1024 1040 1066 1072 vi-

331 1094 478 1132 debitur,
505 1094 685 1133 moderari,
712 1094 881 1131 limitare‚-
903 1104 940 1125 ac
972 1093 1067 1125 etiam

331 1147 363 1179 in
389 1152 490 1179 totum
517 1156 679 1185 revocare,
697 1152 728 1179 et
748 1147 810 1179 alia
832 1147 870 1178 de
890 1156 974 1178 novo
993 1157 1069 1178 con-

332 1200 420 1239 dere,
448 1200 544 1232 etiam
570 1201 672 1232 libere
690 1204 722 1232 et
740 1200 824 1232 licite
845 1200 981 1238 valeant,
1002 1200 1070 1241 ple-

332 1264 404 1286 nam
431 1259 462 1286 et
486 1253 622 1286 liberam
645 1253 852 1285 concedimus
870 1253 1067 1285 facultatem.

376 1307 390 1349 ἓ
415 1305 446 1339 9.
474 1306 656 1338 statuentes
690 1305 901 1338 nibilominus
927 1310 959 1337 et
983 1305 1069 1337 ordi-

332 1364 458 1398 nantes,
475 1358 586 1400 eisque
600 1358 721 1400 pariter
739 1358 955 1400 indulgentes,
971 1358 1066 1400 quod,

332 1413 359 1444 si
384 1411 559 1453 contigerit
574 1411 664 1454 ipsos
690 1411 728 1443 ab
754 1411 915 1450 intestato,
942 1417 974 1443 et
998 1411 1067 1443 sine

332 1467 399 1498 ulla
421 1466 469 1497 vel
495 1475 566 1497 cum
590 1464 695 1496 minus
722 1464 827 1497 valida
851 1464 1011 1497 bonorum
1038 1469 1070 1496 et

333 1528 441 1550 rerum
471 1528 507 1550 ac
533 1518 702 1557 fructuum,
728 1517 914 1549 reddituum
940 1523 971 1550 et
996 1528 1070 1560 pro-

333 1576 486 1604 ventuum
512 1571 751 1613 praedictorum
785 1571 1011 1613 dispositione,
1037 1571 1070 1603 in

335 1624 418 1656 dieta
435 1624 522 1656 curia
540 1624 589 1656 vel
607 1626 697 1656 extra
713 1634 794 1661 eam,
814 1634 850 1656 ac
867 1624 962 1656 etiam
981 1629 1070 1656 extra

335 1687 392 1708 sua
424 1675 583 1709 beneficia
616 1681 669 1708 aut
698 1677 760 1709 alia
785 1678 855 1709 loca
879 1676 1006 1710 debitae
1032 1677 1070 1709 ab

335 1729 382 1761 eis
408 1728 603 1761 residentiae
629 1729 812 1771 personalis
828 1755 835 1767 ,
863 1729 958 1761 etiam
983 1731 1071 1762 nulla

335 1781 529 1813 subsistente
547 1783 652 1820 causa,
672 1781 710 1812 ab
732 1781 882 1813 humanis
903 1782 1069 1821 decedere,

336 1833 444 1866 omnia
454 1838 485 1865 et
502 1833 627 1875 singula
645 1844 755 1865 eorum
772 1833 866 1873 bona,
879 1844 930 1866 res
944 1839 975 1866 et
992 1834 1070 1873 iura,

337 1885 446 1924 etiam,
468 1890 504 1917 ut
524 1886 715 1928 praefertur,
735 1885 927 1928 qualificata,
946 1897 1071 1919 necnon

337 1939 442 1981 spolia
468 1948 525 1980 pro
552 1938 635 1971 dicta
659 1941 783 1970 summa
808 1939 904 1971 etiam
926 1950 962 1971 ex
983 1950 1073 1981 prae-

337 1990 429 2022 dictis
445 1995 477 2023 et
493 1990 571 2022 alias
589 1990 815 2032 undecumque
840 1991 1072 2033 provenientia,

336 2043 376 2075 ad
402 2053 563 2075 cameram
588 2043 799 2085 apostolicam
827 2053 884 2075 seu
917 2043 948 2075 in
982 2043 1073 2075 dictis

335 2095 502 2128 beneficiis
526 2105 732 2128 successores
768 2106 832 2128 non
868 2096 1073 2138 pertineant,

338 2149 395 2180 sed
428 2149 467 2180 ad
494 2148 653 2180 haeredes
686 2148 853 2190 sanguinis
886 2150 1073 2181 eorumdem

338 2199 465 2242 integre
491 2200 677 2241 deveniant,
699 2206 739 2241 et,
758 2201 821 2233 illis
837 2200 1072 2240 deficientibus,

339 2253 424 2285 inter
439 2263 548 2286 eorum
564 2253 747 2294 familiares,
763 2254 898 2286 arbitrio
916 2264 1074 2297 personae

340 2315 398 2337 seu
422 2316 633 2348 personarum
652 2317 729 2349 quas
754 2307 793 2339 ad
817 2307 849 2339 id
872 2307 932 2350 ipsi
954 2307 1074 2350 scripto

339 2357 591 2398 nominaverint,
611 2358 855 2398 distribuantur,
874 2359 936 2391 nisi
955 2360 993 2392 de
1015 2360 1075 2392 alia

340 2410 554 2452 dispositione
587 2410 634 2442 vel
669 2410 849 2443 intentione
886 2412 1075 2445 eorumdem

340 2462 500 2505 scriptura
518 2462 613 2495 etiam
631 2462 737 2495 minus
754 2463 893 2494 solemni
911 2474 1002 2496 secus
1020 2475 1075 2505 ap-

340 2520 478 2556 pareret,
497 2526 591 2557 quani
611 2520 686 2546 tunc
702 2515 790 2547 velut
805 2512 970 2547 efficacem
988 2515 1074 2558 ipsae
1094 2535 1096 2541 ν

340 2577 497 2609 personae
524 2569 572 2600 vel
599 2567 653 2600 alii
671 2567 792 2600 iudices
809 2578 865 2600 seu
890 2574 1075 2601 executores

340 2620 471 2654 omnino
490 2620 604 2664 exequi
623 2625 653 2654 et
672 2621 851 2664 adimplere
870 2620 979 2664 illiqixe
1003 2632 1072 2655 sese

1110 300 1311 331 conformare
1344 300 1376 331 in
1409 299 1558 331 omnibus
1591 304 1622 331 et
1647 309 1704 341 per
1735 297 1843 330 onmia

1111 352 1263 384 debeant.
1301 352 1338 384 Et.
1374 351 1585 385 nibilominus
1622 360 1844 394 quaecumque

1112 404 1295 437 huiusmodi
1327 409 1528 443 testamenta,
1558 404 1768 443 donationes,
1800 404 1844 436 le-

1111 463 1205 499 gata,
1237 458 1465 501 dispositiones
1491 464 1522 491 et
1546 458 1608 491 alia
1633 459 1741 490 forsan
1766 457 1845 490 alias

1110 511 1149 542 ab
1174 510 1251 552 ipsis
1269 536 1276 550 ,
1309 511 1405 543 etiam
1438 512 1526 544 nulla
1551 516 1603 543 aut
1627 511 1732 542 minus
1760 509 1846 542 suffi-

1110 563 1207 595 cienti
1232 564 1381 595 facultate
1415 563 1569 603 sutl'ultis,
1595 564 1633 595 de
1660 563 1845 596 huiusmodi

1110 615 1215 655 bonis,
1239 615 1371 655 iuribus,
1391 616 1582 655 actionibus,
1605 616 1770 656 fructibus,
1792 626 1846 659 pe-

1111 668 1226 707 cuniis,
1250 668 1426 708 iocabbns,
1450 668 1586 711 aliisque
1611 669 1706 701 rebus
1733 679 1846 711 supra-

1111 720 1224 761 dictis,
1245 721 1341 753 etiam
1365 721 1397 752 in
1425 722 1565 754 savorem
1590 722 1847 763 consanguineo-

1111 784 1182 805 rum
1207 779 1238 806 et
1263 773 1405 806 atlinium
1430 774 1684 816 praedictorum,
1711 779 1742 806 et
1767 775 1844 806 alias

1111 826 1358 869 quomodolibet
1383 827 1474 865 sacta,
1501 837 1573 859 eum
1599 827 1745 859 omnibus
1770 827 1844 859 inde

1111 880 1239 919 secutis,
1258 891 1292 912 ac
1306 880 1401 912 etiam
1416 891 1463 917 ea,
1481 891 1562 923 quae
1578 890 1636 922 per
1650 881 1737 923 ipsos
1752 879 1783 912 in
1800 880 1831 912 fu

1112 938 1219 965 turum
1234 933 1479 976 quomodolibet
1491 932 1579 971 sient,
1594 943 1630 964 ex
1647 942 1731 964 nunc
1748 937 1846 975 prout

1112 996 1147 1017 ex
1175 991 1249 1018 tunc
1274 992 1305 1018 et
1329 997 1345 1018 e
1371 991 1501 1025 contra,
1528 995 1587 1027 pro
1613 978 1847 1017 dieassumma

1112 1039 1322 1071 ducentorum
1341 1039 1529 1071 ducatorum
1545 1039 1717 1077 dumtaxat,
1732 1048 1834 1080 appro

1112 1092 1225 1123 bamus
1262 1097 1293 1124 et
1329 1091 1577 1131 confirmamus,
1612 1100 1790 1132 omnesque
1816 1094 1848 1122 et.

1113 1145 1259 1187 singulos
1284 1145 1363 1177 iuris
1388 1150 1420 1177 et
1446 1145 1518 1177 facti
1545 1155 1581 1176 ac
1606 1143 1847 1176 solemnitatum

1112 1197 1300 1229 omissarum
1316 1203 1346 1230 et
1360 1197 1620 1236 omittendarum,
1635 1206 1761 1228 necnon
1779 1195 1848 1227 sub-

1113 1251 1276 1283 stantiales
1291 1250 1433 1292 aliosque
1456 1250 1598 1283 defectus
1616 1259 1847 1291 quoscumque,

1113 1301 1138 1333 si
1165 1302 1217 1344 qui
1243 1302 1476 1334 intervenerint
1500 1301 1531 1333 in
1557 1301 1697 1340 eisdem,
1724 1299 1847 1335 etiamsi

1114 1356 1192 1387 tales
1217 1355 1281 1386 sint
1304 1356 1353 1387 rel
1379 1354 1498 1386 suerint
1527 1354 1614 1396 quod
1639 1352 1788 1396 specialis
1819 1356 1850 1384 et

1114 1407 1264 1450 specifica
1281 1408 1318 1440 de
1337 1407 1416 1450 ipsis
1434 1406 1555 1439 mentio
1582 1405 1731 1438 habenda
1751 1409 1847 1444 esset,

1114 1461 1316 1502 supplemus.

1157 1515 1171 1555 ᾗ
1196 1512 1248 1545 10.
1275 1512 1345 1545 Non
1370 1512 1571 1545 obstantibus
1596 1509 1794 1554 praemissis,
1813 1520 1850 1543 ae

1114 1566 1337 1598 Lateranensis
1355 1564 1483 1598 concilii
1501 1563 1676 1596 novissime
1695 1562 1851 1596 celebrati

1114 1620 1152 1652 de
1175 1624 1264 1652 certo
1282 1618 1482 1651 notariorum
1499 1627 1642 1656 numere,
1665 1615 1793 1649 etiamsi
1813 1616 1851 1649 ad

1114 1673 1205 1705 illum
1231 1673 1374 1705 nonduin
1401 1672 1574 1704 deventum
1596 1669 1699 1709 suerit,
1719 1669 1770 1702 cui
1792 1679 1852 1712 per

1115 1725 1280 1759 lioealias
1306 1726 1497 1766 derogatum
1528 1733 1595 1755 non
1626 1721 1826 1754 intendimus
1843 1749 1850 1761 ,

1115 1789 1151 1810 ac
1176 1778 1215 1810 de
1240 1787 1401 1810 consensu
1427 1775 1620 1819 praestando
1637 1775 1669 1807 in
1688 1774 1853 1818 pensioni-

1115 1830 1182 1868 bus,
1202 1836 1232 1863 et
1257 1829 1421 1872 quibusvis
1448 1829 1518 1861 aliis
1543 1828 1641 1861 etiam
1665 1838 1722 1870 per
1746 1837 1805 1860 nos
1823 1833 1854 1860 et

1116 1883 1230 1915 Sedem
1257 1882 1456 1925 praedictam
1481 1880 1728 1924 quomodolibet
1760 1879 1853 1912 editis

1116 1941 1148 1968 et
1167 1935 1381 1977 imposterum
1398 1933 1532 1966 edendis
1551 1933 1762 1966 cancellariae
1777 1944 1855 1975 apo-

1116 1987 1248 2020 stolicae
1281 1987 1422 2029 regulis,
1456 1992 1487 2018 et
1517 1987 1599 2029 stylo
1632 1985 1664 2017 in
1696 1984 1855 2017 similibus

1118 2041 1274 2073 hactenus
1292 2045 1428 2077 servato,
1449 2044 1480 2072 et
1497 2038 1569 2082 piae
1589 2037 1764 2071 memoriae
1783 2038 1855 2069 Ale-

1117 2094 1231 2126 xandri
1256 2094 1361 2136 Papae
1386 2093 1431 2129 Vl,
1459 2093 1554 2125 etiam
1586 2090 1853 2134 praedecessoris

1118 2146 1229 2186 nostri,
1242 2147 1371 2179 tertiam
1386 2151 1512 2189 partem
1526 2146 1686 2177 bonorum
1702 2142 1855 2176 ecclesia-

1119 2200 1275 2232 stieorum
1298 2209 1445 2231 camerae
1470 2197 1655 2241 praedictae
1676 2196 1786 2229 deberi
1806 2196 1854 2228 in-

1118 2258 1167 2284 ter
1192 2252 1254 2284 alia
1274 2246 1531 2294 dispon’entibus,
1555 2260 1681 2282 necnon
1706 2249 1853 2281 eiusdem

1118 2304 1294 2337 memoriae
1328 2303 1482 2336 Bonisacii
1517 2303 1621 2345 Papae
1646 2302 1731 2341 VIII,
1757 2302 1853 2335 etiarn

1118 2357 1376 2401 praedecessoris
1409 2357 1536 2395 nostri,
1563 2366 1622 2398 per
1653 2366 1748 2398 quam
1780 2365 1855 2388 con-

1119 2412 1284 2444 cessiones
1310 2411 1348 2444 de
1370 2410 1524 2443 fructibus
1543 2411 1573 2442 in
1592 2410 1737 2442 absentia
1754 2409 1855 2452 perci-

1117 2464 1245 2507 piendis
1263 2463 1331 2496 sine
1356 2462 1580 2506 praefinitione
1608 2461 1762 2505 temporis
1784 2461 1854 2493 sieri

1117 2516 1343 2559 probibentur,
1361 2526 1397 2548 ae
1418 2515 1604 2558 quorumvis
1631 2515 1768 2548 alioruin
1793 2514 1854 2546 Ro-

1116 2580 1287 2601 manorum
1332 2568 1520 2601 Pontificum
1564 2568 1851 2610 praedeeessorum

1094 2656 1096 2666 b
1117 2628 1314 2662 nostrorum,
1335 2627 1365 2654 et
1390 2621 1551 2665 quibusvis
1570 2620 1639 2653 aliis
1667 2617 1854 2663 apostolicis

1743 240 1805 274 710
1852 249 1900 276 An.
1918 248 1944 274 c.
1967 248 2033 275 1668

1881 362 1956 382 Omne<
1979 361 2036 381 defs-

1856 391 1900 409 clus
1916 388 2006 414 supplet.

1883 1516 1999 1538 Contrariis
2010 1517 2047 1537 do·

1861 1546 1930 1569 rog-it.
