2247 3208
121 190 171 218 An.
192 191 222 218 C.
246 191 308 218 ¹¹68

906 193 982 215 ,ΧΗ-λ
992 192 1092 216 tNtttltt
1116 192 1158 214 ΥΠ
1185 192 1232 214 FP.

361 250 402 273 xi.

316 302 375 334 per
399 292 667 325 intercessionem
694 293 746 324 SS.
777 292 913 333 l'irginis
942 292 1052 333 singu-

316 345 393 379 laris
428 345 558 377 Ordinis
597 345 699 377 nostri
738 351 913 387 patronae,
941 344 1050 387 pacis,

316 408 412 440 qnam
432 397 579 440 cupimus
601 397 757 437 stabilire,
776 397 970 434 firmitatem,
991 400 1052 427 sta-

317 450 437 482 tuimus
454 455 489 481 nt
515 450 649 492 singulis
673 450 799 486 diebus,
821 450 956 481 durante
983 458 1052 479 ora-

317 503 404 536 tione
431 503 575 541 mentali,
601 504 650 535 vel
677 503 760 534 circa
787 502 934 539 l‘rimam,
953 501 1051 532 missa

316 556 355 587 ‹le
382 556 478 588 Beata
502 554 631 597 Virgine
653 554 814 586 snlnnissa
833 564 908 586 voce
928 553 1052 584 dicatur

316 608 349 640 in
374 608 526 640 omnibus
551 607 776 640 conventibus.
797 606 915 637 [liebus
942 610 1050 637 antem

440 240 484 271 fut
518 240 756 282 iinletratnltnn
784 246 891 272 antem
918 252 932 271 a
962 241 1024 271 tm»
1043 266 1049 278 ,

317 660 488 693 dominicis
522 671 557 693 ac
590 660 678 692 t'cstis
712 658 912 691 solemnibus
945 657 1072 700 ‹lnpli-'

316 713 406 745 cibus
433 713 554 756 poterit
586 712 746 744 celebrari
780 712 818 743 de
845 710 952 743 otlicio
986 710 1072 759 diti

317 776 387 797 cnm
414 764 723 797 commemoratione
750 764 866 795 Beatac
893 763 1048 804 Virginis,

316 824 346 850 et
373 817 460 850 istud
485 827 551 849 non
577 816 734 859 impediet.
763 816 933 858 quominus
958 815 1051 848 satis-

315 870 371 903 fiat
395 870 492 903 alicui
517 869 692 902 intentioni
711 868 898 912 particulari
917 879 975 912 pro
996 869 1051 901 de-

315 923 383 956 bito
408 923 586 956 sacristiae.

358 977 436 1009 Cum
457 986 517 1019 pro
537 975 766 1008 terminatione
789 974 1050 1018 congwgationis

314 1029 566 1073 inquisissemus
582 1029 620 1061 ab
635 1029 785 1061 omnibns
799 1028 969 1071 utriusque
984 1038 1051 1070 par-

315 1082 355 1115 tis
386 1082 418 1114 in
451 1092 606 1115 consessu
633 1081 858 1123 congregatis,
884 1091 960 1113 num
987 1081 1052 1113 vel-

315 1136 385 1169 lent
407 1135 600 1168 renunciare
626 1135 776 1167 omnibus
804 1135 973 1167 retroactis
997 1139 1052 1166 aut

315 1188 473 1222 faciendis
498 1188 530 1220 in
556 1193 722 1231 posterum
748 1188 881 1227 litibus,
906 1188 1051 1230 appella-

316 1241 460 1274 tionibus
482 1246 515 1273 et
531 1240 809 1283 oppositionibus,
832 1246 893 1272 tam
920 1240 1051 1281 negotia

314 1293 501 1337 provinciae
528 1304 623 1336 qnam
641 1303 798 1336 personas
815 1293 1048 1336 spectantibus,

314 1357 429 1380 omnes
454 1348 519 1378 una
543 1356 621 1378 voce
648 1351 679 1378 et
716 1347 779 1378 nna
814 1345 1048 1378 acclamatione

313 1399 556 1443 responderunt
567 1410 602 1431 se
616 1399 810 1431 renunciare
823 1410 830 1438 ;
850 1399 947 1431 etiam
965 1409 1051 1431 com-

313 1457 486 1497 precantes
520 1458 555 1485 ut
593 1452 759 1495 publicum
793 1452 1048 1484 instrumentum

315 1506 388 1539 talis
418 1505 674 1538 renunciationis
706 1505 819 1545 fieret,
856 1505 906 1537 cui
935 1514 1048 1537 onmes

314 1557 570 1596 subscriberent,
597 1557 682 1600 qnod
709 1558 795 1590 ultro
822 1556 993 1589 statuimus
1019 1560 1048 1587 ct

314 1611 548 1644 ordinavimus.

357 1663 506 1697 Ceterum
533 1663 627 1706 (cum
653 1664 692 1695 ad
718 1663 889 1695 fovendam
916 1672 1047 1705 pacem,

314 1717 534 1750 neeessariam
571 1716 772 1755 indicemus,
799 1720 931 1759 praeter
966 1716 1049 1748 haec

314 1775 427 1802 nostra
451 1771 594 1809 decreta,
611 1775 754 1802 exactam
776 1769 1048 1801 constitutionum

315 1822 558 1855 reformationis
577 1822 715 1865 praxim)
734 1826 905 1864 praeterea
926 1821 1051 1864 impen—

315 1886 350 1908 se
375 1881 408 1908 et
431 1875 464 1907 in
489 1875 607 1907 Christi
631 1875 810 1907 visceribus
837 1875 1050 1907 exhortamur

315 1927 503 1971 superiores
529 1938 659 1967 omnes,
685 1932 736 1968 ut,
770 1938 854 1970 qnae
879 1928 912 1960 in
942 1928 1049 1960 officio

315 1991 431 2014 eorum
450 1981 729 2024 praescribuntur,
749 1980 885 2013 maxime
904 1980 991 2013 circa
1007 1980 1051 2012 vi-

315 2033 501 2066 sitationem
527 2033 721 2066 inferiorum
739 2033 771 2065 in
792 2033 928 2065 cameris
950 2034 1050 2066 semel

314 2086 347 2119 in
372 2096 487 2119 mense
513 2096 550 2118 ac
575 2086 770 2118 charitatem
790 2096 866 2128 erga
891 2086 1049 2126 infirmos,

315 2139 502 2172 observent.
537 2138 713 2181 Religiosis
751 2144 860 2171 antem
899 2139 1050 2171 omnibus

316 2191 597 2224 commendatum¹
624 2192 784 2230 volumus,
807 2197 851 2231 ut,
878 2202 960 2235 quae
988 2197 1050 2224 tam

314 2249 425 2277 sancte
451 2244 602 2277 ordinata
626 2249 700 2276 sunt
724 2244 808 2277 circa
832 2244 1050 2277 assistentiam

316 2297 421 2337 chori,
448 2297 632 2330 orationem
658 2298 836 2330 mentalem
854 2303 886 2330 et
910 2298 1052 2331 mansio-

316 2360 391 2382 nem
416 2350 448 2382 in
474 2349 621 2389 cellulis,
650 2350 833 2383 executioni
859 2351 1050 2383 demandari

316 2407 441 2443 curent,
466 2402 628 2435 rationem
653 2413 806 2446 supremo
824 2403 922 2436 iudici
949 2406 986 2436 ea
1010 2404 1049 2437 de

316 2465 351 2488 re
377 2455 549 2488 reddituri.
576 2455 610 2488 ln
635 2465 773 2499 quorum
797 2455 905 2496 fidem,
927 2462 989 2490 etc.

353 2528 361 2550 1
387 2525 534 2559 Pet-peram
548 2524 590 2551 ed.
603 2524 680 2551 Main.
696 2525 759 2561 legit
775 2526 987 2554 commodatum
1002 2534 1050 2562 pro

315 2569 549 2595 commendatum
565 2572 600 2598 (R.
617 2569 666 2603 T.).

403 2621 480 2648 fluct.
503 2622 585 2648 Rom.
602 2637 634 2640 —
656 2622 714 2648 Vol.
731 2621 821 2650 XVII.
970 2623 1004 2650 :38

1733 181 1796 213 0217

1139 239 1251 271 Datum
1277 238 1308 270 in
1335 237 1481 270 Carni-*lo
1500 244 1611 270 nostro
1633 238 1829 269 llltedonen-

1094 291 1128 329 si,
1149 291 1199 323 die
1217 301 1286 324 xxix
1307 289 1429 322 mensis
1449 290 1602 329 octobris,
1618 300 1702 322 anno
1724 290 1829 322 Donn-

1094 343 1124 375 ni
1150 353 1293 377 nnetxn.

1137 396 1188 428 Fr.
1217 396 1424 429 thenon-ms
1449 398 1523 435 Ain,
1553 397 1715 438 generalis
1742 407 1828 429 eom-

1093 448 1259 481 ntissarius
1285 454 1316 480 et
1348 449 1494 481 visitator
1523 450 1720 492 apostolia-ns
1754 448 1828 482 Car-

1092 501 1289 533 melitarnm.

1137 553 1186 585 Fr.
1207 554 1376 585 ALnssnrrs
1393 564 1409 585 a
1427 554 1551 587 simo
1572 555 1699 592 lescen,
1722 566 1828 587 secro-

1093 606 1192 638 tarius
1218 606 1482 639 reverendissimi
1509 612 1539 639 et
1560 607 1825 649 congregationis

1091 661 1264 703 generalis.

1134 713 1197 746 Nos
1223 714 1435 757 infrascripti,
1464 715 1627 757 generalis
1647 725 1827 757 congrega-

1070 808 1072 814 .
1091 767 1186 799 tionis
1213 767 1399 809 provinciae
1417 767 1618 799 Turonensis
1640 767 1826 809 gremiales‚

1070 818 1127 852 Tcx
1161 819 1271 851 animo
1296 819 1474 862 recipimus
1500 819 1666 861 praedit-ta
1693 820 1827 852 decreta

1092 871 1351 904 reverendissimi
1379 872 1479 914 patris
1501 872 1679 913 generalis,
1706 872 1826 914 gratias

1091 929 1225 967 agentes
1243 924 1458 967 oi‘nnipotenti
1479 925 1552 963 Deo,
1573 929 1604 956 et
1622 924 1828 957 beatissimae

1091 976 1146 1009 Dei
1173 976 1326 1009 Genitrici
1354 976 1472 1019 Virgini
1492 977 1606 1009 Mariae
1625 977 1752 1010 Ordinis
1770 988 1828 1010 no-

1091 1029 1148 1061 stri
1167 1029 1322 1071 singulari
1337 1035 1505 1073 patronae,
1522 1031 1620 1072 quod,
1635 1031 1738 1062 nostri
1759 1036 1828 1063 tan-

1092 1082 1163 1115 dem
1180 1082 1333 1122 miserati,
1352 1093 1463 1125 pacem
1482 1083 1619 1115 reddere
1639 1083 1826 1125 provinciae

1092 1135 1213 1177 dignati
1232 1136 1305 1173 sint,
1325 1146 1451 1167 necnon
1471 1136 1746 1169 1·‹w«;=1=0n‹tissimo
1772 1148 1827 1179 pa-

1092 1187 1129 1220 tri
1152 1187 1191 1220 de
1213 1187 1373 1230 susceptis
1402 1198 1459 1229 pro
1486 1188 1650 1220 carissima
1669 1191 1726 1221 sua
1751 1199 1827 1232 pro·

1091 1241 1193 1274 vincia
1218 1241 1399 1273 Turonensi
1426 1240 1604 1272 laboribus.

1134 1294 1184 1326 Fr.
1212 1294 1292 1331 Leo,
1318 1293 1472 1325 assistens
1494 1293 1656 1335 generalis
1689 1299 1722 1327 etv
1753 1305 1828 1337 pro-

1091 1346 1235 1379 vincialis
1261 1346 1379 1378 Terrae
1405 1345 1553 1384 Sanctae,
1581 1357 1678 1378 manu
1705 1347 1824 1380 cordis.

1134 1400 1184 1433 Fr.
1220 1400 1391 1444 Philippus
1424 1411 1441 1432 a
1477 1399 1660 1440 Trinitate,
1699 1400 1829 1443 provin-

1091 1454 1190 1486 cialis

1133 1507 1185 1539 Fr.
1212 1506 1418 1539 Sebastianus
1444 1506 1619 1546 Fantonus,
1645 1506 1828 1549 provincia—

1091 1560 1128 1593 lis
1153 1559 1464 1599 Ilibe1¹niae,soeius
1482 1559 1747 1592 reverendissimi
1773 1570 1828 1603 pa-

1092 1613 1148 1645 tris
1173 1612 1336 1656 generalis
1354 1616 1385 1645 et
1403 1613 1597 1644 secretarius
1618 1611 1759 1645 Ordinis.

1134 1666 1184 1698 Fr.
1211 1665 1344 1698 Mathias
1369 1676 1387 1698 a
1406 1664 1437 1698 S.
1457 1665 1589 1705 Ioanne,
1607 1664 1715 1698 socius
1733 1675 1828 1698 reve-

1093 1718 1291 1751 rendissimi.

1133 1772 1185 1804 Fr.
1204 1771 1366 1815 Symphor
1383 1771 1422 1804 ab
1441 1770 1681 1814 Assumptione,
1702 1771 1828 1814 primus

1093 1824 1259 1858 definitor.

1134 1878 1185 1910 Fr.
1212 1877 1348 1910 Basilius
1382 1888 1399 1909 a
1431 1877 1462 1909 S.
1496 1877 1636 1917 Ioanne,
1664 1877 1828 1909 secundus

1091 1929 1245 1963 definitor
1259 1934 1290 1962 et
1307 1929 1399 1972 prior
1413 1929 1551 1962 Carmeli
1572 1929 1825 1972 Andcgavensis.

1135 1982 1185 2014 Fr.
1222 1982 1405 2025 Stephanus
1438 1992 1454 2013 a
1486 1982 1517 2015 S.
1545 1982 1683 2025 loseph,
1710 1983 1828 2016 tertius

1092 2034 1243 2068 definitor
1268 2040 1300 2067 et
1324 2033 1414 2077 prior
1438 2034 1682 2067 Rliedonensis.

1135 2088 1187 2120 Fr.
1222 2087 1366 2120 Renatus
1400 2098 1417 2120 a
1452 2087 1482 2119 S.
1510 2087 1666 2126 Alberto,
1692 2092 1829 2131 quartus

1093 2139 1247 2174 definitor
1271 2144 1303 2172 et
1326 2140 1417 2183 prior
1440 2139 1671 2173 Nannetensis.

1135 2192 1187 2225 Fr.
1214 2191 1444 2225 Constantinus
1469 2203 1485 2224 a
1502 2191 1533 2225 S.
1550 2191 1663 2231 Cruee,
1676 2203 1830 2227 reveren-

1093 2245 1216 2278 dissimi
1242 2245 1341 2288 patris
1365 2245 1573 2288 provincialis
1599 2246 1721 2280 socius.

1136 2298 1188 2332 Fr.
1220 2298 1422 2342 Theophilus
1453 2310 1470 2332 a
1495 2299 1526 2332 S.
1553 2298 1687 2333 Claudio
1704 2327 1711 2340 ,
1739 2300 1829 2343 prior

1094 2351 1316 2395 Rupellensis.

1136 2405 1187 2438 Fr.
1215 2404 1338 2437 Marcus
1353 2415 1371 2437 a
1386 2404 1557 2438 Nativitate
1576 2405 1693 2439 Beatae
1712 2405 1829 2439 Mariae

1078 2458 1242 2501 Virginis,
1267 2458 1358 2501 prior
1382 2458 1593 2491 Turonensis.

1136 2510 1188 2543 Fr.
1215 2510 1373 2543 Melanius
1408 2522 1426 2543 a
1455 2511 1486 2544 S.
1514 2511 1634 2545 Ioanne
1660 2511 1828 2555 Baptista,

1092 2562 1182 2606 prior
1206 2561 1438 2597 Ploe‘rmensis.

1843 190 2022 217 An.C.lCC'1
