2247 3208
137 224 186 250 An.
208 218 236 250 (ί.
262 225 325 251 1067

200 1446 315 1466 Conll'arlis

132 1473 228 1500 derogat.

957 227 1099 251 CLEMENS
1125 228 1153 250 [Χ
1179 228 1227 250 PF.

331 275 379 307 vel
404 274 638 317 impedimento
663 285 721 318 per
752 285 825 308 suas
857 275 1011 308 ecclesias
1037 280 1068 308 et

332 327 510 368 dioeceses,
538 327 727 371 provincias,
754 328 907 368 civitates,
934 328 1065 371 oppida,

331 385 434 412 terras
458 385 490 413 et
514 380 585 413 loca
610 380 776 424 publicent
794 386 825 414 et
847 380 1006 424 publicari
1026 380 1068 412 l'a-

331 433 426 472 ciant,
441 434 676 477 ecclesiamque
697 445 754 467 seu
772 434 926 467 eeclesias
939 434 1067 466 visitan-

331 486 386 519 das
411 487 594 529 designent.
629 487 697 520 Non
730 487 930 520 intendimus
960 491 1066 519 autem

331 549 390 582 per
412 545 603 582 praesentes
629 550 728 582 super
753 538 858 581 aliqua
882 538 1067 580 irregulari-

331 597 394 625 tate
421 593 549 635 publica
572 593 621 625 vel
646 593 791 631 occulta,
814 593 898 630 nota,
924 591 1064 630 defectu,

329 644 541 688 incapacitate
560 655 615 677 seu
641 644 842 677 inhabilitate
870 653 1068 686 quoquomo-

330 698 371 730 do
397 699 559 730 contracta
585 697 786 739 dispensare,
803 697 851 729 vel
869 696 1007 739 aliquam
1025 696 1068 728 fa-

330 751 482 783 cultatem
507 750 650 782 tribuere
676 748 884 791 dispensandi
917 759 973 781 seii
1011 749 1067 794 ha-

329 803 494 843 bilitandi,
522 808 554 836 et
576 803 607 835 in
633 803 804 846 pristinum
830 807 946 835 statum
973 801 1066 835 resti-

330 856 450 895 tuendi,
477 857 573 889 etiam
600 857 631 889 in
658 856 727 889 foro
753 855 985 895 conscientiae,
1013 866 1066 888 ne-

330 920 391 953 que
417 910 512 942 etiam
539 910 667 942 easdem
694 914 885 952 praesentes
911 908 960 949 iis,
977 909 1031 951 qui
1050 918 1066 940 a

329 963 424 996 nobis
449 968 479 996 et
506 963 690 1006 Apostoliea
714 962 794 995 Sede
824 963 875 995 vel
896 962 934 994 ab
956 962 1065 1004 aliquo

329 1017 474 1059 praelato
492 1027 548 1048 seu
569 1015 674 1048 iudice
705 1015 922 1048 ecclesiastico
940 1025 1067 1047 excom-

329 1068 503 1108 municati,
530 1068 694 1111 suspensi,
720 1067 883 1100 interdicti
908 1078 963 1101 seii
989 1067 1066 1100 alias

329 1122 362 1154 in
387 1122 564 1154 sententias
594 1126 626 1154 et
657 1131 811 1154 censuras
838 1119 989 1154 incidisse
1014 1121 1067 1153 de-

330 1174 440 1208 clarati
468 1175 515 1206 vel
542 1173 668 1217 publice
703 1173 890 1206 denunciati
928 1173 1064 1212 suerint,

329 1227 390 1260 nisi
415 1228 498 1259 infra
524 1232 651 1270 tempus
667 1226 824 1258 dictarum
839 1226 972 1258 duarum
988 1226 1067 1258 lieb-

329 1280 538 1312 domadarum
564 1279 777 1311 satisfecerint
807 1284 859 1311 aut
889 1289 959 1311 cum
993 1289 1067 1322 par-

329 1333 413 1365 tibus
437 1332 721 1372 concordaverint,
745 1332 811 1364 ullo
837 1332 933 1364 modo
959 1331 1067 1364 sutfra-

328 1386 396 1428 gari
423 1395 516 1428 posse
542 1391 597 1418 aut
621 1385 753 1417 debere.

372 1439 386 1481 ξ
410 1439 442 1471 li.
468 1438 537 1471 Non
563 1438 764 1471 obstantibus
782 1432 1089 1471 constitutionibusi

328 1498 356 1524 ct
375 1491 636 1524 ordinationibus
654 1491 851 1534 apostolicis,
879 1492 1066 1534 praesertim
1086 1477 1088 1508 i

327 1545 443 1588 quibus
470 1545 602 1577 facultas
621 1545 807 1578 absolvendi
829 1545 860 1577 in
879 1545 974 1577 certis
994 1551 1067 1577 tunc
1086 1560 1088 1585 ς

327 1598 489 1641 expressis
514 1597 642 1630 casibus
667 1598 710 1630 ita
735 1597 881 1631 Romano
918 1597 1064 1630 Pontifici

327 1661 385 1693 pro
412 1656 558 1693 tempore
583 1650 731 1682 existenti
749 1656 932 1683 reservatur
956 1656 990 1682 ut
1008 1661 1065 1683 nee
1086 1646 1089 1698 l

327 1703 422 1735 etiarn
448 1703 570 1736 similes
590 1704 640 1736 vel
662 1703 831 1736 dissimiles
850 1703 1066 1746 indulgentia·
1086 1699 1088 1738 f

326 1766 397 1788 rum
422 1762 453 1789 et
478 1756 663 1789 facultatum
682 1756 867 1789 huiusmodi
888 1756 1065 1789 concessio·
1085 1743 1089 1783 i

327 1820 402 1849 nes,
428 1809 489 1842 nisi
515 1809 553 1842 de
580 1809 643 1842 illis
668 1819 819 1852 expressa
855 1810 975 1842 mentio
1011 1801 1088 1855 ΠυιῨ

327 1861 475 1905 specialis
500 1862 666 1904 derogatio
692 1862 756 1901 fiat,
784 1862 933 1905 cuiquam
953 1861 1064 1895 sutfra-
1085 1874 1087 1909 ζ

326 1915 394 1957 gari
422 1922 559 1958 queant,
587 1925 713 1948 necnon
747 1916 859 1958 regula
884 1918 993 1948 nostra
1025 1913 1087 1951 dci

325 1978 392 2000 non
417 1968 633 2001 concedendis
652 1968 863 2010 indulgentiis
889 1969 928 2001 ad
953 1968 1062 2006 instar,
1085 1980 1087 2023 5

326 2031 362 2052 ac
387 2031 661 2063 quorumcumque
696 2020 851 2053 Ordinuin
875 2027 907 2054 et
931 2031 1064 2064 congre·
1085 2033 1088 2062 2

326 2073 493 2115 gationum
517 2074 582 2106 sive
609 2074 831 2107 institutorum
855 2075 1062 2117 regularium,
1086 2070 1087 2093 ἱ

326 2126 424 2158 etiam
448 2126 647 2165 iuramento,
666 2126 915 2160 confirmatione
934 2133 1064 2170 aposto·
1085 2120 1087 2157 Ῐ

327 2178 400 2218 lica,
419 2179 468 2211 vel
488 2179 600 2221 quavis
619 2178 772 2212 firmitate
799 2180 862 2212 alia
885 2180 1062 2219 roboratis,
1084 2190 1086 2204 ⁴=

326 2232 458 2263 statutis
484 2237 516 2264 et
540 2233 848 2273 consuetudinibus,
882 2233 1063 2276 privilegiis

327 2294 472 2327 quoque,
501 2285 641 2317 indultis·
661 2290 694 2317 et
717 2285 836 2318 litteris
862 2286 1062 2329 apostolicis,

327 2337 450 2370 eisdem
479 2336 661 2377 Ordinibus,
695 2339 1000 2381 congregationibus
1033 2329 1085 2373 eti

326 2390 483 2422 institutis
499 2417 506 2430 ‚
531 2390 726 2434 illorumque
751 2393 901 2434 personis
928 2376 1085 2436 quomo-¹,

327 2443 452 2476 delibet
471 2443 651 2482 concessis,
671 2444 859 2486 approbatis
879 2451 910 2477 et
930 2445 1063 2478 innova·
1084 2449 1086 2488 J,

324 2496 384 2536 tis3
405 2496 524 2538 quibus
543 2497 694 2529 omnibus
714 2503 746 2530 et
763 2497 913 2540 singulis,
934 2499 1061 2531 etiamsi
1082 2489 1085 2529 J

327 2549 366 2581 de
381 2549 446 2581 illis
469 2560 649 2593 eorumque
677 2550 753 2582 totis
771 2551 942 2583 tenoribus
961 2552 1061 2594 speci-

324 2601 396 2642 sica,
420 2612 576 2646 expressa
602 2608 632 2635 et
658 2603 837 2644 individua,
863 2614 929 2637 non
952 2610 1059 2638 autem

1111 286 1170 318 pei·
1188 276 1352 309 clausulas
1370 278 1542 319 generales
1568 278 1655 311 idein
1674 278 1852 322 importan-

1112 333 1173 367 tes,
1202 329 1324 362 mentio
1350 340 1407 362 seu
1434 331 1566 373 quaeris
1592 331 1653 364 alia
1680 332 1850 375 expressio

1112 379 1263 414 habenda
1282 387 1336 414 aut
1353 383 1463 425 aliqua
1481 383 1542 416 alia
1561 385 1723 427 exquisita
1748 385 1851 418 forma

1111 433 1150 466 ad
1176 434 1238 466 hoc
1264 435 1424 467 servanda
1445 436 1540 475 soret,
1568 437 1698 470 illorum
1719 443 1850 471 tenores

1110 487 1341 529 praesentibus
1366 498 1426 530 pro
1456 488 1659 522 sufficienter
1683 491 1851 533 expressis

1110 548 1146 570 ac
1171 538 1304 571 formam
1330 539 1362 571 in
1388 541 1433 572 eis
1460 541 1607 574 traditam
1638 553 1695 585 pro
1727 546 1851 577 servata

1110 590 1285 630 habentes,
1313 592 1373 624 hac
1397 592 1463 625 vice
1498 595 1688 637 specialiter
1705 597 1852 629 nomina-

1110 643 1166 676 tim
1194 649 1226 676 et
1258 654 1414 687 expresse
1448 647 1486 678 ad
1518 645 1664 680 ellectum
1697 649 1851 691 praemis·-

1109 706 1215 729 sorum
1233 696 1443 740 derogamus3
1470 700 1654 743 ceterisque
1676 702 1849 734 contrariis

1110 749 1384 794 quibuscumque.

1152 801 1212 845 §5
1230 802 1269 835 Ut
1282 808 1387 836 autem
1404 811 1591 846 praesentes
1607 783 1749 846 nostraff,
1766 818 1848 850 quae

1109 854 1148 887 ad
1174 854 1300 898 singula
1325 857 1395 889 loca
1420 856 1538 889 deferri
1560 868 1624 891 non
1643 866 1789 902 possunt,
1809 861 1848 893 ad

1109 908 1252 940 omnium
1277 908 1424 941 notitiam
1452 910 1574 943 facilius
1596 912 1778 951 deveniant,
1796 924 1850 946 νῡ·

1109 961 1212 993 lumus
1237 963 1421 996 earumdem
1448 965 1666 1006 praesentium
1691 971 1850 999 transum-

1109 1014 1180 1056 ptis,
1196 1015 1244 1047 vel
1259 1017 1424 1059 exemplis,
1446 1017 1540 1049 etiam
1559 1017 1734 1060 impressis,
1752 1030 1849 1052 manu

1109 1067 1241 1100 alieuius
1259 1069 1374 1101 notarii
1397 1069 1515 1112 publici
1542 1071 1739 1114 subscriptis,
1761 1078 1792 1105 et
1809 1073 1850 1104 si-

1109 1118 1187 1161 gillo
1205 1131 1364 1163 personae
1389 1122 1421 1154 in
1452 1123 1608 1165 dignitate
1634 1125 1850 1158 ecclesiastic-A

1108 1173 1303 1206 constitutae
1332 1176 1482 1217 munitis,
1500 1177 1620 1220 ubique
1647 1179 1793 1211 locorum
1818 1184 1850 1211 et

1108 1227 1252 1268 gentium
1280 1229 1390 1261 eadem
1411 1240 1541 1272 prorsus
1564 1230 1643 1263 fides
1669 1231 1847 1271 habeatur,

1109 1291 1190 1323 quae
1213 1281 1386 1314 haberetur
1404 1282 1483 1326 ipsis
1509 1284 1742 1326 praesentibus,
1762 1284 1786 1317 si
1803 1285 1849 1318 fo-

1107 1339 1179 1365 rent
1190 1334 1352 1367 exhibitae
1364 1335 1412 1367 vel
1428 1340 1587 1368 ostensae.

1151 1386 1263 1419 Datuiii
1288 1388 1415 1427 Romae,
1434 1390 1516 1431 apud
1543 1390 1574 1422 S.
1595 1389 1723 1422 Mai-iam
1749 1390 1844 1423 Maio-

1107 1449 1183 1478 rem,
1200 1441 1257 1472 siib
1282 1442 1399 1474 annulo
1420 1441 1598 1481 piscatoris,
1614 1442 1664 1475 die
1683 1453 1761 1476 xviu
1778 1442 1846 1476 iulii

1107 1502 1267 1532 uncrxvu,
1285 1493 1487 1536 pontificatus
1510 1495 1609 1527 nostri
1628 1505 1711 1528 anno
1732 1505 1753 1528 1.

1145 1555 1200 1580 liat.
1221 1555 1262 1581 ilie
1282 1557 1311 1582 18
1327 1555 1384 1582 iulii
1403 1556 1481 1590 1667,
1498 1557 1593 1591 pontif.
1610 1564 1679 1583 auno
1695 1563 1713 1584 ι,

1461 1698 1496 1731 ll.

1108 1777 1319 1818 Confirmatio
1337 1782 1365 1810 et
1381 1778 1556 1820 ampliatio
1574 1777 1701 1810 indulti
1717 1778 1804 1811 Si'oeii
1826 1778 1850 1810 V

1150 1837 1177 1862 e!
1205 1831 1355 1873 Greqori'i‘
1391 1831 1453 1864 XV
1475 1831 1513 1863 de
1547 1831 1647 1873 officio
1678 1831 1709 1864 S.
1739 1831 1847 1864 Iacohi

1150 1884 1299 1925 Apostoli
1323 1888 1351 1916 et
1375 1884 1509 1926 palroni
1524 1883 1762 1926 Hispaniarum
1788 1884 1846 1915 sub

1148 1936 1217 1967 ritu
1242 1935 1449 1978 semiduplici
1474 1935 1649 1968 recitando.

1324 2015 1457 2042 Clemens
1478 2016 1555 2048 Papa
1576 2015 1629 2047 tx,

1228 2060 1263 2086 ad
1284 2062 1460 2093 perpetuam
1481 2061 1525 2087 rei
1547 2059 1725 2086 memoriam.

1149 2130 1182 2162 In
1208 2132 1358 2173 suprema
1394 2131 1562 2163 militantis
1586 2130 1748 2164 Ecclesiae
1774 2142 1846 2174 spe-

1105 2184 1188 2222 cula,
1213 2183 1335 2216 meritis
1353 2184 1428 2216 licet
1446 2183 1632 2226 imparibus,
1652 2183 1690 2216 ab
1711 2189 1844 2217 aeterno

1105 2240 1232 2278 pastore
1259 2235 1429 2274 collocati,
1455 2236 1492 2267 ad
1520 2246 1558 2268 ea
1582 2236 1754 2278 propensis
1780 2242 1846 2268 stu-

1106 2287 1166 2320 diis
1192 2288 1398 2328 intendimus,
1424 2298 1482 2331 per
1499 2298 1580 2330 quae
1599 2287 1789 2321 Sanctorum
1812 2289 1845 2321 in

1105 2340 1202 2372 caelis
1228 2340 1443 2383 regnantium,
1469 2341 1660 2383 praesertim
1686 2341 1846 2383 gloriosis·

1105 2393 1258 2426 simorum
1276 2393 1402 2425 Domini
1419 2393 1520 2426 nostri
1542 2393 1611 2426 Iesu
1629 2393 1746 2426 Christi
1764 2395 1846 2437 Apo-

1105 2447 1284 2484 stolorum,
1311 2456 1446 2488 quorum
1483 2446 1722 2489 praedieatione
1759 2446 1845 2479 chri-

1105 2499 1207 2531 stiana
1231 2499 1344 2541 religio
1377 2498 1519 2530 fimbrias
1553 2509 1627 2531 suas
1653 2510 1669 2531 a
1700 2499 1778 2531 inari
1805 2499 1845 2532 ad

1104 2563 1193 2585 mare
1221 2552 1375 2591 dilatavit,
1400 2557 1563 2585 veneratio
1591 2553 1621 2583 iii
1648 2552 1741 2584 terris
1767 2562 1846 2585 con-

1104 2615 1185 2648 grua
1210 2605 1367 2648 suscipiat
1393 2604 1605 2638 incrementa.

1745 221 1809 254 515
1857 232 1904 257 iin.
1926 230 1955 257 c.
1978 231 2044 258 ΜΠ

1893 819 2042 845 'transumpto-

1859 850 1903 865 runi
1920 845 1979 866 fidus,

1883 2137 2005 2159 Exordium.
