2247 3208
209 236 259 261 An.
280 233 309 260 C.
330 231 399 259 1666
445 220 508 254 460

979 216 1162 248 'BULLARIUM
1186 222 1337 248 nommant

400 290 489 318 nem,
515 287 574 320 per
603 286 701 308 unam
727 274 842 306 horam
877 276 950 304 ante
976 281 1136 312 auroram,
1181 280 1311 303 crorum
1335 271 1484 303 oleorum
1498 262 1564 305 *usu
1585 273 1787 316 exercentur)
1809 283 1914 306 sacer-

399 338 431 366 et
455 331 547 364 aliam
572 333 645 372 post
669 327 854 366 meridiem,
878 325 946 358 sine
972 324 1136 364 ministro,
1182 323 1311 355 dotibus
1337 323 1478 363 idoneis,
1507 324 1561 366 qui
1586 324 1617 356 in
1643 325 1756 362 insulis
1781 330 1813 357 et
1837 326 1915 358 locis

398 384 455 417 sub
482 381 549 415 die¹
568 386 599 413 et
616 380 673 412 sub
696 381 791 419 terra,
808 378 841 410 in
859 378 931 410 loco
957 382 1067 409 tamen
1086 377 1139 409 de·
1181 375 1333 418 praefatis
1362 386 1397 407 ac
1422 376 1454 407 in
1479 376 1644 419 praedicta
1668 377 1850 410 visitatione
1875 379 1916 410 la<

398 435 491 475 centi,
511 433 635 467 etiamsi
652 433 751 465 altare
776 430 817 463 sit
841 431 982 471 fractum,
1000 430 1051 463 vel
1069 429 1137 461 sine

398 488 546 531 reliquiis
565 490 760 525 sanctorum,
778 489 809 517 et
824 483 1047 527 praesentibus
1066 482 1138 514 hae-

398 540 518 580 reticis,
535 536 954 577 schismaticis,infidelibus
969 540 1135 568 0101100111-

398 592 580 632 municatis,
603 591 627 624 si
653 591 746 623 aliter
764 589 919 623 celebrari
944 599 1010 621 non
1035 587 1138 632 possit

398 648 524 690 (caveas
550 640 623 678 vero
648 655 686 677 ne
712 643 879 687 praediCta
904 644 1054 676 facultate
1080 653 1136 674 seu

398 694 639 742 dispensatione
667 696 853 729 celebrandi
876 696 926 728 bis
950 695 983 727 in
1008 695 1059 728 die
1084 694 1136 727 ali-

397 758 446 785 ter
472 762 567 794 quam
581 762 617 783 ex
633 749 829 793 gravissimis
855 748 961 781 causis
987 752 1018 780 et
1042 747 1137 779 raris-

397 805 478 837 sime
504 804 613 843 utaris,
640 803 672 835 in
699 807 772 846 quo·
790 801 932 844 graviter
956 805 1043 832 tuam
1064 810 1139 832 con-

398 858 567 891 scientiam
583 867 771 897 oneramus,
787 856 875 898 quod
901 855 925 887 si
951 855 1035 886 hanc
1051 863 1138 886 eam-

399 912 473 945 dem
508 911 693 943 facultatem
729 909 822 941 alteri
859 907 1018 940 sacerdoti
1053 906 1139 937 iuxta

399 970 592 1007 potestatem
629 963 765 994 inferius
798 960 1025 1004 apponendam
1056 969 1139 991 com-

399 1017 581 1056 municare,
608 1020 662 1047 aut
693 1008 805 1046 causas
832 1015 869 1045 ea
894 1011 1004 1045 utendi
1029 1010 1136 1049 alicui,

401 1070 453 1113 qui
479 1069 517 1101 ab
543 1069 606 1101 hac
623 1069 730 1100 sancta
751 1066 832 1099 Sede
851 1066 935 1097 hanc
957 1065 1139 1097 facultatem

400 1121 585 1161 obtinuerit,
606 1120 783 1163 approbare
804 1119 906 1151 visum
927 1117 1034 1157 fuerit,
1054 1116 1138 1149 serio

403 1181 474 1208 tuae
500 1174 715 1208 conscientiae
740 1172 949 1214 iniungimus,
971 1175 1006 1202 ut
1030 1169 1139 1213 paucis

402 1229 575 1267 dumtaxat,
603 1226 705 1268 iisque
737 1224 921 1257 maturioris
948 1222 1138 1266 prudentiae

403 1292 438 1314 ac
463 1281 531 1320 zeli,
552 1285 582 1312 et
607 1279 660 1322 qui
687 1279 834 1311 absolute
853 1276 1028 1310 necessarii
1052 1281 1136 1315 sunt,

402 1344 462 1367 nec
491 1344 549 1376 pro
576 1333 722 1376 quolibet
752 1333 844 1371 loco,
870 1331 925 1363 sed
958 1330 1012 1362 ubi
1037 1329 1143 1371 gravis

403 1387 579 1420 necessitas
614 1385 740 1424 tulerit,
768 1390 798 1416 et
827 1384 866 1416 ad
891 1383 987 1415 breve
1012 1387 1139 1424 tempus

404 1441 552 1473 eamdem
595 1437 837 1476 communices,
872 1442 924 1468 aut
962 1434 1139 1477 respective

404 1504 517 1526 causas
543 1492 734 1535 approbes),
762 1489 927 1523 deferendi
953 1488 1005 1521 SS.
1033 1488 1141 1521 Sacra-

404 1552 547 1579 mentum
565 1546 689 1579 occulte
704 1545 742 1577 ad
758 1544 901 1576 infirmos
920 1543 990 1575 sine
1008 1541 1138 1579 lumine,

404 1598 547 1641 illudque
574 1599 641 1630 sine
669 1598 783 1630 eodem
809 1595 970 1628 retinendi
996 1604 1055 1637 pro
1081 1594 1142 1626 eis-

406 1652 480 1684 dem
506 1651 639 1683 infirmis
666 1650 697 1682 in
723 1651 796 1682 1000
823 1654 928 1680 tamen
953 1647 1090 1687 decenti,
1116 1646 1141 1679 si

406 1704 445 1738 ab
471 1704 642 1737 haereticis
668 1708 722 1735 ant
746 1701 932 1734 infidelibus
957 1701 997 1733 sit
1020 1700 1142 1743 pericu-

406 1757 472 1789 lum
498 1756 681 1798 sacrilegii,
709 1754 863 1788 induendi
889 1754 1028 1786 vestibus
1053 1763 1143 1785 secu-

406 1810 536 1849 laribus,
557 1810 581 1841 si
599 1810 691 1841 aliter
708 1810 754 1841 vcl
773 1808 908 1840 transire
926 1808 965 1840 ad
982 1808 1052 1839 loca
1070 1812 1141 1838 tuae

408 1872 505 1895 curae
530 1862 715 1901 commissa,
743 1863 790 1893 vel
823 1861 855 1892 in
881 1860 926 1892 eis
951 1870 1142 1902 permanere

408 1925 473 1947 non
510 1914 652 1958 poteris,
688 1914 844 1946 recitandi
883 1913 1061 1951 rosarium,
1094 1913 1143 1944 vel

408 1968 486 2000 alias
511 1978 662 2010 praeces,
690 1968 714 1999 si
740 1966 931 1999 breviarium
962 1970 1064 1998 tecum
1091 1965 1145 1997 de-

409 2020 491 2053 ferre
516 2031 580 2052 non
605 2020 736 2062 poteris,
762 2021 812 2052 vel
838 2019 979 2051 divinum
1003 2018 1144 2051 officium

409 2074 449 2106 ob
467 2074 599 2117 aliquod
614 2074 794 2116 legitimum
816 2072 1080 2115 impedimentum
1099 2082 1144 2103 re·

411 2127 508 2159 citare
534 2137 598 2158 non
624 2128 746 2165 valeas;
774 2125 994 2168 dispensandi,
1017 2124 1144 2167 quando

411 2179 560 2221 expedire
585 2179 755 2217 videbitur,
782 2188 880 2220 super
905 2188 963 2209 usu
987 2175 1142 2215 carnium,

412 2241 542 2263 ovorum
573 2236 603 2263 et
634 2230 870 2264 lacticiniorum
897 2235 1040 2272 tempore
1065 2228 1145 2260 ieiu-

411 2284 536 2316 niorum
554 2289 585 2317 et
602 2284 789 2327 praesertim
809 2283 1092 2326 quadragesimae3
1110 2291 1146 2313 ac

411 2337 591 2380 praedictas
609 2338 773 2369 facultates
789 2334 1046 2369 communicandi
1066 2335 1146 2377 (non

412 2395 517 2422 tamen
542 2390 627 2429 itt-as,
654 2401 734 2432 quae
768 2394 870 2422 actum
902 2389 1063 2420 iniunctae
1089 2387 1145 2419 tibi

412 2443 600 2476 visitationis
618 2448 828 2483 concernunt,
843 2453 963 2486 quaeve
978 2441 1147 2484 requirunt

414 2497 561 2530 ordinem
587 2497 817 2539 episcopalem,
845 2497 894 2528 vel
920 2505 984 2528 non
1010 2494 1078 2527 sine
1099 2504 1147 2526 sa-

449 2613 460 2638 1
484 2610 574 2637 Potius
594 2611 652 2644 iege
673 2611 719 2637 [1ιό
741 2611 780 2644 (n.
798 2610 845 2644 Τ.)ξ

1180 428 1352 466 borabunt,
1371 433 1403 460 ct
1419 429 1609 471 praesertim
1628 435 1771 472 tempore
1786 431 1829 462 tui
1850 430 1917 463 obi-

1181 486 1240 521 tus,
1256 486 1291 512 ut
1307 486 1381 513 tune
1394 481 1434 512 sit
1451 481 1502 523 qui
1519 481 1619 523 possit
1632 482 1795 524 supplere,
1814 483 1916 515 donec

1181 533 1280 567 Sedes
1316 534 1502 576 Apostolica
1538 534 1660 567 certior
1696 534 1775 566 facta
1808 535 1916 578 (quod

1181 586 1420 630 quamprimum
1437 587 1506 619 fieri
1529 587 1662 619 debebit
1676 597 1733 630 per
1750 587 1915 630 delegatos

1180 641 1228 672 vel
1252 650 1352 672 unum
1375 651 1411 673 ex
1437 639 1498 683 eis)
1524 640 1586 673 alio
1614 641 1710 673 modo
1735 640 1914 683 provideat,

1181 692 1297 735 quibus
1330 692 1486 734 delegatis
1518 692 1709 725 auctoritate
1742 692 1918 735 apostolica

1181 745 1362 778 facultatem
1382 745 1589 777 concedimus
1606 750 1680 787 post
1693 744 1815 777 obitum
1831 749 1917 777 tuum

1180 797 1212 830 in
1230 808 1303 830 casu
1330 797 1532 830 necessitatis
1550 797 1765 830 consecrandi
1786 796 1915 832 calices,

1180 855 1312 892 patenas
1338 854 1368 882 et
1393 850 1507 882 altaria
1531 849 1692 892 portatilia
1716 849 1813 882 sacris
1835 850 1914 882 oleis

1181 902 1220 934 ab
1245 902 1397 945 episcopo
1415 908 1522 935 tamen
1546 902 1737 936 benedictis.

1224 955 1238 998 g
1262 954 1293 987 9.
1321 955 1468 988 Ceterum
1493 956 1641 988 volumus
1666 960 1700 987 ut
1731 954 1916 998 praedictae

1182 1008 1350 1040 facultates
1376 1008 1473 1050 gratis
1491 1013 1522 1040 01
1541 1008 1659 1051 absque
1677 1009 1742 1040 ulla
1767 1008 1915 1040 mercede

1182 1066 1403 1100 exerceantur,
1420 1066 1451 1092 et
1476 1060 1612 1093 durante
1638 1066 1782 1103 tempore
1807 1060 1911 1092 visita-

1182 1114 1278 1147 tionis
1304 1124 1474 1146 concessae
1500 1113 1743 1155 intelligantur,
1770 1123 1829 1145 nec
1854 1112 1917 1145 illis

1182 1168 1248 1199 ullo
1265 1166 1360 1199 modo
1379 1166 1422 1199 uti
1442 1166 1545 1208 possis
1567 1171 1655 1198 extra
1676 1165 1755 1198 fines
1782 1171 1853 1197 tuae
1872 1165 1918 1197 vi-

1183 1219 1354 1259 sitationis;
1383 1219 1469 1251 salva
1492 1224 1599 1250 tamen
1617 1228 1747 1260 semper
1771 1218 1803 1250 in
1830 1227 1918 1260 prae-

1182 1272 1288 1305 missis
1313 1272 1501 1304 auctoritate
1520 1271 1782 1314 congregationis
1800 1263 1918 1303 meino-

1184 1330 1325 1358 ratorum
1351 1324 1574 1357 cardinalium.

1226 1379 1240 1421 ἓ
1265 1378 1295 1411 3.
1319 1378 1505 1410 Mandantes
1526 1383 1701 1421 propterea
1719 1377 1868 1409 omnibus
1886 1382 1918 1408 et

1184 1431 1319 1474 singulis
1345 1430 1608 1473 archiepiscopis,
1628 1430 1800 1473 episcopis,
1827 1440 1918 1472 prae-

1184 1485 1268 1525 latis,
1290 1484 1451 1527 .capitulis,
1478 1483 1613 1526 aliisque
1646 1483 1793 1526 personis
1818 1483 1920 1514 eccle-

1184 1538 1320 1571 siasticis
1346 1543 1408 1570 tam
1434 1537 1631 1569 secularibus
1661 1547 1755 1578 quam
1782 1535 1919 1567 cuiusvis

1183 1591 1321 1631 Ordinis,
1335 1590 1595 1632 congregationis
1612 1595 1643 1621 et
1659 1589 1807 1628 instituti,
1826 1589 1920 1620 etiam

1184 1644 1344 1688 praefatae
1362 1643 1527 1676 Societatis
1545 1642 1626 1683 Iesu,
1648 1641 1857 1684 regularibus,
1872 1651 1920 1673 ce-

1184 1698 1338 1741 terisque,
1365 1697 1403 1729 ad
1429 1706 1509 1739 quos
1529 1689 1663 1739 spectat,
1684 1700 1715 1727 et
1740 1695 1794 1737 qui
1813 1694 1845 1726 in
1867 1704 1920 1726 su-

1184 1751 1337 1795 pradictis
1362 1749 1473 1782 insulis
1498 1754 1529 1781 et
1552 1748 1632 1781 locis
1654 1747 1811 1786 resident,
1836 1752 1870 1778 nt
1889 1751 1919 1778 te

1183 1804 1229 1835 uti
1253 1803 1451 1835 visitatorem
1476 1801 1691 1844 apostolicum
1718 1811 1734 1832 a
1758 1798 1861 1838 nobis,
1888 1802 1922 1829 111

1185 1856 1384 1900 praefertur,
1412 1855 1601 1898 deputatum
1632 1852 1791 1896 recipiant
1819 1856 1851 1884 ct
1874 1860 1922 1882 re-

1186 1913 1392 1951 cognoscant,
1419 1918 1454 1940 ae
1480 1907 1536 1939 tibi
1562 1907 1595 1938 in
1620 1906 1768 1939 omnibus
1789 1904 1827 1936 ad
1852 1903 1921 1936 visi-

1187 1963 1340 1995 tationem
1357 1962 1533 2004 praefatam
1550 1959 1766 2003 spectantibus
1787 1957 1919 1990 omnino

1186 2021 1320 2059 pareant
1337 2020 1369 2047 et
1385 2015 1616 2056 obsequantur,
1636 2018 1753 2054 tuaque
1778 2010 1919 2043 salubria

1186 2069 1309 2101 monita
1326 2073 1356 2100 et
1376 2068 1525 2100 mandata
1545 2065 1714 2098 humiliter
1731 2063 1918 2106 suscipiant,

1187 2127 1218 2154 et
1242 2121 1414 2154 efficaciter
1439 2120 1614 2161 adimplere
1640 2120 1824 2160 procurent,
1844 2115 1921 2148 alio-

1188 2174 1263 2217 quin
1289 2172 1481 2205 sententiam
1496 2171 1559 2203 sive
1577 2180 1724 2214 poenam,
1747 2179 1841 2211 quam
1860 2167 1920 2199 rite

1188 2227 1300 2259 tuleris
1325 2236 1381 2258 seu
1406 2223 1554 2257 statueris
1580 2223 1613 2255 in
1645 2222 1794 2260 rebelles,
1821 2225 1922 2253 ratam

1188 2279 1387 2318 habebimus,
1407 2283 1438 2309 et
1458 2277 1611 2309 faciemus
1631 2279 1760 2307 auctore
1785 2272 1920 2305 Domino

1187 2342 1288 2374 usque
1321 2331 1359 2363 ad
1390 2329 1636 2362 satisfactionem
1661 2326 1851 2368 condignam
1876 2324 1922 2355 in-

1188 2384 1383 2417 violabiliter
1407 2381 1586 2415 observari.

1210 2478 1215 2482 .
1232 2439 1246 2481 ἓ
1270 2437 1301 2469 4.
1328 2437 1480 2469 Volumus
1505 2439 1610 2467 autem
1627 2437 1671 2472 ut,
1689 2432 1714 2464 si
1733 2428 1831 2473 quae¹
1850 2440 1921 2472 gra-

1188 2490 1278 2523 viora
1297 2490 1329 2522 in
1347 2487 1532 2521 huiusmodi
1550 2485 1730 2519 visitatione
1751 2481 1919 2526 repereris,

1227 2606 1235 2630 t
1260 2603 1352 2630 Potius
1369 2601 1425 2637 lege
1443 2610 1497 2637 (jun
1514 2603 1552 2635 (n.
1569 2600 1616 2634 Τ).

1925 226 1970 251 Anv
1995 225 2023 252 C.
2043 225 2110 253 1601·

1935 964 2054 985 Facultates
2064 971 2110 988 nra-

1927 992 1953 1013 tis
1963 991 2099 1012 adhibendae

1963 1385 1992 1404 Ab
2015 1385 2111 1405 omnious

1929 1414 1957 1431 ult
1983 1411 2111 1433 visitatorem

1928 1437 2067 1462 apostolicum
2079 1443 2110 1457 ro-

1929 1464 2026 1488 cngriosci
2051 1469 2109 1483 mau-

1929 1491 1972 1510 «tat.

1957 2446 2029 2473 quue
2040 2447 2066 2467 de
2077 2452 2114 2467 oc-

1931 2474 2063 2495 currentibus
2078 2474 2114 2494 dat
