2247 3208
165 205 214 233 An.
233 204 263 233 G.
281 203 348 233 1663
394 194 459 228 170

360 251 438 286 cisci
476 249 737 283 Recollectorum
772 245 1036 283 nuncupatorum
1061 236 1094 269 in

366 314 468 347 regno
494 300 613 334 Galliae
639 295 842 339 degentium,
868 292 964 324 nobis
988 299 1095 332 nuper

362 355 480 399 exponi
516 352 605 393 fecit)
639 347 740 382 felicis
773 342 1012 379 recordationis
1037 341 1096 374 Ur-

361 409 464 442 banus
490 406 575 448 Papa
599 402 674 442 VIII,
702 399 940 444 praedecessor
966 399 1092 435 noster,

360 470 421 504 per
446 457 602 501 quasdam
627 464 702 486 suas
725 453 757 485 in
782 450 879 484 simili
897 449 1002 482 forma
1018 447 1096 480 Bre-

361 511 408 545 vis
422 511 548 543 litteras
563 508 615 540 die
630 516 706 540 xx111
720 502 907 538 novembris
925 510 1095 535 Mncxxxvn

362 562 539 606 expeditas,
558 561 619 593 sub
637 557 784 591 censuris
799 552 1040 592 ecclesiasticis,
1060 562 1096 584 ac

361 613 594 657 indignationis
629 621 723 650 suae,
749 618 878 642 necnon
903 604 1095 650 privationis

363 668 452 701 vocis
484 665 604 699 activae
637 667 669 696 et
699 661 847 706 passivae
872 658 987 703 poenis
1023 658 1096 700 ipso

363 722 447 753 sacto
481 729 541 762 per
565 715 834 750 contrafacientes
866 711 1094 749 incurrendis,

362 771 571 817 prohibuerit
603 779 643 801 ne
679 768 712 800 in
738 765 931 799 delinitoriis
966 763 1098 807 provin-

364 826 487 859 ciarum
505 823 614 856 ltaliae
630 826 662 854 et
675 830 852 862 regnorum
867 817 1097 861 Hispaniarum

364 877 440 911 dicti
465 875 591 909 Ordinis
610 875 674 907 duo
698 874 860 905 interesse
886 875 1023 914 possent
1044 868 1097 911 qui

365 931 482 963 fratres
508 927 654 971 germani
680 930 802 965 essent,
828 924 924 965 idque
940 927 974 954 ut
991 922 1098 953 factio-

364 983 460 1015 nibus
495 981 699 1018 obviarctur3
727 983 758 1010 et
789 976 928 1009 subinde
960 974 1097 1006 dilectus

364 1034 449 1068 filius
470 1034 583 1066 Petrus
610 1031 761 1070 Roccius,
784 1026 1029 1061 commissarius
1049 1036 1099 1067 ge-

364 1087 485 1121 neralis
511 1085 619 1118 curiae
638 1094 698 1126 pro
718 1081 839 1115 familia
859 1081 1099 1112 ultramontana

364 1140 493 1174 Ordinis
508 1137 656 1182 praefati,
670 1134 801 1179 petierit
814 1144 831 1166 a
844 1132 1099 1175 congregatione

365 1191 601 1226 venerabilium
616 1191 752 1222 fratrum
767 1192 956 1220 nostrorum
969 1185 1000 1217 S.
1013 1185 1049 1217 R.
1062 1184 1096 1216 E.

365 1245 579 1279 cardinalium
594 1242 733 1286 negotiis
751 1245 783 1274 et
803 1238 1098 1273 consultationibus

367 1299 599 1343 episcoporum
625 1301 657 1329 et
680 1294 882 1337 regularium
911 1291 1099 1335 praeposita

367 1351 539 1395 quamdam
565 1349 789 1382 difficultatem
814 1346 985 1379 occasione
1004 1345 1100 1377 dicta-

367 1415 437 1437 rum
455 1404 639 1436 litterarum
654 1402 821 1433 subortam
840 1397 1012 1441 explicari3
1029 1408 1099 1430 con-

368 1457 514 1501 gregatio
532 1466 609 1488 vero
627 1454 784 1498 praefata,
800 1451 931 1485 attentis
950 1451 1098 1489 narratis,

368 1521 482 1554 reque,
507 1508 624 1541 auditis
650 1507 816 1550 partibus,
843 1509 968 1536 mature
994 1504 1100 1536 consi-

369 1564 490 1602 derata,
518 1560 685 1593 censuerit
709 1563 742 1591 et
766 1557 950 1591 decreverit
973 1566 1038 1588 non
1063 1556 1101 1588 li-

369 1616 474 1649 cuisse
489 1625 549 1646 nec
567 1613 675 1652 licere,
695 1612 754 1644 sub
773 1619 976 1654 quocumque
995 1609 1098 1647 titum,

369 1672 548 1713 praetextu,
564 1677 622 1698 seu
648 1665 772 1704 colore,
789 1664 870 1696 duos
888 1664 1006 1695 fratres
1028 1672 1101 1705 ger-

371 1731 483 1754 manos
501 1720 533 1752 in
555 1717 776 1752 definitorium
793 1716 930 1758 ingredi,
949 1720 989 1756 et,
1005 1715 1031 1747 si
1047 1715 1101 1759 qui

371 1779 447 1806 tunc
460 1773 491 1805 in
505 1771 667 1815 aliquibus
688 1769 864 1814 provinciis
890 1769 1103 1811 ingrederen-

371 1831 433 1865 tur,
455 1836 555 1858 unum
580 1824 712 1857 omnino
731 1823 858 1856 excludi
886 1822 1100 1862 mandaverit⁷

372 1884 469 1923 prout
492 1879 524 1911 in
549 1878 651 1921 ipsius
682 1875 945 1919 congregationis
971 1876 1103 1909 decreto

373 1933 424 1966 die
444 1942 481 1965 xx
494 1930 631 1963 ianuarii
648 1939 777 1963 MDCLXII
795 1930 938 1972 desuper
954 1933 1104 1961 emanato

373 1985 507 2017 uberius
533 1984 651 2016 (licitur
676 1982 855 2022 cont,ineri;
883 1982 958 2025 quia
978 1992 1054 2014 vero
1072 1981 1105 2013 in

374 2038 527 2081 praefatis
553 2037 673 2069 Urbani
694 2035 960 2079 praedecessoris
986 2034 1104 2068 litteris

376 2096 408 2123 et
448 2091 581 2123 decreto
617 2088 878 2131 congregationis
918 2087 1104 2120 huiusmodi

376 2145 465 2176 nulla
482 2144 520 2175 de
538 2141 712 2185 provinciis
730 2141 850 2173 Galliae
876 2141 952 2173 dicti
977 2140 1105 2173 Ordinis

376 2195 498 2229 mentio
525 2196 607 2227 sacta
632 2194 806 2237 reperitur,
834 2199 865 2226 et
890 2194 971 2226 ratio
1001 2195 1108 2226 exclu-

378 2249 557 2282 dendarum
583 2247 768 2286 factionum,
788 2256 869 2289 quae
891 2252 1106 2279 memoratum

376 2301 542 2335 Urbanum
563 2300 854 2343 praedecessorem
871 2300 910 2332 ad
928 2300 1107 2332 faciendam

377 2353 635 2397 prohibitionem
660 2352 880 2395 supradictam
906 2353 1048 2392 adduxit,
1068 2351 1109 2384 si-

378 2407 488 2440 milem
513 2405 770 2450 prohibitionem
788 2405 819 2437 in
837 2405 958 2438 eisdem
983 2405 1109 2448 provin-

378 2460 435 2493 ciis
472 2457 667 2502 praesertim
704 2458 953 2490 recollectorum
988 2457 1108 2490 Galliae

378 2511 448 2544 lieri
470 2522 533 2543 non
554 2510 660 2542 minus
685 2510 836 2552 postulat,
855 2510 1032 2552 plurimum
1057 2521 1111 2542 cu-

377 2565 445 2610 piat
469 2564 573 2597 dictus
598 2563 741 2606 Ephrem
766 2567 949 2605 opportune
967 2563 1000 2595 in
1017 2573 1111 2606 prae-

930 189 1109 216 BULLARIUM
1132 187 1283 212 ROMANUM

1127 235 1237 267 missis
1255 245 1272 266 a
1290 234 1385 267 nobis
1410 234 1593 277 provideri:
1612 244 1682 274 nos,
1701 232 1861 266 dictarum

1127 287 1371 331 provinciarum
1396 286 1496 329 quieti
1522 291 1553 320 et
1577 287 1663 320 felici
1689 287 1862 319 directioni

1128 340 1306 373 salubriter
1331 340 1526 380 consulere,
1554 339 1695 382 dictique
1720 339 1863 383 Ephrem

1129 392 1294 426 desiderio
1327 391 1548 425 favorabiliter
1576 402 1720 425 annuere
1752 392 1864 424 volen-

1131 451 1189 485 tes,
1215 456 1252 478 ac
1272 445 1363 477 illum
1388 455 1405 477 a
1434 445 1603 487 quibusvis
1641 444 1865 478 excommuni-

1129 498 1280 538 cationis,
1306 497 1534 540 suspensionis
1566 501 1598 529 et
1627 496 1805 537 interdicti,
1831 507 1865 529 a-

1128 552 1247 594 liisque
1271 550 1502 583 ecclesiasticis
1532 550 1714 589 sententiis,
1747 560 1864 582 censu-

1130 604 1173 636 ris
1200 608 1232 635 et
1255 603 1372 646 poenis
1388 629 1395 643 ‚
1423 613 1439 635 a
1464 603 1536 635 iure
1560 603 1612 635 vel
1642 603 1682 635 ab
1707 602 1862 642 homine,

1130 655 1242 699 quavis
1260 655 1433 687 occasione
1458 655 1509 687 vel
1527 655 1625 687 causa
1642 653 1730 694 latis,
1749 654 1775 687 si
1793 653 1865 697 qui-

1130 710 1188 744 bus
1214 707 1463 751 quomodolibet
1488 707 1662 739 innodatus
1688 707 1805 746 existit,
1825 706 1865 739 ad

1130 759 1283 793 effectum
1308 760 1532 803 praesentium
1558 760 1726 792 dumtaxat
1749 768 1866 791 conse-

1131 813 1306 856 quendum,
1333 813 1450 845 harum
1481 812 1565 845 serie
1597 812 1805 844 absolventes
1833 815 1866 844 et

1131 867 1314 899 absolutum
1338 865 1407 898 sore
1436 870 1626 904 censente5‚
1653 864 1865 908 supplicatio-

1132 919 1225 951 nibus
1251 918 1352 961 ipsius
1370 918 1511 961 Ephrem
1536 917 1666 950 nomine
1692 917 1787 950 nobis
1813 928 1865 949 su-

1131 982 1192 1014 per
1223 971 1285 1003 hoc
1317 971 1483 1003 humiliter
1513 970 1675 1013 porrectis
1707 969 1863 1010 inclinati,

1133 1025 1171 1057 de
1207 1024 1430 1067 praefatorum
1466 1023 1682 1055 cardinalium
1716 1022 1864 1062 consilio,

1133 1076 1264 1109 attentis
1289 1076 1439 1115 narratis,
1464 1086 1505 1108 ne
1531 1075 1688 1118 deinceps
1705 1074 1738 1107 in
1756 1074 1866 1107 desini-

1133 1129 1224 1162 toriis
1250 1129 1493 1172 provinciarum
1518 1127 1645 1160 Ordinis
1673 1128 1867 1160 recollecto-

1133 1193 1204 1215 rum
1230 1182 1333 1214 sancti
1358 1181 1520 1214 Francisci
1546 1180 1639 1223 regni
1658 1179 1779 1214 Galliae
1801 1180 1864 1212 duo

1134 1236 1248 1268 fratres
1275 1234 1420 1277 germani
1446 1235 1553 1267 locum
1578 1244 1638 1266 nec
1661 1244 1774 1266 vocem
1809 1233 1866 1266 ha-

1133 1289 1211 1321 bere
1236 1288 1375 1331 possint,
1393 1292 1432 1327 et,
1455 1287 1480 1319 si
1507 1286 1561 1330 qui
1587 1292 1661 1319 ante
1679 1287 1865 1327 habuerint,

1134 1342 1293 1374 alteruter
1309 1340 1441 1373 omnino
1455 1340 1657 1379 excludatur,
1675 1338 1866 1372 auctoritate

1134 1394 1325 1438 apostolica,
1355 1400 1470 1427 tenore
1491 1393 1727 1437 praesentium,
1754 1393 1867 1425 decer-

1133 1449 1250 1488 nimus,
1277 1448 1480 1487 mandamus,
1505 1457 1541 1479 ac
1565 1446 1799 1490 praecipimus.

1177 1501 1235 1543 §⁶2-
1251 1501 1472 1533 Decernentes
1489 1499 1613 1543 pariter
1627 1499 1759 1532 easdem
1772 1508 1868 1542 prae-

1134 1560 1244 1587 sentes
1258 1554 1384 1587 litteras
1405 1563 1536 1596 semper
1553 1552 1675 1592 firmas,
1695 1551 1817 1584 validas
1836 1555 1868 1584 et

1135 1608 1281 1640 efficaces
1297 1606 1437 1639 existere
1451 1611 1483 1639 et
1500 1606 1582 1646 fore,
1602 1615 1746 1648 suosque
1759 1605 1868 1648 plena-

1135 1661 1200 1693 rios
1215 1665 1247 1693 et
1263 1660 1409 1702 integros
1424 1657 1557 1691 effectus
1573 1657 1684 1691 sortiri
1700 1662 1732 1690 et
1745 1656 1867 1689 obtine-

1135 1724 1227 1754 re,ac
1241 1714 1280 1746 ab
1291 1713 1364 1752 illis,
1382 1713 1421 1745 ad
1436 1722 1518 1756 quos
1533 1715 1659 1755 spectat
1671 1714 1703 1743 et
1718 1720 1778 1754 pro
1792 1714 1869 1741 tem-

1136 1778 1215 1811 pore
1241 1766 1417 1811 spectabit,
1435 1764 1669 1798 inviolabiliter
1686 1762 1868 1803 observari,

1136 1820 1248 1863 sicque
1280 1819 1313 1851 in
1342 1817 1533 1862 praemissis
1557 1828 1618 1861 per
1643 1825 1869 1860 quoscumque

1137 1872 1262 1905 iudices
1296 1871 1480 1905 ordinarios
1514 1875 1546 1903 et
1571 1871 1752 1912 delegatos,
1772 1868 1870 1901 etiam

1138 1936 1311 1960 causarum
1342 1925 1454 1969 palatii
1484 1923 1656 1968 apostolici
1680 1922 1868 1962 auditores,

1139 1979 1276 2013 iudicari
1304 1983 1335 2011 et
1360 1977 1488 2011 definiri
1514 1978 1655 2018 debere,
1682 1987 1718 2009 ac
1742 1975 1871 2007 irritum

1140 2038 1172 2066 et
1196 2033 1293 2065 inane
1310 2032 1336 2064 si
1354 2041 1449 2063 secus
1464 2041 1565 2074 super
1582 2030 1632 2062 his
1654 2040 1671 2061 a
1695 2037 1871 2072 quoquam,

1141 2086 1252 2129 quavis
1265 2085 1473 2124 auctoritate,
1490 2083 1634 2116 scienter
1650 2082 1700 2114 vel
1718 2081 1871 2124 ignoran-

1140 2144 1203 2179 ter,
1222 2136 1398 2179 contigerit
1415 2135 1580 2169 attentari.

1184 2191 1198 2233 ἓ
1231 2190 1262 2223 3.
1299 2189 1369 2222 Non
1405 2188 1607 2221 obstantibus
1634 2185 1872 2220 constitutioni-

1140 2245 1199 2276 bus
1225 2248 1257 2275 et
1281 2241 1538 2275 ordinationibus
1572 2240 1774 2284 apostolicis,
1797 2250 1873 2272 nec-

1142 2307 1216 2335 non,
1233 2300 1393 2339 quatenus
1408 2305 1490 2338 opus
1506 2294 1556 2334 sit,
1574 2294 1796 2338 praefatorum
1816 2292 1874 2326 Or-

1143 2350 1227 2383 dinis
1268 2354 1299 2382 et
1334 2348 1567 2392 provinciarum
1593 2348 1735 2388 Galliae,
1776 2346 1872 2379 etiam

1142 2404 1350 2443 iuramento,
1384 2402 1632 2436 confirmatione
1673 2400 1871 2444 apostolica,

1142 2458 1192 2489 vel
1219 2456 1331 2500 quavis
1356 2455 1510 2489 firmitate
1529 2455 1592 2488 alia
1622 2453 1797 2493 roboratis,
1815 2458 1875 2485 sta-

1144 2509 1221 2541 tutis
1258 2513 1290 2541 et
1331 2507 1625 2544 consuetudinibus
1644 2533 1651 2547 ,
1692 2504 1872 2549 privilegiis

1145 2572 1290 2606 quoquc,
1319 2561 1454 2595 indultis
1481 2566 1512 2594 et
1538 2560 1655 2593 litteris
1682 2557 1872 2602 apostolicis

1873 183 1924 210 An.
1943 183 1974 210 C.
1995 182 2063 210 {G63

1903 243 2016 264 Confirmat
2040 244 2063 264 ut

1853 286 1859 292 .
1877 270 1898 291 iu
1912 269 2005 291 rubrica.

1908 1507 2019 1537 Clausulas
2028 1512 2064 1534 ap·

1881 1537 1949 1561 pouit.

1887 2193 1997 2216 Contraria
2007 2193 2070 2215 tollit.
