2247 3208
239 234 279 262 Αη
311 234 426 263 (216oe

265 1871 411 1897 Transummn-

223 1899 233 1915 t
245 1904 273 1918 uu
289 1898 347 1918 fides.

471 224 534 259 786

431 283 541 327 quavis
566 281 713 314 firmitate
737 280 798 314 alia
821 280 995 319 roboratis,
1021 279 1162 317 statutis,

429 335 554 373 usibus,
579 333 668 376 stylis
693 338 723 365 et
748 332 1047 370 consuetudinibus,
1069 330 1164 374 priri-

428 387 521 429 legiis
546 395 680 428 quoque,
699 384 830 417 indultis
848 389 879 416 et
902 383 1017 417 litteris
1038 389 1164 425 aposto-

428 439 509 476 licis,
528 438 622 470 etiam
647 437 731 469 dicto
756 436 864 469 loanni
892 436 999 475 Paulo,
1023 445 1078 468 seu
1103 446 1162 479 pro

428 497 576 535 tempore
602 490 751 523 existenti
786 499 964 523 oeconomo
998 489 1161 532 generali,

427 546 564 587 aliisque
596 544 742 587 personis
768 542 981 586 quibuslibet,
1007 542 1066 574 sub
1092 542 1162 585 qui-

426 597 626 640 buscumque
653 597 825 629 verborum
850 596 1014 629 tenoribus
1041 601 1073 628 et
1098 595 1161 628 sor-

426 650 497 690 mis‚
525 661 562 682 ac
586 660 656 682 cum
683 649 848 692 quibusvis
873 650 967 682 etiam
993 649 1162 691 derogato-

427 703 549 736 riarum
576 703 797 745 derogatoriis,
816 702 953 745 aliisque
980 701 1161 735 efficaciori-

425 755 486 788 bus
512 761 542 788 et
566 755 703 792 insolitis
721 754 881 793 clausulis,
900 765 935 787 ac
961 754 1159 786 irritantibus

426 814 458 841 et
476 807 547 841 aliis
569 808 720 847 decretis,
740 808 771 840 in
790 817 907 850 genere
925 808 973 840 vel
992 807 1024 839 in
1041 806 1158 850 specie,

426 867 479 894 aut
503 861 580 894 alias
614 860 646 893 in
679 860 872 893 contrarium
912 860 1159 903 praemissorum

426 913 667 957 quomodolibet
700 912 878 952 concessis,
911 912 1104 944 confirmatis
1130 917 1161 944 et

424 965 601 1005 innovatis3
630 966 744 1009 quibus
777 965 924 998 omnibus
948 970 978 997 et
1003 965 1158 1007 singulis,

413 1019 550 1052 etiamsi
581 1029 639 1062 pro
672 1018 799 1051 illorum
829 1017 997 1050 sufficienti
1024 1018 1160 1060 deroga-

425 1071 513 1104 tione
538 1072 577 1104 de
603 1071 665 1105 illis
696 1081 871 1113 eorumque
897 1070 970 1103 totis
995 1071 1159 1103 tenoribus

425 1124 584 1167 specialis,
600 1123 757 1167 specifica,
776 1134 927 1166 expressa
942 1129 973 1156 et
987 1123 1157 1160 individua,

425 1186 460 1208 ac
485 1176 523 1209 de
549 1177 646 1209 verbo
673 1176 710 1208 ad
729 1177 871 1215 verbum,
893 1187 957 1209 non
978 1181 1082 1208 autem
1103 1187 1160 1219 per

425 1230 583 1262 clausulas
619 1229 786 1271 generales
818 1229 903 1262 idem
935 1229 1157 1272 importantcs,

423 1282 544 1315 mentio
580 1292 634 1314 seu
659 1281 787 1324 quaevis
821 1282 882 1314 alia
913 1282 1077 1325 expressio
1103 1282 1159 1314 ha-

423 1335 529 1368 benda
555 1341 608 1367 aut
632 1335 740 1378 aliqua
773 1335 835 1368 alia
866 1335 1024 1378 exquisita
1058 1335 1158 1368 forma

424 1387 463 1419 ad
490 1387 550 1419 hoc
574 1388 729 1421 servanda
764 1388 866 1428 soret,
893 1394 1022 1421 tenores
1047 1389 1158 1422 huius—

423 1440 527 1479 modi,
554 1451 591 1473 ac
617 1441 642 1473 si
669 1441 706 1474 de
733 1442 830 1474 verbo
856 1441 895 1474 ad
920 1442 1052 1475 verbum
1076 1443 1158 1475 inse-

422 1499 573 1526 rerentur
588 1498 618 1525 et
645 1494 913 1536 exprimerentur,
936 1496 1157 1537 praesentibus

423 1556 482 1590 pro
506 1547 600 1589 plene
634 1552 665 1579 et
700 1547 896 1580 sufficienter
926 1548 1086 1591 expressis
1122 1560 1158 1582 ac

423 1599 462 1631 ad
483 1600 613 1632 verbum
639 1599 767 1632 insertis
792 1600 964 1638 habentes,
990 1601 1053 1634 illis
1078 1603 1156 1635 alias

422 1651 456 1684 in
477 1662 533 1685 suo
558 1652 675 1685 robore
694 1653 920 1695 permansuris,
939 1653 977 1685 ad
1003 1655 1157 1696 praemis-

423 1715 529 1738 sorum
555 1705 709 1744 effectum,
724 1706 784 1738 hac
804 1706 871 1738 vice
901 1706 1073 1746 dumtaxat,
1090 1718 1157 1750 spe-

424 1758 546 1791 cialiter
574 1764 605 1791 et
626 1769 774 1802 expresse
796 1759 1001 1801 derogamus,
1027 1761 1157 1793 ceteris-

423 1822 485 1854 que
510 1812 681 1844 contrariis
713 1812 980 1855 quibuscumque.

468 1864 482 1906 ἓ
511 1864 541 1896 5.
572 1865 725 1897 Volumus
758 1870 865 1897 autem
895 1870 931 1897 ut
967 1867 1155 1899 earumdem

423 1917 646 1960 praesentium
692 1917 873 1950 litterarum
917 1919 1129 1961 transumptis
1147 1945 1154 1959 ,

422 1980 478 2003 seu
515 1970 691 2013 exemplis,
720 1970 815 2003 etiam
849 1971 1032 2014 impressiS,
1061 1983 1156 2004 manu

422 2023 557 2056 alicuius
582 2023 696 2056 notarii
722 2024 843 2066 publici
883 2024 1091 2068 subscriptis,
1127 2031 1158 2057 et

421 2077 528 2119 sigillo
548 2087 704 2120 personae
720 2077 752 2109 in
771 2077 985 2109 ecclesiastica
1001 2078 1156 2120 dignitate

422 2130 612 2163 constitutae
630 2130 769 2169 munitis,
792 2130 903 2162 eadem
921 2141 1053 2173 prorsus
1078 2130 1157 2164 sides

422 2182 454 2214 in
476 2182 593 2215 iudicio
611 2188 641 2214 et
655 2188 742 2214 extra
756 2182 960 2221 adhibeatur,
976 2193 1057 2225 quae
1070 2194 1158 2226 prae-

424 2234 566 2267 sentibus
584 2234 661 2277 ipsis
679 2234 898 2273 adhiberetur,
913 2235 938 2266 si
953 2235 1055 2268 forent
1072 2236 1157 2268 exhi-

423 2286 508 2319 bitae
522 2288 570 2319 vel
589 2293 746 2320 ostensae.

466 2339 576 2371 Datum
593 2339 722 2378 Romae,
738 2339 821 2382 apud
836 2339 866 2371 S.
880 2339 1021 2379 Petrum,
1035 2340 1093 2372 sub
1107 2351 1157 2373 an-

423 2392 499 2425 nulo
518 2392 697 2429 piscatoris,
714 2392 763 2424 die
777 2403 861 2425 xxvu
880 2392 990 2435 aprilis
1007 2402 1154 2434 iuncxmx,

423 2444 627 2489 pontificatus
654 2444 753 2477 nostri
779 2455 864 2477 anno
889 2456 923 2479 11.

458 2505 515 2533 Dat.
533 2506 576 2532 die
593 2506 624 2532 27
640 2506 732 2541 aprilis
750 2506 826 2540 1509,
843 2507 941 2541 pontif.
959 2515 1029 2534 anno
1044 2514 1072 2535 11.

1015 231 1194 255 BULLARIUM
1219 229 1370 256 ROMANUM

1533 279 1618 313 CVII.

1208 347 1390 380 Iubr'lamtm
1415 359 1474 391 pro
1498 348 1641 393 dominio
1660 336 1863 394 Reipublicae
1884 352 1944 384 Ra-

1249 402 1386 443 misniae
1421 401 1463 433 ud
1497 402 1766 448 supplicationem
1802 404 1944 437 eiusdem

1249 454 1456 497 Reipublicae
1472 453 1491 487 ¹.

1425 534 1557 562 Clemens
1578 535 1655 568 Papa
1675 534 1721 567 IX,

1350 578 1387 605 ad
1406 578 1539 605 futuram
1554 579 1597 606 rei
1613 580 1789 606 memoriam.

1247 648 1261 691 ἓ
1287 648 1317 681 1.
1344 648 1385 681 Ex
1402 649 1536 682 iniuncti
1558 649 1649 682 nobis
1667 650 1817 683 divinitus
1832 657 1940 693 pasto·
1978 662 2119 683 prooemium.

1203 701 1278 733 ralis
1304 701 1400 734 officii
1427 701 1535 734 debito
1560 702 1780 744 spiritualibus
1798 704 1939 736 omnium

1203 754 1474 791 christifidelium,
1501 765 1638 798 quorum
1663 755 1757 788 nobis
1783 755 1940 789 incumbit.

1203 806 1400 847 sollicitudo,
1423 807 1667 840 necessitatibus
1693 810 1861 841 consulere
1886 820 1941 852 pa-

1204 865 1296 892 terno
1313 859 1428 892 affectu
1450 860 1569 902 iugiter
1590 866 1784 903 satagentes
1803 872 1839 894 ac
1856 862 1941 894 chri-

1203 913 1395 946 stifidetibus
1422 913 1452 945 in
1479 913 1623 946 dominio
1643 914 1853 957 Reipublicae
1879 914 1940 948 Ra-

1203 965 1336 1007 gusinae
1363 965 1567 1007 degentibus,
1585 966 1639 1009 qui
1665 972 1880 1000 terraemotus
1906 972 1939 1000 et

1202 1018 1343 1050 incendii
1368 1018 1502 1060 flagellis
1523 1019 1664 1060 graviter
1688 1019 1806 1057 afflicti,
1824 1029 1859 1052 ac
1880 1019 1937 1052 sub

1203 1071 1326 1114 potenti
1351 1071 1476 1104 Domini
1506 1082 1603 1104 manu
1629 1072 1791 1104 humiliati
1802 1071 1821 1111 ⁹,
1840 1073 1939 1106 corde

1203 1124 1351 1164 contrito,
1370 1124 1408 1156 ad
1423 1134 1546 1157 sacram
1563 1124 1858 1158 misericordiarum
1879 1125 1940 1159 Do·

1198 1177 1279 1209 -mini
1298 1188 1384 1210 aram
1411 1177 1606 1210 unanimiter
1634 1178 1798 1217 accedere,
1821 1189 1940 1222 oppor-

1202 1236 1341 1273 tunaque
1367 1230 1515 1263 caelestis
1542 1230 1611 1273 opis
1629 1230 1744 1263 auxilia
1760 1230 1937 1274 implorare

1202 1283 1391 1326 cupiunt,ut
1415 1283 1447 1315 id
1473 1283 1647 1316 ferventius
1676 1289 1772 1326 atque
1799 1284 1939 1317 fructuo-

1202 1335 1267 1367 sius
1295 1335 1421 1374 saciant,
1447 1335 1663 1378 spiritualium
1684 1336 1858 1378 gratiarum
1878 1336 1938 1369 dis-

1202 1387 1385 1431 pensationi
1425 1394 1553 1420 nostrae
1591 1398 1608 1420 a
1642 1388 1706 1421 Deo
1740 1389 1936 1422 creditarum

1201 1451 1334 1473 munera
1359 1441 1538 1483 largissima
1558 1451 1654 1473 manu
1672 1451 1805 1483 erogare
1830 1443 1937 1474 volen-

1203 1499 1261 1532 tes,
1279 1493 1566 1537 supplicationibus
1580 1494 1770 1526 dilectorum
1795 1493 1937 1528 filiorum

1200 1546 1444 1589 magistratuum
1462 1547 1564 1579 dictae
1579 1546 1786 1589 Reipublicae
1805 1547 1936 1580 nominc

1200 1599 1292 1631 nobis
1317 1599 1484 1632 humiliter
1501 1600 1660 1642 porrectis
1681 1600 1821 1642 benigne
1846 1600 1936 1633 incli-

1200 1652 1276 1691 nati,
1290 1662 1325 1684 ac
1342 1652 1380 1684 de
1397 1652 1628 1694 omnipotentis
1641 1652 1695 1684 Dei
1714 1652 1934 1686 misericordia

1200 1716 1236 1737 ac
1252 1705 1421 1737 beatorum
1440 1705 1526 1737 Petri
1552 1711 1580 1737 et
1607 1705 1695 1738 Pauli
1716 1707 1935 1749 apostolorum

1201 1758 1266 1790 eius
1292 1757 1480 1789 auctoritate
1506 1756 1637 1797 contisi,
1663 1768 1698 1790 ex
1732 1758 1787 1791 illa
1815 1759 1935 1801 ligandi

1201 1816 1296 1853 atque
1330 1810 1477 1843 solvendi
1514 1815 1696 1853 potestate,
1722 1821 1817 1854 quam
1842 1812 1936 1845 nobis

1200 1863 1352 1896 Dominus
1379 1863 1452 1895 licet
1469 1862 1610 1905 indignis
1637 1863 1781 1903 contulit,
1806 1864 1936 1897 univer-

1200 1916 1242 1948 sis
1267 1922 1299 1948 et
1323 1915 1460 1957 singulis
1490 1916 1659 1959 utriusque
1690 1926 1784 1948 sexus
1809 1916 1936 1949 christi-

1200 1969 1349 2002 fidelibus
1377 1969 1410 2001 in
1443 1969 1585 2002 dominio
1609 1969 1792 2012 praedictae
1817 1969 1936 2013 Reipu-

1198 2020 1301 2055 blicae
1330 2021 1511 2064 Ragusinae
1537 2022 1739 2065 degentibus,
1758 2022 1810 2066 qui
1836 2024 1937 2056 eccle-

1201 2076 1262 2108 sias
1294 2075 1333 2107 ab
1364 2075 1541 2108 Ordinariis
1567 2076 1711 2108 locorum
1748 2077 1797 2108 vel
1823 2086 1935 2109 eorum

1200 2128 1325 2161 vicariis
1352 2139 1407 2161 seu
1434 2127 1647 2168 officialibus,
1672 2134 1726 2161 aut
1758 2129 1797 2161 de
1821 2139 1933 2161 eorum

1200 2181 1359 2220 mandato,
1379 2186 1418 2220 et,
1446 2180 1524 2224 ipsis
1550 2180 1786 2219 deficientibus,
1803 2191 1862 2223 per
1879 2192 1934 2214 eos

1201 2234 1253 2277 qui
1281 2233 1324 2266 ibi
1351 2244 1459 2265 curam
1475 2233 1652 2264 animarum
1670 2239 1830 2273 exercent,
1848 2238 1936 2276 post-

1201 2296 1295 2329 quam
1329 2286 1366 2318 ad
1400 2295 1511 2319 eorum
1535 2285 1679 2318 notitiam
1712 2286 1773 2318 hae
1805 2291 1935 2319 nostrae

1200 2337 1416 2382 pervenerint,
1442 2337 1657 2379 designandas
1673 2364 1680 2377 ,
1705 2339 1755 2370 vel
1785 2338 1935 2371 ecclesia-

1200 2401 1268 2423 rum
1295 2390 1479 2423 huiusmodi
1504 2390 1656 2433 aliquam,
1675 2390 1778 2433 spatio
1801 2391 1934 2423 duarum

1201 2443 1478 2476 hebdomadarum
1503 2453 1521 2475 a
1545 2443 1762 2486 publicatione
1788 2444 1935 2485 designa-

1236 2526 1245 2549 ¹
1267 2522 1301 2549 Ex
1319 2523 1425 2557 aegest.
1444 2522 1470 2548 in
1486 2523 1587 2549 Secret.
1604 2522 1738 2548 Brevium.

1234 2567 1249 2593 i!
1270 2567 1335 2593 Male
1351 2567 1393 2594 ed.
1411 2566 1488 2594 Mam.
1508 2567 1572 2603 legit
1590 2566 1752 2594 humilitati
1767 2574 1814 2602 pro
1833 2567 1932 2596 humi-

1199 2613 1265 2640 liati
1279 2618 1316 2649 (a.
1333 2612 1381 2647 τ.).

1944 231 1995 259 An.
2016 232 2138 260 &1669
