2247 3208
135 203 186 232 An.
208 204 236 230 C.
257 204 324 232 tcoa

151 740 292 767 Suppuratio.

929 205 1119 230 thlxime-ZR
1143 207 1186 230 x'tl
1213 207 1260 230 ΙΨ.

332 257 430 291 stare,
456 263 492 285 ac
516 252 548 284 in
575 251 657 285 riam
685 253 809 293 salutis,
831 253 997 297 aspirante
1019 265 1071 285 su-

331 305 425 348 perni
445 297 563 338 favoris
579 305 707 345 auxilio,
725 306 878 349 dirigere,
897 312 928 339 et
946 307 1068 339 abusus

330 369 570 402 quoscumque,
589 359 784 402 praesertim
804 360 887 399 illos,
902 370 983 402 quos
997 369 1069 392 cae-

329 422 365 444 ca
390 412 606 444 cumulandae
639 423 699 455 per
725 412 769 445 sas
796 418 827 445 et
851 412 942 444 nefas
968 422 1068 455 pecu-

327 463 401 497 niae
427 464 611 508 cupiditas,
642 465 786 498 omnium
825 465 985 498 malorum
1018 474 1067 497 se-

327 517 470 550 eundum
496 518 688 561 Apostolum
714 517 814 557 radix,
840 517 871 549 in
897 517 975 550 boni
1007 528 1067 561 pu-

325 570 402 603 blici
428 571 608 614 perniciem
626 571 756 609 invexit,
775 570 970 613 opportunis
992 581 1065 603 san-

325 624 499 666 ctionibus,
524 630 680 668 quantum
698 623 730 656 in
755 623 850 656 nobis
869 629 928 663 est,
947 625 1062 657 tollere

324 677 525 710 studeamus.
618 712 624 716 ,

367 730 381 773 ξ
399 729 430 762 i.
453 729 588 763 Nomine
611 729 774 772 siquidem
795 729 1059 762 christianissimi

323 782 354 814 in
369 782 498 815 Christo
516 781 573 815 filii
594 781 697 814 nostri
716 781 870 826 Philippi,
887 781 985 814 huius
1003 792 1061 815 no-

321 835 418 868 minis
444 835 503 875 IV,
527 835 758 882 Hispaniarum
796 835 881 878 regis
908 835 1057 868 catholici

319 887 414 922 nobis
438 899 547 932 nuper
571 887 722 931 exposuit
742 888 880 921 dilectus
898 887 984 922 filius
1002 899 1058 922 no-

319 947 387 974 ster
410 942 575 975 Paschalis
600 942 631 975 S.
655 941 692 975 R.
711 942 746 975 Ε.
774 942 929 976 diaconus
955 942 1057 975 cardi-

318 995 401 1028 nalis
435 995 474 1028 de
511 995 674 1038 Aragonia
705 1001 934 1040 nuncupatus,
967 996 1055 1039 quod

317 1048 396 1082 alias
419 1049 507 1091 (cum
532 1048 563 1081 in
589 1049 717 1082 civitate
743 1049 1002 1082 Barchinonensi
1024 1055 1056 1082 et

317 1101 503 1145 principatu
527 1101 710 1135 Cataloniae
726 1129 733 1143 ,
763 1101 817 1134 ubi
849 1107 942 1134 vetus
967 1101 1055 1144 viget

316 1155 521 1188 consuetudo
547 1155 705 1198 quosdam
734 1154 890 1187 officiales
916 1153 1052 1187 civitatis

315 1212 345 1239 et
370 1206 572 1250 principatus
599 1207 786 1240 huiusmodi
805 1206 897 1239 aunis
916 1207 1052 1249 singulis

312 1270 373 1302 per
396 1265 520 1293 sortem
541 1260 682 1302 eligendi
701 1271 758 1293 seu
776 1260 965 1303 deputandi,
979 1270 1052 1302 per-

311 1311 456 1346 niciosus
483 1313 615 1357 quidam
648 1314 771 1346 abusus
805 1313 837 1346 in
869 1323 964 1355 grave
991 1324 1050 1356 pu-

310 1365 415 1399 blicae
447 1366 595 1400 utilitatis
630 1367 863 1400 detrimentum
889 1378 906 1400 a
938 1366 1047 1399 multis

310 1419 402 1452 annis
420 1419 625 1453 introductus
643 1420 860 1463 reperiretur,
875 1425 910 1452 ut
926 1420 1045 1452 multae

308 1482 471 1514 personae
496 1474 662 1515 catalogos
688 1483 744 1506 seu
767 1472 856 1505 listas
875 1472 1045 1505 nominum

308 1525 488 1558 sortitionis
514 1526 700 1559 officialium
734 1526 921 1559 huiusmodi
947 1528 1045 1558 causa

307 1577 339 1610 in
364 1580 446 1611 urna
467 1579 694 1622 ponendorum
713 1590 770 1612 seu
789 1579 971 1623 positorum
990 1579 1046 1612 ha-

306 1630 433 1672 berent,
459 1643 494 1665 ac
519 1643 620 1676 super
644 1633 753 1665 futuro
779 1637 897 1665 eventu
919 1632 1044 1675 aliquo-

307 1694 378 1716 rum
404 1685 612 1718 extractionis
639 1692 671 1719 et.
696 1686 868 1719 electionis
898 1696 956 1718 seu
988 1686 1043 1718 dc-

305 1737 482 1780 putationis
500 1739 539 1771 ad
556 1738 660 1771 officia
680 1739 725 1771 sic
742 1739 858 1771 sortito
873 1739 1039 1771 faciendae

304 1790 498 1832 sponsiones
520 1801 576 1824 seu
601 1792 857 1835 promissiones,
883 1803 962 1835 quas
989 1803 1040 1824 ex-

304 1842 494 1876 rommissas
517 1850 643 1884 vocant,
661 1845 747 1877 inter
770 1855 802 1877 se
829 1845 889 1877 sub
915 1845 1039 1887 magnis

304 1895 517 1937 pecuniarum
551 1896 685 1929 summis
723 1897 896 1942 facerent,⁴
914 1902 945 1930 et
978 1898 1037 1930 hac

302 1951 473 1984 occasione
499 1952 798 1995 superstitionibus,
818 1952 956 1996 aliisque
973 1963 1037 1985 mo-

302 2004 349 2037 dis
366 2004 498 2045 illicitis,
514 2005 730 2039 conscientias
748 2005 888 2049 graviter
906 2006 1036 2039 laeden-

301 2057 394 2099 tibus,
420 2069 455 2092 ac
479 2058 535 2091 Dei
561 2058 693 2091 servitio
721 2059 875 2102 bonoque
901 2058 1034 2103 publico

298 2111 557 2152 adversantibus,
579 2112 764 2155 uterentur)
782 2113 888 2144 clarae
912 2122 1035 2144 memo-

299 2165 364 2198 riae
381 2165 552 2209 Philippus
570 2165 626 2206 III,
645 2166 719 2198 dum
737 2165 824 2206 vixit,
843 2166 1032 2198 earumdem

299 2218 526 2262 Hispaniarum
550 2229 605 2251 rex
631 2218 821 2259 catholicus,
839 2223 875 2251 ut
900 2218 949 2251 his
968 2229 1033 2250 ma-

298 2271 335 2305 lis
357 2270 538 2304 remedium
555 2271 736 2311 adhiberet,
755 2271 954 2314 peculiarem
970 2282 1030 2314 pro

297 2324 450 2367 praefatis
469 2323 594 2356 civitate
612 2324 874 2357 Barchinonensi
893 2330 925 2357 ct
943 2324 1031 2367 prin-

295 2377 402 2420 cipatu
423 2376 607 2410 Cataloniae
629 2377 895 2410 constitutionem
918 2377 1030 2417 edidit,

295 2441 359 2474 qua
382 2441 522 2474 poenam
555 2430 738 2463 triremium
762 2430 826 2463 illis
850 2430 1028 2474 imposuit,

295 2483 350 2527 qui
374 2483 526 2526 catalogis
546 2494 604 2516 seu
621 2482 703 2516 listis
729 2482 898 2515 nominum
916 2482 1030 2515 huius-

294 2536 380 2569 modi
405 2537 445 2570 ad
470 2536 620 2569 effectum
637 2535 795 2569 dictarum
813 2536 1027 2579 sponsionum

293 2599 354 2622 seu
377 2589 666 2623 exeommissarum
683 2593 867 2629 uterentur,
884 2588 1026 2632 illosque

375 2651 454 2679 Buta.
475 2652 557 2679 Rom.
600 2652 658 2680 Vol.
679 2651 769 2679 XVII.
933 2650 966 2677 15

1756 198 1816 231 113

1107 254 1300 293 retinerent,
1326 264 1361 286 ac
1387 253 1550 287 eiusmodi
1569 254 1766 298 sponsiones
1785 266 1844 288 seu

1104 305 1333 338 excommissas
1361 306 1528 347 facerent,
1555 308 1659 351 eaque
1685 310 1792 352 poena
1809 308 1842 341 in

1103 368 1178 391 reos
1204 369 1264 401 pro
1297 364 1445 402 tempore
1481 369 1594 393 severe
1631 360 1841 394 animadverti

1101 409 1208 443 iussit.
1236 410 1395 449 Quoniam
1421 422 1510 453 vcro,
1537 412 1623 445 sicut
1646 414 1761 446 eadem
1787 425 1841 447 ex-

1100 463 1221 505 positio
1257 463 1495 506 subiungebat,
1521 464 1683 499 eiusmodi
1717 467 1838 500 abusus

1098 516 1231 558 penitus
1258 517 1353 549 evelli
1379 518 1494 561 nequit
1524 518 1586 551 nisi
1615 520 1837 562 praefatorum

1098 570 1319 612 catalogorum
1344 581 1403 603 seu
1423 571 1573 604 listarum
1589 583 1668 605 usus
1687 584 1722 605 ae
1739 585 1837 617 spon-

1097 622 1204 655 siones
1230 623 1419 657 huiusmodi
1454 624 1551 657 etiam
1583 626 1842 671 ecclesiasticis„

1097 679 1160 706 tam
1187 675 1391 709 secularibus
1409 686 1505 720 quam
1532 677 1749 719 regularibus,
1771 678 1835 710 dis-

1096 727 1188 761 tricta
1205 728 1371 761 sanctione
1387 728 1638 771 interdicantur,
1651 741 1723 763 cum
1737 731 1834 764 etiam

1094 779 1179 812 inter
1203 791 1260 813 eos
1287 781 1389 824 (quod
1414 782 1551 815 maxime
1573 783 1750 816 dolendum
1769 785 1832 827 est)

1092 832 1179 867 idem
1205 835 1327 867 abusus
1354 835 1529 878 irreperit,
1556 841 1588 868 et
1612 837 1672 868 sub
1697 837 1831 870 illorum

1092 887 1206 930 clypeo
1231 887 1314 928 laici,
1332 887 1386 931 qui
1406 898 1533 930 poenae
1558 890 1721 932 praefatae
1740 897 1830 924 metu

1089 939 1188 973 vetita
1204 951 1266 984 per
1282 941 1400 974 dictam
1429 941 1697 975 constitutionem
1722 945 1828 987 palam

1090 998 1123 1025 et
1146 1004 1207 1037 per
1231 1005 1266 1027 se
1291 994 1380 1038 ipsos
1413 1000 1607 1038 perpetrare
1637 1006 1704 1028 non
1729 998 1829 1030 aude-

1090 1052 1183 1087 rent,
1220 1048 1353 1081 secretis
1389 1048 1686 1081 machinationibus
1721 1049 1825 1093 ipsius

1089 1101 1331 1134 constitutionis
1357 1101 1419 1134 rim
1442 1102 1588 1142 eludere,
1607 1102 1721 1146 illique
1740 1103 1826 1135 frau-

1088 1153 1160 1185 dem
1187 1154 1293 1186 facere
1318 1154 1506 1187 moliantur:
1534 1154 1627 1187 nobis
1645 1161 1825 1198 propterea

1086 1206 1251 1249 praefatus
1267 1206 1431 1239 paschalis
1446 1206 1631 1247 cardinalis,
1650 1208 1823 1240 memorati

1085 1258 1226 1302 Philippi
1244 1259 1281 1290 lv
1295 1259 1380 1302 regis
1399 1259 1542 1299 nomine,
1561 1259 1730 1293 humiliter
1747 1270 1823 1303 sup-

1083 1310 1214 1353 plicarit
1232 1316 1267 1343 ut
1287 1311 1318 1343 in
1336 1311 1526 1355 praemissis
1544 1317 1730 1355 opportune
1746 1322 1823 1355 pro-

1082 1363 1193 1396 videre
1219 1364 1257 1397 de
1282 1364 1482 1407 benignitate
1508 1364 1688 1408 apostolica
1709 1365 1821 1408 digna-

1082 1428 1203 1451 remur.

1124 1472 1139 1514 ξ
1163 1471 1194 1504 ⁶2.
1221 1471 1285 1505 Nos
1311 1472 1422 1515 igitur,
1440 1473 1589 1505 eiusdem
1606 1472 1748 1516 Philippi
1770 1483 1820 1506 re-

1079 1524 1127 1567 gis
1165 1524 1337 1557 desideriis
1376 1530 1532 1568 quantum
1568 1525 1663 1558 nobis
1689 1536 1727 1558 ex
1753 1527 1817 1559 alto

1079 1578 1269 1610 conceditur
1294 1578 1513 1611 favorabiliter
1540 1589 1686 1612 annuere
1705 1590 1741 1611 ac
1759 1590 1818 1622 pu-

1077 1631 1179 1664 blicae
1206 1631 1336 1664 utilitati
1362 1632 1537 1664 consulere
1555 1631 1738 1675 cupientes,
1758 1633 1817 1664 hu-

1077 1684 1218 1717 iusmodi
1242 1684 1540 1728 supplicationibus
1565 1684 1723 1725 inclinati,
1749 1696 1816 1718 om-

1075 1737 1170 1769 nibus
1186 1743 1219 1770 et
1235 1737 1370 1780 singulis
1386 1737 1520 1770 civitatis
1534 1737 1812 1771 Barchinonensis

1075 1795 1107 1823 et
1137 1791 1340 1834 principatus
1374 1791 1557 1824 Cataloniae
1589 1792 1812 1835 praefatorum

1074 1843 1225 1886 personis
1251 1844 1490 1883 ecclesiasticis,
1517 1849 1579 1877 tam
1608 1845 1812 1878 secularibus

1073 1908 1168 1940 quam
1194 1897 1335 1931 cuiusvis
1360 1897 1506 1937 Ordinis,
1532 1898 1810 1941 congregationis,

1072 1950 1216 1990 militiae,
1242 1951 1406 1984 societatis
1431 1951 1481 1983 vel
1507 1951 1645 1983 instituti
1680 1953 1810 1994 regula—

1071 2004 1173 2044 ribus,
1199 2004 1433 2047 cuiuscumque
1452 2009 1565 2043 status,
1583 2005 1713 2047 gradus,
1731 2015 1809 2048 qua-

1070 2057 1178 2097 litatis,
1203 2057 1420 2097 conditionis,
1446 2056 1611 2099 dignitatis
1637 2062 1669 2090 et
1692 2068 1809 2100 praee-

1068 2110 1244 2143 minentiae
1270 2109 1419 2149 existant,
1443 2120 1484 2142 ne
1510 2111 1674 2153 catalogos
1693 2121 1752 2143 seu
1771 2110 1807 2144 li-

1067 2168 1130 2195 stas
1156 2162 1335 2203 nominum,
1354 2163 1535 2195 sortitionis
1558 2163 1745 2196 officialium
1763 2163 1806 2196 ei-

1066 2216 1169 2248 vitatis
1195 2221 1227 2249 et
1250 2216 1453 2259 principatus
1479 2216 1667 2249 huiusmodi
1693 2219 1801 2257 causa,

1066 2269 1098 2302 in
1115 2271 1207 2309 urna,
1221 2269 1303 2302 sicut
1320 2269 1550 2313 praemittitur,
1566 2271 1802 2314 ponendorum,

1065 2334 1123 2355 seu
1143 2333 1202 2366 pro
1220 2328 1369 2366 tempore
1386 2323 1579 2366 positorum,
1599 2324 1637 2356 ad
1653 2322 1802 2356 effectum

1065 2376 1203 2409 faciendi
1236 2376 1434 2420 sponsiones
1469 2376 1534 2409 sive
1568 2376 1801 2420 promissiones

1064 2440 1122 2462 seu
1148 2428 1375 2462 excommissas
1402 2429 1606 2469 huiusmodi,
1631 2440 1734 2472 penes
1765 2439 1800 2461 se

1063 2483 1196 2522 habere,
1221 2483 1271 2514 vel
1289 2492 1349 2525 per
1374 2482 1599 2525 interpositam
1624 2492 1800 2525 personam

1063 2535 1216 2574 retinere,
1243 2540 1296 2566 aut
1320 2534 1383 2567 illis
1409 2534 1521 2577 quovis
1546 2535 1643 2567 modo
1667 2534 1722 2573 uti,
1738 2544 1799 2566 nec

1062 2587 1163 2621 dictas
1190 2587 1386 2631 sponsiones
1411 2597 1469 2620 seu
1501 2586 1727 2620 excommissas
1753 2585 1799 2619 di-

1863 206 1913 233 An.
1931 206 1958 233 C.
1978 207 2044 235 ¹663

1860 1483 1985 1509 Prnlubitio,
1995 1490 2018 1508 ut

1834 1510 1854 1531 iu
1869 1511 1962 1533 rubrica.
