2247 3208
141 158 190 184 An.
212 156 241 184 C.
261 157 326 185 ¹667

145 1555 256 1576 Decretum
277 1554 303 1574 11-

117 1586 192 1603 ''tt-«ns.

181 2246 265 2272 Deroga
270 2250 274 2267 1
279 2253 297 2268 ιο

111 2274 274 2295 couti-ariolum.

965 161 1108 187 CLEMENS
1135 164 1165 187 tx
1190 165 1237 188 1³1³.

335 204 527 238 communiri
541 206 720 249 plurimum
733 208 934 241 desiderent:
952 220 1018 249 nos,
1035 210 1077 253 ip-

333 269 404 292 sum
425 259 615 302 magistrum
630 262 814 302 generalem
829 262 980 304 specialis
991 263 1076 295 savo-

334 323 367 344 re
383 312 505 355 gratiae
529 314 687 356 prosequi
701 316 854 353 volentes,
867 321 895 348 ct
912 328 929 348 a
946 317 1075 359 quibus-

331 365 377 397 vis
401 367 770 407 excommunicationis,
795 369 1017 413 suspensionis
1043 374 1074 401 et

331 418 507 458 interdicti,
533 420 671 464 aliisque
693 421 924 454 cccl=2=siasticis
942 427 1073 454 senten-

332 471 404 512 tiis,
432 472 577 506 censuris
604 478 635 505 et
659 474 793 517 poenis,
821 485 837 506 a
863 474 935 505 iure
960 475 1009 506 vel
1032 475 1070 506 ab

330 525 471 562 homine,
494 526 605 569 quavis
620 527 792 560 occasione
809 529 856 560 rel
872 529 967 559 causa
985 528 1067 565 latis,

328 577 353 610 si
380 579 497 621 quibus
523 579 769 622 quomodolibet
798 580 970 612 innodatus
1004 581 1069 612 exi-

328 633 393 673 stit,
421 634 459 666 ad
485 632 634 665 effectum
658 633 878 676 praesentium
904 633 1069 666 ‹tlunitaxat

327 687 600 729 consequendum,
624 686 741 718 harum
759 686 844 718 serie
862 686 1067 719 absolventes

327 744 357 772 et
382 739 566 772 absolutum
592 739 660 771 sore
686 744 875 779 censentes,
903 740 1066 783 supplica-

325 793 467 826 tionibus
492 792 562 826 eius
594 791 726 825 nomine
757 792 850 825 nobis
877 803 977 837 super
1003 793 1065 826 hoc

325 847 492 880 humiliter
517 846 679 889 porrectis
708 846 879 885 inclinati,
910 847 949 879 de
969 857 1066 880 vene-

322 899 474 932 rabilium
511 899 647 931 fratrum
682 903 870 931 nostrorum
903 899 934 932 S.
962 900 999 932 R.
1026 900 1060 932 E.

323 952 538 986 cardinalium
561 952 702 995 negotiis
718 957 749 985 et
766 954 1062 986 consultationibus

322 1007 553 1050 episcoporum
580 1012 612 1039 et
631 1006 831 1048 regularium
857 1007 1063 1049 praeposito-

320 1071 392 1092 rum
418 1059 568 1099 consilio,
589 1059 722 1092 attentis
747 1060 899 1099 narratis,
922 1060 1060 1103 visisque

321 1120 353 1147 et
391 1114 568 1156 diligenter
602 1123 661 1156 por
702 1113 835 1145 eosdem
876 1113 1059 1147 cardinales

319 1166 533 1200 consideratis
569 1167 687 1199 litteris
720 1166 907 1209 patentibus
931 1167 1061 1210 praein-

318 1221 392 1254 serti
412 1221 545 1260 tenoris,
564 1221 695 1253 easdem
712 1221 845 1259 litteras,
865 1221 1059 1253 auctoritate

317 1274 521 1318 apostolica,
561 1278 675 1306 tenore
701 1273 940 1316 praesentium,
967 1274 1058 1306 beni-

316 1339 378 1371 gne
396 1327 624 1361 confirmamus
646 1337 806 1369 suumque
828 1326 977 1359 effectum
995 1337 1057 1360 sor-

315 1382 369 1414 tiri
394 1381 584 1414 mandamus
610 1382 696 1413 salva
721 1376 830 1413 tamen'
861 1391 992 1423 semper
1023 1380 1055 1413 in

314 1434 503 1480 praemissis
550 1434 740 1467 auctoritate
791 1435 1053 1477 congregationis

314 1489 536 1532 praefatorum
561 1487 787 1521 cardinalium.

358 1543 373 1586 ἓ
397 1541 429 1576 3.
457 1542 680 1575 Decernentes
698 1542 783 1585 ipsas
809 1547 1001 1585 praesentes
1024 1549 1055 1576 et

314 1595 535 1639 praeinsertas
560 1594 685 1628 litteras
711 1593 838 1635 firmas,
868 1595 991 1628 validas
1023 1601 1054 1629 et

314 1649 464 1683 efficaces
490 1648 631 1681 existere
658 1652 690 1680 et
719 1648 808 1688 fore,
837 1659 873 1680 ac
901 1647 984 1689 illis,
1012 1650 1052 1682 ad

313 1713 395 1746 quos
421 1706 549 1746 spectat
573 1706 606 1734 et
637 1701 818 1744 spectabit,
844 1701 877 1733 in
908 1701 1050 1734 futurum

311 1755 345 1788 in
380 1755 530 1788 omnibus
562 1759 594 1787 et
626 1765 687 1798 per
718 1754 828 1787 omnia
861 1755 1050 1797 plenissimev

311 1808 489 1852 suffragari,
516 1813 548 1840 et
579 1807 619 1840 ab
643 1807 709 1840 illis
738 1807 923 1850 respective
948 1807 1052 1841 invio-

310 1863 455 1896 labiliter
473 1862 651 1901 observari,
671 1861 783 1905 sieque
800 1862 832 1894 in
857 1862 1048 1905 praemissis

310 1926 371 1960 per
396 1925 622 1959 quoscumque
647 1915 770 1947 iudices
798 1915 984 1948 ordinarios
1018 1920 1051 1947 et

310 1971 492 2012 delegatos,
521 1968 618 2002 etiam
636 1979 805 2001 causarum
826 1968 938 2011 palatii
956 1979 1050 2012 apos-

309 2023 398 2057 tolici
416 2022 592 2063 auditores,
609 2022 745 2055 iudicari
764 2027 796 2055 et
813 2022 940 2055 definiri
955 2023 1049 2055 debe-

307 2088 356 2117 re,
388 2087 425 2110 ac
450 2076 578 2109 irritum
604 2081 635 2109 et
659 2076 755 2108 inane
780 2076 804 2108 si
831 2086 924 2109 secus
949 2087 1049 2119 super

309 2131 359 2164 his
379 2142 395 2164 a
412 2141 586 2174 quoquam,
605 2130 716 2174 quavis
729 2131 929 2171 auctoritate,
949 2131 1048 2163 scien-

310 2189 359 2216 ter
382 2185 431 2217 vel
456 2184 657 2227 ignoranter,
682 2183 857 2226 contigerit
881 2184 1044 2216 attentari.

352 2237 408 2280 54.
433 2238 502 2270 Non
525 2237 728 2270 obstantibus
762 2236 1047 2270 constitutionibus

308 2295 340 2323 et
350 2290 607 2323 ordinationibus
618 2290 813 2332 apostolicis,
828 2301 873 2330 ac,
887 2296 1046 2333 quatenus

306 2354 387 2387 opus
404 2344 455 2384 sit,
472 2343 548 2376 dicti
565 2342 693 2376 Ordinis
712 2343 848 2386 eiusque
870 2344 1049 2386 provincia-

305 2408 377 2431 rum
402 2404 434 2431 et
458 2401 676 2430 conventuum
702 2401 734 2429 et
758 2397 905 2429 locorum
925 2399 1048 2440 regula-

304 2451 389 2484 rium
415 2460 707 2494 quorumcumque,
726 2449 822 2482 etiam
848 2449 1042 2491 iuramento,

305 2505 552 2539 confirmatione
568 2503 755 2547 apostolica,
768 2504 817 2536 vel
830 2503 941 2547 quavis
953 2503 1045 2536 firmi-

306 2564 371 2592 tate
397 2558 459 2592 alia
477 2557 650 2597 roboratis,
670 2557 798 2589 statutis
825 2562 856 2590 et
874 2562 1046 2590 consuetu-

391 2622 470 2653 Bull.
487 2621 571 2649 Rom.
591 2635 626 2640 —
651 2621 710 2648 Vol.
732 2620 824 2647 XVII.
970 2619 1003 2645 72

1121 211 1262 250 dinibus,
1286 214 1467 256 [ιι-1111011113
1495 226 1635 259 quoque,
1664 217 1797 251 indultis
1829 224 1861 250 et

1121 264 1236 297 litteris
1262 267 1449 309 apostolicis
1479 268 1511 300 in
1541 270 1737 302 contrarium
1766 282 1861 313 prae·-

1118 318 1552 363 missorumquomodolibet
1580 324 1757 363 concessis,
1785 335 1861 356 con-

1116 369 1250 403 firmatis
1284 378 1316 404 et
1345 374 1530 415 innovatis;
1562 376 1678 418 quibus
1708 377 1858 409 omnibus

1116 428 1147 454 et
1165 423 1311 465 singulis,
1331 425 1458 458 illorum
1478 432 1608 460 tenores
1629 430 1857 471 praesentibus

1115 486 1172 517 pro
1198 477 1295 518 plene
1322 484 1354 510 et
1385 479 1587 512 sul'ticientm·
1620 482 1784 524 expressis
1821 493 1857 515 ac

1114 528 1152 559 de
1180 529 1279 561 verbo
1304 531 1344 562 ad
1372 532 1504 563 verbum
1531 532 1663 565 insertis
1683 534 1855 575 habentes,

1112 580 1175 613 illis
1205 582 1283 614 alias
1318 583 1349 615 in
1375 595 1432 616 suo
1465 585 1585 617 robore
1612 588 1851 628 permansuris,

1111 635 1149 667 ad
1176 636 1434 677 praemissorum
1472 637 1648 677 ellectum,
1687 640 1747 672 hae
1781 640 1852 672 vice

1110 687 1288 727 dumtaxat,
1310 690 1500 732 specialiter
1524 696 1556 723 et
1582 702 1737 734 expresse
1757 693 1852 725 dero-

1109 751 1243 782 gamus;
1281 743 1468 786 ceterisque
1509 745 1682 777 contrariis
1717 745 1851 788 (lilibus-

1108 804 1263 838 cumque.

1150 848 1164 891 ,ξ
1195 848 1226 881 5.
1264 849 1416 882 Volumus
1450 856 1557 883 autem
1593 856 1628 883 ut
1663 853 1848 886 earumdem

1106 902 1325 944 praesentium
1350 903 1530 936 litterarum
1556 905 1776 947 transumptis,
1791 916 1846 937 seu

1106 955 1272 997 exemplis,
1289 956 1386 988 etiam
1404 955 1579 999 impressis,
1597 967 1691 989 manu
1713 957 1847 990 alicuius

1105 1008 1223 1040 notarii
1242 1009 1362 1051 publici
1378 1010 1578 1052 subscriptis,
1602 1015 1634 1042 et
1649 1010 1756 1052 sigillo
1776 1021 1848 1053 per-

1105 1054 1204 1093 sonae
1223 1062 1255 1094 in
1282 1062 1436 1104 dignitate
1456 1063 1674 1095 ecelesiastica
1691 1064 1847 1096 constitu-

1104 1118 1155 1146 tae
1176 1115 1319 1153 munitis,
1333 1116 1447 1147 eadem
1466 1126 1597 1158 prorsus
1617 1115 1696 1148 fides
1721 1116 1843 1158 ubique

1105 1171 1166 1199 tam
1192 1167 1224 1199 in
1250 1167 1367 1200 iudicio
1394 1179 1489 1211 (piam
1517 1173 1605 1200 extra
1638 1169 1842 1209 adhibeatur,

1103 1231 1184 1263 quae
1205 1221 1284 1263 ipsis
1310 1222 1537 1264 praesentibus
1559 1221 1788 1261 adhiberetur,
1816 1222 1841 1254 si

1102 1275 1212 1307 forent
1235 1275 1402 1307 exhibitae
1428 1275 1477 1307 vel
1504 1280 1669 1308 ostensae.

1144 1327 1256 1359 Datum
1283 1328 1418 1367 Pioniae,
1446 1328 1531 1371 apud
1562 1328 1592 1360 S.
1620 1327 1752 1360 Mariam
1779 1328 1842 1360 Ma-

1100 1380 1212 1421 iorem,
1241 1382 1300 1413 sub
1326 1382 1446 1414 annulo
1472 1381 1672 1421 piscatoris,
1701 1381 1751 1414 die
1789 1390 1841 1415 XVI

1099 1435 1294 1477 septembris
1315 1444 1477 1474 MDCvan,
1504 1434 1712 1478 pontificatus
1733 1434 1840 1468 nostri

1098 1498 1183 1520 anno
1211 1499 1232 1521 L

1132 1550 1192 1576 Dat.
1210 1549 1253 1577 die
1271 1550 1303 1576 1ss
1316 1549 1479 1585 septembris
1497 1549 1574 1583 1667,
1591 1549 1686 1585 pontif.
1703 1557 1773 1576 anno
1789 1556 1808 1577 1.

1428 1666 1504 1700 XVI.

1097 1737 1188 1777 Quod
1210 1738 1389 1782 presbyteri
1413 1738 1581 1771 Societatz's
1603 1738 1676 1771 Iesu
1696 1738 1837 1781 officium

1137 1802 1208 1824 cum
1236 1793 1345 1824 octava.
1370 1792 1407 1824 (le
1429 1796 1615 1834 praecepto,
1643 1796 1670 1824 ec
1701 1792 1836 1823 missam

1138 1846 1360 1890 Coizcepte‘om's
1394 1846 1515 1877 Bestiae
1539 1845 1665 1878 Mariae.
1690 1844 1836 1887 Viryim's

1136 1899 1272 1931 recitare
1297 1903 1325 1930 cl
1351 1898 1509 1930 celebrare
1534 1898 1677 1930 valcant.

1307 1970 1439 1996 Clemens
1461 1969 1538 2001 Papa
1560 1969 1615 2001 IX,

1215 2015 1252 2041 ad
1272 2018 1449 2048 perpetuam
1469 2014 1512 2041 rei
1533 2013 1713 2040 memoriam.

1136 2077 1391 2120 ,angustissimae
1444 2082 1539 2120 atque
1578 2075 1831 2118 gloriosissimae

1069 2134 1071 2141 ’
1090 2131 1231 2174 Virginis
1256 2132 1312 2163 Dei
1331 2130 1504 2164 Genitricis
1519 2130 1646 2167 Mariae,
1668 2129 1756 2162 cuius
1774 2130 1831 2160 rir-

1092 2190 1193 2217 tutem
1219 2190 1250 2217 ct
1274 2184 1550 2227 pulchritudinem
1569 2184 1616 2215 sol
1635 2188 1665 2215 et
1682 2184 1759 2215 luna
1776 2182 1832 2214 mi-

1090 2243 1211 2275 rantur,
1234 2244 1349 2270 natura
1367 2237 1576 2279 obstupescit,
1596 2236 1742 2268 internus
1760 2246 1834 2267 con-

1090 2290 1257 2331 tremiscit,
1272 2291 1392 2321 cultum
1414 2295 1445 2321 ct
1463 2288 1704 2321 venerationem
1718 2288 1749 2320 in
1771 2293 1834 2320 ter-

1090 2345 1145 2384 ris,
1163 2350 1282 2387 (planto
1309 2354 1475 2386 possmnus
1497 2342 1617 2381 studio,
1637 2352 1832 2385 promovere

1090 2403 1298 2440 satagentes,
1323 2397 1375 2439 pia
1401 2396 1566 2435 fidelium,
1593 2407 1703 2429 eorum
1739 2406 1833 2438 prae-

1089 2450 1200 2483 sertim
1223 2449 1276 2493 qui
1303 2449 1455 2482 Altissimi
1480 2449 1645 2491 obsequiis
1663 2449 1721 2480 sub
1745 2449 1831 2480 suavi

1087 2503 1257 2545 religionis
1282 2503 1358 2545 iugo
1378 2503 1551 2545 mancipati
1577 2503 1646 2535 aliis
1670 2503 1706 2534 azl
1730 2513 1831 2545 opera

1087 2557 1214 2601 pietatis
1240 2558 1389 2600 exemplo
1414 2557 1607 2600 praelucent
1639 2562 1671 2589 et
1703 2556 1829 2589 salubri

1754 160 1817 194 569
1864 170 1915 199 An.
1934 171 1962 198 c.
1982 172 2048 199 1667

1894 866 2045 893 Tmusumplo·

1858 898 1903 913 rum
1920 894 1978 913 tides.

1869 2084 1993 2107 Exordium.
