2247 3208
182 260 234 288 An.
256 260 286 288 0.
302 259 372 289 1668
418 251 482 286 650

378 310 600 347 adhibituros,
627 317 685 339 1100
717 305 945 338 conscientiam
975 309 1113 336 vestram

379 363 438 394 hac
456 362 487 393 in
514 371 546 392 re
564 361 631 392 ullo
649 359 745 391 modo
764 358 847 391 laedi
862 367 1012 400 passuros
1027 367 1109 396 esse,

377 419 464 447 motu
495 412 630 455 proprio
657 416 688 443 et
713 421 749 442 ex
775 412 862 442 certa
895 409 1031 442 scientia
1055 419 1113 441 no-

378 467 460 507 stris,
483 467 586 508 deque
606 465 802 508 apostolicae
819 464 990 506 potestatis
1007 464 1113 506 pleni-

378 520 501 558 tudine,
531 519 585 550 tibi
612 518 739 559 tuisque
765 517 1005 549 successorihus
1030 516 1113 558 regi-

376 574 435 605 bus
460 572 654 604 Francorum
685 569 959 602 christianissimis
994 569 1025 601 in
1051 569 1113 601 sin-

377 625 506 657 ceritate
532 622 607 655 fidei
626 627 656 655 et
680 622 801 654 unitate
820 621 850 654 S.
875 621 910 653 R.
931 621 964 653 E.
985 631 1112 653 necnon

378 676 562 711 obedientia
583 685 617 707 ac
642 674 813 707 devotione
844 674 960 707 nostris
985 679 1016 706 et.
1040 683 1113 706 suc-

377 739 539 762 cessorum
565 733 750 760 nostrorum
776 727 992 759 Romanorum
1011 726 1113 758 Ponti-

377 781 470 813 ficum
495 780 649 812 canonice
672 779 860 811 intrantium
878 778 1114 821 perseveranti-

376 836 447 874 bus,
476 834 529 877 qui
556 843 613 875 pro
639 838 784 874 tempore
809 831 970 863 civitatem
998 831 1114 863 Elnen-

377 897 463 926 sem,
489 896 525 918 ac
549 885 718 917 comitatus
743 889 775 916 et
798 884 930 916 vicarias
956 883 1114 916 Ruscino-

377 949 512 971 nensem
539 944 570 970 et
586 937 855 975 Confluentinam,
872 947 907 968 ac
924 941 1048 979 partem
1066 946 1113 968 co-

377 993 506 1024 mitatus
532 991 694 1023 Cerdanac
721 990 753 1022 in
778 995 868 1032 parte
896 989 1112 1031 Pyreneorum

376 1044 509 1078 Galliam
536 1048 702 1086 spectante
723 1043 832 1081 sitam,
859 1041 1031 1083 regiones,
1061 1051 1114 1072 ur-

376 1099 453 1135 bes,
481 1096 610 1139 oppida,
638 1096 782 1133 castella,
814 1094 1033 1132 accessiones,
1059 1104 1114 1136 ap-

376 1149 532 1192 pendices
557 1153 589 1180 et
615 1148 768 1180 adiuncta
781 1147 989 1189 praescripta,
1016 1152 1114 1189 prout

378 1211 475 1244 supra
498 1200 705 1233 enunciatum
727 1204 783 1237 est,
803 1210 861 1242 pro
881 1205 1025 1241 tempore
1044 1210 1115 1242 pos-

376 1253 540 1293 sederint,
566 1253 805 1295 iuspatronatus
831 1256 863 1284 et
887 1252 1113 1294 praesentandi

376 1317 531 1350 personas
556 1306 717 1349 probatas,
743 1305 902 1337 bonorum
925 1305 1065 1337 nominis
1084 1309 1115 1337 et

376 1360 488 1398 famae,
514 1369 550 1391 ac
575 1358 754 1390 secundum
772 1367 937 1390 sacrorum
957 1367 1114 1389 canonum

377 1417 408 1444 et.
431 1411 565 1444 Concilii
590 1410 767 1442 Tridentini
787 1411 991 1443 decretorum
1010 1410 1113 1452 dispo-

377 1464 525 1497 sitionem
550 1464 700 1503 idoneas,
727 1464 765 1496 ad
792 1464 910 1496 dictam
942 1464 1113 1496 ecclesiam

376 1517 549 1550 Elnensem
575 1526 609 1548 ae
634 1516 743 1549 omnia
760 1522 791 1549 et
812 1516 937 1558 singula
954 1522 1114 1549 monaste-

375 1570 421 1602 ria
447 1569 681 1602 consistorialia
706 1570 789 1601 intra
814 1569 893 1602 lines
911 1569 1070 1602 ditionum
1082 1575 1114 1602 et

376 1623 521 1655 locorum
545 1622 784 1665 praedictorum
817 1622 982 1654 dumtaxat
1010 1622 1114 1654 consi-

377 1675 502 1715 stentia,
524 1675 785 1717 quotiescumque
804 1674 890 1707 illam
910 1680 941 1707 et
961 1675 1016 1707 illa
1034 1685 1113 1718 quo-

376 1728 422 1760 vis
447 1728 544 1760 modo
575 1733 605 1760 et
634 1738 670 1759 ex
704 1738 985 1770 quorumcumque
1018 1728 1113 1760 etiam

378 1781 523 1813 eiusdem
549 1780 579 1813 S.
600 1780 636 1812 R.
662 1780 696 1812 E.
728 1780 940 1813 cardinalium
965 1781 1113 1823 personis

378 1833 474 1866 etiam
500 1833 532 1864 in
557 1833 700 1865 Romana
725 1833 812 1865 curia
836 1844 947 1866 vacare
974 1834 1113 1876 contige-

377 1886 426 1925 rit,
450 1896 508 1928 per
531 1896 588 1918 nos
613 1891 645 1918 01
669 1886 831 1918 Romanos
856 1885 1027 1919 Pontifices
1045 1897 1114 1919 suc-

378 1948 523 1970 cessores
549 1943 676 1971 nostros
702 1939 885 1982 praedictos
908 1939 1030 1972 eisdem
1063 1950 1113 1972 00-

379 1991 494 2023 clesiae
512 1991 641 2023 Elnensi
660 1996 691 2023 et
710 1991 913 2024 monasteriis
935 1992 1113 2035 respective

379 2043 417 2075 ad
454 2043 749 2086 praesentationem
782 2044 965 2077 huiusmodi
999 2044 1114 2089 praeti-

380 2095 520 2136 ciendas,
546 2102 657 2129 tenore
683 2098 913 2139 11111050111111111,
934 2098 973 2130 de
993 2098 1115 2141 specia-

379 2147 418 2181 lis
444 2149 527 2181 dono
553 2150 672 2191 gratiae
699 2151 905 2183 concedimus
923 2157 954 2183 et
974 2151 1115 2194 assigna-

381 2212 448 2233 mus
464 2212 470 2233 :
498 2203 707 2235 decernentes
722 2204 962 2246 iuspatronatus
977 2210 1008 2238 et
1024 2216 1114 2248 prae-

381 2254 529 2285 sentandi
555 2255 738 2288 huiusmodi
765 2255 848 2290 1111115
867 2258 999 2290 0111111110
1022 2264 1115 2290 natu-

381 2316 433 2338 rae
459 2311 491 2338 et
514 2307 631 2349 vigoris
658 2309 815 2348 existere,
842 2311 930 2343 cuius
957 2311 1115 2354 iuspatro-

381 2363 472 2391 natus
497 2360 618 2402 regium
633 2371 668 2393 ex
684 2362 870 2401 fundatione
897 2369 928 2396 et
950 2365 1114 2398 dotatione

381 2411 497 2451 existit,
513 2422 549 2443 ac
563 2423 782 2456 quascumque
802 2415 1012 2458 provisiones,
1032 2428 1115 2450 00111-

380 2465 522 2504 mendas,
536 2465 837 2507 administrationes,
855 2469 990 2501 uniones
1009 2476 1040 2502 et
1053 2470 1115 2503 dis-

381 2516 567 2559 positiones,
591 2523 653 2549 tam
679 2519 716 2551 de
742 2522 927 2553 vacantibus
959 2533 1054 2565 quam
1075 2524 1112 2556 de

382 2633 456 2664 sus,
487 2628 518 2657 et
552 2624 629 2657 alias
659 2626 919 2667 (11101110110111101,
949 2629 1045 2661 etiam
1074 2630 1112 2661 de

954 257 1134 281 Bt‘LLARIL'M
1159 256 1310 281 ROMANUM

1157 314 1314 337 consensu
1332 305 1420 338 illam
1437 307 1487 338 vel
1511 306 1567 339 illa
1586 318 1644 350 pro
1670 313 1814 351 tempore
1832 309 1888 342 ob-

1156 356 1345 397 tinentium,
1372 358 1411 390 de
1442 360 1578 392 ecclesia
1609 360 1737 393 Elnensi
1763 371 1797 393 ac
1821 373 1888 395 mo-

1156 410 1306 442 nasteriis
1332 411 1522 452 praedictis,
1551 412 1670 455 absque
1702 420 1889 456 praesenta-

1156 463 1244 495 tione
1264 468 1315 495 aut
1336 474 1487 506 expresso
1502 475 1660 497 consensu
1678 471 1733 499 tuo
1748 472 1890 500 tuorum-

1157 527 1218 559 que
1240 527 1462 549 suceessorum
1486 519 1735 560 praedictorum,
1756 524 1814 563 pei·
1830 532 1888 554 nos

1156 570 1322 612 dictosque
1348 581 1553 603 successores
1574 577 1702 605 nostros
1726 572 1888 607 Romanos

1156 621 1326 654 Pontifices
1352 628 1382 654 et
1406 622 1521 655 Sedem
1540 624 1736 666 praedictam
1756 635 1890 668 quomo-

1156 674 1279 706 dolibet
1304 685 1340 707 ex
1366 685 1452 707 nunc
1467 676 1504 708 de
1520 681 1627 708 cetero
1642 676 1813 716 faciendas,
1839 683 1891 710 aut

1155 736 1214 768 pro
1240 732 1383 770 tempore
1399 728 1504 766 factas,
1528 733 1558 760 et
1578 739 1794 772 quascumque
1812 730 1890 763 litte-

1155 788 1205 810 ras
1240 779 1434 821 apostolicas
1471 780 1610 823 desuper
1647 782 1889 824 quomodolibet

1156 831 1328 871 consectas,
1348 832 1443 864 etiam
1465 843 1681 876 quascumque
1707 834 1891 877 derogatio·

1156 895 1212 917 nes
1237 886 1420 927 quorumvis
1446 886 1561 918 iurium
1585 888 1813 929 praesentandi
1834 899 1890 921 seu

1156 937 1353 977 nominandi,
1381 938 1476 970 etiam
1501 949 1573 970 011111
1599 939 1761 981 quibusvis
1786 940 1891 973 effica—

1156 989 1291 1022 cissimis
1317 994 1349 1022 et
1373 991 1510 1023 insolitis
1533 992 1694 1033 clausulis,
1716 993 1748 1024 in
1769 1003 1801 1025 se
1819 1004 1890 1026 0011-

1158 1042 1319 1083 1111011105,
1351 1044 1471 1076 1111111115
1504 1045 1630 1077 roboris
1654 1046 1703 1078 vel
1735 1047 1889 1078 momenti

1157 1095 1293 1128 existere
1312 1102 1343 1128 et
1359 1096 1440 1136 fore;
1460 1097 1569 1139 sicque
1588 1103 1619 1129 et
1635 1108 1701 1130 non
1720 1098 1812 1130 aliter
1833 1109 1890 1141 per

1157 1159 1374 1192 quoscumque
1401 1149 1523 1182 iudices
1549 1150 1727 1183 ordinarios
1753 1156 1785 1183 01
1807 1151 1891 1184 (1010-

1157 1206 1257 1243 gatos,
1276 1202 1371 1234 etiam
1398 1213 1566 1235 causarum
1595 1203 1704 1246 palatii
1723 1203 1891 1246 apostolici

1157 1255 1335 1294 auditores,
1363 1266 1398 1288 ac
1423 1255 1453 1288 S.
1474 1255 1511 1288 R.
1532 1256 1566 1288 E.
1590 1256 1787 1296 cardinale&
1817 1268 1894 1300 qua-

1156 1307 1201 1339 vis
1227 1308 1415 1341 auctoritate
1442 1308 1621 1350 sungentes,
1648 1308 1774 1341 sublata
1799 1309 1845 1341 eis
1863 1314 1894 1342 et

1157 1371 1269 1393 eorum
1299 1361 1431 1394 cuilibet
1464 1361 1574 1404 quavis
1604 1362 1698 1394 aliter
1730 1362 1893 1395 iudicandi

1157 1419 1190 1446 et
1214 1414 1448 1457 interpretandi
1469 1416 1620 1447 facultate
1636 1420 1667 1447 et
1691 1415 1891 1455 auctoritate,

1157 1467 1290 1499 iudicari
1309 1472 1340 1499 et
1364 1467 1490 1500 definiri
1509 1468 1641 1507 debere,
1661 1478 1696 1500 ac
1717 1468 1842 1511 irritum
1861 1473 1894 1501 et

1157 1521 1251 1552 inane
1284 1520 1309 1552 si
1343 1531 1433 1553 secus
1465 1531 1561 1563 super
1587 1521 1635 1552 1115
1661 1532 1678 1553 a
1703 1531 1888 1564 quoquam,

1157 1573 1266 1616 quavis
1292 1574 1491 1613 auctoritate,
1516 1574 1655 1606 scienter
1671 1575 1719 1606 vel
1741 1574 1892 1616 ignoran-

1157 1631 1216 1665 ter,
1244 1626 1416 1668 contigerit
1440 1626 1603 1659 attentari.

1200 1679 1214 1721 g
1241 1678 1272 1711 02.
1298 1678 1368 1711 Non
1397 1679 1601 1711 obstantibus
1634 1679 1798 1722 quibusvis
1823 1690 1891 1712 can-

1157 1731 1306 1764 cellariae
1328 1731 1523 1774 apostolicae
1548 1732 1668 1774 regulis
1694 1732 1786 1764 editis
1813 1738 1844 1764 et
1861 1742 1892 1764 0-

1157 1784 1278 1823 dendis,
1298 1784 1433 1827 aliisque
1451 1784 1737 1817 constitutionibus
1754 1789 1786 1816 et
1806 1785 1892 1817 ordi-

1156 1838 1342 1870 nationibus
1361 1838 1559 1880 apostolicis,
1586 1848 1715 1871 necnon
1736 1838 1891 1871 ecclesiae

1156 1890 1302 1923 Elnensis
1315 1896 1346 1922 et
1358 1891 1628 1923 monasteriorum
1642 1891 1892 1934 praedictorum,

1157 1954 1192 1976 ae
1216 1944 1390 1983 ordinum,
1418 1955 1557 1987 quorum
1590 1944 1645 1977 illa
1678 1950 1771 1982 sunt⁷
1798 1944 1892 1977 etiam

1157 1996 1347 2036 iuramento,
1373 1996 1616 2030 confirmatione
1639 1997 1828 2040 apostolica‚
1842 1997 1890 2029 vel

1158 2050 1268 2092 quavis
1294 2050 1443 2083 firmitate
1478 2050 1541 2082 alia
1563 2050 1740 2089 roboratis,
1766 2050 1891 2082 statutis

1158 2107 1189 2135 et
1212 2102 1509 2143 consuetudinibus
1535 2102 1711 2146 privilegiis
1737 2113 1866 2145 quoque
1883 2129 1890 2142 ‚

1157 2155 1289 2187 indultis
1304 2161 1335 2187 et
1351 2156 1465 2188 litteris
1480 2155 1676 2198 apostolicis,
1690 2155 1747 2188 sub
1762 2155 1893 2198 quibus-

1157 2219 1293 2251 cumque
1313 2209 1477 2241 tenoribus
1496 2214 1527 2241 et
1544 2209 1664 2249 formis,
1683 2219 1719 2241 ac
1739 2219 1812 2241 cum
1829 2209 1894 2251 qui-

1157 2261 1267 2302 qusvis
1303 2261 1455 2293 clausulis
1481 2266 1511 2293 et
1537 2261 1691 2301 decretis,
1717 2260 1749 2293 in
1775 2271 1894 2303 genere

1894 261 1944 287 Αη.
1966 261 1993 286 C.
2013 262 2079 288 ¹668

1927 1109 2037 1129 Decretum
2056 1109 2083 1129 ii·-

1901 1136 1964 1155 ritans
1984 1137 2004 1155 et
2025 1135 2083 1156 clau-

1901 1161 1946 1182 sula
1962 1161 2048 1182 subiani.

1973 1686 2085 1711 paragano

1902 1713 2063 1734 contrariorum.

1157 2315 1204 2345 vel
1224 2314 1255 2345 in
1277 2313 1393 2356 specie,
1413 2318 1444 2346 et
1460 2314 1537 2346 alias
1555 2313 1587 2345 in
1604 2314 1802 2346 contrarium
1820 2324 1896 2357 quo-

1157 2366 1335 2399 modolibet
1359 2367 1528 2406 concessis,
1547 2367 1732 2410 approbatis
1753 2372 1784 2400 et
1801 2367 1895 2399 inno-

1157 2419 1247 2459 vatis;
1267 2419 1382 2462 quibus
1401 2420 1550 2452 omnibus
1565 2426 1597 2453 et
1613 2420 1761 2462 singulis,
1781 2419 1893 2452 etiam-

1157 2473 1183 2505 si
1209 2483 1266 2515 pro
1284 2472 1415 2505 illorum
1433 2472 1603 2505 sufficienti
1622 2472 1834 2515 derogatione
1853 2472 1893 2505 de

1135 2551 1137 2562 .
1157 2525 1220 2558 illis
1245 2535 1422 2568 eorumque
1447 2525 1520 2557 totis
1544 2525 1711 2558 tenoribus
1729 2524 1892 2568 specialis,

1157 2577 1325 2620 specifica,
1351 2588 1503 2620 expressa
1528 2582 1559 2610 et
1584 2578 1747 2610 individua
1763 2604 1770 2617 ‚
1793 2588 1827 2609 ac
1853 2577 1892 2610 de

1156 2631 1253 2663 verbo
1271 2630 1310 2663 ad
1332 2631 1475 2670 verbum,
1489 2640 1552 2663 non
1569 2635 1673 2662 autem
1689 2640 1748 2673 per
1765 2630 1892 2663 clausu-
