2247 3208
167 223 218 252 14ηΔ
235 223 262 251 c.
287 223 354 252 1665
401 215 466 248 410

196 1229 312 1250 contrariis
323 1228 358 1248 de-

175 1260 236 1278 renat

364 271 559 313 contigerit,
589 266 780 312 subreptitia
809 265 953 304 censeri,
980 262 1041 296 nisi
1066 262 1099 294 in

364 325 479 365 litteris
499 324 638 365 desuper
650 318 858 363 expediendis
880 317 918 349 de
945 315 1043 349 verbo
1061 314 1100 347 ad

364 378 496 411 verbum
522 376 658 407 insertus
677 372 772 405 suerit
788 376 873 403 totus
900 375 992 402 tenor
1009 378 1100 411 prae-

365 430 502 463 sentium
530 428 732 465 litterarum,
753 425 838 467 ipsas
854 433 930 455 vero
954 431 1100 464 praesen-

365 488 412 514 tes
443 481 566 513 litteras
600 488 730 520 semper
761 476 891 514 firmas,
916 474 1037 507 validas
1071 477 1101 504 et

366 534 511 567 efficaces
538 531 673 565 existere
700 535 731 562 ct
756 531 842 569 sore,
870 538 1008 570 suosque
1034 527 1101 569 ple-

365 587 474 620 narios
500 590 531 618 et
554 584 698 625 integros
723 581 852 615 effectus
871 579 979 613 sortiri
998 584 1028 611 et
1048 578 1102 611 ob-

364 640 487 677 tinere,
516 649 552 670 ac
584 637 622 669 ab
648 636 731 674 illis,
760 635 798 667 ad
824 642 904 677 quos
925 636 1047 675 spectat
1072 635 1102 662 ct

364 703 423 736 pro
459 697 603 733 tempore
630 689 897 732 quandocumque
922 684 1099 728 spectabit,

364 745 397 777 in
424 743 575 777 omnibus
601 747 631 775 et
656 752 714 784 per
738 739 846 773 omnia
873 737 1103 771 inviolabiliter

365 803 396 830 et
411 797 602 830 inconcusse
621 793 802 833 observari;
821 792 933 835 sicque
954 791 985 823 in
1007 799 1102 833 prac-

363 849 472 883 missis
508 859 565 891 per
599 856 817 890 quoscumque
857 843 980 876 iudices
1017 834 1103 875 ordi-¹

366 902 477 936 uarios
515 906 546 934 et
584 900 770 941 delegatos,
805 897 899 930 etiam
936 904 1103 927 causarum

364 955 474 999 palatii
512 952 680 998 apostolici
707 950 888 989 auditores,
915 947 1047 981 iudicari
1074 951 1105 979 et

365 1007 491 1042 definiri
518 1007 649 1044 debere,
673 1015 709 1037 ac
734 1003 862 1035 irritum
889 1006 919 1033 et
944 1001 1050 1039 inane,
1078 1000 1103 1032 si

365 1071 459 1095 secus
485 1069 580 1103 super
602 1059 650 1090 liis
677 1069 693 1089 a
720 1066 890 1100 qucquam,
917 1054 1026 1097 quavis
1051 1064 1104 1085 au-

367 1113 525 1151 ctoritate,
559 1111 699 1143 scienter
723 1110 771 1142 vel
798 1108 999 1150 ignoranter,
1030 1116 1105 1138 con-

367 1166 477 1208 tigerit
500 1162 661 1197 attentari.

413 1218 475 1261 ἓὸ.
499 1217 567 1249 Non
594 1214 800 1248 obstantibus
826 1212 1027 1257 primodictis
1048 1211 1105 1243 Ur-

369 1272 444 1304 bani
463 1268 730 1313 praedecessoris
748 1266 873 1306 litteris,
890 1276 979 1309 quas,
999 1264 1105 1307 quoad

369 1329 467 1366 caput
500 1320 748 1365 praecedentiae
785 1323 937 1361 respectu
972 1318 1105 1349 fratrum

369 1380 567 1410 memoratae
581 1372 766 1417 provinciae
776 1371 1105 1411 Romanae,voluinus

370 1439 434 1462 non
461 1429 600 1467 obstare,
621 1425 757 1469 perinde
777 1435 812 1456 ac
830 1424 855 1456 si
874 1434 938 1456 non
961 1433 1107 1456 emanas-

371 1486 452 1521 sent,
473 1480 606 1523 aliisque
639 1477 929 1511 constitutionibus
956 1482 987 1508 et
1020 1475 1107 1508 ordi-

371 1531 773 1576 nationibusapostolicis,
787 1541 927 1570 necnon,
945 1534 1106 1573 quoiatenus

372 1598 455 1631 opus
467 1586 519 1626 sit,
529 1580 658 1618 Ordinis
669 1589 700 1617 et
716 1583 902 1626 provinciae
912 1581 1106 1621 huiusmodi,

373 1651 409 1672 ac
420 1638 489 1672 aliis
504 1637 680 1682 quibusvis,
699 1636 795 1669 etiam
814 1635 1012 1674 iuramento,
1032 1645 1108 1667 con-

372 1692 557 1725 firmatione
569 1690 762 1734 apostolica,
774 1690 823 1722 vel
832 1689 944 1732 quavis
956 1687 1107 1720 firmitate

373 1746 437 1778 alia
455 1743 628 1781 roboratis,
651 1741 782 1774 statutis
804 1746 836 1773 et
861 1740 1109 1774 consuetudini-

372 1799 448 1837 bus,
474 1796 655 1840 privilegiis
681 1805 826 1838 quoque,
846 1794 980 1827 indultis
1001 1798 1032 1826 et
1058 1793 1109 1825 lit-

374 1850 454 1883 teris
490 1848 679 1892 apostolicis
713 1847 745 1879 in
781 1846 983 1879 contrarium
1016 1856 1110 1889 prae-

374 1903 551 1936 missorum
571 1900 822 1944 quomodolibet
847 1899 1013 1932 concessis
1034 1908 1110 1931 con-

354 1956 512 1989 'firmatis
546 1961 574 1987 et
602 1954 786 1993 innovatis·,
814 1953 931 1996 quibus
959 1952 1110 1985 omnibus

378 2013 410 2040 et
423 2006 571 2049 singulis,
587 2006 718 2038 illorum
734 2009 865 2036 tenores
880 2003 1110 2046 praesentibus

376 2070 437 2104 pro
462 2061 558 2102 plene
590 2064 622 2091 et
653 2058 854 2090 sufficienter
887 2056 1051 2099 expressis
1081 2061 1112 2088 ct

377 2112 511 2145 insertis
537 2112 710 2151 habentes,
730 2110 794 2143 illis
817 2110 895 2142 alias
922 2109 953 2141 in
980 2119 1039 2141 suo
1065 2119 1114 2141 ro-

377 2166 458 2198 bore
479 2163 717 2207 permansuris,
735 2163 773 2195 ad
799 2162 1058 2205 praemissorum
1072 2161 1112 2193 es-

379 2217 521 2255 sectmn,
544 2217 604 2249 hac
629 2216 697 2247 vice
723 2215 902 2254 dumtaxat,
926 2213 1114 2257 specialiter

381 2275 414 2302 et
437 2279 591 2312 expresse
610 2269 819 2309 derogamus,
841 2267 1028 2310 ceterisque
1042 2276 1114 2299 con-

381 2322 490 2356 trariis
516 2322 790 2364 quibuscumque.

425 2374 538 2407 Datum
569 2373 705 2412 Romae,
731 2372 815 2415 apud
840 2371 871 2404 S.
899 2371 1029 2404 Mariam
1054 2371 1116 2403 Ma-

381 2427 500 2467 iorem,
528 2426 586 2458 sub
611 2426 730 2457 annulo
754 2424 938 2464 piscatoris,
965 2424 1015 2457 die
1040 2434 1115 2457 xxm

383 2479 562 2513 decembris
595 2487 741 2517 MDCLXV,
770 2477 974 2520 pontificatus
1014 2476 1115 2510 nostri

383 2544 468 2567 anno
491 2543 534 2565 XI.

419 2595 477 2622 Dat.
495 2594 536 2620 die
551 2593 584 2621 23
600 2591 845 2626 decembrisltiffi,
857 2591 952 2627 pontis.
965 2600 1034 2620 anno
1050 2598 1085 2620 xl.

947 215 1125 240 BULLARlUM
1151 213 1302 238 ROMANUM

1143 260 1328 294 Declaratio
1377 259 1635 301 conyreyationis
1681 257 1880 290 visitationis

1187 313 1382 356 apostolicae
1406 321 1507 354 supra
1528 311 1694 354 praediola
1725 310 1879 343 constitu-

1192 366 1285 398 tione.

1187 418 1234 450 Ad
1252 417 1418 450 evitandas
1438 415 1684 455 controversias,
1700 426 1782 458 quae
1800 414 1878 447 oriri

1143 474 1279 514 possent
1311 480 1348 502 ex
1386 468 1602 510 intelligentia
1639 466 1879 500 constitutionis

1144 522 1338 555 sanctissimi
1366 521 1488 554 domini
1514 520 1616 553 nostri
1643 530 1749 562 nuper
1774 519 1878 552 editae

1132 586 1243 618 ,super
1267 573 1498 618 praecedentia
1524 573 1590 605 sive
1609 572 1812 605 honoratiori
1834 572 1881 604 lo-

1144 638 1180 659 co
1207 626 1414 670 superiorum
1433 625 1463 657 in
1479 624 1648 668 provincia
1666 624 1809 657 Romana
1825 623 1881 656 Or-

1144 679 1226 711 dinis
1250 679 1382 711 fratrum
1400 678 1555 710 Minoriun
1573 676 1744 709 strictioris
1768 677 1881 709 obser-

1143 733 1268 765 vantiae
1295 732 1394 764 sancti
1432 730 1615 770 Fiancisci,
1643 736 1674 762 et
1699 730 1737 762 ad
1768 736 1880 773 pacem

1144 786 1401 828 charitatemque
1429 785 1513 816 inter
1537 783 1650 816 fratres
1683 793 1881 815 conservan-

1145 836 1340 878 dam,sacra
1360 837 1572 880 congregatio
1593 835 1785 869 visitationis
1805 845 1882 877 apo-

1146 891 1292 930 stolicae,
1306 890 1482 923 Sanctitate
1501 890 1563 922 Sua
1580 890 1795 932 approbante,
1813 898 1882 920 cen-

1146 944 1207 977 suit
1238 954 1335 987 super
1370 942 1558 975 huiusmodi
1597 941 1825 985 praecedentia
1850 941 1880 973 in

1147 998 1323 1031 memorata
1340 995 1506 1039 provincia
1520 994 1673 1037 deinceps
1690 993 1880 1026 servandum

1146 1060 1238 1090 esse,
1267 1055 1364 1092 prout
1388 1048 1509 1081 servari
1534 1047 1706 1088 mandavit,
1734 1046 1882 1079 ordinem

1147 1101 1400 1144 infrascriptum,
1428 1100 1596 1133 videlicet:

1196 1167 1208 1185 <a
1235 1154 1379 1187 Minister
1404 1158 1436 1186 et
1466 1152 1605 1186 vicarius
1628 1151 1772 1192 Ordinis,
1797 1162 1883 1184 com-

1147 1207 1312 1240 missarius
1325 1206 1494 1249 generalis,
1517 1206 1664 1238 minister
1676 1204 1882 1248 provincialis

1148 1260 1256 1304 (quem
1275 1266 1381 1292 tamen
1400 1259 1642 1292 commissarius
1655 1258 1808 1297 visitator,
1828 1257 1884 1290 du-

1148 1318 1238 1345 rante
1260 1312 1328 1345 eius
1353 1311 1590 1351 commissione,
1608 1309 1809 1354 praecedet),
1829 1310 1884 1353 qui

1148 1366 1277 1398 suerunt
1302 1364 1439 1397 ministri
1470 1366 1519 1397 vel
1544 1363 1652 1396 vicarii
1679 1362 1806 1396 Ordinis
1832 1367 1885 1395 aut

1148 1417 1359 1451 commissarii
1379 1418 1557 1460 generales,
1575 1427 1673 1449 unuin
1695 1420 1820 1448 tantum
1838 1427 1884 1448 su·

1148 1471 1313 1515 periorem
1338 1471 1495 1503 actualem
1522 1480 1619 1513 supra
1644 1480 1677 1502 se
1703 1469 1883 1510 liabebunt;

1888 207 1937 233 Λη.
1960 205 1988 232 C.
2009 205 2077 232 1⁶65

1149 1523 1341 1567 guardianus
1359 1529 1551 1563 conventus,
1578 1527 1770 1566 procurator
1794 1533 1886 1565 gene-
1902 1527 1914 1537 ⁶

1149 1577 1224 1610 ralis
1238 1576 1356 1616 curiae,
1374 1575 1559 1609 definitores
1570 1577 1751 1618 generales,
1766 1581 1885 1616 custos,

1149 1630 1337 1663 definitores
1363 1630 1601 1673 provinciales,
1628 1639 1707 1672 quos
1731 1628 1887 1662 Sanctitas

1149 1684 1209 1716 Sua
1227 1682 1400 1716 declaravit
1413 1682 1445 1715 in
1459 1684 1637 1715 memorata
1655 1681 1887 1714 constitutione

1150 1736 1403 1780 comprehendi,
1435 1735 1571 1767 vicarius
1604 1739 1782 1767 conventus
1809 1733 1885 1777 (qui

1151 1795 1257 1822 tamen
1283 1789 1316 1821 in
1346 1788 1520 1822 refectorio
1546 1788 1673 1821 sedebit
1698 1787 1885 1820 immediate

1151 1848 1224 1887 post
1248 1843 1473 1885 guardianum,
1491 1843 1547 1875 sed
1573 1852 1613 1875 eo
1637 1841 1767 1874 absente
1794 1851 1888 1884 prae-

1151 1897 1243 1930 cedet
1263 1906 1374 1929 omnes
1393 1895 1628 1939 supradictos),
1651 1894 1838 1927 sacerdotes
1857 1898 1885 1926 et

1151 1955 1263 1993 postea
1289 1948 1454 1988 clerici,et
1480 1948 1608 1981 tandem
1629 1947 1699 1981 laici
1725 1946 1811 1979 iuxta
1835 1956 1889 1978 an-

1153 2002 1336 2045 tiquitatem
1361 2002 1502 2034 habitus.

1195 2056 1308 2088 Datum
1334 2055 1384 2088 die
1403 2065 1439 2088 111
1458 2054 1565 2090 martii
1587 2063 1735 2088 nnetxvi.

1416 2117 1560 2149 Pnosrna
1580 2116 1754 2154 Famis-us,

1214 2180 1322 2203 sacrae
1342 2168 1531 2201 visitationis
1547 2168 1744 2211 apostolicae
1770 2171 1885 2200 secret.

1285 2232 1368 2265 Loco
1394 2233 1416 2271 †
1441 2230 1538 2273 sigilli
1559 2242 1589 2262 γ).

1449 2396 1498 2429 DX
1505 2395 1597 2429 XXII.

1158 2476 1365 2519 Confirmatio
1396 2475 1653 2519 conqreyalionis
1685 2479 1713 2507 el
1744 2474 1892 2508 instituti

1201 2530 1393 2563 monialium
1419 2528 1709 2572 liospz'lalm'iarum
1734 2532 1890 2560 ›nonaste-

1201 2583 1257 2623 rii,
1281 2582 1431 2626 hospitii,
1456 2591 1509 2613 seu
1531 2581 1650 2613 Domus
1674 2580 1733 2613 Dei
1758 2591 1887 2614 nuncu-
