2247 3208
204 259 296 287 An.C.
321 259 386 288 1664

225 952 337 974 Deruentio
346 957 394 973 con·

211 980 329 999 trariorum.

434 251 497 285 3⁶28

399 366 432 393 et
454 360 597 401 integros
624 356 754 390 effectus
778 355 886 389 sortiri
912 359 945 388 et
973 354 1131 393 obtinere,

399 424 436 445 ac
460 412 538 451 illis,
553 412 592 444 ad
617 420 698 454 quos
723 414 848 453 spectat
862 414 894 441 et
910 417 968 452 pro
985 412 1133 451 tempore

399 465 566 509 spectabit,
581 463 771 508 plenissime
784 460 963 504 suffragari,
976 465 1007 494 et
1019 461 1058 493 ab
1069 460 1133 493 illis

399 518 575 562 respective
593 515 821 550 inviolabiliter
836 514 1010 555 observari,
1023 513 1133 556 sicque

399 571 432 604 in
458 569 642 613 praemissis
675 578 733 612 per
765 577 987 611 quoscumque
1011 566 1135 599 iudices

400 622 581 658 ordinarios
595 627 627 655 et
651 622 828 664 delegatos,
846 620 943 653 etiam
967 629 1135 652 causarum

400 676 510 720 palatii
536 674 706 718 apostolici
732 673 917 713 auditores,
944 671 1078 705 iudicari
1104 675 1137 704 et

400 728 528 762 definiri
553 728 697 767 debere,
725 736 760 759 ac
783 726 909 758 irritum
934 730 966 758 et
988 725 1084 757 inane
1109 724 1135 757 si

400 793 493 815 secus
520 791 616 825 super
641 781 692 813 his
717 792 734 813 a
758 787 932 823 quoquam,
960 778 1070 822 quavis
1087 788 1136 810 au-

401 835 562 875 ctoritate,
587 833 728 867 scienter
751 834 800 866 vel
825 832 1022 875 ignoranter,
1041 830 1137 863 conti-

404 888 488 931 gerit
511 887 673 920 attentari.

449 942 463 985 g
488 941 518 974 5.
545 941 614 973 Non
645 940 846 973 obstantibus
876 937 1080 982 praemissis,
1102 948 1138 970 ac

406 992 686 1028 constitutionibus
718 997 750 1024 et
780 990 1038 1024 ordinationibus
1063 1000 1139 1032 apo-

405 1047 536 1084 stolicis,
561 1055 700 1084 necnon,
728 1049 884 1088 quatenus
909 1052 989 1086 opus
1014 1042 1072 1082 sit,
1094 1042 1140 1075 di-

405 1100 446 1133 cti
471 1099 609 1139 Ordinis,
636 1098 732 1131 etiam
756 1097 947 1136 iuramento,
974 1095 1140 1130 confirma-

407 1153 495 1185 tione
528 1151 723 1195 apostolica‚
760 1150 810 1183 vel
843 1149 953 1193 quavis
989 1148 1139 1181 firmitate

405 1205 467 1239 alia
497 1203 669 1243 roboratis,
685 1202 811 1236 statutis
837 1208 869 1235 et
897 1200 1141 1235 consuetudini-

405 1259 477 1299 bus,
506 1257 683 1302 privilegiis
709 1266 850 1299 quoque,
876 1253 1010 1290 indultis
1036 1260 1067 1287 et
1090 1255 1141 1288 lit-

406 1311 483 1344 teris
508 1310 694 1354 apostolicis
719 1309 751 1341 in
769 1308 963 1342 contrarium
988 1307 1142 1351 praemis-

407 1375 515 1397 sorum
548 1362 793 1407 quomodolibet
821 1361 996 1401 concessis,
1027 1371 1142 1404 appro-

406 1416 489 1450 batis
523 1422 555 1449 ct
584 1415 761 1455 innovatis·,
796 1415 911 1458 quibus
935 1414 1082 1447 omnibus
1110 1418 1142 1446 et

408 1471 567 1514 singulis,
593 1470 721 1502 illorum
754 1473 882 1502 tenores
916 1467 1142 1512 praesentibus

408 1534 467 1568 pro
491 1524 587 1566 plene
606 1527 637 1554 et
649 1521 849 1554 sufficienter
866 1519 1027 1563 expressis
1048 1530 1084 1552 ac
1102 1520 1141 1552 de

408 1577 507 1609 verbo
532 1575 571 1608 ad
588 1574 718 1607 verbum
735 1573 864 1606 insertis
887 1573 1054 1612 habentes,
1078 1572 1142 1605 illis

410 1629 487 1662 alias
522 1628 554 1660 in
588 1637 644 1660 suo
679 1627 798 1660 robore
835 1626 1074 1669 permansuris,
1104 1625 1143 1658 ad

409 1681 659 1727 praemissorum
692 1680 840 1713 effectum
854 1706 861 1719 ,
886 1680 947 1712 hac
970 1678 1038 1711 vioe
1059 1679 1144 1711 dum-

410 1740 505 1775 taxat,
523 1733 708 1777 specialiter
725 1738 757 1765 et
772 1739 921 1775 expresse
937 1732 1142 1774 derogamus;

411 1787 594 1830 ceterisque
626 1786 793 1819 contrariis
818 1785 1091 1829 quibuscumque.

454 1840 567 1873 Datum
592 1839 726 1878 Romae,
753 1839 838 1881 apud
870 1837 900 1871 S.
929 1838 1057 1870 Mariam
1083 1838 1166 1878 Μῃ-ἢ

411 1893 533 1933 iorem,
559 1892 616 1925 sub
650 1892 767 1924 annulo
801 1891 988 1931 piscatoris,
1014 1891 1065 1923 die
1096 1890 1169 1939 xix',

412 1945 591 1980 decembris
616 1955 774 1984 MDCLxlv,
801 1943 1008 1987 pontificatus
1042 1944 1145 1976 nostri

412 2009 496 2032 anno
521 2009 550 2032 x.

448 2060 506 2088 Dat.
528 2060 571 2088 die
589 2060 620 2087 19
635 2059 787 2087 decembris
803 2058 881 2093 1664,
894 2058 990 2094 pontif.
1008 2066 1079 2086 anno
1104 2067 1128 2086 x.

753 2193 802 2226 DI.

415 2264 524 2305 Quod,
550 2266 584 2297 in
609 2264 823 2297 controversid
854 2263 940 2296 inter
965 2262 1151 2306 provincias

458 2318 489 2351 S.
509 2317 645 2351 Ioannis
677 2317 845 2359 Baptistae
870 2320 897 2348 el
922 2317 961 2348 B.
987 2315 1081 2348 Petri
1115 2314 1152 2347 de

458 2370 484 2404 A
492 2369 640 2402 lccmtara
646 2370 787 2411 fratrum
797 2369 1072 2401 Discalceatorum
1082 2377 1153 2399 san-

458 2423 502 2455 cti
525 2422 694 2455 Francisci
721 2422 807 2454 circa
828 2421 1057 2464 possessionem
1081 2430 1153 2453 con-

460 2481 572 2509 ventus
606 2476 770 2514 Murciae,
802 2476 952 2518 praefata
984 2473 1155 2517 provincia

460 2530 492 2563 S.
508 2529 645 2562 Ioannis
663 2528 830 2571 Baptistae
854 2538 918 2560 non
944 2527 987 2560 sit
1010 2527 1154 2570 amplius

467 2581 631 2614 audienda
641 2580 659 2613 ¹.

454 2644 466 2671 1
488 2643 554 2670 Vide
578 2642 610 2670 ad
631 2642 721 2670 Const.
748 2648 795 2668 ccx.
816 2641 867 2677 (al.
883 2641 943 2677 ⁶248)
966 2640 1044 2668 huius
1066 2639 1155 2668 Ponti-

977 255 1157 279 BULLARIUM
1180 254 1331 278 ROMANUM

348 324 350 327 v
400 319 454 341 ces
475 307 611 340 existere
636 309 669 337 et
693 303 775 343 fore,
801 297 953 346 suosque
969 301 1133 346 plenarios

1367 300 1534 328 Alexander
1553 300 1632 335 Papa
1650 300 1714 332 vn.

1316 345 1352 373 ad
1373 345 1506 372 futuram
1525 345 1569 372 rei
1588 347 1767 373 memoriam.

1219 407 1234 451 ἓ
1250 406 1281 439 1.
1301 406 1409 451 Nuper
1432 417 1491 450 pro
1515 412 1604 449 parte
1622 406 1811 440 dilectorum
1827 406 1908 440 silio-

1176 470 1246 493 rum
1268 459 1400 492 fratrum
1425 459 1606 502 provinciae
1624 460 1658 492 B.
1683 459 1767 491 Petri
1792 460 1830 492 de
1856 459 1908 492 Al-

1176 517 1307 545 cantara
1330 512 1458 545 Ordinis
1478 512 1610 545 fratrum
1631 511 1786 545 Minorum
1807 512 1908 544 sancti

1176 564 1335 598 Francisci
1362 565 1618 598 Reformatorum
1651 569 1909 607 nuncupatorum

1177 618 1420 661 congregationi
1445 617 1678 651 venerabilium
1702 617 1833 649 fratrum
1853 627 1911 649 no-

1177 676 1315 703 strorum
1331 669 1362 703 S.
1384 670 1420 703 R.
1440 670 1474 702 E.
1494 669 1703 703 cardinalium
1727 669 1863 712 negotiis
1881 674 1912 701 et

1178 723 1467 756 consultationibus
1492 723 1717 766 episcoporum
1737 727 1769 755 et
1791 724 1911 765 regula-

1178 775 1259 808 rium
1270 776 1473 819 praepositae
1488 776 1642 819 exposito,
1655 775 1741 818 quod
1751 774 1913 818 provincia

1179 828 1209 861 S.
1236 828 1363 861 Ioannis
1384 828 1542 871 Baptistae
1567 828 1698 860 fratrum
1716 828 1913 860 Reformato-

1180 892 1249 913 rum
1266 881 1410 913 ciusdem
1425 881 1552 914 Ordinis
1565 881 1597 914 in
1612 881 1719 923 regnis
1739 880 1911 919 Valentino,

1179 935 1316 967 Murciae
1347 939 1379 966 et
1410 934 1565 967 Granatae
1597 934 1792 973 consistens,
1823 938 1914 965 aucta

1180 988 1242 1020 iam
1259 988 1298 1020 ad
1309 987 1504 1021 excessivum
1518 997 1686 1019 numerum
1700 991 1914 1019 conventuum

1181 1046 1212 1073 et
1235 1039 1459 1083 religiosorum
1474 1067 1481 1080 ,
1508 1040 1610 1072 fuerat
1634 1039 1820 1071 auctoritate
1841 1049 1916 1081 apo-

1180 1094 1294 1126 stolica
1318 1103 1355 1126 ex
1380 1093 1475 1125 unica
1505 1094 1538 1126 in
1570 1093 1647 1124 duas
1672 1092 1790 1131 divisa,
1816 1102 1917 1124 rema-

1182 1151 1278 1178 nente
1301 1145 1404 1189 prima
1428 1146 1486 1178 sub
1511 1146 1604 1178 titulo
1633 1155 1689 1177 seu
1714 1144 1916 1177 invocatione

1181 1199 1212 1232 S.
1235 1199 1362 1232 Ioannis
1377 1199 1538 1242 Baptistae
1553 1209 1625 1230 cum
1643 1197 1829 1240 vigintiocto
1846 1207 1917 1229 con-

1182 1252 1340 1292 ventibus,
1366 1256 1398 1285 et
1422 1252 1562 1285 secunda
1586 1251 1644 1284 sub
1670 1251 1766 1283 titulo
1791 1260 1845 1282 seu
1870 1250 1918 1282 in-

1181 1306 1351 1339 vocatione
1385 1306 1420 1338 B.
1454 1305 1539 1337 Petri
1572 1304 1611 1336 de
1643 1304 1813 1337 Alcantara
1845 1313 1918 1335 eum

1183 1359 1259 1392 solis
1284 1369 1401 1391 novem
1425 1357 1635 1390 conventibus
1653 1356 1685 1389 in
1710 1356 1818 1399 regnis
1836 1356 1919 1388 Mur-

1183 1412 1250 1444 ciae
1276 1416 1307 1444 et
1331 1411 1487 1444 Granatae
1505 1410 1593 1451 sitis·,
1619 1410 1674 1443 sed
1699 1409 1818 1442 exortis
1836 1409 1920 1441 inter

1184 1465 1313 1498 easdem
1331 1463 1463 1497 diversis
1480 1464 1600 1503 litibus,
1616 1462 1806 1506 praesertim
1825 1472 1921 1505 super

1184 1517 1379 1560 pertinentia
1407 1521 1580 1550 conventus
1612 1515 1748 1549 civitatis
1783 1515 1921 1548 Murciae

1184 1570 1371 1614 specialiter
1394 1575 1426 1602 et
1449 1579 1599 1612 expresse
1617 1568 1719 1601 dictae
1735 1567 1921 1610 provinciae

1185 1624 1219 1656 B.
1247 1623 1331 1656 Petri
1357 1623 1395 1655 de
1420 1623 1590 1654 Alcantara
1615 1621 1789 1663 assignati,
1821 1620 1923 1652 fuerat

1186 1676 1316 1709 tandem
1349 1686 1365 1707 a
1390 1674 1475 1707 dicta
1498 1673 1750 1716 congregatione
1782 1673 1841 1705 sub
1871 1673 1923 1705 die

1185 1740 1223 1762 xv
1247 1729 1438 1772 septembris
1454 1738 1584 1762 iinCLxu
1603 1728 1802 1760 declaratum
1825 1732 1857 1759 et
1873 1727 1924 1759 de-

1186 1788 1310 1815 cretum
1329 1787 1476 1825 spectare
1497 1781 1615 1814 dictum
1629 1786 1823 1814 conventum
1841 1781 1924 1813 Mur-

1187 1835 1254 1868 ciae
1284 1835 1323 1869 ad
1357 1834 1459 1877 ipsam
1489 1833 1686 1877 provinciam
1712 1833 1746 1867 B.
1773 1833 1858 1866 Petri
1885 1833 1923 1866 de

1188 1888 1364 1927 Aleantara,
1390 1892 1422 1920 et
1446 1886 1623 1919 successive
1648 1885 1831 1928 impositum
1853 1895 1926 1929 par-

1188 1940 1273 1973 tibus
1298 1945 1490 1983 perpetuum
1514 1939 1685 1979 silentium,
1701 1944 1734 1972 et
1758 1939 1817 1971 sub
1842 1948 1926 1971 acer-

1187 1993 1277 2026 rimis
1302 1993 1416 2037 poenis
1436 1992 1580 2025 iniuncta
1593 1992 1781 2025 obedientia
1801 1996 1833 2024 et
1857 2001 1926 2023 exe-

1189 2046 1311 2090 quutio,
1330 2050 1363 2079 et
1383 2045 1547 2089 prohibita
1572 2044 1805 2084 contraventio‚
1832 2044 1927 2077 etiam

1190 2100 1250 2132 sub
1275 2103 1445 2142 praetextu
1469 2098 1544 2131 novi
1570 2108 1718 2130 recursus
1744 2097 1784 2129 ad
1809 2097 1926 2130 Sedem

1190 2152 1419 2195 Apostolicam‚
1434 2155 1530 2194 prout
1547 2150 1579 2182 in
1597 2150 1667 2194 ipso
1689 2151 1827 2189 decreto,
1843 2149 1928 2193 quod

1190 2206 1307 2239 nostris
1321 2205 1354 2237 in
1374 2205 1469 2238 simili
1491 2205 1591 2237 forma
1609 2204 1715 2236 Brevis
1739 2203 1857 2236 litteris
1877 2202 1929 2235 die

1190 2270 1221 2293 xl
1246 2259 1388 2292 octobris
1413 2258 1558 2290 eiusdem
1583 2256 1659 2289 anni
1683 2266 1815 2290 MDCLxu
1832 2266 1931 2299 super

1192 2313 1280 2346 illius
1305 2310 1550 2345 confirmatione
1575 2308 1749 2354 expeditis¹
1775 2310 1930 2342 insertum

1195 2366 1314 2407 existit,
1341 2365 1542 2404 continetur;

1239 2419 1277 2451 Et
1311 2418 1344 2450 in
1380 2418 1491 2451 eadem
1525 2416 1724 2460 expositione
1759 2414 1930 2447 subiuncto

1197 2472 1282 2516 quod
1307 2481 1412 2515 nuper
1433 2471 1605 2513 quemdam
1629 2468 1808 2512 supplicem
1837 2467 1932 2499 libel-

1198 2551 1266 2585 ficis‚
1286 2555 1349 2578 tom.
1372 2557 1427 2583 xvn,
1449 2558 1508 2585 pag.
1527 2549 1586 2582 480,
1607 2547 1800 2579 Sacrosancti,
1821 2550 1848 2573 et
1863 2547 1933 2573 Con-

1200 2595 1254 2622 stit.
1276 2600 1385 2627 cccvui,
1408 2593 1488 2621 Alic‘ts
1507 2600 1572 2623 nos,
1593 2591 1658 2618 ibid.
1679 2599 1741 2626 pag.
1763 2590 1825 2618 596.

1238 2641 1249 2666 1
1272 2638 1342 2670 Quas
1363 2637 1422 2666 vide
1442 2645 1524 2673 supra
1542 2644 1603 2672 pag.
1624 2636 1657 2663 69
1675 2638 1716 2671 (n.
1734 2636 1786 2670 τ.),

1919 249 2009 278 Αη.ῦ.
2034 249 2100 276 1665

1944 420 2060 447 Expositio.
