2247 3208
457 259 521 294 850
1004 265 1181 294 nummum
1205 264 1357 289 Romnum

501 323 591 356 Statu
616 320 841 353 Mediolanensi
866 325 897 351 et
923 319 1147 364 marchionatu
1171 318 1345 358 Finahansi,
1365 316 1429 351 396
1450 328 1495 358 α·,
1521 318 1601 351 item
1621 319 1654 351 in
1678 318 1853 352 ditionibus
1870 317 1950 352 Siei-

502 376 564 407 liae
588 380 618 407 et
638 374 802 407 Sardiniae
818 400 825 413 ‚
853 371 917 405 396
942 372 977 412 ἰν,
1003 372 1079 404 item
1105 372 1144 404 ab
1169 372 1319 404 omnibus
1340 371 1532 416 presbyteris
1556 376 1586 404 et
1610 371 1732 404 clericis
1752 371 1950 415 regularibus

502 428 666 461 Societatis
691 427 761 459 Iesu
786 426 840 469 qui
866 426 905 458 ad
935 425 1030 458 horas
1058 423 1229 458 canonicas
1261 430 1422 465 tenentur,
1448 423 1513 458 570
1537 436 1577 465 α;
1602 430 1633 457 et
1658 425 1690 457 in
1715 424 1805 457 Statu
1834 424 1947 458 Eccle-

502 480 642 520 siastico,
670 479 734 512 583
758 491 790 512 α.

415 534 685 568 Conclzivistarum
710 531 885 576 privilegia,
911 531 974 564 517
1000 541 1019 564 α
1045 535 1075 564 et
1100 530 1163 564 533
1188 532 1215 564 b.

415 587 631 621 Confessarius
657 586 856 619 monialium.
887 586 963 618 Vide
986 585 1172 618 Montanum
1194 586 1396 619 monasteria.

416 641 627 685 Congregatio
653 651 708 673 seu
729 639 971 673 confraternitas
995 638 1129 671 scholae
1147 638 1268 671 Chris-22·
1291 639 1324 672 in
1349 639 1467 683 oppido
1492 639 1630 679 Madriti,
1658 638 1829 672 Toletanae
1859 637 1951 671 dioe-

506 695 598 735 cesis,
627 694 779 727 canonice
804 699 920 733 erecta,
946 691 1011 726 338
1037 692 1072 732 ἰ);
1099 691 1345 725 constitutiones
1371 693 1470 737 ipsius
1502 693 1680 727 referentur
1696 720 1703 733 ‚
1726 690 1792 724 ibid
1815 697 1844 724 et
1868 701 1953 734 seq.;

505 748 747 788 confirmantur,
775 747 840 780 364
864 748 889 781 b.

420 803 629 847 Congregatio
655 813 753 846 super
777 807 861 835 statu
878 800 1075 844 regularium
1091 799 1236 833 instituta
1255 801 1293 833 ab
1314 801 1499 834 Innocentio
1516 802 1559 840 X,
1577 799 1682 840 655a3
1707 810 1725 832 a
1737 798 1901 840 §leniente
1919 798 1958 831 lX

506 858 727 897 confirmatur,
755 855 819 889 655
844 856 872 888 b.

418 911 629 957 Congregatio
654 909 865 943 cardinalium
893 908 989 942 rebus
1008 907 1285 942 consistorialibus
1309 908 1501 951 praeposita,
1519 906 1583 940 825
1604 918 1640 947 α;
1669 906 1769 950 ipsius
1793 906 1958 939 decretum

506 976 564 1010 pro
587 964 722 997 dioecesi
747 962 904 1006 Burgensi
930 960 1140 1005 approbatur,
1168 961 1246 993 ibid.

420 1019 628 1064 Congregatio
652 1016 859 1060 indulgentiis
884 1022 914 1049 et.
939 1016 1035 1049 sacris
1060 1014 1177 1048 ritibus
1203 1015 1385 1059 praeposita
1410 1015 1529 1048 Romae
1553 1014 1698 1057 erigitur,
1719 1012 1782 1047 805
1799 1024 1818 1045 α
1842 1018 1872 1045 et
1894 1023 1957 1055 seq.

421 1073 689 1118 Congregationes
721 1071 888 1113 religiosae
917 1070 1073 1112 (reliquas
1105 1079 1184 1112 quae
1216 1069 1268 1102 hic
1301 1079 1364 1102 non
1396 1072 1599 1101 recensentur
1630 1068 1758 1110 require
1791 1065 1845 1098 sub
1874 1064 1962 1097 verbo

510 1127 641 1162 Ordines
666 1124 805 1168 religiosi
824 1124 872 1157 vel
892 1122 946 1156 sub
968 1123 1057 1155 titulo
1077 1122 1237 1165 proprio).

423 1180 633 1226 Congregatio
657 1180 690 1212 B.
716 1178 822 1211 iacobi
847 1176 956 1211 Veneti
982 1176 1118 1219 erigitur
1142 1176 1202 1209 sub
1227 1174 1365 1219 regulari
1390 1173 1590 1207 observantia
1610 1173 1669 1206 PP.
1687 1171 1959 1213 praedicatorum,

511 1235 576 1268 4102
602 1244 634 1273 α,
660 1233 730 1266 tide
755 1231 839 1265 Ordo
865 1229 1138 1263 Praedicatorum.

420 1311 462 1316 —
489 1288 718 1324 canonicorum
742 1284 939 1329 regularium
963 1283 993 1316 S.
1020 1282 1144 1325 Georgii
1179 1282 1211 1314 in
1243 1282 1321 1324 Alga
1352 1281 1558 1313 Venetiarum
1591 1278 1813 1323 supprimitur,
1841 1277 1902 1311 737
1927 1278 1963 1319 b3

509 1343 658 1385 illiusque
680 1340 766 1372 bona
801 1338 1004 1381 applicantur
1039 1336 1243 1379 Reipublicae
1267 1334 1470 1368 venetiarum
1500 1343 1558 1376 pro
1587 1333 1671 1366 bello
1696 1337 1807 1365 eontra
1832 1331 1961 1371 Tureas,

510 1395 573 1429 739
598 1395 614 1427 b
639 1399 670 1426 et
693 1403 773 1436 seq.;
800 1397 831 1424 et
856 1389 918 1423 748
943 1401 981 1427 α;
1008 1390 1086 1422 item
1111 1399 1170 1432 pro
1196 1387 1382 1420 defensione
1406 1385 1541 1421 civitatis
1565 1391 1596 1419 et
1621 1384 1709 1429 regni
1729 1384 1880 1425 Candiae,
1901 1382 1959 1417 781

511 1462 530 1483 α
554 1455 584 1484 et
609 1460 658 1491 seq
680 1475 686 1488 ‚
711 1447 782 1480 vide
808 1445 935 1488 Georgii
961 1444 1023 1485 (S.)
1049 1444 1082 1475 in
1105 1443 1193 1485 Alga.

424 1526 465 1531 ——
491 1503 721 1538 canonicorum
747 1499 944 1543 regularium
962 1497 1015 1530 SS.
1033 1495 1204 1530 Salvatoris
1221 1494 1262 1527 66
1280 1505 1298 1526 α
1313 1505 1322 1530 ,’
1347 1492 1498 1526 statuitur
1515 1493 1601 1536 quod
1621 1493 1722 1535 spolia
1741 1491 1964 1525 defunctorum

511 1555 740 1591 canonicorum
765 1552 973 1596 regularium·
992 1549 1135 1582 eiusdem
1169 1547 1428 1590 congregationis
1458 1546 1716 1579 transmittantur
1741 1545 1780 1578 ad
1812 1556 1966 1589 procura-

512 1616 614 1644 torem
640 1607 820 1651 generalem
844 1605 943 1649 ipsius
969 1614 1025 1647 pro
1046 1601 1160 1634 debitis
1186 1600 1358 1639 solvendis,
1384 1600 1477 1639 2'bz'd.;
1510 1600 1617 1632 abbati
1650 1599 1791 1643 generali
1816 1598 1965 1632 concedi-

513 1670 565 1697 tur
590 1662 712 1695 deferre
736 1660 882 1692 habitum
899 1655 1124 1701 praelatitium‚
1143 1653 1237 1693 ibicls,
1258 1654 1459 1697 procuratori
1481 1652 1622 1696 generali
1647 1653 1736 1686 locus
1751 1651 1876 1697 primus
1895 1657 1966 1696 post

513 1715 653 1759 priorem
676 1712 867 1755 assignatur,
896 1708 958 1742 779
983 1709 1009 1741 b.

425 1791 466 1795 —
491 1770 680 1803 clericorum
712 1765 911 1809 regularium
944 1764 1102 1797 Minorum
1126 1764 1157 1796 in
1184 1763 1280 1795 domo
1317 1761 1347 1795 S.
1377 1760 1537 1794 Laurentii
1567 1759 1600 1792 in
1625 1760 1744 1794 Lucina
1776 1760 1815 1793 de
1839 1759 1924 1793 Urbe
1947 1770 1965 1792 a

511 1823 597 1857 Sixto
622 1823 707 1864 Papa
730 1820 753 1851 V
779 1818 944 1857 instituta,
972 1816 1035 1850 199
1060 1827 1098 1856 α;
1126 1816 1196 1849 cius
1229 1815 1430 1860 praepositus
1461 1814 1617 1857 generalis
1648 1814 1687 1846 ad
1724 1814 1818 1846 vitam
1851 1812 1967 1847 durare

514 1875 659 1914 debebat,
690 1871 750 1905 199
776 1882 796 1903 α
822 1876 853 1904 et
877 1870 912 1911 lr,
940 1869 1133 1902 mutationes
1158 1867 1274 1901 deinde
1300 1868 1453 1902 inductae
1484 1873 1691 1907 revocantur,
1717 1866 1782 1900 199
1806 1866 1822 1899 b
1848 1871 1878 1900 et
1902 1878 1964 1910 seq.

425 1951 466 1955 -—
492 1928 684 1963 elericorum
709 1925 901 1968 regularium
926 1922 956 1955 S.
985 1923 1075 1955 Pauli
1100 1922 1251 1956 Decollati
1271 1920 1289 1954 8
1307 1922 1343 1959 [23
1364 1927 1398 1955 ut
1415 1921 1618 1965 praepositus
1635 1921 1792 1964 generalis
1811 1921 1873 1953 una
1891 1930 1965 1954 eum

514 1980 736 2016 assistentibus
760 1976 1027 2022 congregationi5‚
1047 1976 1183 2009 resideat
1201 1975 1231 2008 in
1258 1974 1393 2017 collegio
1419 1974 1448 2007 S.
1470 1974 1571 2008 Caroli
1591 1974 1629 2006 de
1647 1973 1812 2007 Catinariis
1831 1973 1869 2005 de
1885 1974 1969 2007 Urbe

512 2036 698 2077 indulgetur
722 2032 761 2065 ad
787 2030 1062 2076 quinquennium,
1088 2030 1181 2068 ibid.;
1203 2029 1247 2063 ibi
1273 2030 1387 2062 fixatur
1412 2028 1503 2062 sedes
1524 2028 1610 2061 illius
1636 2037 1694 2071 pro
1719 2037 1853 2070 semper,
1882 2026 1901 2060 9
1926 2038 1968 2066 ct3

517 2091 549 2123 in
574 2090 687 2122 eodem
713 2087 848 2129 collegio
872 2084 1052 2118 habeantur
1076 2083 1215 2126 capitula
1242 2082 1401 2124 generalia
1434 2080 1706 2124 congregationis,
1726 2086 1756 2113 et
1775 2090 1839 2112 non
1857 2080 1896 2112 sit
1914 2079 1970 2111 ali-

518 2144 608 2177 cuius
634 2141 815 2185 provinciae
840 2139 942 2171 dictae
960 2136 1228 2181 congregationis,
1248 2135 1302 2168 sed
1320 2135 1506 2168 immediate
1530 2133 1693 2167 subiaceat
1718 2132 1900 2176 praeposito
1917 2143 1970 2175 ge-

484 2225 490 2230 .
519 2195 762 2236 ne1vati,ibtsl.;
797 2194 836 2226 de
867 2191 1075 2225 electionibus
1112 2194 1143 2222 et
1174 2189 1354 2223 officiorum
1389 2198 1491 2232 aequa
1527 2186 1751 2220 distributione
1786 2190 1971 2218 statuuntur

517 2251 628 2295 plura,
659 2249 678 2282 9
708 2249 743 2289 lr,
779 2247 950 2281 nonnullae
976 2245 1195 2278 ordinationes
1228 2254 1286 2287 pro
1312 2242 1394 2276 felici
1420 2247 1505 2276 statu
1530 2240 1675 2274 eiusdem
1700 2238 1968 2282 congregationis,

520 2302 563 2336 10
587 2315 606 2336 α
631 2309 660 2336 et
684 2313 745 2346 seq.

432 2377 473 2381 —-
499 2357 690 2391 elericorum
715 2353 909 2388 secularium
935 2351 1104 2386 Doctrinae
1130 2350 1326 2383 Christianae
1351 2350 1382 2383 in
1408 2348 1506 2383 Gallia
1532 2348 1695 2392 quomodo
1719 2346 1862 2388 eligendi*
1879 2355 1972 2379 voca-

521 2411 564 2443 les
590 2409 719 2452 eapituli
747 2408 918 2452 generalis,
946 2406 986 2439 55
1011 2406 1047 2445 ἰν,
1079 2403 1215 2447 singulis
1232 2403 1378 2436 trienniis
1404 2403 1520 2435 habeat
1544 2400 1683 2444 capitula
1704 2399 1922 2444 provincialia,
1944 2405 1974 2433 et

521 2463 654 2505 singulis
679 2461 839 2495 sexenniis
864 2460 1040 2504 capitulum
1073 2457 1223 2502 generale
1248 2458 1316 2490 loco
1341 2461 1371 2489 et
1402 2461 1545 2498 tempore
1570 2466 1587 2487 a
1619 2453 1801 2497 praeposito
1833 2452 1976 2495 generali

522 2515 737 2557 designandis,
756 2514 815 2547 0:81
845 2514 880 2551 ἰν,
906 2518 1012 2556 patres
1028 2511 1197 2545 Doctrinae
1222 2510 1420 2545 Christianae
1443 2508 1531 2552 regni
1555 2506 1701 2551 Neapolis
1723 2506 1878 2540 uniuntur
1892 2505 1974 2538 Con-

522 2568 701 2611 gregationi
727 2568 898 2607 Romanae,
925 2565 989 2599 485
1014 2566 1030 2597 I)
1055 2571 1085 2598 et
1108 2576 1168 2608 seq.

436 2642 477 2646 —-
503 2622 634 2655 fratrum
660 2621 690 2654 S.
719 2621 902 2664 Hieronymi
929 2621 968 2653 de
993 2619 1117 2653 Fesulis
1146 2617 1378 2663 supprimitur,
1409 2615 1471 2649 737
1498 2616 1536 2655 b·,
1568 2615 1734 2658 ipsiusque
1760 2612 1843 2645 bona
1868 2611 1971 2655 appli-

524 2680 637 2709 cantur
660 2674 866 2719 Reipublicae
890 2674 1025 2706 Venetae
1049 2683 1107 2718 pro
1131 2672 1216 2705 hello
1241 2676 1352 2706 contra
1369 2671 1499 2711 Turcas,
1521 2667 1584 2702 739
1603 2668 1619 2700 b
1643 2672 1674 2701 et
1698 2677 1779 2711 seq.·‚
1798 2665 1874 2700 item
1890 2665 1975 2701 bona
