<?xml version="1.0" encoding="UTF-8"?>
<!DOCTYPE html PUBLIC "-//W3C//DTD XHTML 1.0 Transitional//EN"
    "http://www.w3.org/TR/xhtml1/DTD/xhtml1-transitional.dtd">
<html xmlns="http://www.w3.org/1999/xhtml" xml:lang="en" lang="en">
 <head>
  <title>
</title>
<meta http-equiv="Content-Type" content="text/html;charset=utf-8" />
  <meta name='ocr-system' content='tesseract 3.04.00' />
  <meta name='ocr-capabilities' content='ocr_page ocr_carea ocr_par ocr_line ocrx_word'/>
</head>
<body>
  <div class='ocr_page' id='page_1' title='image "./bullarumdiplomat17cath_0913.png"; bbox 0 0 2247 3208; ppageno 0'>
   <div class='ocr_carea' id='block_1_1' title="bbox 131 239 318 269">
    <p class='ocr_par' dir='ltr' id='par_1_1' title="bbox 131 239 318 269">
     <span class='ocr_line' id='line_1_1' title="bbox 131 239 318 269; baseline -0.016 0"><span class='ocrx_word' id='word_1_1' title='bbox 131 240 185 269; x_wconf 70' lang='lat' dir='ltr'>An.</span> <span class='ocrx_word' id='word_1_2' title='bbox 202 239 230 267; x_wconf 92' lang='lat' dir='ltr'>C.</span> <span class='ocrx_word' id='word_1_3' title='bbox 255 239 318 267; x_wconf 61' lang='lat'>1869</span> 
     </span>
    </p>
   </div>
   <div class='ocr_carea' id='block_1_2' title="bbox 153 619 293 640">
    <p class='ocr_par' dir='ltr' id='par_1_2' title="bbox 153 619 293 640">
     <span class='ocr_line' id='line_1_2' title="bbox 153 619 293 640; baseline -0.014 0"><span class='ocrx_word' id='word_1_4' title='bbox 153 619 293 640; x_wconf 65' lang='lat' dir='ltr'>Pium-mium.</span> 
     </span>
    </p>
   </div>
   <div class='ocr_carea' id='block_1_3' title="bbox 148 1673 236 1694">
    <p class='ocr_par' dir='ltr' id='par_1_3' title="bbox 148 1673 236 1694">
     <span class='ocr_line' id='line_1_3' title="bbox 148 1673 236 1694; baseline 0.011 -1"><span class='ocrx_word' id='word_1_5' title='bbox 148 1673 236 1694; x_wconf 52' lang='lat' dir='ltr'>Llniivst.</span> 
     </span>
    </p>
   </div>
   <div class='ocr_carea' id='block_1_4' title="bbox 953 237 1222 262">
    <p class='ocr_par' dir='ltr' id='par_1_4' title="bbox 953 237 1222 262">
     <span class='ocr_line' id='line_1_4' title="bbox 953 237 1222 262; baseline -0.004 -1"><span class='ocrx_word' id='word_1_6' title='bbox 953 237 1097 262; x_wconf 70' lang='lat' dir='ltr'><strong>CIEMENS</strong></span> <span class='ocrx_word' id='word_1_7' title='bbox 1120 237 1151 261; x_wconf 74' lang='lat' dir='ltr'>tx</span> <span class='ocrx_word' id='word_1_8' title='bbox 1174 237 1222 261; x_wconf 68' lang='lat' dir='ltr'>Pr.</span> 
     </span>
    </p>
   </div>
   <div class='ocr_carea' id='block_1_5' title="bbox 321 285 1058 456">
    <p class='ocr_par' dir='ltr' id='par_1_5' title="bbox 321 285 1058 456">
     <span class='ocr_line' id='line_1_5' title="bbox 643 285 742 321; baseline -0.02 0"><span class='ocrx_word' id='word_1_9' title='bbox 643 285 742 321; x_wconf 69' lang='lat' dir='ltr'>cxlv.</span> 
     </span>
     <span class='ocr_line' id='line_1_6' title="bbox 321 358 1058 404; baseline -0.001 -13"><span class='ocrx_word' id='word_1_10' title='bbox 321 358 446 404; x_wconf 76' lang='lat' dir='ltr'>Erectio</span> <span class='ocrx_word' id='word_1_11' title='bbox 482 359 742 402; x_wconf 68' lang='lat' dir='ltr'>conqrcqationis</span> <span class='ocrx_word' id='word_1_12' title='bbox 777 358 995 401; x_wconf 59' lang='lat' dir='ltr'>indumentiis</span> <span class='ocrx_word' id='word_1_13' title='bbox 1029 362 1058 390; x_wconf 81' lang='lat' dir='ltr'>et</span> 
     </span>
     <span class='ocr_line' id='line_1_7' title="bbox 364 411 877 456; baseline 0.002 -13"><span class='ocrx_word' id='word_1_14' title='bbox 364 411 466 444; x_wconf 72' lang='lat' dir='ltr'>sacris</span> <span class='ocrx_word' id='word_1_15' title='bbox 490 412 642 455; x_wconf 73' lang='lat' dir='ltr'>reliquiis</span> <span class='ocrx_word' id='word_1_16' title='bbox 666 412 877 456; x_wconf 72' lang='lat' dir='ltr'>praepositae.</span> 
     </span>
    </p>
   </div>
   <div class='ocr_carea' id='block_1_6' title="bbox 437 492 936 570">
    <p class='ocr_par' dir='ltr' id='par_1_6' title="bbox 437 492 936 570">
     <span class='ocr_line' id='line_1_8' title="bbox 531 492 845 525; baseline 0 -7"><span class='ocrx_word' id='word_1_17' title='bbox 531 492 665 519; x_wconf 85' lang='lat' dir='ltr'>Clemens</span> <span class='ocrx_word' id='word_1_18' title='bbox 687 492 765 525; x_wconf 85' lang='lat' dir='ltr'>Papa</span> <span class='ocrx_word' id='word_1_19' title='bbox 791 492 845 523; x_wconf 82' lang='lat' dir='ltr'>lx,</span> 
     </span>
     <span class='ocr_line' id='line_1_9' title="bbox 437 535 936 570; baseline -0.004 -7"><span class='ocrx_word' id='word_1_20' title='bbox 437 536 472 563; x_wconf 83' lang='lat' dir='ltr'>ad</span> <span class='ocrx_word' id='word_1_21' title='bbox 495 540 670 570; x_wconf 83' lang='lat' dir='ltr'>perpetuam</span> <span class='ocrx_word' id='word_1_22' title='bbox 691 536 735 562; x_wconf 83' lang='lat' dir='ltr'>rei</span> <span class='ocrx_word' id='word_1_23' title='bbox 757 535 936 562; x_wconf 85' lang='lat' dir='ltr'>memoriam.</span> 
     </span>
    </p>
   </div>
   <div class='ocr_carea' id='block_1_7' title="bbox 315 605 1058 2662">
    <p class='ocr_par' dir='ltr' id='par_1_7' title="bbox 316 605 1058 1656">
     <span class='ocr_line' id='line_1_10' title="bbox 364 605 1055 650; baseline -0.003 -11"><span class='ocrx_word' id='word_1_24' title='bbox 364 606 398 639; x_wconf 95' lang='lat' dir='ltr'>In</span> <span class='ocrx_word' id='word_1_25' title='bbox 413 606 492 650; x_wconf 86' lang='lat' dir='ltr'>ipsis</span> <span class='ocrx_word' id='word_1_26' title='bbox 506 606 709 650; x_wconf 76' lang='lat' dir='ltr'>pontificatus</span> <span class='ocrx_word' id='word_1_27' title='bbox 729 606 832 639; x_wconf 80' lang='lat' dir='ltr'>nostri</span> <span class='ocrx_word' id='word_1_28' title='bbox 858 605 1055 649; x_wconf 74' lang='lat' dir='ltr'><strong>primordiis,</strong></span> 
     </span>
     <span class='ocr_line' id='line_1_11' title="bbox 320 659 1058 693; baseline 0 -2"><span class='ocrx_word' id='word_1_29' title='bbox 320 670 390 693; x_wconf 77' lang='lat' dir='ltr'>cum</span> <span class='ocrx_word' id='word_1_30' title='bbox 406 661 521 693; x_wconf 83' lang='lat' dir='ltr'>multas</span> <span class='ocrx_word' id='word_1_31' title='bbox 535 659 769 693; x_wconf 77' lang='lat' dir='ltr'>venerabilium</span> <span class='ocrx_word' id='word_1_32' title='bbox 783 659 914 691; x_wconf 77' lang='lat' dir='ltr'>fratrum</span> <span class='ocrx_word' id='word_1_33' title='bbox 933 663 1058 691; x_wconf 84' lang='lat' dir='ltr'>nostro-</span> 
     </span>
     <span class='ocr_line' id='line_1_12' title="bbox 321 712 1057 746; baseline -0.001 -1"><span class='ocrx_word' id='word_1_34' title='bbox 321 724 390 745; x_wconf 90' lang='lat' dir='ltr'>rum</span> <span class='ocrx_word' id='word_1_35' title='bbox 404 718 532 746; x_wconf 75' lang='lat' dir='ltr'>sanctae</span> <span class='ocrx_word' id='word_1_36' title='bbox 551 712 713 745; x_wconf 82' lang='lat' dir='ltr'>Romanae</span> <span class='ocrx_word' id='word_1_37' title='bbox 731 712 891 744; x_wconf 82' lang='lat' dir='ltr'>Ecclesiae</span> <span class='ocrx_word' id='word_1_38' title='bbox 909 712 1057 744; x_wconf 77' lang='lat' dir='ltr'>cardina—</span> 
     </span>
     <span class='ocr_line' id='line_1_13' title="bbox 319 765 1055 807; baseline -0.001 -9"><span class='ocrx_word' id='word_1_39' title='bbox 319 765 395 798; x_wconf 84' lang='lat' dir='ltr'>lium</span> <span class='ocrx_word' id='word_1_40' title='bbox 422 766 689 807; x_wconf 70' lang='lat' dir='ltr'>congregationes</span> <span class='ocrx_word' id='word_1_41' title='bbox 711 765 749 797; x_wconf 87' lang='lat' dir='ltr'>ad</span> <span class='ocrx_word' id='word_1_42' title='bbox 770 770 930 797; x_wconf 85' lang='lat' dir='ltr'>certarum</span> <span class='ocrx_word' id='word_1_43' title='bbox 948 776 1055 797; x_wconf 74' lang='lat' dir='ltr'>rerum</span> 
     </span>
     <span class='ocr_line' id='line_1_14' title="bbox 319 817 1055 860; baseline 0 -10"><span class='ocrx_word' id='word_1_44' title='bbox 319 824 351 850; x_wconf 81' lang='lat' dir='ltr'>ct</span> <span class='ocrx_word' id='word_1_45' title='bbox 368 818 572 860; x_wconf 76' lang='lat' dir='ltr'>negotiorum</span> <span class='ocrx_word' id='word_1_46' title='bbox 590 817 622 849; x_wconf 91' lang='lat' dir='ltr'>in</span> <span class='ocrx_word' id='word_1_47' title='bbox 642 817 871 860; x_wconf 87' lang='lat' dir='ltr'>amplissimum</span> <span class='ocrx_word' id='word_1_48' title='bbox 892 817 1055 851; x_wconf 82' lang='lat' dir='ltr'>Romanae</span> 
     </span>
     <span class='ocr_line' id='line_1_15' title="bbox 318 870 1056 913; baseline 0.001 -12"><span class='ocrx_word' id='word_1_49' title='bbox 318 871 425 903; x_wconf 86' lang='lat' dir='ltr'>curiae</span> <span class='ocrx_word' id='word_1_50' title='bbox 451 871 575 902; x_wconf 84' lang='lat' dir='ltr'>alveum</span> <span class='ocrx_word' id='word_1_51' title='bbox 602 880 639 902; x_wconf 58' lang='lat' dir='ltr'>ex</span> <span class='ocrx_word' id='word_1_52' title='bbox 665 870 815 902; x_wconf 85' lang='lat' dir='ltr'>omnibus</span> <span class='ocrx_word' id='word_1_53' title='bbox 840 870 951 903; x_wconf 86' lang='lat' dir='ltr'>mundi</span> <span class='ocrx_word' id='word_1_54' title='bbox 986 881 1056 913; x_wconf 87' lang='lat' dir='ltr'>par—</span> 
     </span>
     <span class='ocr_line' id='line_1_16' title="bbox 318 922 1055 956; baseline 0.003 -2"><span class='ocrx_word' id='word_1_55' title='bbox 318 922 401 955; x_wconf 88' lang='lat' dir='ltr'>tibus</span> <span class='ocrx_word' id='word_1_56' title='bbox 425 922 555 955; x_wconf 82' lang='lat' dir='ltr'>assidue</span> <span class='ocrx_word' id='word_1_57' title='bbox 576 923 809 955; x_wconf 76' lang='lat' dir='ltr'>confluentium</span> <span class='ocrx_word' id='word_1_58' title='bbox 832 923 1055 956; x_wconf 71' lang='lat' dir='ltr'>tractationem</span> 
     </span>
     <span class='ocr_line' id='line_1_17' title="bbox 317 975 1056 1018; baseline 0.001 -11"><span class='ocrx_word' id='word_1_59' title='bbox 317 981 413 1018; x_wconf 84' lang='lat' dir='ltr'>atque</span> <span class='ocrx_word' id='word_1_60' title='bbox 441 975 746 1008; x_wconf 84' lang='lat' dir='ltr'>determinationem</span> <span class='ocrx_word' id='word_1_61' title='bbox 780 987 796 1008; x_wconf 83' lang='lat' dir='ltr'>a</span> <span class='ocrx_word' id='word_1_62' title='bbox 822 976 920 1009; x_wconf 78' lang='lat' dir='ltr'>felicis</span> <span class='ocrx_word' id='word_1_63' title='bbox 946 987 1056 1010; x_wconf 81' lang='lat' dir='ltr'>recor-</span> 
     </span>
     <span class='ocr_line' id='line_1_18' title="bbox 318 1028 1056 1072; baseline 0.003 -12"><span class='ocrx_word' id='word_1_64' title='bbox 318 1028 456 1061; x_wconf 81' lang='lat' dir='ltr'>dationis</span> <span class='ocrx_word' id='word_1_65' title='bbox 472 1029 624 1062; x_wconf 78' lang='lat' dir='ltr'>Romanis</span> <span class='ocrx_word' id='word_1_66' title='bbox 638 1029 847 1062; x_wconf 74' lang='lat' dir='ltr'>Pontificibus</span> <span class='ocrx_word' id='word_1_67' title='bbox 862 1030 1056 1072; x_wconf 76' lang='lat' dir='ltr'>praedeces-</span> 
     </span>
     <span class='ocr_line' id='line_1_19' title="bbox 317 1081 1053 1116; baseline 0.003 -3"><span class='ocrx_word' id='word_1_68' title='bbox 317 1081 443 1114; x_wconf 84' lang='lat' dir='ltr'>soribus</span> <span class='ocrx_word' id='word_1_69' title='bbox 469 1082 589 1115; x_wconf 85' lang='lat' dir='ltr'>nostris</span> <span class='ocrx_word' id='word_1_70' title='bbox 614 1083 653 1115; x_wconf 91' lang='lat' dir='ltr'>ad</span> <span class='ocrx_word' id='word_1_71' title='bbox 678 1082 840 1115; x_wconf 71' lang='lat' dir='ltr'>Ecclesiae</span> <span class='ocrx_word' id='word_1_72' title='bbox 874 1083 1053 1116; x_wconf 83' lang='lat' dir='ltr'>catholicae</span> 
     </span>
     <span class='ocr_line' id='line_1_20' title="bbox 317 1134 1054 1178; baseline 0.004 -12"><span class='ocrx_word' id='word_1_73' title='bbox 317 1145 352 1166; x_wconf 86' lang='lat' dir='ltr'>ac</span> <span class='ocrx_word' id='word_1_74' title='bbox 377 1134 508 1167; x_wconf 86' lang='lat' dir='ltr'>ditionis</span> <span class='ocrx_word' id='word_1_75' title='bbox 534 1136 722 1178; x_wconf 80' lang='lat' dir='ltr'>temporalis</span> <span class='ocrx_word' id='word_1_76' title='bbox 753 1136 897 1169; x_wconf 79' lang='lat' dir='ltr'>ciusdem</span> <span class='ocrx_word' id='word_1_77' title='bbox 925 1141 1054 1169; x_wconf 84' lang='lat' dir='ltr'>sanctae</span> 
     </span>
     <span class='ocr_line' id='line_1_21' title="bbox 317 1187 1054 1232; baseline 0.003 -13"><span class='ocrx_word' id='word_1_78' title='bbox 317 1187 480 1220; x_wconf 75' lang='lat' dir='ltr'>Romanae</span> <span class='ocrx_word' id='word_1_79' title='bbox 508 1188 669 1221; x_wconf 72' lang='lat' dir='ltr'>Ecclesiae</span> <span class='ocrx_word' id='word_1_80' title='bbox 698 1189 867 1221; x_wconf 89' lang='lat' dir='ltr'>utilitatem</span> <span class='ocrx_word' id='word_1_81' title='bbox 902 1190 1054 1232; x_wconf 87' lang='lat' dir='ltr'>prudenti</span> 
     </span>
     <span class='ocr_line' id='line_1_22' title="bbox 317 1240 1056 1285; baseline 0.003 -13"><span class='ocrx_word' id='word_1_82' title='bbox 317 1240 505 1283; x_wconf 83' lang='lat' dir='ltr'>salubrique</span> <span class='ocrx_word' id='word_1_83' title='bbox 533 1241 666 1274; x_wconf 86' lang='lat' dir='ltr'>oonsilio</span> <span class='ocrx_word' id='word_1_84' title='bbox 692 1241 854 1274; x_wconf 83' lang='lat' dir='ltr'>institutas</span> <span class='ocrx_word' id='word_1_85' title='bbox 882 1242 1056 1285; x_wconf 85' lang='lat' dir='ltr'>reperisse-</span> 
     </span>
     <span class='ocr_line' id='line_1_23' title="bbox 316 1294 1053 1338; baseline 0.004 -14"><span class='ocrx_word' id='word_1_86' title='bbox 316 1303 394 1333; x_wconf 78' lang='lat' dir='ltr'>mus,</span> <span class='ocrx_word' id='word_1_87' title='bbox 422 1304 501 1336; x_wconf 89' lang='lat' dir='ltr'>quae</span> <span class='ocrx_word' id='word_1_88' title='bbox 521 1294 759 1326; x_wconf 81' lang='lat' dir='ltr'>incumbentem</span> <span class='ocrx_word' id='word_1_89' title='bbox 779 1295 871 1327; x_wconf 82' lang='lat' dir='ltr'>uobis</span> <span class='ocrx_word' id='word_1_90' title='bbox 892 1295 1053 1338; x_wconf 77' lang='lat' dir='ltr'>ingentem</span> 
     </span>
     <span class='ocr_line' id='line_1_24' title="bbox 316 1348 1054 1391; baseline 0.003 -13"><span class='ocrx_word' id='word_1_91' title='bbox 316 1356 466 1379; x_wconf 79' lang='lat' dir='ltr'>curarum</span> <span class='ocrx_word' id='word_1_92' title='bbox 493 1348 612 1380; x_wconf 84' lang='lat' dir='ltr'>molem</span> <span class='ocrx_word' id='word_1_93' title='bbox 637 1358 696 1390; x_wconf 89' lang='lat' dir='ltr'>pro</span> <span class='ocrx_word' id='word_1_94' title='bbox 722 1350 779 1380; x_wconf 78' lang='lat' dir='ltr'>sua</span> <span class='ocrx_word' id='word_1_95' title='bbox 798 1358 944 1391; x_wconf 83' lang='lat' dir='ltr'>quaeque</span> <span class='ocrx_word' id='word_1_96' title='bbox 963 1353 1054 1391; x_wconf 86' lang='lat' dir='ltr'>parte</span> 
     </span>
     <span class='ocr_line' id='line_1_25' title="bbox 316 1399 1056 1439; baseline 0.004 -9"><span class='ocrx_word' id='word_1_97' title='bbox 316 1399 535 1439; x_wconf 77' lang='lat' dir='ltr'>sublevarent3</span> <span class='ocrx_word' id='word_1_98' title='bbox 562 1401 682 1432; x_wconf 86' lang='lat' dir='ltr'>nullam</span> <span class='ocrx_word' id='word_1_99' title='bbox 708 1405 816 1433; x_wconf 89' lang='lat' dir='ltr'>tamen</span> <span class='ocrx_word' id='word_1_100' title='bbox 843 1401 950 1433; x_wconf 87' lang='lat' dir='ltr'>adbuc</span> <span class='ocrx_word' id='word_1_101' title='bbox 969 1412 1056 1433; x_wconf 80' lang='lat' dir='ltr'>erec-</span> 
     </span>
     <span class='ocr_line' id='line_1_26' title="bbox 318 1452 1056 1496; baseline 0.004 -13"><span class='ocrx_word' id='word_1_102' title='bbox 318 1457 378 1483; x_wconf 89' lang='lat' dir='ltr'>tam</span> <span class='ocrx_word' id='word_1_103' title='bbox 405 1452 594 1491; x_wconf 85' lang='lat' dir='ltr'>videremus,</span> <span class='ocrx_word' id='word_1_104' title='bbox 622 1463 703 1495; x_wconf 87' lang='lat' dir='ltr'>quae</span> <span class='ocrx_word' id='word_1_105' title='bbox 729 1453 809 1485; x_wconf 80' lang='lat' dir='ltr'>sacri</span> <span class='ocrx_word' id='word_1_106' title='bbox 837 1453 1056 1496; x_wconf 77' lang='lat' dir='ltr'>indulgentia-</span> 
     </span>
     <span class='ocr_line' id='line_1_27' title="bbox 317 1505 1056 1549; baseline 0.001 -12"><span class='ocrx_word' id='word_1_107' title='bbox 317 1515 387 1537; x_wconf 79' lang='lat' dir='ltr'>rum</span> <span class='ocrx_word' id='word_1_108' title='bbox 416 1505 558 1538; x_wconf 86' lang='lat' dir='ltr'>thesauri</span> <span class='ocrx_word' id='word_1_109' title='bbox 585 1516 680 1538; x_wconf 85' lang='lat' dir='ltr'>curae</span> <span class='ocrx_word' id='word_1_110' title='bbox 699 1511 730 1538; x_wconf 87' lang='lat' dir='ltr'>et</span> <span class='ocrx_word' id='word_1_111' title='bbox 748 1506 990 1549; x_wconf 85' lang='lat' dir='ltr'>dispensationi,</span> <span class='ocrx_word' id='word_1_112' title='bbox 1009 1518 1056 1539; x_wconf 84' lang='lat' dir='ltr'>sa-</span> 
     </span>
     <span class='ocr_line' id='line_1_28' title="bbox 317 1558 1055 1601; baseline 0.004 -12"><span class='ocrx_word' id='word_1_113' title='bbox 317 1568 507 1601; x_wconf 83' lang='lat' dir='ltr'>crarumque</span> <span class='ocrx_word' id='word_1_114' title='bbox 523 1558 734 1601; x_wconf 85' lang='lat' dir='ltr'>reliquiarum</span> <span class='ocrx_word' id='word_1_115' title='bbox 750 1560 976 1601; x_wconf 67' lang='lat' dir='ltr'>recognitioni,</span> <span class='ocrx_word' id='word_1_116' title='bbox 992 1560 1055 1592; x_wconf 91' lang='lat' dir='ltr'>dis-</span> 
     </span>
     <span class='ocr_line' id='line_1_29' title="bbox 317 1611 954 1656; baseline 0.003 -13"><span class='ocrx_word' id='word_1_117' title='bbox 317 1611 482 1654; x_wconf 83' lang='lat' dir='ltr'>quisitioni</span> <span class='ocrx_word' id='word_1_118' title='bbox 508 1612 711 1656; x_wconf 83' lang='lat' dir='ltr'>peculialiter</span> <span class='ocrx_word' id='word_1_119' title='bbox 731 1613 954 1645; x_wconf 85' lang='lat' dir='ltr'>incumberet:</span> 
     </span>
    </p>

    <p class='ocr_par' dir='ltr' id='par_1_8' title="bbox 315 1665 1056 2662">
     <span class='ocr_line' id='line_1_30' title="bbox 361 1665 1042 1708; baseline 0.003 -11"><span class='ocrx_word' id='word_1_120' title='bbox 361 1666 375 1708; x_wconf 61' lang='grc' dir='ltr'>ἓ</span> <span class='ocrx_word' id='word_1_121' title='bbox 394 1665 424 1697; x_wconf 79' lang='lat' dir='ltr'>l.</span> <span class='ocrx_word' id='word_1_122' title='bbox 443 1665 518 1701; x_wconf 73' lang='lat' dir='ltr'>Nos,</span> <span class='ocrx_word' id='word_1_123' title='bbox 533 1665 682 1698; x_wconf 84' lang='lat' dir='ltr'>eumdem</span> <span class='ocrx_word' id='word_1_124' title='bbox 701 1666 970 1699; x_wconf 80' lang='lat' dir='ltr'>inaestimabilem</span> <span class='ocrx_word' id='word_1_125' title='bbox 989 1667 1042 1699; x_wconf 86' lang='lat' dir='ltr'>tbe</span> 
     </span>
     <span class='ocr_line' id='line_1_31' title="bbox 317 1718 1056 1762; baseline 0.003 -12"><span class='ocrx_word' id='word_1_126' title='bbox 317 1729 445 1750; x_wconf 81' lang='lat' dir='ltr'>sauruni</span> <span class='ocrx_word' id='word_1_127' title='bbox 472 1718 561 1751; x_wconf 81' lang='lat' dir='ltr'>fideli</span> <span class='ocrx_word' id='word_1_128' title='bbox 587 1718 828 1761; x_wconf 78' lang='lat' dir='ltr'>dispensatione</span> <span class='ocrx_word' id='word_1_129' title='bbox 854 1730 999 1762; x_wconf 75' lang='lat' dir='ltr'>erogare,</span> <span class='ocrx_word' id='word_1_130' title='bbox 1025 1726 1056 1752; x_wconf 84' lang='lat' dir='ltr'>et</span> 
     </span>
     <span class='ocr_line' id='line_1_32' title="bbox 317 1771 1053 1814; baseline 0.003 -11"><span class='ocrx_word' id='word_1_131' title='bbox 317 1771 432 1809; x_wconf 84' lang='lat' dir='ltr'>omnia,</span> <span class='ocrx_word' id='word_1_132' title='bbox 459 1781 541 1814; x_wconf 84' lang='lat' dir='ltr'>quae</span> <span class='ocrx_word' id='word_1_133' title='bbox 568 1781 672 1803; x_wconf 84' lang='lat' dir='ltr'>sacras</span> <span class='ocrx_word' id='word_1_134' title='bbox 697 1771 852 1814; x_wconf 70' lang='lat' dir='ltr'>reliquias</span> <span class='ocrx_word' id='word_1_135' title='bbox 870 1772 1053 1805; x_wconf 81' lang='lat' dir='ltr'>huiusmodi</span> 
     </span>
     <span class='ocr_line' id='line_1_33' title="bbox 317 1824 1054 1868; baseline 0.001 -12"><span class='ocrx_word' id='word_1_136' title='bbox 317 1824 518 1865; x_wconf 74' lang='lat' dir='ltr'>contingunt,</span> <span class='ocrx_word' id='word_1_137' title='bbox 532 1829 621 1856; x_wconf 86' lang='lat' dir='ltr'>recte</span> <span class='ocrx_word' id='word_1_138' title='bbox 635 1829 730 1866; x_wconf 83' lang='lat' dir='ltr'>atque</span> <span class='ocrx_word' id='word_1_139' title='bbox 747 1824 861 1856; x_wconf 86' lang='lat' dir='ltr'>ordine</span> <span class='ocrx_word' id='word_1_140' title='bbox 880 1825 1054 1868; x_wconf 76' lang='lat' dir='ltr'>disponere</span> 
     </span>
     <span class='ocr_line' id='line_1_34' title="bbox 316 1876 1055 1920; baseline 0.003 -12"><span class='ocrx_word' id='word_1_141' title='bbox 316 1876 496 1920; x_wconf 82' lang='lat' dir='ltr'>cupientes,</span> <span class='ocrx_word' id='word_1_142' title='bbox 518 1877 691 1909; x_wconf 87' lang='lat' dir='ltr'>nonnullos</span> <span class='ocrx_word' id='word_1_143' title='bbox 716 1887 751 1909; x_wconf 76' lang='lat' dir='ltr'>ex</span> <span class='ocrx_word' id='word_1_144' title='bbox 778 1878 964 1910; x_wconf 83' lang='lat' dir='ltr'>memoratis</span> <span class='ocrx_word' id='word_1_145' title='bbox 991 1889 1055 1911; x_wconf 85' lang='lat' dir='ltr'>car-</span> 
     </span>
     <span class='ocr_line' id='line_1_35' title="bbox 317 1929 1053 1974; baseline 0.004 -13"><span class='ocrx_word' id='word_1_146' title='bbox 317 1929 498 1970; x_wconf 86' lang='lat' dir='ltr'>dinalibus,</span> <span class='ocrx_word' id='word_1_147' title='bbox 525 1940 560 1962; x_wconf 87' lang='lat' dir='ltr'>ae</span> <span class='ocrx_word' id='word_1_148' title='bbox 586 1930 711 1972; x_wconf 86' lang='lat' dir='ltr'>aliquos</span> <span class='ocrx_word' id='word_1_149' title='bbox 737 1931 843 1963; x_wconf 85' lang='lat' dir='ltr'>curiae</span> <span class='ocrx_word' id='word_1_150' title='bbox 870 1931 1053 1974; x_wconf 86' lang='lat' dir='ltr'>praedictae</span> 
     </span>
     <span class='ocr_line' id='line_1_36' title="bbox 316 1983 1055 2027; baseline 0.003 -13"><span class='ocrx_word' id='word_1_151' title='bbox 316 1983 490 2025; x_wconf 46' lang='lat' dir='ltr'>praelato&amp;</span> <span class='ocrx_word' id='word_1_152' title='bbox 516 1983 658 2025; x_wconf 83' lang='lat' dir='ltr'>aliosque</span> <span class='ocrx_word' id='word_1_153' title='bbox 684 1983 770 2015; x_wconf 69' lang='lat' dir='ltr'>viros</span> <span class='ocrx_word' id='word_1_154' title='bbox 795 1983 965 2025; x_wconf 67' lang='lat' dir='ltr'>religione,</span> <span class='ocrx_word' id='word_1_155' title='bbox 986 1984 1055 2027; x_wconf 89' lang='lat' dir='ltr'>pie—</span> 
     </span>
     <span class='ocr_line' id='line_1_37' title="bbox 317 2036 1055 2080; baseline 0.003 -13"><span class='ocrx_word' id='word_1_156' title='bbox 317 2040 390 2077; x_wconf 87' lang='lat' dir='ltr'>tate,</span> <span class='ocrx_word' id='word_1_157' title='bbox 418 2036 564 2068; x_wconf 77' lang='lat' dir='ltr'>doctrina</span> <span class='ocrx_word' id='word_1_158' title='bbox 581 2041 611 2068; x_wconf 89' lang='lat' dir='ltr'>ct</span> <span class='ocrx_word' id='word_1_159' title='bbox 628 2046 736 2068; x_wconf 83' lang='lat' dir='ltr'>rei-um</span> <span class='ocrx_word' id='word_1_160' title='bbox 753 2047 809 2068; x_wconf 82' lang='lat' dir='ltr'>usu</span> <span class='ocrx_word' id='word_1_161' title='bbox 828 2036 943 2070; x_wconf 76' lang='lat' dir='ltr'>eximie</span> <span class='ocrx_word' id='word_1_162' title='bbox 962 2048 1055 2080; x_wconf 85' lang='lat' dir='ltr'>prae-</span> 
     </span>
     <span class='ocr_line' id='line_1_38' title="bbox 317 2088 1053 2133; baseline 0.001 -12"><span class='ocrx_word' id='word_1_163' title='bbox 317 2088 399 2121; x_wconf 88' lang='lat' dir='ltr'>ditos</span> <span class='ocrx_word' id='word_1_164' title='bbox 426 2089 611 2131; x_wconf 71' lang='lat' dir='ltr'>selegimus,</span> <span class='ocrx_word' id='word_1_165' title='bbox 638 2100 771 2132; x_wconf 89' lang='lat' dir='ltr'>quorum</span> <span class='ocrx_word' id='word_1_166' title='bbox 790 2089 938 2129; x_wconf 90' lang='lat' dir='ltr'>consilio,</span> <span class='ocrx_word' id='word_1_167' title='bbox 957 2092 1053 2133; x_wconf 75' lang='lat' dir='ltr'>opera</span> 
     </span>
     <span class='ocr_line' id='line_1_39' title="bbox 317 2141 1052 2183; baseline 0.001 -10"><span class='ocrx_word' id='word_1_168' title='bbox 317 2146 348 2174; x_wconf 89' lang='lat' dir='ltr'>et</span> <span class='ocrx_word' id='word_1_169' title='bbox 366 2141 524 2174; x_wconf 79' lang='lat' dir='ltr'>industria</span> <span class='ocrx_word' id='word_1_170' title='bbox 544 2147 607 2174; x_wconf 84' lang='lat' dir='ltr'>tam</span> <span class='ocrx_word' id='word_1_171' title='bbox 627 2152 755 2183; x_wconf 66' lang='lat' dir='ltr'>gravem</span> <span class='ocrx_word' id='word_1_172' title='bbox 781 2142 925 2174; x_wconf 84' lang='lat' dir='ltr'>muneris</span> <span class='ocrx_word' id='word_1_173' title='bbox 952 2143 1052 2175; x_wconf 79' lang='lat' dir='ltr'>nostri</span> 
     </span>
     <span class='ocr_line' id='line_1_40' title="bbox 316 2194 1052 2237; baseline 0.001 -11"><span class='ocrx_word' id='word_1_174' title='bbox 316 2200 437 2237; x_wconf 83' lang='lat' dir='ltr'>partem</span> <span class='ocrx_word' id='word_1_175' title='bbox 475 2195 512 2227; x_wconf 92' lang='lat' dir='ltr'>ad</span> <span class='ocrx_word' id='word_1_176' title='bbox 550 2195 781 2237; x_wconf 81' lang='lat' dir='ltr'>omnipotentis</span> <span class='ocrx_word' id='word_1_177' title='bbox 818 2194 872 2227; x_wconf 84' lang='lat' dir='ltr'>Dei</span> <span class='ocrx_word' id='word_1_178' title='bbox 905 2195 1052 2236; x_wconf 68' lang='lat' dir='ltr'>gloriam,</span> 
     </span>
     <span class='ocr_line' id='line_1_41' title="bbox 316 2246 1056 2290; baseline 0.003 -12"><span class='ocrx_word' id='word_1_179' title='bbox 316 2246 478 2279; x_wconf 75' lang='lat' dir='ltr'>Ecclesiae</span> <span class='ocrx_word' id='word_1_180' title='bbox 504 2247 680 2287; x_wconf 81' lang='lat' dir='ltr'>honorem,</span> <span class='ocrx_word' id='word_1_181' title='bbox 699 2258 734 2279; x_wconf 89' lang='lat' dir='ltr'>ac</span> <span class='ocrx_word' id='word_1_182' title='bbox 751 2247 951 2290; x_wconf 67' lang='lat' dir='ltr'>spiritualem</span> <span class='ocrx_word' id='word_1_183' title='bbox 971 2248 1056 2280; x_wconf 84' lang='lat' dir='ltr'>cliri-</span> 
     </span>
     <span class='ocr_line' id='line_1_42' title="bbox 317 2298 1055 2333; baseline 0.004 -3"><span class='ocrx_word' id='word_1_184' title='bbox 317 2298 505 2331; x_wconf 81' lang='lat' dir='ltr'>stifidelium</span> <span class='ocrx_word' id='word_1_185' title='bbox 538 2300 797 2332; x_wconf 76' lang='lat' dir='ltr'>aedificationem</span> <span class='ocrx_word' id='word_1_186' title='bbox 836 2300 958 2333; x_wconf 73' lang='lat' dir='ltr'>facilius</span> <span class='ocrx_word' id='word_1_187' title='bbox 996 2301 1055 2333; x_wconf 92' lang='lat' dir='ltr'>im-</span> 
     </span>
     <span class='ocr_line' id='line_1_43' title="bbox 315 2352 1055 2396; baseline 0.003 -12"><span class='ocrx_word' id='word_1_188' title='bbox 315 2352 406 2394; x_wconf 88' lang='lat' dir='ltr'>plere</span> <span class='ocrx_word' id='word_1_189' title='bbox 425 2353 615 2385; x_wconf 78' lang='lat' dir='ltr'>valeremus.</span> <span class='ocrx_word' id='word_1_190' title='bbox 636 2353 674 2385; x_wconf 89' lang='lat' dir='ltr'>Hi</span> <span class='ocrx_word' id='word_1_191' title='bbox 696 2364 770 2386; x_wconf 69' lang='lat' dir='ltr'>vero</span> <span class='ocrx_word' id='word_1_192' title='bbox 788 2353 937 2391; x_wconf 80' lang='lat' dir='ltr'>subinde,</span> <span class='ocrx_word' id='word_1_193' title='bbox 958 2359 1055 2396; x_wconf 89' lang='lat' dir='ltr'>prout</span> 
     </span>
     <span class='ocr_line' id='line_1_44' title="bbox 315 2405 1055 2448; baseline 0.003 -12"><span class='ocrx_word' id='word_1_194' title='bbox 315 2415 418 2436; x_wconf 82' lang='lat' dir='ltr'>rerum</span> <span class='ocrx_word' id='word_1_195' title='bbox 452 2411 481 2438; x_wconf 87' lang='lat' dir='ltr'>et</span> <span class='ocrx_word' id='word_1_196' title='bbox 514 2405 718 2447; x_wconf 78' lang='lat' dir='ltr'>negotiorum</span> <span class='ocrx_word' id='word_1_197' title='bbox 750 2412 915 2438; x_wconf 85' lang='lat' dir='ltr'>momenta</span> <span class='ocrx_word' id='word_1_198' title='bbox 947 2412 1055 2448; x_wconf 86' lang='lat' dir='ltr'>postu-</span> 
     </span>
     <span class='ocr_line' id='line_1_45' title="bbox 315 2458 1052 2498; baseline 0.003 -8"><span class='ocrx_word' id='word_1_199' title='bbox 315 2458 434 2498; x_wconf 79' lang='lat' dir='ltr'>labant,</span> <span class='ocrx_word' id='word_1_200' title='bbox 449 2459 579 2491; x_wconf 85' lang='lat' dir='ltr'>insimul</span> <span class='ocrx_word' id='word_1_201' title='bbox 594 2458 833 2498; x_wconf 74' lang='lat' dir='ltr'>convenientes,</span> <span class='ocrx_word' id='word_1_202' title='bbox 849 2459 1052 2492; x_wconf 84' lang='lat' dir='ltr'>commissam</span> 
     </span>
     <span class='ocr_line' id='line_1_46' title="bbox 316 2511 1051 2555; baseline 0.005 -13"><span class='ocrx_word' id='word_1_203' title='bbox 316 2511 375 2543; x_wconf 89' lang='lat' dir='ltr'>sibi</span> <span class='ocrx_word' id='word_1_204' title='bbox 390 2512 511 2544; x_wconf 86' lang='lat' dir='ltr'>anobis</span> <span class='ocrx_word' id='word_1_205' title='bbox 524 2512 721 2555; x_wconf 77' lang='lat' dir='ltr'>provinciam</span> <span class='ocrx_word' id='word_1_206' title='bbox 738 2518 821 2544; x_wconf 83' lang='lat' dir='ltr'>recte</span> <span class='ocrx_word' id='word_1_207' title='bbox 834 2518 865 2543; x_wconf 89' lang='lat' dir='ltr'>et</span> <span class='ocrx_word' id='word_1_208' title='bbox 880 2513 1051 2553; x_wconf 65' lang='lat' dir='ltr'>svin-mose,</span> 
     </span>
     <span class='ocr_line' id='line_1_47' title="bbox 317 2560 1054 2608; baseline 0.003 -11"><span class='ocrx_word' id='word_1_209' title='bbox 317 2572 412 2608; x_wconf 84' lang='lat' dir='ltr'>atque</span> <span class='ocrx_word' id='word_1_210' title='bbox 439 2576 474 2597; x_wconf 82' lang='lat' dir='ltr'>ex</span> <span class='ocrx_word' id='word_1_211' title='bbox 501 2565 596 2598; x_wconf 84' lang='lat' dir='ltr'>animi</span> <span class='ocrx_word' id='word_1_212' title='bbox 624 2560 721 2598; x_wconf 80' lang='lat' dir='ltr'>nostri</span> <span class='ocrx_word' id='word_1_213' title='bbox 753 2566 914 2597; x_wconf 72' lang='lat' dir='ltr'>sententia</span> <span class='ocrx_word' id='word_1_214' title='bbox 946 2567 1054 2599; x_wconf 82' lang='lat' dir='ltr'>bacte-</span> 
     </span>
     <span class='ocr_line' id='line_1_48' title="bbox 318 2618 1053 2662; baseline 0.001 -12"><span class='ocrx_word' id='word_1_215' title='bbox 318 2628 376 2650; x_wconf 81' lang='lat' dir='ltr'>nus</span> <span class='ocrx_word' id='word_1_216' title='bbox 402 2618 675 2651; x_wconf 61' lang='lat' dir='ltr'>administrarunt.</span> <span class='ocrx_word' id='word_1_217' title='bbox 703 2618 904 2660; x_wconf 68' lang='lat' dir='ltr'>Quapropter</span> <span class='ocrx_word' id='word_1_218' title='bbox 921 2629 1053 2662; x_wconf 81' lang='lat' dir='ltr'>speran-</span> 
     </span>
    </p>
   </div>
   <div class='ocr_carea' id='block_1_8' title="bbox 1073 1938 1078 2651">
    <p class='ocr_par' dir='ltr' id='par_1_9' title="bbox 1073 1938 1078 2651">
     <span class='ocr_line' id='line_1_49' title="bbox 1073 1938 1078 2651; baseline 0 0"><span class='ocrx_word' id='word_1_219' title='bbox 1073 1938 1078 2651; x_wconf 95' lang='lat' dir='ltr'> </span> 
     </span>
    </p>
   </div>
   <div class='ocr_carea' id='block_1_9' title="bbox 1095 228 1842 2663">
    <p class='ocr_par' dir='ltr' id='par_1_10' title="bbox 1099 228 1842 591">
     <span class='ocr_line' id='line_1_50' title="bbox 1742 228 1806 263; baseline 0 0"><span class='ocrx_word' id='word_1_220' title='bbox 1742 228 1806 263; x_wconf 82' lang='lat'>805</span> 
     </span>
     <span class='ocr_line' id='line_1_51' title="bbox 1101 285 1842 320; baseline 0.003 -2"><span class='ocrx_word' id='word_1_221' title='bbox 1101 291 1147 319; x_wconf 83' lang='lat' dir='ltr'>tes</span> <span class='ocrx_word' id='word_1_222' title='bbox 1172 285 1205 318; x_wconf 87' lang='lat' dir='ltr'>in</span> <span class='ocrx_word' id='word_1_223' title='bbox 1229 285 1365 319; x_wconf 88' lang='lat' dir='ltr'>Domino</span> <span class='ocrx_word' id='word_1_224' title='bbox 1387 296 1453 320; x_wconf 90' lang='lat' dir='ltr'>non</span> <span class='ocrx_word' id='word_1_225' title='bbox 1472 286 1577 319; x_wconf 85' lang='lat' dir='ltr'>minus</span> <span class='ocrx_word' id='word_1_226' title='bbox 1596 286 1719 320; x_wconf 82' lang='lat' dir='ltr'>utiliter</span> <span class='ocrx_word' id='word_1_227' title='bbox 1744 287 1776 320; x_wconf 91' lang='lat' dir='ltr'>in</span> <span class='ocrx_word' id='word_1_228' title='bbox 1796 287 1842 320; x_wconf 82' lang='lat' dir='ltr'>fu-</span> 
     </span>
     <span class='ocr_line' id='line_1_52' title="bbox 1102 340 1840 382; baseline 0.005 -12"><span class='ocrx_word' id='word_1_229' title='bbox 1102 343 1206 370; x_wconf 87' lang='lat' dir='ltr'>turum</span> <span class='ocrx_word' id='word_1_230' title='bbox 1232 349 1360 382; x_wconf 89' lang='lat' dir='ltr'>quoque</span> <span class='ocrx_word' id='word_1_231' title='bbox 1381 340 1606 373; x_wconf 82' lang='lat' dir='ltr'>desudaturam</span> <span class='ocrx_word' id='word_1_232' title='bbox 1633 351 1701 374; x_wconf 85' lang='lat' dir='ltr'>esse</span> <span class='ocrx_word' id='word_1_233' title='bbox 1727 351 1840 374; x_wconf 89' lang='lat' dir='ltr'>eorum</span> 
     </span>
     <span class='ocr_line' id='line_1_53' title="bbox 1101 391 1839 437; baseline 0.005 -14"><span class='ocrx_word' id='word_1_234' title='bbox 1101 391 1311 433; x_wconf 79' lang='lat' dir='ltr'>industriam,</span> <span class='ocrx_word' id='word_1_235' title='bbox 1339 404 1374 426; x_wconf 88' lang='lat' dir='ltr'>ac</span> <span class='ocrx_word' id='word_1_236' title='bbox 1407 394 1545 426; x_wconf 89' lang='lat' dir='ltr'>salubris</span> <span class='ocrx_word' id='word_1_237' title='bbox 1577 394 1722 433; x_wconf 84' lang='lat' dir='ltr'>consilii,</span> <span class='ocrx_word' id='word_1_238' title='bbox 1753 395 1839 437; x_wconf 85' lang='lat' dir='ltr'>quod</span> 
     </span>
     <span class='ocr_line' id='line_1_54' title="bbox 1100 445 1839 489; baseline 0.007 -14"><span class='ocrx_word' id='word_1_239' title='bbox 1100 449 1229 476; x_wconf 73' lang='lat' dir='ltr'>auctore</span> <span class='ocrx_word' id='word_1_240' title='bbox 1248 445 1313 477; x_wconf 86' lang='lat' dir='ltr'>Deo</span> <span class='ocrx_word' id='word_1_241' title='bbox 1332 447 1540 489; x_wconf 76' lang='lat' dir='ltr'>suscepimus,</span> <span class='ocrx_word' id='word_1_242' title='bbox 1561 447 1705 486; x_wconf 78' lang='lat' dir='ltr'>fructum,</span> <span class='ocrx_word' id='word_1_243' title='bbox 1723 448 1839 480; x_wconf 86' lang='lat' dir='ltr'>eodem</span> 
     </span>
     <span class='ocr_line' id='line_1_55' title="bbox 1099 497 1839 544; baseline 0.009 -17"><span class='ocrx_word' id='word_1_244' title='bbox 1099 497 1268 529; x_wconf 82' lang='lat' dir='ltr'>adiuvante</span> <span class='ocrx_word' id='word_1_245' title='bbox 1287 503 1383 541; x_wconf 82' lang='lat' dir='ltr'>atque</span> <span class='ocrx_word' id='word_1_246' title='bbox 1400 499 1637 533; x_wconf 84' lang='lat' dir='ltr'>incrementum</span> <span class='ocrx_word' id='word_1_247' title='bbox 1656 501 1760 541; x_wconf 84' lang='lat' dir='ltr'>dante,</span> <span class='ocrx_word' id='word_1_248' title='bbox 1782 512 1839 544; x_wconf 82' lang='lat' dir='ltr'>pe-</span> 
     </span>
     <span class='ocr_line' id='line_1_56' title="bbox 1099 550 1505 591; baseline 0.012 -12"><span class='ocrx_word' id='word_1_249' title='bbox 1099 558 1236 581; x_wconf 83' lang='lat' dir='ltr'>rennare</span> <span class='ocrx_word' id='word_1_250' title='bbox 1264 550 1505 591; x_wconf 69' lang='lat' dir='ltr'>desiderantes,</span> 
     </span>
    </p>

    <p class='ocr_par' dir='ltr' id='par_1_11' title="bbox 1095 601 1838 2607">
     <span class='ocr_line' id='line_1_57' title="bbox 1143 601 1837 657; baseline 0.012 -25"><span class='ocrx_word' id='word_1_251' title='bbox 1143 601 1157 644; x_wconf 71' lang='lat'><strong>§</strong></span> <span class='ocrx_word' id='word_1_252' title='bbox 1183 601 1213 633; x_wconf 62' lang='grc' dir='ltr'>ἓ.</span> <span class='ocrx_word' id='word_1_253' title='bbox 1241 602 1326 635; x_wconf 80' lang='lat' dir='ltr'>Motu</span> <span class='ocrx_word' id='word_1_254' title='bbox 1351 605 1490 647; x_wconf 78' lang='lat' dir='ltr'>proprio,</span> <span class='ocrx_word' id='word_1_255' title='bbox 1518 616 1554 638; x_wconf 88' lang='lat' dir='ltr'>ac</span> <span class='ocrx_word' id='word_1_256' title='bbox 1578 617 1614 638; x_wconf 77' lang='lat' dir='ltr'>cx</span> <span class='ocrx_word' id='word_1_257' title='bbox 1633 609 1720 657; x_wconf 57' lang='lat' dir='ltr'>certa</span> <span class='ocrx_word' id='word_1_258' title='bbox 1739 607 1837 640; x_wconf 83' lang='lat' dir='ltr'>scien-</span> 
     </span>
     <span class='ocr_line' id='line_1_58' title="bbox 1101 653 1836 704; baseline 0.01 -19"><span class='ocrx_word' id='word_1_259' title='bbox 1101 653 1142 686; x_wconf 76' lang='lat' dir='ltr'>tia</span> <span class='ocrx_word' id='word_1_260' title='bbox 1156 659 1187 687; x_wconf 89' lang='lat' dir='ltr'>et</span> <span class='ocrx_word' id='word_1_261' title='bbox 1203 659 1326 688; x_wconf 74' lang='lat' dir='ltr'>matura</span> <span class='ocrx_word' id='word_1_262' title='bbox 1340 657 1575 690; x_wconf 69' lang='lat' dir='ltr'>deliberatione</span> <span class='ocrx_word' id='word_1_263' title='bbox 1592 660 1719 699; x_wconf 75' lang='lat' dir='ltr'>nostris,</span> <span class='ocrx_word' id='word_1_264' title='bbox 1733 660 1836 704; x_wconf 82' lang='lat' dir='ltr'>deque</span> 
     </span>
     <span class='ocr_line' id='line_1_59' title="bbox 1099 708 1837 754; baseline 0.011 -16"><span class='ocrx_word' id='word_1_265' title='bbox 1099 708 1294 750; x_wconf 79' lang='lat' dir='ltr'>apostolicae</span> <span class='ocrx_word' id='word_1_266' title='bbox 1321 711 1490 752; x_wconf 84' lang='lat' dir='ltr'>potestatis</span> <span class='ocrx_word' id='word_1_267' title='bbox 1516 712 1732 754; x_wconf 87' lang='lat' dir='ltr'>plenitudiue,</span> <span class='ocrx_word' id='word_1_268' title='bbox 1760 724 1837 746; x_wconf 90' lang='lat' dir='ltr'>con-</span> 
     </span>
     <span class='ocr_line' id='line_1_60' title="bbox 1098 761 1838 802; baseline 0.009 -10"><span class='ocrx_word' id='word_1_269' title='bbox 1098 761 1320 802; x_wconf 68' lang='lat' dir='ltr'>gregationem</span> <span class='ocrx_word' id='word_1_270' title='bbox 1347 762 1490 795; x_wconf 80' lang='lat' dir='ltr'>eiusdem</span> <span class='ocrx_word' id='word_1_271' title='bbox 1517 764 1548 796; x_wconf 82' lang='lat' dir='ltr'>S.</span> <span class='ocrx_word' id='word_1_272' title='bbox 1578 764 1612 796; x_wconf 76' lang='lat' dir='ltr'>R.</span> <span class='ocrx_word' id='word_1_273' title='bbox 1638 765 1671 797; x_wconf 89' lang='lat' dir='ltr'>E.</span> <span class='ocrx_word' id='word_1_274' title='bbox 1692 766 1838 799; x_wconf 83' lang='lat' dir='ltr'>cardina-</span> 
     </span>
     <span class='ocr_line' id='line_1_61' title="bbox 1099 814 1834 858; baseline 0.008 -12"><span class='ocrx_word' id='word_1_275' title='bbox 1099 814 1174 846; x_wconf 88' lang='lat' dir='ltr'>lium</span> <span class='ocrx_word' id='word_1_276' title='bbox 1192 825 1227 846; x_wconf 87' lang='lat' dir='ltr'>ac</span> <span class='ocrx_word' id='word_1_277' title='bbox 1245 817 1472 858; x_wconf 69' lang='lat' dir='ltr'>praelatomim,</span> <span class='ocrx_word' id='word_1_278' title='bbox 1492 822 1519 849; x_wconf 91' lang='lat' dir='ltr'>et</span> <span class='ocrx_word' id='word_1_279' title='bbox 1540 817 1676 850; x_wconf 86' lang='lat' dir='ltr'>aliorum</span> <span class='ocrx_word' id='word_1_280' title='bbox 1694 819 1834 852; x_wconf 84' lang='lat' dir='ltr'>virorum</span> 
     </span>
     <span class='ocr_line' id='line_1_62' title="bbox 1097 867 1834 914; baseline 0.008 -15"><span class='ocrx_word' id='word_1_281' title='bbox 1097 867 1348 910; x_wconf 86' lang='lat' dir='ltr'>praedictorum,</span> <span class='ocrx_word' id='word_1_282' title='bbox 1367 880 1384 901; x_wconf 88' lang='lat' dir='ltr'>a</span> <span class='ocrx_word' id='word_1_283' title='bbox 1398 869 1492 902; x_wconf 85' lang='lat' dir='ltr'>nobis</span> <span class='ocrx_word' id='word_1_284' title='bbox 1508 875 1541 902; x_wconf 90' lang='lat' dir='ltr'>ut</span> <span class='ocrx_word' id='word_1_285' title='bbox 1554 872 1738 914; x_wconf 71' lang='lat' dir='ltr'>praefertur</span> <span class='ocrx_word' id='word_1_286' title='bbox 1752 873 1834 905; x_wconf 84' lang='lat' dir='ltr'>clec-</span> 
     </span>
     <span class='ocr_line' id='line_1_63' title="bbox 1099 921 1835 964; baseline 0.007 -13"><span class='ocrx_word' id='word_1_287' title='bbox 1099 924 1202 953; x_wconf 88' lang='lat' dir='ltr'>torum</span> <span class='ocrx_word' id='word_1_288' title='bbox 1227 926 1258 953; x_wconf 84' lang='lat' dir='ltr'>et</span> <span class='ocrx_word' id='word_1_289' title='bbox 1283 921 1527 964; x_wconf 70' lang='lat' dir='ltr'>deputatorum,</span> <span class='ocrx_word' id='word_1_290' title='bbox 1562 934 1598 955; x_wconf 89' lang='lat' dir='ltr'>ac</span> <span class='ocrx_word' id='word_1_291' title='bbox 1632 924 1663 956; x_wconf 93' lang='lat' dir='ltr'>in</span> <span class='ocrx_word' id='word_1_292' title='bbox 1696 925 1835 957; x_wconf 79' lang='lat' dir='ltr'>futurum</span> 
     </span>
     <span class='ocr_line' id='line_1_64' title="bbox 1099 974 1836 1018; baseline 0.008 -13"><span class='ocrx_word' id='word_1_293' title='bbox 1099 978 1161 1006; x_wconf 86' lang='lat' dir='ltr'>tam</span> <span class='ocrx_word' id='word_1_294' title='bbox 1186 985 1203 1006; x_wconf 89' lang='lat' dir='ltr'>a</span> <span class='ocrx_word' id='word_1_295' title='bbox 1227 974 1321 1007; x_wconf 69' lang='lat' dir='ltr'>nobi&lt;</span> <span class='ocrx_word' id='word_1_296' title='bbox 1346 986 1441 1018; x_wconf 85' lang='lat' dir='ltr'>quam</span> <span class='ocrx_word' id='word_1_297' title='bbox 1467 987 1484 1008; x_wconf 85' lang='lat' dir='ltr'>a</span> <span class='ocrx_word' id='word_1_298' title='bbox 1508 978 1754 1010; x_wconf 80' lang='lat' dir='ltr'>successoribus</span> <span class='ocrx_word' id='word_1_299' title='bbox 1781 989 1836 1011; x_wconf 91' lang='lat' dir='ltr'>no-</span> 
     </span>
     <span class='ocr_line' id='line_1_65' title="bbox 1097 1026 1833 1072; baseline 0.005 -13"><span class='ocrx_word' id='word_1_300' title='bbox 1097 1026 1168 1059; x_wconf 83' lang='lat' dir='ltr'>stris</span> <span class='ocrx_word' id='word_1_301' title='bbox 1195 1027 1347 1060; x_wconf 82' lang='lat' dir='ltr'>Romanis</span> <span class='ocrx_word' id='word_1_302' title='bbox 1374 1028 1582 1061; x_wconf 75' lang='lat' dir='ltr'>Pontificibus</span> <span class='ocrx_word' id='word_1_303' title='bbox 1608 1030 1833 1072; x_wconf 70' lang='lat' dir='ltr'>eligendorum</span> 
     </span>
     <span class='ocr_line' id='line_1_66' title="bbox 1097 1080 1833 1123; baseline 0.005 -11"><span class='ocrx_word' id='word_1_304' title='bbox 1097 1086 1127 1112; x_wconf 87' lang='lat' dir='ltr'>et</span> <span class='ocrx_word' id='word_1_305' title='bbox 1151 1080 1419 1123; x_wconf 83' lang='lat' dir='ltr'>deputandorum,</span> <span class='ocrx_word' id='word_1_306' title='bbox 1446 1092 1517 1114; x_wconf 82' lang='lat' dir='ltr'>cum</span> <span class='ocrx_word' id='word_1_307' title='bbox 1540 1083 1687 1115; x_wconf 74' lang='lat' dir='ltr'>facultate</span> <span class='ocrx_word' id='word_1_308' title='bbox 1705 1094 1833 1116; x_wconf 90' lang='lat' dir='ltr'>omnem</span> 
     </span>
     <span class='ocr_line' id='line_1_67' title="bbox 1097 1133 1836 1170; baseline 0.007 -5"><span class='ocrx_word' id='word_1_309' title='bbox 1097 1133 1317 1167; x_wconf 77' lang='lat' dir='ltr'>difficultatem</span> <span class='ocrx_word' id='word_1_310' title='bbox 1342 1145 1377 1167; x_wconf 85' lang='lat' dir='ltr'>ac</span> <span class='ocrx_word' id='word_1_311' title='bbox 1405 1135 1604 1168; x_wconf 84' lang='lat' dir='ltr'>dubietatem</span> <span class='ocrx_word' id='word_1_312' title='bbox 1636 1136 1669 1168; x_wconf 88' lang='lat' dir='ltr'>in</span> <span class='ocrx_word' id='word_1_313' title='bbox 1702 1137 1836 1170; x_wconf 85' lang='lat' dir='ltr'>Sancto-</span> 
     </span>
     <span class='ocr_line' id='line_1_68' title="bbox 1096 1187 1836 1233; baseline 0.008 -16"><span class='ocrx_word' id='word_1_314' title='bbox 1096 1196 1165 1218; x_wconf 84' lang='lat' dir='ltr'>rum</span> <span class='ocrx_word' id='word_1_315' title='bbox 1189 1187 1335 1230; x_wconf 81' lang='lat' dir='ltr'>reliquiis</span> <span class='ocrx_word' id='word_1_316' title='bbox 1360 1192 1414 1220; x_wconf 88' lang='lat' dir='ltr'>aut</span> <span class='ocrx_word' id='word_1_317' title='bbox 1435 1189 1644 1230; x_wconf 72' lang='lat' dir='ltr'>indulgentiis</span> <span class='ocrx_word' id='word_1_318' title='bbox 1671 1200 1836 1233; x_wconf 81' lang='lat' dir='ltr'>emergen-</span> 
     </span>
     <span class='ocr_line' id='line_1_69' title="bbox 1097 1240 1834 1285; baseline 0.005 -14"><span class='ocrx_word' id='word_1_319' title='bbox 1097 1244 1171 1277; x_wconf 80' lang='lat' dir='ltr'>tem,</span> <span class='ocrx_word' id='word_1_320' title='bbox 1193 1251 1274 1283; x_wconf 85' lang='lat' dir='ltr'>quae</span> <span class='ocrx_word' id='word_1_321' title='bbox 1296 1241 1335 1272; x_wconf 89' lang='lat' dir='ltr'>ad</span> <span class='ocrx_word' id='word_1_322' title='bbox 1356 1240 1429 1273; x_wconf 76' lang='lat' dir='ltr'>fidei</span> <span class='ocrx_word' id='word_1_323' title='bbox 1451 1242 1567 1283; x_wconf 78' lang='lat' dir='ltr'>dogma</span> <span class='ocrx_word' id='word_1_324' title='bbox 1586 1253 1650 1275; x_wconf 90' lang='lat' dir='ltr'>non</span> <span class='ocrx_word' id='word_1_325' title='bbox 1672 1243 1834 1285; x_wconf 76' lang='lat' dir='ltr'>pertineat</span> 
     </span>
     <span class='ocr_line' id='line_1_70' title="bbox 1098 1292 1835 1339; baseline 0.008 -16"><span class='ocrx_word' id='word_1_326' title='bbox 1098 1292 1205 1334; x_wconf 87' lang='lat' dir='ltr'>(nobis</span> <span class='ocrx_word' id='word_1_327' title='bbox 1230 1298 1336 1326; x_wconf 84' lang='lat' dir='ltr'>tamen</span> <span class='ocrx_word' id='word_1_328' title='bbox 1362 1299 1393 1326; x_wconf 85' lang='lat' dir='ltr'>et</span> <span class='ocrx_word' id='word_1_329' title='bbox 1418 1294 1563 1327; x_wconf 80' lang='lat' dir='ltr'>Romano</span> <span class='ocrx_word' id='word_1_330' title='bbox 1589 1295 1743 1328; x_wconf 73' lang='lat' dir='ltr'>pontifice</span> <span class='ocrx_word' id='word_1_331' title='bbox 1775 1307 1835 1339; x_wconf 88' lang='lat' dir='ltr'>pro</span> 
     </span>
     <span class='ocr_line' id='line_1_71' title="bbox 1098 1346 1836 1390; baseline 0.005 -13"><span class='ocrx_word' id='word_1_332' title='bbox 1098 1350 1243 1388; x_wconf 80' lang='lat' dir='ltr'>tempore</span> <span class='ocrx_word' id='word_1_333' title='bbox 1269 1346 1426 1379; x_wconf 49' lang='lat' dir='ltr'>existente</span> <span class='ocrx_word' id='word_1_334' title='bbox 1452 1347 1535 1380; x_wconf 82' lang='lat' dir='ltr'>circa</span> <span class='ocrx_word' id='word_1_335' title='bbox 1561 1349 1707 1390; x_wconf 69' lang='lat' dir='ltr'>graviora</span> <span class='ocrx_word' id='word_1_336' title='bbox 1728 1348 1836 1382; x_wconf 83' lang='lat' dir='ltr'>dissici-</span> 
     </span>
     <span class='ocr_line' id='line_1_72' title="bbox 1098 1398 1774 1444; baseline 0.004 -13"><span class='ocrx_word' id='word_1_337' title='bbox 1098 1398 1243 1441; x_wconf 88' lang='lat' dir='ltr'>lioraque</span> <span class='ocrx_word' id='word_1_338' title='bbox 1270 1400 1438 1443; x_wconf 63' lang='lat' dir='ltr'>consultis)</span> <span class='ocrx_word' id='word_1_339' title='bbox 1474 1401 1687 1444; x_wconf 56' lang='lat' dir='ltr'>expedicndi3</span> <span class='ocrx_word' id='word_1_340' title='bbox 1721 1412 1774 1442; x_wconf 83' lang='lat' dir='ltr'>ao,</span> 
     </span>
     <span class='ocr_line' id='line_1_73' title="bbox 1098 1450 1835 1496; baseline 0.007 -14"><span class='ocrx_word' id='word_1_341' title='bbox 1098 1450 1151 1493; x_wconf 89' lang='lat' dir='ltr'>qui</span> <span class='ocrx_word' id='word_1_342' title='bbox 1177 1452 1296 1484; x_wconf 81' lang='lat' dir='ltr'>abusus</span> <span class='ocrx_word' id='word_1_343' title='bbox 1321 1452 1353 1484; x_wconf 90' lang='lat' dir='ltr'>in</span> <span class='ocrx_word' id='word_1_344' title='bbox 1380 1453 1424 1485; x_wconf 89' lang='lat' dir='ltr'>eis</span> <span class='ocrx_word' id='word_1_345' title='bbox 1450 1453 1654 1496; x_wconf 73' lang='lat' dir='ltr'>irrepserint,</span> <span class='ocrx_word' id='word_1_346' title='bbox 1683 1454 1764 1494; x_wconf 86' lang='lat' dir='ltr'>illos,</span> <span class='ocrx_word' id='word_1_347' title='bbox 1788 1454 1835 1486; x_wconf 91' lang='lat' dir='ltr'>iu-</span> 
     </span>
     <span class='ocr_line' id='line_1_74' title="bbox 1098 1503 1833 1550; baseline 0.005 -14"><span class='ocrx_word' id='word_1_348' title='bbox 1098 1503 1172 1537; x_wconf 87' lang='lat' dir='ltr'>dicii</span> <span class='ocrx_word' id='word_1_349' title='bbox 1207 1505 1310 1537; x_wconf 77' lang='lat' dir='ltr'>forma</span> <span class='ocrx_word' id='word_1_350' title='bbox 1335 1507 1428 1548; x_wconf 86' lang='lat' dir='ltr'>plane</span> <span class='ocrx_word' id='word_1_351' title='bbox 1455 1507 1620 1549; x_wconf 78' lang='lat' dir='ltr'>poposita,</span> <span class='ocrx_word' id='word_1_352' title='bbox 1646 1507 1833 1550; x_wconf 82' lang='lat' dir='ltr'>corrigendi</span> 
     </span>
     <span class='ocr_line' id='line_1_75' title="bbox 1098 1557 1834 1598; baseline 0.007 -10"><span class='ocrx_word' id='word_1_353' title='bbox 1098 1562 1129 1588; x_wconf 86' lang='lat' dir='ltr'>et</span> <span class='ocrx_word' id='word_1_354' title='bbox 1154 1557 1369 1598; x_wconf 78' lang='lat' dir='ltr'>emendandi;</span> <span class='ocrx_word' id='word_1_355' title='bbox 1396 1568 1507 1591; x_wconf 81' lang='lat' dir='ltr'>causas</span> <span class='ocrx_word' id='word_1_356' title='bbox 1538 1569 1615 1592; x_wconf 84' lang='lat' dir='ltr'>vero</span> <span class='ocrx_word' id='word_1_357' title='bbox 1647 1559 1834 1593; x_wconf 87' lang='lat' dir='ltr'>iudicialem</span> 
     </span>
     <span class='ocr_line' id='line_1_76' title="bbox 1098 1609 1833 1655; baseline 0.005 -14"><span class='ocrx_word' id='word_1_358' title='bbox 1098 1609 1233 1642; x_wconf 82' lang='lat' dir='ltr'>sormam</span> <span class='ocrx_word' id='word_1_359' title='bbox 1258 1611 1461 1653; x_wconf 85' lang='lat' dir='ltr'>requirentes</span> <span class='ocrx_word' id='word_1_360' title='bbox 1480 1612 1518 1644; x_wconf 88' lang='lat' dir='ltr'>ad</span> <span class='ocrx_word' id='word_1_361' title='bbox 1539 1612 1692 1655; x_wconf 86' lang='lat' dir='ltr'>proprios</span> <span class='ocrx_word' id='word_1_362' title='bbox 1711 1612 1833 1646; x_wconf 89' lang='lat' dir='ltr'>iudices</span> 
     </span>
     <span class='ocr_line' id='line_1_77' title="bbox 1097 1662 1836 1708; baseline 0.007 -14"><span class='ocrx_word' id='word_1_363' title='bbox 1097 1662 1300 1703; x_wconf 86' lang='lat' dir='ltr'>remittendi;</span> <span class='ocrx_word' id='word_1_364' title='bbox 1328 1663 1433 1704; x_wconf 70' lang='lat' dir='ltr'>salsas,</span> <span class='ocrx_word' id='word_1_365' title='bbox 1455 1666 1659 1708; x_wconf 74' lang='lat' dir='ltr'>apocryphas</span> <span class='ocrx_word' id='word_1_366' title='bbox 1680 1665 1836 1699; x_wconf 88' lang='lat' dir='ltr'>indiscre-</span> 
     </span>
     <span class='ocr_line' id='line_1_78' title="bbox 1098 1717 1835 1762; baseline 0.007 -14"><span class='ocrx_word' id='word_1_367' title='bbox 1098 1723 1209 1759; x_wconf 86' lang='lat' dir='ltr'>tasque</span> <span class='ocrx_word' id='word_1_368' title='bbox 1245 1717 1463 1760; x_wconf 78' lang='lat' dir='ltr'>indulgentias</span> <span class='ocrx_word' id='word_1_369' title='bbox 1498 1718 1578 1761; x_wconf 75' lang='lat' dir='ltr'>typis</span> <span class='ocrx_word' id='word_1_370' title='bbox 1611 1719 1751 1762; x_wconf 88' lang='lat' dir='ltr'>imprimi</span> <span class='ocrx_word' id='word_1_371' title='bbox 1783 1731 1835 1753; x_wconf 85' lang='lat' dir='ltr'>ve-</span> 
     </span>
     <span class='ocr_line' id='line_1_79' title="bbox 1098 1770 1835 1815; baseline 0.005 -13"><span class='ocrx_word' id='word_1_372' title='bbox 1098 1770 1194 1809; x_wconf 85' lang='lat' dir='ltr'>tandi,</span> <span class='ocrx_word' id='word_1_373' title='bbox 1221 1771 1394 1814; x_wconf 80' lang='lat' dir='ltr'>impressas</span> <span class='ocrx_word' id='word_1_374' title='bbox 1420 1773 1676 1815; x_wconf 79' lang='lat' dir='ltr'>recognoscendi</span> <span class='ocrx_word' id='word_1_375' title='bbox 1703 1779 1733 1805; x_wconf 88' lang='lat' dir='ltr'>et</span> <span class='ocrx_word' id='word_1_376' title='bbox 1762 1784 1835 1806; x_wconf 78' lang='lat' dir='ltr'>exa-</span> 
     </span>
     <span class='ocr_line' id='line_1_80' title="bbox 1097 1823 1833 1864; baseline 0.007 -10"><span class='ocrx_word' id='word_1_377' title='bbox 1097 1823 1262 1864; x_wconf 88' lang='lat' dir='ltr'>minandi,</span> <span class='ocrx_word' id='word_1_378' title='bbox 1299 1834 1352 1863; x_wconf 84' lang='lat' dir='ltr'>ac,</span> <span class='ocrx_word' id='word_1_379' title='bbox 1389 1825 1444 1857; x_wconf 90' lang='lat' dir='ltr'>ubi</span> <span class='ocrx_word' id='word_1_380' title='bbox 1478 1825 1572 1857; x_wconf 80' lang='lat' dir='ltr'>nobis</span> <span class='ocrx_word' id='word_1_381' title='bbox 1605 1836 1661 1857; x_wconf 81' lang='lat' dir='ltr'>seu</span> <span class='ocrx_word' id='word_1_382' title='bbox 1688 1825 1833 1859; x_wconf 78' lang='lat' dir='ltr'>Romano</span> 
     </span>
     <span class='ocr_line' id='line_1_81' title="bbox 1098 1876 1831 1920; baseline 0.004 -12"><span class='ocrx_word' id='word_1_383' title='bbox 1098 1876 1244 1908; x_wconf 78' lang='lat' dir='ltr'>Pontifici</span> <span class='ocrx_word' id='word_1_384' title='bbox 1258 1887 1317 1920; x_wconf 88' lang='lat' dir='ltr'>pro</span> <span class='ocrx_word' id='word_1_385' title='bbox 1345 1882 1487 1920; x_wconf 87' lang='lat' dir='ltr'>tempore</span> <span class='ocrx_word' id='word_1_386' title='bbox 1506 1878 1654 1910; x_wconf 78' lang='lat' dir='ltr'>existenti</span> <span class='ocrx_word' id='word_1_387' title='bbox 1674 1879 1831 1919; x_wconf 83' lang='lat' dir='ltr'>retulerit,</span> 
     </span>
     <span class='ocr_line' id='line_1_82' title="bbox 1097 1929 1831 1971; baseline 0.004 -11"><span class='ocrx_word' id='word_1_388' title='bbox 1097 1931 1207 1961; x_wconf 74' lang='lat' dir='ltr'>nostra</span> <span class='ocrx_word' id='word_1_389' title='bbox 1232 1940 1286 1962; x_wconf 88' lang='lat' dir='ltr'>seu</span> <span class='ocrx_word' id='word_1_390' title='bbox 1313 1929 1398 1962; x_wconf 84' lang='lat' dir='ltr'>illius</span> <span class='ocrx_word' id='word_1_391' title='bbox 1425 1931 1614 1963; x_wconf 84' lang='lat' dir='ltr'>auctoritate</span> <span class='ocrx_word' id='word_1_392' title='bbox 1645 1931 1831 1971; x_wconf 81' lang='lat' dir='ltr'>reiiciendi;</span> 
     </span>
     <span class='ocr_line' id='line_1_83' title="bbox 1097 1982 1834 2027; baseline 0.004 -13"><span class='ocrx_word' id='word_1_393' title='bbox 1097 1982 1251 2025; x_wconf 84' lang='lat' dir='ltr'>reliquias</span> <span class='ocrx_word' id='word_1_394' title='bbox 1278 1984 1316 2016; x_wconf 85' lang='lat' dir='ltr'>de</span> <span class='ocrx_word' id='word_1_395' title='bbox 1341 1994 1426 2016; x_wconf 90' lang='lat' dir='ltr'>novo</span> <span class='ocrx_word' id='word_1_396' title='bbox 1451 1984 1608 2024; x_wconf 81' lang='lat' dir='ltr'>inventas,</span> <span class='ocrx_word' id='word_1_397' title='bbox 1636 1995 1715 2027; x_wconf 84' lang='lat' dir='ltr'>quas</span> <span class='ocrx_word' id='word_1_398' title='bbox 1745 1995 1834 2017; x_wconf 85' lang='lat' dir='ltr'>reco-</span> 
     </span>
     <span class='ocr_line' id='line_1_84' title="bbox 1097 2035 1833 2080; baseline 0.003 -13"><span class='ocrx_word' id='word_1_399' title='bbox 1097 2036 1213 2068; x_wconf 86' lang='lat' dir='ltr'>lendae</span> <span class='ocrx_word' id='word_1_400' title='bbox 1241 2035 1418 2068; x_wconf 83' lang='lat' dir='ltr'>memoriae</span> <span class='ocrx_word' id='word_1_401' title='bbox 1443 2036 1650 2070; x_wconf 83' lang='lat' dir='ltr'>Innocentius</span> <span class='ocrx_word' id='word_1_402' title='bbox 1679 2037 1717 2069; x_wconf 93' lang='lat' dir='ltr'>III</span> <span class='ocrx_word' id='word_1_403' title='bbox 1744 2047 1833 2080; x_wconf 54' lang='lat' dir='ltr'>prae1</span> 
     </span>
     <span class='ocr_line' id='line_1_85' title="bbox 1097 2089 1834 2131; baseline 0.001 -10"><span class='ocrx_word' id='word_1_404' title='bbox 1097 2089 1252 2121; x_wconf 83' lang='lat' dir='ltr'>decessor</span> <span class='ocrx_word' id='word_1_405' title='bbox 1274 2094 1387 2121; x_wconf 84' lang='lat' dir='ltr'>noster</span> <span class='ocrx_word' id='word_1_406' title='bbox 1410 2089 1443 2121; x_wconf 93' lang='lat' dir='ltr'>in</span> <span class='ocrx_word' id='word_1_407' title='bbox 1461 2090 1604 2131; x_wconf 76' lang='lat' dir='ltr'>generali</span> <span class='ocrx_word' id='word_1_408' title='bbox 1624 2089 1761 2122; x_wconf 85' lang='lat' dir='ltr'>concilio</span> <span class='ocrx_word' id='word_1_409' title='bbox 1777 2090 1834 2122; x_wconf 89' lang='lat' dir='ltr'>La-</span> 
     </span>
     <span class='ocr_line' id='line_1_86' title="bbox 1097 2142 1833 2185; baseline 0.003 -12"><span class='ocrx_word' id='word_1_410' title='bbox 1097 2142 1261 2174; x_wconf 80' lang='lat' dir='ltr'>teranensi</span> <span class='ocrx_word' id='word_1_411' title='bbox 1286 2142 1416 2185; x_wconf 79' lang='lat' dir='ltr'>publica</span> <span class='ocrx_word' id='word_1_412' title='bbox 1440 2143 1651 2175; x_wconf 81' lang='lat' dir='ltr'>veneratione</span> <span class='ocrx_word' id='word_1_413' title='bbox 1676 2143 1750 2183; x_wconf 81' lang='lat' dir='ltr'>coli,</span> <span class='ocrx_word' id='word_1_414' title='bbox 1773 2143 1833 2175; x_wconf 72' lang='lat' dir='ltr'>nisi</span> 
     </span>
     <span class='ocr_line' id='line_1_87' title="bbox 1097 2195 1832 2239; baseline 0.001 -13"><span class='ocrx_word' id='word_1_415' title='bbox 1097 2195 1185 2237; x_wconf 85' lang='lat' dir='ltr'>prius</span> <span class='ocrx_word' id='word_1_416' title='bbox 1210 2195 1399 2227; x_wconf 84' lang='lat' dir='ltr'>auctoritate</span> <span class='ocrx_word' id='word_1_417' title='bbox 1426 2195 1559 2227; x_wconf 85' lang='lat' dir='ltr'>Romani</span> <span class='ocrx_word' id='word_1_418' title='bbox 1586 2195 1747 2228; x_wconf 79' lang='lat' dir='ltr'>Pontificis</span> <span class='ocrx_word' id='word_1_419' title='bbox 1777 2206 1832 2239; x_wconf 85' lang='lat' dir='ltr'>ap-</span> 
     </span>
     <span class='ocr_line' id='line_1_88' title="bbox 1098 2247 1834 2291; baseline 0.001 -12"><span class='ocrx_word' id='word_1_420' title='bbox 1098 2247 1257 2290; x_wconf 71' lang='lat' dir='ltr'>probatas,</span> <span class='ocrx_word' id='word_1_421' title='bbox 1280 2248 1460 2290; x_wconf 85' lang='lat' dir='ltr'>prohibuit,</span> <span class='ocrx_word' id='word_1_422' title='bbox 1480 2249 1737 2289; x_wconf 78' lang='lat' dir='ltr'>recognoscendi</span> <span class='ocrx_word' id='word_1_423' title='bbox 1756 2259 1834 2291; x_wconf 86' lang='lat' dir='ltr'>quo-</span> 
     </span>
     <span class='ocr_line' id='line_1_89' title="bbox 1097 2299 1831 2343; baseline 0.003 -12"><span class='ocrx_word' id='word_1_424' title='bbox 1097 2310 1159 2343; x_wconf 84' lang='lat' dir='ltr'>que</span> <span class='ocrx_word' id='word_1_425' title='bbox 1185 2306 1216 2332; x_wconf 85' lang='lat' dir='ltr'>et</span> <span class='ocrx_word' id='word_1_426' title='bbox 1240 2299 1461 2339; x_wconf 74' lang='lat' dir='ltr'>examinandi,</span> <span class='ocrx_word' id='word_1_427' title='bbox 1490 2310 1524 2332; x_wconf 84' lang='lat' dir='ltr'>ac</span> <span class='ocrx_word' id='word_1_428' title='bbox 1548 2301 1580 2333; x_wconf 89' lang='lat' dir='ltr'>in</span> <span class='ocrx_word' id='word_1_429' title='bbox 1613 2301 1831 2334; x_wconf 78' lang='lat' dir='ltr'>concedendis</span> 
     </span>
     <span class='ocr_line' id='line_1_90' title="bbox 1097 2352 1834 2397; baseline 0.001 -12"><span class='ocrx_word' id='word_1_430' title='bbox 1097 2353 1320 2396; x_wconf 74' lang='lat' dir='ltr'>indulgentiis,</span> <span class='ocrx_word' id='word_1_431' title='bbox 1334 2352 1586 2396; x_wconf 81' lang='lat' dir='ltr'>Sanctorumquc</span> <span class='ocrx_word' id='word_1_432' title='bbox 1611 2353 1756 2397; x_wconf 89' lang='lat' dir='ltr'>reliquiis</span> <span class='ocrx_word' id='word_1_433' title='bbox 1777 2353 1834 2386; x_wconf 85' lang='lat' dir='ltr'>do-</span> 
     </span>
     <span class='ocr_line' id='line_1_91' title="bbox 1096 2406 1834 2447; baseline 0.001 -9"><span class='ocrx_word' id='word_1_434' title='bbox 1096 2406 1211 2439; x_wconf 88' lang='lat' dir='ltr'>nandis</span> <span class='ocrx_word' id='word_1_435' title='bbox 1236 2406 1492 2438; x_wconf 86' lang='lat' dir='ltr'>moderationem</span> <span class='ocrx_word' id='word_1_436' title='bbox 1518 2406 1685 2447; x_wconf 87' lang='lat' dir='ltr'>adbiberi,</span> <span class='ocrx_word' id='word_1_437' title='bbox 1710 2407 1834 2439; x_wconf 86' lang='lat' dir='ltr'>omnia-</span> 
     </span>
     <span class='ocr_line' id='line_1_92' title="bbox 1096 2458 1834 2503; baseline 0.003 -13"><span class='ocrx_word' id='word_1_438' title='bbox 1096 2470 1157 2502; x_wconf 86' lang='lat' dir='ltr'>que</span> <span class='ocrx_word' id='word_1_439' title='bbox 1183 2458 1243 2502; x_wconf 88' lang='lat' dir='ltr'>pie,</span> <span class='ocrx_word' id='word_1_440' title='bbox 1269 2465 1378 2491; x_wconf 85' lang='lat' dir='ltr'>sancte</span> <span class='ocrx_word' id='word_1_441' title='bbox 1405 2464 1437 2492; x_wconf 86' lang='lat' dir='ltr'>et</span> <span class='ocrx_word' id='word_1_442' title='bbox 1461 2459 1649 2503; x_wconf 79' lang='lat' dir='ltr'>incorrupte</span> <span class='ocrx_word' id='word_1_443' title='bbox 1684 2459 1752 2492; x_wconf 82' lang='lat' dir='ltr'>fieri</span> <span class='ocrx_word' id='word_1_444' title='bbox 1782 2470 1834 2492; x_wconf 83' lang='lat' dir='ltr'>cu-</span> 
     </span>
     <span class='ocr_line' id='line_1_93' title="bbox 1096 2513 1833 2557; baseline 0 -13"><span class='ocrx_word' id='word_1_445' title='bbox 1096 2513 1198 2553; x_wconf 85' lang='lat' dir='ltr'>randi,</span> <span class='ocrx_word' id='word_1_446' title='bbox 1226 2518 1337 2546; x_wconf 86' lang='lat' dir='ltr'>tenore</span> <span class='ocrx_word' id='word_1_447' title='bbox 1355 2513 1574 2556; x_wconf 85' lang='lat' dir='ltr'>praesentium</span> <span class='ocrx_word' id='word_1_448' title='bbox 1593 2518 1751 2557; x_wconf 85' lang='lat' dir='ltr'>perpetuo</span> <span class='ocrx_word' id='word_1_449' title='bbox 1770 2513 1833 2545; x_wconf 85' lang='lat' dir='ltr'>eri-</span> 
     </span>
     <span class='ocr_line' id='line_1_94' title="bbox 1095 2565 1485 2607; baseline 0 -10"><span class='ocrx_word' id='word_1_450' title='bbox 1095 2566 1198 2607; x_wconf 75' lang='lat' dir='ltr'>gimus</span> <span class='ocrx_word' id='word_1_451' title='bbox 1224 2567 1254 2598; x_wconf 81' lang='lat' dir='ltr'>&#39;et</span> <span class='ocrx_word' id='word_1_452' title='bbox 1279 2565 1485 2599; x_wconf 78' lang='lat' dir='ltr'>instituimus.</span> 
     </span>
    </p>

    <p class='ocr_par' dir='ltr' id='par_1_12' title="bbox 1139 2619 1831 2663">
     <span class='ocr_line' id='line_1_95' title="bbox 1139 2619 1831 2663; baseline 0.001 -12"><span class='ocrx_word' id='word_1_453' title='bbox 1139 2619 1455 2662; x_wconf 68' lang='lat' dir='ltr'>§.3.D0c·ei·11e11tes</span> <span class='ocrx_word' id='word_1_454' title='bbox 1485 2621 1614 2653; x_wconf 85' lang='lat' dir='ltr'>easdem</span> <span class='ocrx_word' id='word_1_455' title='bbox 1645 2626 1831 2663; x_wconf 83' lang='lat' dir='ltr'>praesentes</span> 
     </span>
    </p>
   </div>
   <div class='ocr_carea' id='block_1_10' title="bbox 1810 1403 1835 1434">
    <p class='ocr_par' dir='ltr' id='par_1_13' title="bbox 1810 1403 1835 1434">
     <span class='ocr_line' id='line_1_96' title="bbox 1810 1403 1835 1434; baseline 0 0"><span class='ocrx_word' id='word_1_456' title='bbox 1810 1403 1835 1434; x_wconf 90' lang='lat' dir='ltr'>si</span> 
     </span>
    </p>
   </div>
   <div class='ocr_carea' id='block_1_11' title="bbox 1852 239 2035 267">
    <p class='ocr_par' dir='ltr' id='par_1_14' title="bbox 1852 239 2035 267">
     <span class='ocr_line' id='line_1_97' title="bbox 1852 239 2035 267; baseline 0.005 -1"><span class='ocrx_word' id='word_1_457' title='bbox 1852 239 1901 267; x_wconf 74' lang='lat' dir='ltr'>An.</span> <span class='ocrx_word' id='word_1_458' title='bbox 1918 239 1946 266; x_wconf 89' lang='lat' dir='ltr'>C.</span> <span class='ocrx_word' id='word_1_459' title='bbox 1968 239 2035 267; x_wconf 76' lang='lat'>1669</span> 
     </span>
    </p>
   </div>
   <div class='ocr_carea' id='block_1_12' title="bbox 1848 617 2031 665">
    <p class='ocr_par' dir='ltr' id='par_1_15' title="bbox 1848 617 2031 665">
     <span class='ocr_line' id='line_1_98' title="bbox 1862 617 2031 645; baseline 0.012 -8"><span class='ocrx_word' id='word_1_460' title='bbox 1862 617 1945 638; x_wconf 59' lang='lat' dir='ltr'>Eiectio</span> <span class='ocrx_word' id='word_1_461' title='bbox 1955 619 1980 638; x_wconf 72' lang='lat' dir='ltr'>«te</span> <span class='ocrx_word' id='word_1_462' title='bbox 1990 624 2031 645; x_wconf 75' lang='lat' dir='ltr'>qua</span> 
     </span>
     <span class='ocr_line' id='line_1_99' title="bbox 1848 645 1977 665; baseline 0.008 -1"><span class='ocrx_word' id='word_1_463' title='bbox 1848 651 1868 664; x_wconf 82' lang='lat' dir='ltr'>in</span> <span class='ocrx_word' id='word_1_464' title='bbox 1884 645 1977 665; x_wconf 80' lang='lat' dir='ltr'>rubrica.</span> 
     </span>
    </p>
   </div>
   <div class='ocr_carea' id='block_1_13' title="bbox 1844 2612 2028 2660">
    <p class='ocr_par' dir='ltr' id='par_1_16' title="bbox 1844 2612 2028 2660">
     <span class='ocr_line' id='line_1_100' title="bbox 1844 2612 2028 2638; baseline 0.016 -8"><span class='ocrx_word' id='word_1_465' title='bbox 1844 2612 1956 2632; x_wconf 52' lang='lat' dir='ltr'>‹naucula-³.</span> <span class='ocrx_word' id='word_1_466' title='bbox 1965 2618 2028 2638; x_wconf 69' lang='lat' dir='ltr'>prae·</span> 
     </span>
     <span class='ocr_line' id='line_1_101' title="bbox 1844 2642 1971 2660; baseline 0.016 -2"><span class='ocrx_word' id='word_1_467' title='bbox 1844 2642 1971 2660; x_wconf 60' lang='lat' dir='ltr'>:erratu-ae.</span> 
     </span>
    </p>
   </div>
  </div>
 </body>
</html>
