<?xml version="1.0" encoding="UTF-8"?>
<!DOCTYPE html PUBLIC "-//W3C//DTD XHTML 1.0 Transitional//EN"
    "http://www.w3.org/TR/xhtml1/DTD/xhtml1-transitional.dtd">
<html xmlns="http://www.w3.org/1999/xhtml" xml:lang="en" lang="en">
 <head>
  <title>
</title>
<meta http-equiv="Content-Type" content="text/html;charset=utf-8" />
  <meta name='ocr-system' content='tesseract 3.04.00' />
  <meta name='ocr-capabilities' content='ocr_page ocr_carea ocr_par ocr_line ocrx_word'/>
</head>
<body>
  <div class='ocr_page' id='page_1' title='image "./bullarumdiplomat17cath_0076.png"; bbox 0 0 2247 3208; ppageno 0'>
   <div class='ocr_carea' id='block_1_1' title="bbox 238 217 511 254">
    <p class='ocr_par' dir='ltr' id='par_1_1' title="bbox 238 217 511 254">
     <span class='ocr_line' id='line_1_1' title="bbox 238 217 511 254; baseline -0.015 -1"><span class='ocrx_word' id='word_1_1' title='bbox 238 226 286 254; x_wconf 68' lang='lat' dir='ltr'>An.</span> <span class='ocrx_word' id='word_1_2' title='bbox 307 225 336 253; x_wconf 90' lang='lat' dir='ltr'>C.</span> <span class='ocrx_word' id='word_1_3' title='bbox 358 225 424 252; x_wconf 59' lang='lat'>16622</span> <span class='ocrx_word' id='word_1_4' title='bbox 469 217 511 250; x_wconf 77' lang='grc'>46</span> 
     </span>
    </p>
   </div>
   <div class='ocr_carea' id='block_1_2' title="bbox 262 1608 380 1629">
    <p class='ocr_par' dir='ltr' id='par_1_2' title="bbox 262 1608 380 1629">
     <span class='ocr_line' id='line_1_2' title="bbox 262 1608 380 1629; baseline 0 0"><span class='ocrx_word' id='word_1_5' title='bbox 262 1608 380 1629; x_wconf 72' lang='lat' dir='ltr'>Enarrauo.</span> 
     </span>
    </p>
   </div>
   <div class='ocr_carea' id='block_1_3' title="bbox 431 269 1164 1004">
    <p class='ocr_par' dir='ltr' id='par_1_3' title="bbox 431 269 1164 728">
     <span class='ocr_line' id='line_1_3' title="bbox 433 269 1160 318; baseline -0.008 -11"><span class='ocrx_word' id='word_1_6' title='bbox 433 274 653 318; x_wconf 87' lang='lat' dir='ltr'>praesentium</span> <span class='ocrx_word' id='word_1_7' title='bbox 700 272 879 305; x_wconf 85' lang='lat' dir='ltr'>litterarum</span> <span class='ocrx_word' id='word_1_8' title='bbox 926 269 1135 313; x_wconf 79' lang='lat' dir='ltr'>transumptis</span> <span class='ocrx_word' id='word_1_9' title='bbox 1153 296 1160 309; x_wconf 94' lang='lat'>‚</span> 
     </span>
     <span class='ocr_line' id='line_1_4' title="bbox 434 322 1162 368; baseline -0.008 -8"><span class='ocrx_word' id='word_1_10' title='bbox 434 327 529 360; x_wconf 87' lang='lat' dir='ltr'>etiam</span> <span class='ocrx_word' id='word_1_11' title='bbox 553 325 738 368; x_wconf 82' lang='lat' dir='ltr'>impressis,</span> <span class='ocrx_word' id='word_1_12' title='bbox 765 335 861 357; x_wconf 87' lang='lat' dir='ltr'>manu</span> <span class='ocrx_word' id='word_1_13' title='bbox 885 323 1019 356; x_wconf 90' lang='lat' dir='ltr'>alicuius</span> <span class='ocrx_word' id='word_1_14' title='bbox 1044 322 1162 355; x_wconf 86' lang='lat' dir='ltr'>notarii</span> 
     </span>
     <span class='ocr_line' id='line_1_5' title="bbox 432 377 1162 423; baseline -0.005 -11"><span class='ocrx_word' id='word_1_15' title='bbox 432 379 553 423; x_wconf 83' lang='lat' dir='ltr'>publici</span> <span class='ocrx_word' id='word_1_16' title='bbox 573 378 783 421; x_wconf 79' lang='lat' dir='ltr'>subscriptis,</span> <span class='ocrx_word' id='word_1_17' title='bbox 811 383 843 410; x_wconf 90' lang='lat' dir='ltr'>et</span> <span class='ocrx_word' id='word_1_18' title='bbox 866 377 973 419; x_wconf 75' lang='lat' dir='ltr'>sigillo</span> <span class='ocrx_word' id='word_1_19' title='bbox 998 386 1162 419; x_wconf 80' lang='lat' dir='ltr'>personae</span> 
     </span>
     <span class='ocr_line' id='line_1_6' title="bbox 432 429 1163 473; baseline -0.004 -9"><span class='ocrx_word' id='word_1_20' title='bbox 432 432 463 464; x_wconf 89' lang='lat' dir='ltr'>in</span> <span class='ocrx_word' id='word_1_21' title='bbox 478 430 697 464; x_wconf 76' lang='lat' dir='ltr'>ecclesiastica</span> <span class='ocrx_word' id='word_1_22' title='bbox 712 430 866 473; x_wconf 75' lang='lat' dir='ltr'>dignitate</span> <span class='ocrx_word' id='word_1_23' title='bbox 885 429 1078 462; x_wconf 74' lang='lat' dir='ltr'>constitutae</span> <span class='ocrx_word' id='word_1_24' title='bbox 1095 439 1163 461; x_wconf 88' lang='lat' dir='ltr'>mu-</span> 
     </span>
     <span class='ocr_line' id='line_1_7' title="bbox 432 482 1163 527; baseline -0.004 -10"><span class='ocrx_word' id='word_1_25' title='bbox 432 484 516 524; x_wconf 88' lang='lat' dir='ltr'>nitis,</span> <span class='ocrx_word' id='word_1_26' title='bbox 544 485 657 517; x_wconf 86' lang='lat' dir='ltr'>eadem</span> <span class='ocrx_word' id='word_1_27' title='bbox 681 494 815 527; x_wconf 87' lang='lat' dir='ltr'>prorsus</span> <span class='ocrx_word' id='word_1_28' title='bbox 833 483 913 516; x_wconf 87' lang='lat' dir='ltr'>fides</span> <span class='ocrx_word' id='word_1_29' title='bbox 931 482 1050 525; x_wconf 88' lang='lat' dir='ltr'>ubique</span> <span class='ocrx_word' id='word_1_30' title='bbox 1075 482 1163 515; x_wconf 89' lang='lat' dir='ltr'>loco-</span> 
     </span>
     <span class='ocr_line' id='line_1_8' title="bbox 432 535 1162 579; baseline -0.004 -9"><span class='ocrx_word' id='word_1_31' title='bbox 432 548 502 570; x_wconf 88' lang='lat' dir='ltr'>rum</span> <span class='ocrx_word' id='word_1_32' title='bbox 527 542 559 570; x_wconf 92' lang='lat' dir='ltr'>et</span> <span class='ocrx_word' id='word_1_33' title='bbox 593 536 735 579; x_wconf 87' lang='lat' dir='ltr'>gentium</span> <span class='ocrx_word' id='word_1_34' title='bbox 761 541 823 568; x_wconf 92' lang='lat' dir='ltr'>tam</span> <span class='ocrx_word' id='word_1_35' title='bbox 859 535 891 568; x_wconf 92' lang='lat' dir='ltr'>in</span> <span class='ocrx_word' id='word_1_36' title='bbox 916 535 1035 568; x_wconf 89' lang='lat' dir='ltr'>iudicio</span> <span class='ocrx_word' id='word_1_37' title='bbox 1068 545 1162 578; x_wconf 88' lang='lat' dir='ltr'>quam</span> 
     </span>
     <span class='ocr_line' id='line_1_9' title="bbox 432 587 1164 631; baseline -0.004 -9"><span class='ocrx_word' id='word_1_38' title='bbox 432 595 521 623; x_wconf 78' lang='lat' dir='ltr'>extra</span> <span class='ocrx_word' id='word_1_39' title='bbox 554 589 633 623; x_wconf 89' lang='lat' dir='ltr'>illud</span> <span class='ocrx_word' id='word_1_40' title='bbox 666 589 874 629; x_wconf 85' lang='lat' dir='ltr'>adhibeatur,</span> <span class='ocrx_word' id='word_1_41' title='bbox 901 598 982 631; x_wconf 87' lang='lat' dir='ltr'>quae</span> <span class='ocrx_word' id='word_1_42' title='bbox 1014 587 1164 631; x_wconf 83' lang='lat' dir='ltr'>ipsismet</span> 
     </span>
     <span class='ocr_line' id='line_1_10' title="bbox 431 640 1163 686; baseline -0.005 -10"><span class='ocrx_word' id='word_1_43' title='bbox 431 642 657 686; x_wconf 86' lang='lat' dir='ltr'>praesentibus</span> <span class='ocrx_word' id='word_1_44' title='bbox 682 642 901 681; x_wconf 77' lang='lat' dir='ltr'>adhiberetur,</span> <span class='ocrx_word' id='word_1_45' title='bbox 928 640 954 673; x_wconf 91' lang='lat' dir='ltr'>si</span> <span class='ocrx_word' id='word_1_46' title='bbox 978 641 1087 674; x_wconf 85' lang='lat' dir='ltr'>forent</span> <span class='ocrx_word' id='word_1_47' title='bbox 1110 651 1163 673; x_wconf 80' lang='lat' dir='ltr'>ex-</span> 
     </span>
     <span class='ocr_line' id='line_1_11' title="bbox 432 695 816 728; baseline -0.005 0"><span class='ocrx_word' id='word_1_48' title='bbox 432 695 552 728; x_wconf 85' lang='lat' dir='ltr'>hibitae</span> <span class='ocrx_word' id='word_1_49' title='bbox 577 697 627 728; x_wconf 89' lang='lat' dir='ltr'>vel</span> <span class='ocrx_word' id='word_1_50' title='bbox 653 701 816 728; x_wconf 85' lang='lat' dir='ltr'>ostensae.</span> 
     </span>
    </p>

    <p class='ocr_par' dir='ltr' id='par_1_4' title="bbox 431 747 1163 940">
     <span class='ocr_line' id='line_1_12' title="bbox 474 747 1162 791; baseline -0.003 -10"><span class='ocrx_word' id='word_1_51' title='bbox 474 748 588 781; x_wconf 87' lang='lat' dir='ltr'>Datum</span> <span class='ocrx_word' id='word_1_52' title='bbox 612 749 743 787; x_wconf 82' lang='lat' dir='ltr'>Romae,</span> <span class='ocrx_word' id='word_1_53' title='bbox 769 748 855 791; x_wconf 86' lang='lat' dir='ltr'>apud</span> <span class='ocrx_word' id='word_1_54' title='bbox 885 747 915 780; x_wconf 88' lang='lat' dir='ltr'>S.</span> <span class='ocrx_word' id='word_1_55' title='bbox 943 747 1074 780; x_wconf 87' lang='lat' dir='ltr'>Mariam</span> <span class='ocrx_word' id='word_1_56' title='bbox 1099 747 1162 779; x_wconf 90' lang='lat' dir='ltr'>Ma-</span> 
     </span>
     <span class='ocr_line' id='line_1_13' title="bbox 431 800 1161 841; baseline 0 -8"><span class='ocrx_word' id='word_1_57' title='bbox 431 800 554 841; x_wconf 83' lang='lat' dir='ltr'>iorem,</span> <span class='ocrx_word' id='word_1_58' title='bbox 582 801 642 834; x_wconf 83' lang='lat' dir='ltr'>sub</span> <span class='ocrx_word' id='word_1_59' title='bbox 668 802 790 834; x_wconf 88' lang='lat' dir='ltr'>annulo</span> <span class='ocrx_word' id='word_1_60' title='bbox 821 800 1016 840; x_wconf 76' lang='lat' dir='ltr'>piscatoris,</span> <span class='ocrx_word' id='word_1_61' title='bbox 1043 800 1093 833; x_wconf 87' lang='lat' dir='ltr'>die</span> <span class='ocrx_word' id='word_1_62' title='bbox 1118 811 1161 833; x_wconf 76' lang='grc' dir='ltr'>ΧΠ</span> 
     </span>
     <span class='ocr_line' id='line_1_14' title="bbox 431 852 1163 897; baseline 0.001 -12"><span class='ocrx_word' id='word_1_63' title='bbox 431 853 511 887; x_wconf 88' lang='lat' dir='ltr'>iunii</span> <span class='ocrx_word' id='word_1_64' title='bbox 543 863 693 894; x_wconf 63' lang='lat' dir='ltr'>naemu,</span> <span class='ocrx_word' id='word_1_65' title='bbox 727 852 934 897; x_wconf 78' lang='lat' dir='ltr'>pontificatus</span> <span class='ocrx_word' id='word_1_66' title='bbox 966 853 1070 886; x_wconf 85' lang='lat' dir='ltr'>nostri</span> <span class='ocrx_word' id='word_1_67' title='bbox 1107 864 1163 886; x_wconf 87' lang='lat' dir='ltr'>an-</span> 
     </span>
     <span class='ocr_line' id='line_1_15' title="bbox 431 917 567 940; baseline 0 0"><span class='ocrx_word' id='word_1_68' title='bbox 431 917 473 940; x_wconf 91' lang='lat' dir='ltr'>no</span> <span class='ocrx_word' id='word_1_69' title='bbox 497 917 567 940; x_wconf 84' lang='lat' dir='ltr'>vl11.</span> 
     </span>
    </p>

    <p class='ocr_par' dir='ltr' id='par_1_5' title="bbox 465 967 1081 1004">
     <span class='ocr_line' id='line_1_16' title="bbox 465 967 1081 1004; baseline -0.002 -8"><span class='ocrx_word' id='word_1_70' title='bbox 465 969 526 996; x_wconf 80' lang='lat' dir='ltr'>Dat.</span> <span class='ocrx_word' id='word_1_71' title='bbox 543 968 585 996; x_wconf 85' lang='lat' dir='ltr'>die</span> <span class='ocrx_word' id='word_1_72' title='bbox 602 968 632 996; x_wconf 77' lang='lat'>12</span> <span class='ocrx_word' id='word_1_73' title='bbox 647 968 713 996; x_wconf 89' lang='lat' dir='ltr'>iunii</span> <span class='ocrx_word' id='word_1_74' title='bbox 729 968 806 1003; x_wconf 74' lang='lat'>1662,</span> <span class='ocrx_word' id='word_1_75' title='bbox 825 967 918 1004; x_wconf 82' lang='lat' dir='ltr'>pontif.</span> <span class='ocrx_word' id='word_1_76' title='bbox 934 975 1004 996; x_wconf 86' lang='lat' dir='ltr'>anno</span> <span class='ocrx_word' id='word_1_77' title='bbox 1025 974 1081 995; x_wconf 79' lang='lat' dir='ltr'>vni.</span> 
     </span>
    </p>
   </div>
   <div class='ocr_carea' id='block_1_4' title="bbox 718 1109 873 1145">
    <p class='ocr_par' dir='ltr' id='par_1_6' title="bbox 718 1109 873 1145">
     <span class='ocr_line' id='line_1_17' title="bbox 718 1109 873 1145; baseline -0.006 -1"><span class='ocrx_word' id='word_1_78' title='bbox 718 1109 873 1145; x_wconf 83' lang='lat' dir='ltr'>CCCXCV.</span> 
     </span>
    </p>
   </div>
   <div class='ocr_carea' id='block_1_5' title="bbox 429 1189 1162 1224">
    <p class='ocr_par' dir='ltr' id='par_1_7' title="bbox 429 1189 1162 1224">
     <span class='ocr_line' id='line_1_18' title="bbox 429 1189 1162 1224; baseline -0.004 0"><span class='ocrx_word' id='word_1_79' title='bbox 429 1190 612 1224; x_wconf 78' lang='lat' dir='ltr'>Declaratio</span> <span class='ocrx_word' id='word_1_80' title='bbox 636 1190 855 1222; x_wconf 75' lang='lat' dir='ltr'>invaliditatis</span> <span class='ocrx_word' id='word_1_81' title='bbox 884 1189 1046 1222; x_wconf 72' lang='lat' dir='ltr'>electionis</span> <span class='ocrx_word' id='word_1_82' title='bbox 1077 1189 1162 1221; x_wconf 72' lang='lat' dir='ltr'>vica-</span> 
     </span>
    </p>
   </div>
   <div class='ocr_carea' id='block_1_6' title="bbox 472 1242 1179 1286">
    <p class='ocr_par' dir='ltr' id='par_1_8' title="bbox 472 1242 1179 1286">
     <span class='ocr_line' id='line_1_19' title="bbox 472 1242 1179 1286; baseline -0.003 -10"><span class='ocrx_word' id='word_1_83' title='bbox 472 1244 598 1277; x_wconf 83' lang='lat' dir='ltr'>riorum</span> <span class='ocrx_word' id='word_1_84' title='bbox 623 1243 856 1286; x_wconf 80' lang='lat' dir='ltr'>capitularium</span> <span class='ocrx_word' id='word_1_85' title='bbox 887 1242 1036 1275; x_wconf 72' lang='lat' dir='ltr'>ecclesiae</span> <span class='ocrx_word' id='word_1_86' title='bbox 1064 1243 1179 1281; x_wconf 69' lang='lat' dir='ltr'>Pari-,</span> 
     </span>
    </p>
   </div>
   <div class='ocr_carea' id='block_1_7' title="bbox 473 1274 1932 1330">
    <p class='ocr_par' dir='ltr' id='par_1_9' title="bbox 473 1274 1932 1330">
     <span class='ocr_line' id='line_1_20' title="bbox 473 1274 1932 1330; baseline -0.001 -21"><span class='ocrx_word' id='word_1_87' title='bbox 473 1297 586 1330; x_wconf 44' lang='lat' dir='ltr'><em>smmis</em></span> <span class='ocrx_word' id='word_1_88' title='bbox 610 1300 684 1328; x_wconf 53' lang='lat' dir='ltr'><em>ante</em></span> <span class='ocrx_word' id='word_1_89' title='bbox 708 1295 886 1328; x_wconf 55' lang='lat' dir='ltr'><em>admissam</em></span> <span class='ocrx_word' id='word_1_90' title='bbox 904 1296 1069 1328; x_wconf 55' lang='lat' dir='ltr'><em>cessionem</em></span> <span class='ocrx_word' id='word_1_91' title='bbox 1096 1306 1163 1329; x_wconf 48' lang='lat' dir='ltr'>wr-</span> <span class='ocrx_word' id='word_1_92' title='bbox 1177 1288 1179 1327; x_wconf 51' lang='lat'>3</span> <span class='ocrx_word' id='word_1_93' title='bbox 1195 1275 1241 1307; x_wconf 89' lang='lat' dir='ltr'>vis</span> <span class='ocrx_word' id='word_1_94' title='bbox 1260 1274 1527 1308; x_wconf 84' lang='lat' dir='ltr'>dissentientibus</span> <span class='ocrx_word' id='word_1_95' title='bbox 1542 1274 1720 1318; x_wconf 89' lang='lat' dir='ltr'>nonnullis)</span> <span class='ocrx_word' id='word_1_96' title='bbox 1738 1275 1817 1309; x_wconf 90' lang='lat' dir='ltr'>itum</span> <span class='ocrx_word' id='word_1_97' title='bbox 1834 1275 1932 1308; x_wconf 88' lang='lat' dir='ltr'>fuerit</span> 
     </span>
    </p>
   </div>
   <div class='ocr_carea' id='block_1_8' title="bbox 453 1345 1161 1446">
    <p class='ocr_par' dir='ltr' id='par_1_10' title="bbox 453 1345 1161 1446">
     <span class='ocr_line' id='line_1_21' title="bbox 453 1345 1161 1392; baseline 0.001 -10"><span class='ocrx_word' id='word_1_98' title='bbox 453 1345 596 1383; x_wconf 73' lang='lat' dir='ltr'>&#39;dinalis</span> <span class='ocrx_word' id='word_1_99' title='bbox 613 1349 650 1382; x_wconf 79' lang='lat' dir='ltr'>de</span> <span class='ocrx_word' id='word_1_100' title='bbox 673 1350 747 1382; x_wconf 63' lang='lat' dir='ltr'>Rei:</span> <span class='ocrx_word' id='word_1_101' title='bbox 764 1350 877 1392; x_wconf 72' lang='lat' dir='ltr'>factae,</span> <span class='ocrx_word' id='word_1_102' title='bbox 902 1353 931 1382; x_wconf 82' lang='lat' dir='ltr'>et</span> <span class='ocrx_word' id='word_1_103' title='bbox 949 1349 988 1382; x_wconf 78' lang='lat' dir='ltr'>ab</span> <span class='ocrx_word' id='word_1_104' title='bbox 1007 1349 1076 1382; x_wconf 72' lang='lat' dir='ltr'>illis</span> <span class='ocrx_word' id='word_1_105' title='bbox 1092 1360 1161 1383; x_wconf 81' lang='lat' dir='ltr'>suc-</span> 
     </span>
     <span class='ocr_line' id='line_1_22' title="bbox 474 1403 795 1446; baseline -0.003 -10"><span class='ocrx_word' id='word_1_106' title='bbox 474 1403 587 1436; x_wconf 79' lang='lat' dir='ltr'>cessive</span> <span class='ocrx_word' id='word_1_107' title='bbox 609 1404 795 1446; x_wconf 46' lang='lat' dir='ltr'>Uestorumfl</span> 
     </span>
    </p>
   </div>
   <div class='ocr_carea' id='block_1_9' title="bbox 566 1482 1016 1555">
    <p class='ocr_par' dir='ltr' id='par_1_11' title="bbox 566 1482 1016 1555">
     <span class='ocr_line' id='line_1_23' title="bbox 621 1482 963 1516; baseline 0 -7"><span class='ocrx_word' id='word_1_108' title='bbox 621 1483 786 1510; x_wconf 79' lang='lat' dir='ltr'>Alexander</span> <span class='ocrx_word' id='word_1_109' title='bbox 806 1483 883 1516; x_wconf 82' lang='lat' dir='ltr'>Papa</span> <span class='ocrx_word' id='word_1_110' title='bbox 901 1482 963 1515; x_wconf 82' lang='lat' dir='ltr'>VH,</span> 
     </span>
     <span class='ocr_line' id='line_1_24' title="bbox 566 1527 1016 1555; baseline -0.002 -1"><span class='ocrx_word' id='word_1_111' title='bbox 566 1529 600 1555; x_wconf 84' lang='lat' dir='ltr'>ad</span> <span class='ocrx_word' id='word_1_112' title='bbox 617 1528 748 1555; x_wconf 75' lang='lat' dir='ltr'>futuram</span> <span class='ocrx_word' id='word_1_113' title='bbox 768 1527 812 1554; x_wconf 86' lang='lat' dir='ltr'>rei</span> <span class='ocrx_word' id='word_1_114' title='bbox 832 1527 1016 1555; x_wconf 86' lang='lat' dir='ltr'>memoriam.</span> 
     </span>
    </p>
   </div>
   <div class='ocr_carea' id='block_1_10' title="bbox 431 1598 1165 2541">
    <p class='ocr_par' dir='ltr' id='par_1_12' title="bbox 431 1598 1165 2541">
     <span class='ocr_line' id='line_1_25' title="bbox 474 1598 1162 1642; baseline 0 -11"><span class='ocrx_word' id='word_1_115' title='bbox 474 1599 489 1641; x_wconf 62' lang='lat' dir='ltr'>g</span> <span class='ocrx_word' id='word_1_116' title='bbox 513 1599 544 1631; x_wconf 78' lang='lat'>1.</span> <span class='ocrx_word' id='word_1_117' title='bbox 564 1598 648 1638; x_wconf 89' lang='lat' dir='ltr'>Cum,</span> <span class='ocrx_word' id='word_1_118' title='bbox 668 1599 750 1631; x_wconf 88' lang='lat' dir='ltr'>sicut</span> <span class='ocrx_word' id='word_1_119' title='bbox 767 1599 961 1642; x_wconf 85' lang='lat' dir='ltr'>accepimus,</span> <span class='ocrx_word' id='word_1_120' title='bbox 988 1604 1162 1642; x_wconf 82' lang='lat' dir='ltr'>postquam</span> 
     </span>
     <span class='ocr_line' id='line_1_26' title="bbox 432 1651 1162 1684; baseline -0.001 0"><span class='ocrx_word' id='word_1_121' title='bbox 432 1651 568 1684; x_wconf 87' lang='lat' dir='ltr'>dilectus</span> <span class='ocrx_word' id='word_1_122' title='bbox 585 1651 669 1684; x_wconf 84' lang='lat' dir='ltr'>filius</span> <span class='ocrx_word' id='word_1_123' title='bbox 684 1657 795 1684; x_wconf 86' lang='lat' dir='ltr'>noster</span> <span class='ocrx_word' id='word_1_124' title='bbox 812 1652 950 1684; x_wconf 89' lang='lat' dir='ltr'>loannes</span> <span class='ocrx_word' id='word_1_125' title='bbox 969 1651 1162 1684; x_wconf 89' lang='lat' dir='ltr'>Franciscus</span> 
     </span>
     <span class='ocr_line' id='line_1_27' title="bbox 432 1703 1163 1748; baseline 0.001 -12"><span class='ocrx_word' id='word_1_126' title='bbox 432 1704 546 1737; x_wconf 85' lang='lat' dir='ltr'>Paulus</span> <span class='ocrx_word' id='word_1_127' title='bbox 569 1703 699 1737; x_wconf 89' lang='lat' dir='ltr'>Gondus</span> <span class='ocrx_word' id='word_1_128' title='bbox 725 1704 756 1737; x_wconf 78' lang='lat' dir='ltr'>S.</span> <span class='ocrx_word' id='word_1_129' title='bbox 784 1704 820 1736; x_wconf 87' lang='lat' dir='ltr'>R.</span> <span class='ocrx_word' id='word_1_130' title='bbox 840 1704 874 1737; x_wconf 89' lang='lat' dir='ltr'>E.</span> <span class='ocrx_word' id='word_1_131' title='bbox 902 1705 1076 1748; x_wconf 76' lang='lat' dir='ltr'>presbyter</span> <span class='ocrx_word' id='word_1_132' title='bbox 1094 1715 1163 1737; x_wconf 86' lang='lat' dir='ltr'>car-</span> 
     </span>
     <span class='ocr_line' id='line_1_28' title="bbox 432 1757 1163 1801; baseline 0.001 -12"><span class='ocrx_word' id='word_1_133' title='bbox 432 1757 548 1790; x_wconf 89' lang='lat' dir='ltr'>dinalis</span> <span class='ocrx_word' id='word_1_134' title='bbox 574 1758 612 1790; x_wconf 88' lang='lat' dir='ltr'>de</span> <span class='ocrx_word' id='word_1_135' title='bbox 637 1757 714 1790; x_wconf 83' lang='lat' dir='ltr'>Retz</span> <span class='ocrx_word' id='word_1_136' title='bbox 727 1763 939 1801; x_wconf 86' lang='lat' dir='ltr'>nuncupatus,</span> <span class='ocrx_word' id='word_1_137' title='bbox 961 1763 1037 1790; x_wconf 88' lang='lat' dir='ltr'>tunc</span> <span class='ocrx_word' id='word_1_138' title='bbox 1058 1758 1163 1790; x_wconf 85' lang='lat' dir='ltr'>ecele-</span> 
     </span>
     <span class='ocr_line' id='line_1_29' title="bbox 432 1810 1163 1843; baseline 0 -1"><span class='ocrx_word' id='word_1_139' title='bbox 432 1811 498 1843; x_wconf 84' lang='lat' dir='ltr'>siae</span> <span class='ocrx_word' id='word_1_140' title='bbox 523 1810 714 1843; x_wconf 76' lang='lat' dir='ltr'>parisiensis</span> <span class='ocrx_word' id='word_1_141' title='bbox 741 1820 778 1842; x_wconf 83' lang='lat' dir='ltr'>ex</span> <span class='ocrx_word' id='word_1_142' title='bbox 803 1810 1017 1843; x_wconf 77' lang='lat' dir='ltr'>concessione</span> <span class='ocrx_word' id='word_1_143' title='bbox 1043 1810 1163 1843; x_wconf 89' lang='lat' dir='ltr'>et-dis-</span> 
     </span>
     <span class='ocr_line' id='line_1_30' title="bbox 431 1862 1163 1906; baseline 0 -12"><span class='ocrx_word' id='word_1_144' title='bbox 431 1862 622 1906; x_wconf 78' lang='lat' dir='ltr'>pensatione</span> <span class='ocrx_word' id='word_1_145' title='bbox 634 1863 812 1905; x_wconf 76' lang='lat' dir='ltr'>apostoliea</span> <span class='ocrx_word' id='word_1_146' title='bbox 822 1864 962 1906; x_wconf 85' lang='lat' dir='ltr'>praesul,</span> <span class='ocrx_word' id='word_1_147' title='bbox 980 1863 1032 1906; x_wconf 86' lang='lat' dir='ltr'>qui</span> <span class='ocrx_word' id='word_1_148' title='bbox 1044 1862 1163 1895; x_wconf 87' lang='lat' dir='ltr'>iamdiu</span> 
     </span>
     <span class='ocr_line' id='line_1_31' title="bbox 432 1915 1164 1958; baseline 0 -11"><span class='ocrx_word' id='word_1_149' title='bbox 432 1926 450 1948; x_wconf 88' lang='lat' dir='ltr'>a</span> <span class='ocrx_word' id='word_1_150' title='bbox 463 1917 519 1947; x_wconf 76' lang='lat' dir='ltr'>sua</span> <span class='ocrx_word' id='word_1_151' title='bbox 532 1915 670 1948; x_wconf 78' lang='lat' dir='ltr'>ecclesia</span> <span class='ocrx_word' id='word_1_152' title='bbox 691 1916 808 1948; x_wconf 80' lang='lat' dir='ltr'>absens</span> <span class='ocrx_word' id='word_1_153' title='bbox 828 1915 913 1948; x_wconf 89' lang='lat' dir='ltr'>illius</span> <span class='ocrx_word' id='word_1_154' title='bbox 940 1915 1089 1958; x_wconf 78' lang='lat' dir='ltr'>regimini</span> <span class='ocrx_word' id='word_1_155' title='bbox 1104 1926 1164 1958; x_wconf 88' lang='lat' dir='ltr'>per</span> 
     </span>
     <span class='ocr_line' id='line_1_32' title="bbox 433 1968 1164 2011; baseline 0 -10"><span class='ocrx_word' id='word_1_156' title='bbox 433 1968 569 2001; x_wconf 85' lang='lat' dir='ltr'>vicarios</span> <span class='ocrx_word' id='word_1_157' title='bbox 596 1979 670 2001; x_wconf 89' lang='lat' dir='ltr'>suos</span> <span class='ocrx_word' id='word_1_158' title='bbox 697 1969 866 2011; x_wconf 77' lang='lat' dir='ltr'>generales</span> <span class='ocrx_word' id='word_1_159' title='bbox 885 1975 916 2001; x_wconf 88' lang='lat' dir='ltr'>et</span> <span class='ocrx_word' id='word_1_160' title='bbox 940 1969 1020 2001; x_wconf 81' lang='lat' dir='ltr'>alios</span> <span class='ocrx_word' id='word_1_161' title='bbox 1043 1968 1164 2001; x_wconf 83' lang='lat' dir='ltr'>officia-</span> 
     </span>
     <span class='ocr_line' id='line_1_33' title="bbox 432 2022 1164 2061; baseline 0.001 -7"><span class='ocrx_word' id='word_1_162' title='bbox 432 2022 480 2054; x_wconf 88' lang='lat' dir='ltr'>les</span> <span class='ocrx_word' id='word_1_163' title='bbox 498 2022 797 2061; x_wconf 83' lang='lat' dir='ltr'>vacabat,ea1ndem</span> <span class='ocrx_word' id='word_1_164' title='bbox 817 2022 989 2055; x_wconf 85' lang='lat' dir='ltr'>ecclesiam</span> <span class='ocrx_word' id='word_1_165' title='bbox 1003 2023 1164 2055; x_wconf 86' lang='lat' dir='ltr'>Parisien-</span> 
     </span>
     <span class='ocr_line' id='line_1_34' title="bbox 433 2075 1162 2118; baseline 0.003 -12"><span class='ocrx_word' id='word_1_166' title='bbox 433 2084 501 2106; x_wconf 78' lang='lat' dir='ltr'>sem</span> <span class='ocrx_word' id='word_1_167' title='bbox 526 2085 606 2117; x_wconf 88' lang='lat' dir='ltr'>pure</span> <span class='ocrx_word' id='word_1_168' title='bbox 624 2080 656 2106; x_wconf 88' lang='lat' dir='ltr'>et</span> <span class='ocrx_word' id='word_1_169' title='bbox 675 2075 885 2118; x_wconf 79' lang='lat' dir='ltr'>sempliciter,</span> <span class='ocrx_word' id='word_1_170' title='bbox 906 2081 1059 2118; x_wconf 85' lang='lat' dir='ltr'>quantum</span> <span class='ocrx_word' id='word_1_171' title='bbox 1077 2076 1109 2107; x_wconf 91' lang='lat' dir='ltr'>in</span> <span class='ocrx_word' id='word_1_172' title='bbox 1128 2086 1162 2108; x_wconf 88' lang='lat' dir='ltr'>se</span> 
     </span>
     <span class='ocr_line' id='line_1_35' title="bbox 434 2128 1163 2169; baseline 0.003 -10"><span class='ocrx_word' id='word_1_173' title='bbox 434 2133 511 2167; x_wconf 89' lang='lat' dir='ltr'>erat,</span> <span class='ocrx_word' id='word_1_174' title='bbox 537 2128 786 2160; x_wconf 77' lang='lat' dir='ltr'>renunciaverat</span> <span class='ocrx_word' id='word_1_175' title='bbox 810 2134 841 2161; x_wconf 86' lang='lat' dir='ltr'>et</span> <span class='ocrx_word' id='word_1_176' title='bbox 865 2135 1018 2169; x_wconf 75' lang='lat' dir='ltr'>cesserat,</span> <span class='ocrx_word' id='word_1_177' title='bbox 1045 2139 1103 2162; x_wconf 85' lang='lat' dir='ltr'>seu</span> <span class='ocrx_word' id='word_1_178' title='bbox 1124 2130 1163 2162; x_wconf 91' lang='lat' dir='ltr'>ad</span> 
     </span>
     <span class='ocr_line' id='line_1_36' title="bbox 434 2181 1163 2215; baseline 0.003 -2"><span class='ocrx_word' id='word_1_179' title='bbox 434 2181 691 2214; x_wconf 77' lang='lat' dir='ltr'>renunciandum</span> <span class='ocrx_word' id='word_1_180' title='bbox 716 2187 747 2214; x_wconf 89' lang='lat' dir='ltr'>ct</span> <span class='ocrx_word' id='word_1_181' title='bbox 772 2183 952 2215; x_wconf 85' lang='lat' dir='ltr'>cedendum</span> <span class='ocrx_word' id='word_1_182' title='bbox 970 2183 1001 2215; x_wconf 90' lang='lat' dir='ltr'>in</span> <span class='ocrx_word' id='word_1_183' title='bbox 1016 2183 1163 2215; x_wconf 86' lang='lat' dir='ltr'>manibus</span> 
     </span>
     <span class='ocr_line' id='line_1_37' title="bbox 433 2234 1165 2277; baseline 0.001 -11"><span class='ocrx_word' id='word_1_184' title='bbox 433 2234 554 2267; x_wconf 87' lang='lat' dir='ltr'>nostris</span> <span class='ocrx_word' id='word_1_185' title='bbox 593 2240 839 2277; x_wconf 86' lang='lat' dir='ltr'>procuratorem</span> <span class='ocrx_word' id='word_1_186' title='bbox 880 2235 1101 2275; x_wconf 83' lang='lat' dir='ltr'>constituerat,</span> <span class='ocrx_word' id='word_1_187' title='bbox 1134 2241 1165 2268; x_wconf 91' lang='lat' dir='ltr'>et</span> 
     </span>
     <span class='ocr_line' id='line_1_38' title="bbox 435 2286 1165 2321; baseline 0.001 -2"><span class='ocrx_word' id='word_1_188' title='bbox 435 2287 620 2319; x_wconf 82' lang='lat' dir='ltr'>carissimus</span> <span class='ocrx_word' id='word_1_189' title='bbox 646 2287 677 2319; x_wconf 91' lang='lat' dir='ltr'>in</span> <span class='ocrx_word' id='word_1_190' title='bbox 702 2287 830 2320; x_wconf 85' lang='lat' dir='ltr'>Christo</span> <span class='ocrx_word' id='word_1_191' title='bbox 858 2286 941 2320; x_wconf 81' lang='lat' dir='ltr'>silius</span> <span class='ocrx_word' id='word_1_192' title='bbox 966 2293 1078 2321; x_wconf 89' lang='lat' dir='ltr'>noster</span> <span class='ocrx_word' id='word_1_193' title='bbox 1106 2289 1165 2320; x_wconf 91' lang='lat' dir='ltr'>Lu-</span> 
     </span>
     <span class='ocr_line' id='line_1_39' title="bbox 435 2339 1163 2373; baseline 0.001 -1"><span class='ocrx_word' id='word_1_194' title='bbox 435 2340 566 2372; x_wconf 86' lang='lat' dir='ltr'>dovicus</span> <span class='ocrx_word' id='word_1_195' title='bbox 585 2339 781 2373; x_wconf 82' lang='lat' dir='ltr'>Francorum</span> <span class='ocrx_word' id='word_1_196' title='bbox 798 2350 853 2372; x_wconf 78' lang='lat' dir='ltr'>rex</span> <span class='ocrx_word' id='word_1_197' title='bbox 874 2340 1163 2373; x_wconf 81' lang='lat' dir='ltr'>christianissimus</span> 
     </span>
     <span class='ocr_line' id='line_1_40' title="bbox 434 2393 1165 2432; baseline 0 -6"><span class='ocrx_word' id='word_1_198' title='bbox 434 2393 655 2426; x_wconf 84' lang='lat' dir='ltr'>venerabilem</span> <span class='ocrx_word' id='word_1_199' title='bbox 673 2393 803 2424; x_wconf 85' lang='lat' dir='ltr'>fratrem</span> <span class='ocrx_word' id='word_1_200' title='bbox 821 2393 960 2432; x_wconf 83' lang='lat' dir='ltr'>Petrum,</span> <span class='ocrx_word' id='word_1_201' title='bbox 981 2399 1055 2426; x_wconf 90' lang='lat' dir='ltr'>tunc</span> <span class='ocrx_word' id='word_1_202' title='bbox 1071 2394 1165 2426; x_wconf 89' lang='lat' dir='ltr'>Tolo—</span> 
     </span>
     <span class='ocr_line' id='line_1_41' title="bbox 436 2445 1165 2488; baseline 0 -10"><span class='ocrx_word' id='word_1_203' title='bbox 436 2455 568 2485; x_wconf 81' lang='lat' dir='ltr'>sanum,</span> <span class='ocrx_word' id='word_1_204' title='bbox 596 2455 680 2477; x_wconf 85' lang='lat' dir='ltr'>nune</span> <span class='ocrx_word' id='word_1_205' title='bbox 705 2445 919 2477; x_wconf 81' lang='lat' dir='ltr'>Parisicnsem</span> <span class='ocrx_word' id='word_1_206' title='bbox 945 2446 1165 2488; x_wconf 67' lang='lat' dir='ltr'>archiepisco-</span> 
     </span>
     <span class='ocr_line' id='line_1_42' title="bbox 436 2497 1164 2541; baseline 0 -11"><span class='ocrx_word' id='word_1_207' title='bbox 436 2508 520 2541; x_wconf 87' lang='lat' dir='ltr'>pum,</span> <span class='ocrx_word' id='word_1_208' title='bbox 536 2497 645 2540; x_wconf 83' lang='lat' dir='ltr'>vigore</span> <span class='ocrx_word' id='word_1_209' title='bbox 663 2498 934 2530; x_wconf 87' lang='lat' dir='ltr'>concordatorum</span> <span class='ocrx_word' id='word_1_210' title='bbox 949 2498 1065 2531; x_wconf 87' lang='lat' dir='ltr'>dudum</span> <span class='ocrx_word' id='word_1_211' title='bbox 1080 2498 1164 2531; x_wconf 87' lang='lat' dir='ltr'>inter</span> 
     </span>
    </p>
   </div>
   <div class='ocr_carea' id='block_1_11' title="bbox 474 2611 934 2647">
    <p class='ocr_par' dir='ltr' id='par_1_13' title="bbox 474 2611 934 2647">
     <span class='ocr_line' id='line_1_43' title="bbox 474 2611 934 2647; baseline -0.002 -8"><span class='ocrx_word' id='word_1_212' title='bbox 474 2613 485 2640; x_wconf 89' lang='lat'><strong>1</strong></span> <span class='ocrx_word' id='word_1_213' title='bbox 507 2611 543 2639; x_wconf 80' lang='lat' dir='ltr'>Ex</span> <span class='ocrx_word' id='word_1_214' title='bbox 563 2613 671 2647; x_wconf 61' lang='lat' dir='ltr'>Regest.</span> <span class='ocrx_word' id='word_1_215' title='bbox 694 2613 718 2638; x_wconf 90' lang='lat' dir='ltr'>in</span> <span class='ocrx_word' id='word_1_216' title='bbox 738 2612 836 2639; x_wconf 86' lang='lat' dir='ltr'>Seeret.</span> <span class='ocrx_word' id='word_1_217' title='bbox 859 2611 934 2638; x_wconf 65' lang='lat' dir='ltr'>Brev,</span> 
     </span>
    </p>
   </div>
   <div class='ocr_carea' id='block_1_12' title="bbox 1179 1639 1182 2637">
    <p class='ocr_par' dir='ltr' id='par_1_14' title="bbox 1179 1639 1182 2637">
     <span class='ocr_line' id='line_1_44' title="bbox 1179 1639 1182 2637; baseline 0 0"><span class='ocrx_word' id='word_1_218' title='bbox 1179 1639 1182 2637; x_wconf 95' lang='lat' dir='ltr'> </span> 
     </span>
    </p>
   </div>
   <div class='ocr_carea' id='block_1_13' title="bbox 1004 221 1360 246">
    <p class='ocr_par' dir='ltr' id='par_1_15' title="bbox 1004 221 1360 246">
     <span class='ocr_line' id='line_1_45' title="bbox 1004 221 1360 246; baseline -0.003 0"><span class='ocrx_word' id='word_1_219' title='bbox 1004 222 1183 246; x_wconf 70' lang='lat' dir='ltr'>BULLARIUM</span> <span class='ocrx_word' id='word_1_220' title='bbox 1208 221 1360 245; x_wconf 71' lang='lat' dir='ltr'>ROMANUM</span> 
     </span>
    </p>
   </div>
   <div class='ocr_carea' id='block_1_14' title="bbox 1195 268 1930 1265">
    <p class='ocr_par' dir='ltr' id='par_1_16' title="bbox 1195 268 1930 1265">
     <span class='ocr_line' id='line_1_46' title="bbox 1196 268 1926 312; baseline 0.001 -11"><span class='ocrx_word' id='word_1_221' title='bbox 1196 268 1313 301; x_wconf 86' lang='lat' dir='ltr'>Sedem</span> <span class='ocrx_word' id='word_1_222' title='bbox 1337 268 1558 312; x_wconf 85' lang='lat' dir='ltr'>Apostolicam</span> <span class='ocrx_word' id='word_1_223' title='bbox 1572 274 1603 302; x_wconf 90' lang='lat' dir='ltr'>et</span> <span class='ocrx_word' id='word_1_224' title='bbox 1619 270 1725 303; x_wconf 86' lang='lat' dir='ltr'>clarae</span> <span class='ocrx_word' id='word_1_225' title='bbox 1749 269 1926 302; x_wconf 87' lang='lat' dir='ltr'>memoriae</span> 
     </span>
     <span class='ocr_line' id='line_1_47' title="bbox 1196 321 1928 362; baseline 0.001 -8"><span class='ocrx_word' id='word_1_226' title='bbox 1196 321 1403 354; x_wconf 89' lang='lat' dir='ltr'>Franciscum</span> <span class='ocrx_word' id='word_1_227' title='bbox 1420 321 1440 361; x_wconf 93' lang='lat' dir='ltr'>I,</span> <span class='ocrx_word' id='word_1_228' title='bbox 1460 321 1534 353; x_wconf 89' lang='lat' dir='ltr'>dum</span> <span class='ocrx_word' id='word_1_229' title='bbox 1558 321 1642 362; x_wconf 83' lang='lat' dir='ltr'>vixit,</span> <span class='ocrx_word' id='word_1_230' title='bbox 1668 322 1764 355; x_wconf 88' lang='lat' dir='ltr'>etiam</span> <span class='ocrx_word' id='word_1_231' title='bbox 1787 322 1928 355; x_wconf 89' lang='lat' dir='ltr'>Franco-</span> 
     </span>
     <span class='ocr_line' id='line_1_48' title="bbox 1196 374 1928 418; baseline 0.004 -13"><span class='ocrx_word' id='word_1_232' title='bbox 1196 384 1266 406; x_wconf 85' lang='lat' dir='ltr'>rum</span> <span class='ocrx_word' id='word_1_233' title='bbox 1298 384 1418 416; x_wconf 83' lang='lat' dir='ltr'>regem,</span> <span class='ocrx_word' id='word_1_234' title='bbox 1445 384 1544 417; x_wconf 88' lang='lat' dir='ltr'>super</span> <span class='ocrx_word' id='word_1_235' title='bbox 1568 374 1788 408; x_wconf 85' lang='lat' dir='ltr'>nominatione</span> <span class='ocrx_word' id='word_1_236' title='bbox 1812 385 1928 418; x_wconf 83' lang='lat' dir='ltr'>perso-</span> 
     </span>
     <span class='ocr_line' id='line_1_49' title="bbox 1196 426 1925 470; baseline 0.003 -11"><span class='ocrx_word' id='word_1_237' title='bbox 1196 437 1309 459; x_wconf 86' lang='lat' dir='ltr'>narum</span> <span class='ocrx_word' id='word_1_238' title='bbox 1329 453 1336 467; x_wconf 87' lang='lat'>,</span> <span class='ocrx_word' id='word_1_239' title='bbox 1374 426 1472 459; x_wconf 84' lang='lat' dir='ltr'>certis</span> <span class='ocrx_word' id='word_1_240' title='bbox 1505 426 1585 459; x_wconf 89' lang='lat' dir='ltr'>inibi</span> <span class='ocrx_word' id='word_1_241' title='bbox 1617 427 1781 470; x_wconf 84' lang='lat' dir='ltr'>expressis</span> <span class='ocrx_word' id='word_1_242' title='bbox 1820 427 1925 461; x_wconf 90' lang='lat' dir='ltr'>modis</span> 
     </span>
     <span class='ocr_line' id='line_1_50' title="bbox 1197 479 1927 524; baseline 0.003 -13"><span class='ocrx_word' id='word_1_243' title='bbox 1197 479 1469 522; x_wconf 70' lang='lat' dir='ltr'>qualificatarum,</span> <span class='ocrx_word' id='word_1_244' title='bbox 1505 481 1543 513; x_wconf 87' lang='lat' dir='ltr'>ad</span> <span class='ocrx_word' id='word_1_245' title='bbox 1577 480 1732 513; x_wconf 88' lang='lat' dir='ltr'>ecclesias</span> <span class='ocrx_word' id='word_1_246' title='bbox 1763 480 1795 513; x_wconf 91' lang='lat' dir='ltr'>in</span> <span class='ocrx_word' id='word_1_247' title='bbox 1823 491 1927 524; x_wconf 84' lang='lat' dir='ltr'>regno</span> 
     </span>
     <span class='ocr_line' id='line_1_51' title="bbox 1195 532 1928 577; baseline 0.003 -12"><span class='ocrx_word' id='word_1_248' title='bbox 1195 532 1350 566; x_wconf 87' lang='lat' dir='ltr'>Franciae</span> <span class='ocrx_word' id='word_1_249' title='bbox 1376 533 1548 577; x_wconf 81' lang='lat' dir='ltr'>privilegio</span> <span class='ocrx_word' id='word_1_250' title='bbox 1567 533 1709 575; x_wconf 78' lang='lat' dir='ltr'>eligendi</span> <span class='ocrx_word' id='word_1_251' title='bbox 1728 544 1794 567; x_wconf 90' lang='lat' dir='ltr'>non</span> <span class='ocrx_word' id='word_1_252' title='bbox 1819 534 1928 567; x_wconf 76' lang='lat' dir='ltr'>suss&#39;ul-</span> 
     </span>
     <span class='ocr_line' id='line_1_52' title="bbox 1196 588 1928 630; baseline 0.003 -12"><span class='ocrx_word' id='word_1_253' title='bbox 1196 590 1242 618; x_wconf 86' lang='lat' dir='ltr'>tas</span> <span class='ocrx_word' id='word_1_254' title='bbox 1269 597 1329 629; x_wconf 87' lang='lat' dir='ltr'>pro</span> <span class='ocrx_word' id='word_1_255' title='bbox 1348 591 1495 629; x_wconf 87' lang='lat' dir='ltr'>tempore</span> <span class='ocrx_word' id='word_1_256' title='bbox 1513 592 1664 619; x_wconf 87' lang='lat' dir='ltr'>vacantes</span> <span class='ocrx_word' id='word_1_257' title='bbox 1688 588 1928 630; x_wconf 89' lang='lat' dir='ltr'>promovenda-</span> 
     </span>
     <span class='ocr_line' id='line_1_53' title="bbox 1196 639 1926 683; baseline 0.004 -13"><span class='ocrx_word' id='word_1_258' title='bbox 1196 649 1274 678; x_wconf 89' lang='lat' dir='ltr'>rum,</span> <span class='ocrx_word' id='word_1_259' title='bbox 1294 649 1354 682; x_wconf 90' lang='lat' dir='ltr'>per</span> <span class='ocrx_word' id='word_1_260' title='bbox 1374 649 1486 681; x_wconf 84' lang='lat' dir='ltr'>regem</span> <span class='ocrx_word' id='word_1_261' title='bbox 1511 639 1667 672; x_wconf 87' lang='lat' dir='ltr'>Franciae</span> <span class='ocrx_word' id='word_1_262' title='bbox 1691 650 1752 683; x_wconf 89' lang='lat' dir='ltr'>pro</span> <span class='ocrx_word' id='word_1_263' title='bbox 1777 644 1926 683; x_wconf 85' lang='lat' dir='ltr'>tempore</span> 
     </span>
     <span class='ocr_line' id='line_1_54' title="bbox 1196 691 1929 726; baseline 0.004 -4"><span class='ocrx_word' id='word_1_264' title='bbox 1196 691 1388 724; x_wconf 82' lang='lat' dir='ltr'>existentem</span> <span class='ocrx_word' id='word_1_265' title='bbox 1422 692 1566 725; x_wconf 86' lang='lat' dir='ltr'>Romano</span> <span class='ocrx_word' id='word_1_266' title='bbox 1603 692 1748 725; x_wconf 83' lang='lat' dir='ltr'>Pontifici</span> <span class='ocrx_word' id='word_1_267' title='bbox 1781 692 1929 726; x_wconf 76' lang='lat' dir='ltr'>facienda</span> 
     </span>
     <span class='ocr_line' id='line_1_55' title="bbox 1195 742 1929 784; baseline 0.004 -9"><span class='ocrx_word' id='word_1_268' title='bbox 1195 742 1357 784; x_wconf 87' lang='lat' dir='ltr'>initorum,</span> <span class='ocrx_word' id='word_1_269' title='bbox 1373 744 1466 777; x_wconf 90' lang='lat' dir='ltr'>nobis</span> <span class='ocrx_word' id='word_1_270' title='bbox 1485 745 1524 777; x_wconf 87' lang='lat' dir='ltr'>ad</span> <span class='ocrx_word' id='word_1_271' title='bbox 1543 745 1660 777; x_wconf 89' lang='lat' dir='ltr'>dictam</span> <span class='ocrx_word' id='word_1_272' title='bbox 1678 745 1852 778; x_wconf 87' lang='lat' dir='ltr'>ecclesiam</span> <span class='ocrx_word' id='word_1_273' title='bbox 1870 756 1929 778; x_wconf 90' lang='lat' dir='ltr'>no-</span> 
     </span>
     <span class='ocr_line' id='line_1_56' title="bbox 1195 795 1929 842; baseline 0.004 -14"><span class='ocrx_word' id='word_1_274' title='bbox 1195 795 1392 838; x_wconf 87' lang='lat' dir='ltr'>minaverat,</span> <span class='ocrx_word' id='word_1_275' title='bbox 1421 797 1557 830; x_wconf 90' lang='lat' dir='ltr'>dilectus</span> <span class='ocrx_word' id='word_1_276' title='bbox 1590 797 1674 831; x_wconf 83' lang='lat' dir='ltr'>silius</span> <span class='ocrx_word' id='word_1_277' title='bbox 1700 798 1851 842; x_wconf 76' lang='lat' dir='ltr'>syndicus</span> <span class='ocrx_word' id='word_1_278' title='bbox 1877 809 1929 831; x_wconf 86' lang='lat' dir='ltr'>ca-</span> 
     </span>
     <span class='ocr_line' id='line_1_57' title="bbox 1195 849 1928 892; baseline 0.005 -12"><span class='ocrx_word' id='word_1_279' title='bbox 1195 849 1287 892; x_wconf 87' lang='lat' dir='ltr'>pituli</span> <span class='ocrx_word' id='word_1_280' title='bbox 1307 849 1454 882; x_wconf 89' lang='lat' dir='ltr'>eiusdem</span> <span class='ocrx_word' id='word_1_281' title='bbox 1475 851 1633 883; x_wconf 88' lang='lat' dir='ltr'>ecclesiae</span> <span class='ocrx_word' id='word_1_282' title='bbox 1652 851 1858 891; x_wconf 86' lang='lat' dir='ltr'>Parisiensis,</span> <span class='ocrx_word' id='word_1_283' title='bbox 1877 852 1928 884; x_wconf 88' lang='lat' dir='ltr'>vel</span> 
     </span>
     <span class='ocr_line' id='line_1_58' title="bbox 1196 901 1929 945; baseline 0.005 -12"><span class='ocrx_word' id='word_1_284' title='bbox 1196 901 1275 934; x_wconf 87' lang='lat' dir='ltr'>alius</span> <span class='ocrx_word' id='word_1_285' title='bbox 1302 902 1446 945; x_wconf 87' lang='lat' dir='ltr'>quisquis</span> <span class='ocrx_word' id='word_1_286' title='bbox 1470 903 1576 943; x_wconf 87' lang='lat' dir='ltr'>fuerit,</span> <span class='ocrx_word' id='word_1_287' title='bbox 1598 903 1783 937; x_wconf 90' lang='lat' dir='ltr'>huiusmodi</span> <span class='ocrx_word' id='word_1_288' title='bbox 1809 914 1929 937; x_wconf 85' lang='lat' dir='ltr'>renun-</span> 
     </span>
     <span class='ocr_line' id='line_1_59' title="bbox 1196 954 1930 1000; baseline 0.004 -13"><span class='ocrx_word' id='word_1_289' title='bbox 1196 954 1370 988; x_wconf 87' lang='lat' dir='ltr'>ciationem</span> <span class='ocrx_word' id='word_1_290' title='bbox 1384 956 1490 988; x_wconf 87' lang='lat' dir='ltr'>adhuc</span> <span class='ocrx_word' id='word_1_291' title='bbox 1505 967 1521 988; x_wconf 89' lang='lat' dir='ltr'>a</span> <span class='ocrx_word' id='word_1_292' title='bbox 1538 956 1621 989; x_wconf 86' lang='lat' dir='ltr'>Sede</span> <span class='ocrx_word' id='word_1_293' title='bbox 1633 957 1821 999; x_wconf 76' lang='lat' dir='ltr'>Apostolica</span> <span class='ocrx_word' id='word_1_294' title='bbox 1833 967 1930 1000; x_wconf 86' lang='lat' dir='ltr'>prae-</span> 
     </span>
     <span class='ocr_line' id='line_1_60' title="bbox 1197 1008 1929 1043; baseline 0.004 -3"><span class='ocrx_word' id='word_1_295' title='bbox 1197 1008 1280 1040; x_wconf 81' lang='lat' dir='ltr'>dicta</span> <span class='ocrx_word' id='word_1_296' title='bbox 1304 1019 1369 1041; x_wconf 89' lang='lat' dir='ltr'>non</span> <span class='ocrx_word' id='word_1_297' title='bbox 1395 1008 1569 1042; x_wconf 88' lang='lat' dir='ltr'>admissam</span> <span class='ocrx_word' id='word_1_298' title='bbox 1590 1014 1622 1041; x_wconf 90' lang='lat' dir='ltr'>et</span> <span class='ocrx_word' id='word_1_299' title='bbox 1647 1009 1764 1042; x_wconf 91' lang='lat' dir='ltr'>dictam</span> <span class='ocrx_word' id='word_1_300' title='bbox 1781 1009 1929 1043; x_wconf 86' lang='lat' dir='ltr'>nomina-</span> 
     </span>
     <span class='ocr_line' id='line_1_61' title="bbox 1197 1060 1930 1104; baseline 0.004 -11"><span class='ocrx_word' id='word_1_301' title='bbox 1197 1060 1317 1093; x_wconf 90' lang='lat' dir='ltr'>tionem</span> <span class='ocrx_word' id='word_1_302' title='bbox 1348 1061 1495 1104; x_wconf 86' lang='lat' dir='ltr'>praesato</span> <span class='ocrx_word' id='word_1_303' title='bbox 1529 1061 1670 1104; x_wconf 89' lang='lat' dir='ltr'>capitulo</span> <span class='ocrx_word' id='word_1_304' title='bbox 1702 1063 1866 1103; x_wconf 89' lang='lat' dir='ltr'>retulerit,</span> <span class='ocrx_word' id='word_1_305' title='bbox 1893 1074 1930 1096; x_wconf 90' lang='lat' dir='ltr'>ac</span> 
     </span>
     <span class='ocr_line' id='line_1_62' title="bbox 1197 1114 1929 1157; baseline 0.003 -11"><span class='ocrx_word' id='word_1_306' title='bbox 1197 1114 1408 1157; x_wconf 88' lang='lat' dir='ltr'>proposuerit</span> <span class='ocrx_word' id='word_1_307' title='bbox 1441 1114 1566 1147; x_wconf 88' lang='lat' dir='ltr'>instans</span> <span class='ocrx_word' id='word_1_308' title='bbox 1595 1120 1631 1147; x_wconf 87' lang='lat' dir='ltr'>ut</span> <span class='ocrx_word' id='word_1_309' title='bbox 1655 1115 1929 1148; x_wconf 86' lang='lat' dir='ltr'>administrationi</span> 
     </span>
     <span class='ocr_line' id='line_1_63' title="bbox 1196 1167 1930 1212; baseline 0.001 -12"><span class='ocrx_word' id='word_1_310' title='bbox 1196 1167 1354 1200; x_wconf 85' lang='lat' dir='ltr'>ecclesiae</span> <span class='ocrx_word' id='word_1_311' title='bbox 1370 1169 1605 1207; x_wconf 89' lang='lat' dir='ltr'>consuleretur,</span> <span class='ocrx_word' id='word_1_312' title='bbox 1618 1168 1851 1212; x_wconf 76' lang='lat' dir='ltr'>exquisitisque</span> <span class='ocrx_word' id='word_1_313' title='bbox 1865 1169 1930 1201; x_wconf 88' lang='lat' dir='ltr'>suf-</span> 
     </span>
     <span class='ocr_line' id='line_1_64' title="bbox 1195 1220 1930 1265; baseline 0.003 -13"><span class='ocrx_word' id='word_1_314' title='bbox 1195 1220 1315 1263; x_wconf 83' lang='lat' dir='ltr'>fragiis,</span> <span class='ocrx_word' id='word_1_315' title='bbox 1332 1221 1463 1254; x_wconf 88' lang='lat' dir='ltr'>tandem</span> <span class='ocrx_word' id='word_1_316' title='bbox 1474 1220 1505 1252; x_wconf 92' lang='lat' dir='ltr'>in</span> <span class='ocrx_word' id='word_1_317' title='bbox 1520 1231 1590 1253; x_wconf 89' lang='lat' dir='ltr'>eam</span> <span class='ocrx_word' id='word_1_318' title='bbox 1601 1220 1794 1254; x_wconf 85' lang='lat' dir='ltr'>sententiam</span> <span class='ocrx_word' id='word_1_319' title='bbox 1805 1221 1930 1265; x_wconf 88' lang='lat' dir='ltr'>(quam-</span> 
     </span>
    </p>
   </div>
   <div class='ocr_carea' id='block_1_15' title="bbox 1194 1327 1935 2645">
    <p class='ocr_par' dir='ltr' id='par_1_17' title="bbox 1194 1327 1932 1690">
     <span class='ocr_line' id='line_1_65' title="bbox 1194 1327 1931 1370; baseline 0.003 -11"><span class='ocrx_word' id='word_1_320' title='bbox 1194 1332 1229 1359; x_wconf 94' lang='lat' dir='ltr'>ut</span> <span class='ocrx_word' id='word_1_321' title='bbox 1265 1327 1375 1360; x_wconf 79' lang='lat' dir='ltr'>vicarii</span> <span class='ocrx_word' id='word_1_322' title='bbox 1411 1327 1608 1370; x_wconf 78' lang='lat' dir='ltr'>capitulares</span> <span class='ocrx_word' id='word_1_323' title='bbox 1643 1327 1860 1370; x_wconf 82' lang='lat' dir='ltr'>eligerentur;</span> <span class='ocrx_word' id='word_1_324' title='bbox 1899 1333 1931 1361; x_wconf 89' lang='lat' dir='ltr'>et</span> 
     </span>
     <span class='ocr_line' id='line_1_66' title="bbox 1197 1380 1930 1423; baseline 0.001 -11"><span class='ocrx_word' id='word_1_325' title='bbox 1197 1380 1272 1412; x_wconf 86' lang='lat' dir='ltr'>huic</span> <span class='ocrx_word' id='word_1_326' title='bbox 1297 1380 1429 1413; x_wconf 77' lang='lat' dir='ltr'>decreto</span> <span class='ocrx_word' id='word_1_327' title='bbox 1449 1380 1601 1420; x_wconf 87' lang='lat' dir='ltr'>decanus,</span> <span class='ocrx_word' id='word_1_328' title='bbox 1622 1380 1674 1423; x_wconf 87' lang='lat' dir='ltr'>qui</span> <span class='ocrx_word' id='word_1_329' title='bbox 1699 1380 1874 1423; x_wconf 89' lang='lat' dir='ltr'>primarius</span> <span class='ocrx_word' id='word_1_330' title='bbox 1893 1391 1930 1414; x_wconf 87' lang='lat' dir='ltr'>ex</span> 
     </span>
     <span class='ocr_line' id='line_1_67' title="bbox 1197 1433 1932 1477; baseline 0 -11"><span class='ocrx_word' id='word_1_331' title='bbox 1197 1434 1321 1466; x_wconf 88' lang='lat' dir='ltr'>duobus</span> <span class='ocrx_word' id='word_1_332' title='bbox 1350 1433 1478 1466; x_wconf 80' lang='lat' dir='ltr'>vicariis</span> <span class='ocrx_word' id='word_1_333' title='bbox 1511 1433 1851 1477; x_wconf 86' lang='lat' dir='ltr'>archiepiscopalibus</span> <span class='ocrx_word' id='word_1_334' title='bbox 1877 1444 1932 1477; x_wconf 84' lang='lat' dir='ltr'>ge-</span> 
     </span>
     <span class='ocr_line' id='line_1_68' title="bbox 1198 1486 1932 1530; baseline 0.001 -11"><span class='ocrx_word' id='word_1_335' title='bbox 1198 1487 1362 1519; x_wconf 85' lang='lat' dir='ltr'>neralibus</span> <span class='ocrx_word' id='word_1_336' title='bbox 1381 1492 1459 1527; x_wconf 85' lang='lat' dir='ltr'>erat,</span> <span class='ocrx_word' id='word_1_337' title='bbox 1478 1486 1688 1529; x_wconf 82' lang='lat' dir='ltr'>acquieverit,</span> <span class='ocrx_word' id='word_1_338' title='bbox 1714 1489 1841 1530; x_wconf 78' lang='lat' dir='ltr'>unaque</span> <span class='ocrx_word' id='word_1_339' title='bbox 1860 1498 1932 1520; x_wconf 89' lang='lat' dir='ltr'>cum</span> 
     </span>
     <span class='ocr_line' id='line_1_69' title="bbox 1196 1540 1930 1584; baseline 0.001 -11"><span class='ocrx_word' id='word_1_340' title='bbox 1196 1540 1266 1573; x_wconf 89' lang='lat' dir='ltr'>aliis</span> <span class='ocrx_word' id='word_1_341' title='bbox 1293 1551 1393 1573; x_wconf 88' lang='lat' dir='ltr'>novos</span> <span class='ocrx_word' id='word_1_342' title='bbox 1412 1540 1560 1581; x_wconf 81' lang='lat' dir='ltr'>vicarios,</span> <span class='ocrx_word' id='word_1_343' title='bbox 1577 1541 1629 1584; x_wconf 89' lang='lat' dir='ltr'>qui</span> <span class='ocrx_word' id='word_1_344' title='bbox 1648 1541 1780 1584; x_wconf 85' lang='lat' dir='ltr'>capituli</span> <span class='ocrx_word' id='word_1_345' title='bbox 1798 1541 1930 1574; x_wconf 89' lang='lat' dir='ltr'>nomine</span> 
     </span>
     <span class='ocr_line' id='line_1_70' title="bbox 1197 1593 1928 1637; baseline 0 -11"><span class='ocrx_word' id='word_1_346' title='bbox 1197 1593 1356 1626; x_wconf 88' lang='lat' dir='ltr'>ecclesiae</span> <span class='ocrx_word' id='word_1_347' title='bbox 1375 1593 1689 1626; x_wconf 86' lang='lat' dir='ltr'>administrationem</span> <span class='ocrx_word' id='word_1_348' title='bbox 1708 1593 1928 1637; x_wconf 88' lang='lat' dir='ltr'>susciperent,</span> 
     </span>
     <span class='ocr_line' id='line_1_71' title="bbox 1196 1647 1729 1690; baseline 0 -11"><span class='ocrx_word' id='word_1_349' title='bbox 1196 1647 1363 1690; x_wconf 88' lang='lat' dir='ltr'>parisormi</span> <span class='ocrx_word' id='word_1_350' title='bbox 1390 1657 1553 1679; x_wconf 82' lang='lat' dir='ltr'>consensu</span> <span class='ocrx_word' id='word_1_351' title='bbox 1575 1647 1729 1689; x_wconf 76' lang='lat' dir='ltr'>elegerit:</span> 
     </span>
    </p>

    <p class='ocr_par' dir='ltr' id='par_1_18' title="bbox 1197 1699 1933 2270">
     <span class='ocr_line' id='line_1_72' title="bbox 1239 1699 1932 1743; baseline -0.001 -11"><span class='ocrx_word' id='word_1_352' title='bbox 1239 1700 1253 1742; x_wconf 62' lang='grc' dir='ltr'>ξ</span> <span class='ocrx_word' id='word_1_353' title='bbox 1276 1699 1306 1732; x_wconf 65' lang='grc'>9.</span> <span class='ocrx_word' id='word_1_354' title='bbox 1333 1699 1409 1740; x_wconf 89' lang='lat' dir='ltr'>Nos,</span> <span class='ocrx_word' id='word_1_355' title='bbox 1438 1699 1685 1732; x_wconf 81' lang='lat' dir='ltr'>considerantes</span> <span class='ocrx_word' id='word_1_356' title='bbox 1711 1706 1860 1743; x_wconf 89' lang='lat' dir='ltr'>tempore</span> <span class='ocrx_word' id='word_1_357' title='bbox 1886 1699 1932 1732; x_wconf 90' lang='lat' dir='ltr'>fa-</span> 
     </span>
     <span class='ocr_line' id='line_1_73' title="bbox 1197 1752 1932 1796; baseline 0 -11"><span class='ocrx_word' id='word_1_358' title='bbox 1197 1758 1266 1785; x_wconf 87' lang='lat' dir='ltr'>ctae</span> <span class='ocrx_word' id='word_1_359' title='bbox 1292 1752 1461 1785; x_wconf 88' lang='lat' dir='ltr'>electionis</span> <span class='ocrx_word' id='word_1_360' title='bbox 1488 1753 1682 1785; x_wconf 87' lang='lat' dir='ltr'>vicariorum</span> <span class='ocrx_word' id='word_1_361' title='bbox 1706 1752 1932 1796; x_wconf 84' lang='lat' dir='ltr'>capitularium</span> 
     </span>
     <span class='ocr_line' id='line_1_74' title="bbox 1198 1805 1933 1849; baseline 0 -11"><span class='ocrx_word' id='word_1_362' title='bbox 1198 1805 1380 1839; x_wconf 88' lang='lat' dir='ltr'>huiusmodi</span> <span class='ocrx_word' id='word_1_363' title='bbox 1394 1806 1573 1849; x_wconf 83' lang='lat' dir='ltr'>praefatam</span> <span class='ocrx_word' id='word_1_364' title='bbox 1590 1806 1762 1839; x_wconf 85' lang='lat' dir='ltr'>ecclesiam</span> <span class='ocrx_word' id='word_1_365' title='bbox 1771 1806 1933 1839; x_wconf 87' lang='lat' dir='ltr'>Parisien—</span> 
     </span>
     <span class='ocr_line' id='line_1_75' title="bbox 1197 1859 1933 1902; baseline -0.001 -10"><span class='ocrx_word' id='word_1_366' title='bbox 1197 1870 1266 1893; x_wconf 87' lang='lat' dir='ltr'>sem</span> <span class='ocrx_word' id='word_1_367' title='bbox 1290 1870 1355 1893; x_wconf 90' lang='lat' dir='ltr'>non</span> <span class='ocrx_word' id='word_1_368' title='bbox 1380 1870 1529 1899; x_wconf 81' lang='lat' dir='ltr'>vacasse,</span> <span class='ocrx_word' id='word_1_369' title='bbox 1555 1870 1662 1902; x_wconf 86' lang='lat' dir='ltr'>neque</span> <span class='ocrx_word' id='word_1_370' title='bbox 1696 1859 1818 1892; x_wconf 90' lang='lat' dir='ltr'>dictum</span> <span class='ocrx_word' id='word_1_371' title='bbox 1841 1859 1933 1892; x_wconf 90' lang='lat' dir='ltr'>Ioan-</span> 
     </span>
     <span class='ocr_line' id='line_1_76' title="bbox 1197 1912 1932 1945; baseline 0 -1"><span class='ocrx_word' id='word_1_372' title='bbox 1197 1923 1271 1945; x_wconf 85' lang='lat' dir='ltr'>nem</span> <span class='ocrx_word' id='word_1_373' title='bbox 1296 1912 1506 1945; x_wconf 86' lang='lat' dir='ltr'>Franciscum</span> <span class='ocrx_word' id='word_1_374' title='bbox 1524 1912 1656 1945; x_wconf 85' lang='lat' dir='ltr'>Paulum</span> <span class='ocrx_word' id='word_1_375' title='bbox 1676 1912 1876 1945; x_wconf 85' lang='lat' dir='ltr'>cardinalem</span> <span class='ocrx_word' id='word_1_376' title='bbox 1893 1912 1932 1944; x_wconf 86' lang='lat' dir='ltr'>ab</span> 
     </span>
     <span class='ocr_line' id='line_1_77' title="bbox 1198 1964 1931 2006; baseline -0.003 -7"><span class='ocrx_word' id='word_1_377' title='bbox 1198 1967 1265 1999; x_wconf 86' lang='lat' dir='ltr'>eius</span> <span class='ocrx_word' id='word_1_378' title='bbox 1291 1966 1420 1999; x_wconf 87' lang='lat' dir='ltr'>vinculo</span> <span class='ocrx_word' id='word_1_379' title='bbox 1446 1965 1629 1999; x_wconf 87' lang='lat' dir='ltr'>absolutum</span> <span class='ocrx_word' id='word_1_380' title='bbox 1654 1965 1767 2006; x_wconf 82' lang='lat' dir='ltr'>fuisse,</span> <span class='ocrx_word' id='word_1_381' title='bbox 1802 1966 1860 1998; x_wconf 90' lang='lat' dir='ltr'>sed</span> <span class='ocrx_word' id='word_1_382' title='bbox 1886 1964 1931 1998; x_wconf 93' lang='lat' dir='ltr'>illi</span> 
     </span>
     <span class='ocr_line' id='line_1_78' title="bbox 1198 2019 1930 2063; baseline -0.003 -11"><span class='ocrx_word' id='word_1_383' title='bbox 1198 2030 1236 2052; x_wconf 89' lang='lat' dir='ltr'>eo</span> <span class='ocrx_word' id='word_1_384' title='bbox 1263 2025 1410 2063; x_wconf 88' lang='lat' dir='ltr'>tempore</span> <span class='ocrx_word' id='word_1_385' title='bbox 1436 2020 1543 2051; x_wconf 86' lang='lat' dir='ltr'>adbuc</span> <span class='ocrx_word' id='word_1_386' title='bbox 1561 2019 1753 2062; x_wconf 82' lang='lat' dir='ltr'>praefuisse,</span> <span class='ocrx_word' id='word_1_387' title='bbox 1773 2028 1846 2051; x_wconf 89' lang='lat' dir='ltr'>cum</span> <span class='ocrx_word' id='word_1_388' title='bbox 1870 2028 1930 2051; x_wconf 92' lang='lat' dir='ltr'>nos</span> 
     </span>
     <span class='ocr_line' id='line_1_79' title="bbox 1198 2070 1931 2114; baseline -0.001 -10"><span class='ocrx_word' id='word_1_389' title='bbox 1198 2073 1326 2105; x_wconf 86' lang='lat' dir='ltr'>demum</span> <span class='ocrx_word' id='word_1_390' title='bbox 1359 2072 1410 2104; x_wconf 90' lang='lat' dir='ltr'>die</span> <span class='ocrx_word' id='word_1_391' title='bbox 1442 2082 1461 2104; x_wconf 90' lang='lat' dir='ltr'>v</span> <span class='ocrx_word' id='word_1_392' title='bbox 1486 2072 1563 2103; x_wconf 92' lang='lat' dir='ltr'>iunii</span> <span class='ocrx_word' id='word_1_393' title='bbox 1589 2071 1736 2114; x_wconf 83' lang='lat' dir='ltr'>proxime</span> <span class='ocrx_word' id='word_1_394' title='bbox 1760 2070 1931 2114; x_wconf 87' lang='lat' dir='ltr'>praeteriti</span> 
     </span>
     <span class='ocr_line' id='line_1_80' title="bbox 1198 2123 1933 2166; baseline -0.004 -8"><span class='ocrx_word' id='word_1_395' title='bbox 1198 2126 1382 2158; x_wconf 85' lang='lat' dir='ltr'>cessionem</span> <span class='ocrx_word' id='word_1_396' title='bbox 1397 2124 1556 2157; x_wconf 77' lang='lat' dir='ltr'>ecclesiae</span> <span class='ocrx_word' id='word_1_397' title='bbox 1577 2123 1763 2156; x_wconf 86' lang='lat' dir='ltr'>huiusmodi</span> <span class='ocrx_word' id='word_1_398' title='bbox 1782 2134 1843 2166; x_wconf 92' lang='lat' dir='ltr'>per</span> <span class='ocrx_word' id='word_1_399' title='bbox 1861 2134 1933 2156; x_wconf 91' lang='lat' dir='ltr'>eum</span> 
     </span>
     <span class='ocr_line' id='line_1_81' title="bbox 1197 2176 1932 2210; baseline -0.003 0"><span class='ocrx_word' id='word_1_400' title='bbox 1197 2179 1229 2210; x_wconf 93' lang='lat' dir='ltr'>in</span> <span class='ocrx_word' id='word_1_401' title='bbox 1254 2177 1403 2210; x_wconf 90' lang='lat' dir='ltr'>manibus</span> <span class='ocrx_word' id='word_1_402' title='bbox 1429 2177 1549 2210; x_wconf 89' lang='lat' dir='ltr'>nostris</span> <span class='ocrx_word' id='word_1_403' title='bbox 1576 2177 1692 2210; x_wconf 86' lang='lat' dir='ltr'>factam</span> <span class='ocrx_word' id='word_1_404' title='bbox 1705 2176 1932 2209; x_wconf 83' lang='lat' dir='ltr'>admiserimus</span> 
     </span>
     <span class='ocr_line' id='line_1_82' title="bbox 1198 2229 1832 2270; baseline -0.002 -7"><span class='ocrx_word' id='word_1_405' title='bbox 1198 2237 1230 2264; x_wconf 89' lang='lat' dir='ltr'>et</span> <span class='ocrx_word' id='word_1_406' title='bbox 1255 2242 1292 2264; x_wconf 82' lang='lat' dir='ltr'>ex</span> <span class='ocrx_word' id='word_1_407' title='bbox 1317 2240 1402 2263; x_wconf 90' lang='lat' dir='ltr'>nunc</span> <span class='ocrx_word' id='word_1_408' title='bbox 1426 2241 1540 2263; x_wconf 86' lang='lat' dir='ltr'>vacare</span> <span class='ocrx_word' id='word_1_409' title='bbox 1567 2229 1832 2270; x_wconf 84' lang='lat' dir='ltr'>decreverimus;</span> 
     </span>
    </p>

    <p class='ocr_par' dir='ltr' id='par_1_19' title="bbox 1197 2282 1935 2645">
     <span class='ocr_line' id='line_1_83' title="bbox 1241 2282 1932 2327; baseline -0.003 -11"><span class='ocrx_word' id='word_1_410' title='bbox 1241 2284 1255 2327; x_wconf 61' lang='grc' dir='ltr'><strong>ἓ</strong></span> <span class='ocrx_word' id='word_1_411' title='bbox 1286 2284 1317 2317; x_wconf 76' lang='lat'>3.</span> <span class='ocrx_word' id='word_1_412' title='bbox 1345 2284 1389 2316; x_wconf 85' lang='lat' dir='ltr'>Ac</span> <span class='ocrx_word' id='word_1_413' title='bbox 1420 2283 1560 2327; x_wconf 86' lang='lat' dir='ltr'>proinde</span> <span class='ocrx_word' id='word_1_414' title='bbox 1587 2283 1706 2315; x_wconf 87' lang='lat' dir='ltr'>dictam</span> <span class='ocrx_word' id='word_1_415' title='bbox 1735 2282 1932 2315; x_wconf 86' lang='lat' dir='ltr'>electionem</span> 
     </span>
     <span class='ocr_line' id='line_1_84' title="bbox 1198 2337 1934 2381; baseline -0.003 -10"><span class='ocrx_word' id='word_1_416' title='bbox 1198 2339 1392 2371; x_wconf 84' lang='lat' dir='ltr'>vicariorum</span> <span class='ocrx_word' id='word_1_417' title='bbox 1406 2338 1630 2381; x_wconf 81' lang='lat' dir='ltr'>capitularium</span> <span class='ocrx_word' id='word_1_418' title='bbox 1648 2347 1874 2381; x_wconf 85' lang='lat' dir='ltr'>praepropere</span> <span class='ocrx_word' id='word_1_419' title='bbox 1889 2337 1934 2369; x_wconf 87' lang='lat' dir='ltr'>fa-</span> 
     </span>
     <span class='ocr_line' id='line_1_85' title="bbox 1198 2389 1933 2434; baseline -0.003 -11"><span class='ocrx_word' id='word_1_420' title='bbox 1198 2397 1281 2425; x_wconf 83' lang='lat' dir='ltr'>ctam</span> <span class='ocrx_word' id='word_1_421' title='bbox 1300 2392 1416 2424; x_wconf 81' lang='lat' dir='ltr'>fuisse:</span> <span class='ocrx_word' id='word_1_422' title='bbox 1436 2396 1623 2434; x_wconf 77' lang='lat' dir='ltr'>propterea,</span> <span class='ocrx_word' id='word_1_423' title='bbox 1640 2392 1678 2423; x_wconf 86' lang='lat' dir='ltr'>de</span> <span class='ocrx_word' id='word_1_424' title='bbox 1698 2389 1933 2423; x_wconf 86' lang='lat' dir='ltr'>venerabilium</span> 
     </span>
     <span class='ocr_line' id='line_1_86' title="bbox 1198 2443 1934 2477; baseline -0.004 0"><span class='ocrx_word' id='word_1_425' title='bbox 1198 2446 1331 2477; x_wconf 86' lang='lat' dir='ltr'>fratrum</span> <span class='ocrx_word' id='word_1_426' title='bbox 1348 2450 1536 2477; x_wconf 88' lang='lat' dir='ltr'>nostrorum</span> <span class='ocrx_word' id='word_1_427' title='bbox 1554 2445 1699 2477; x_wconf 82' lang='lat' dir='ltr'>eiusdem</span> <span class='ocrx_word' id='word_1_428' title='bbox 1713 2443 1744 2476; x_wconf 87' lang='lat' dir='ltr'>S.</span> <span class='ocrx_word' id='word_1_429' title='bbox 1761 2443 1798 2475; x_wconf 82' lang='lat' dir='ltr'>R.</span> <span class='ocrx_word' id='word_1_430' title='bbox 1817 2443 1852 2475; x_wconf 87' lang='lat' dir='ltr'>E.</span> <span class='ocrx_word' id='word_1_431' title='bbox 1865 2452 1934 2475; x_wconf 90' lang='lat' dir='ltr'>car-</span> 
     </span>
     <span class='ocr_line' id='line_1_87' title="bbox 1198 2496 1935 2539; baseline -0.004 -9"><span class='ocrx_word' id='word_1_432' title='bbox 1198 2498 1354 2530; x_wconf 88' lang='lat' dir='ltr'>dinalium</span> <span class='ocrx_word' id='word_1_433' title='bbox 1371 2497 1506 2530; x_wconf 84' lang='lat' dir='ltr'>Concilii</span> <span class='ocrx_word' id='word_1_434' title='bbox 1521 2496 1701 2530; x_wconf 88' lang='lat' dir='ltr'>Tridentini</span> <span class='ocrx_word' id='word_1_435' title='bbox 1718 2496 1935 2539; x_wconf 85' lang='lat' dir='ltr'>interpretum</span> 
     </span>
     <span class='ocr_line' id='line_1_88' title="bbox 1198 2548 1934 2594; baseline -0.003 -11"><span class='ocrx_word' id='word_1_436' title='bbox 1198 2552 1250 2593; x_wconf 86' lang='lat' dir='ltr'>(ad</span> <span class='ocrx_word' id='word_1_437' title='bbox 1273 2562 1353 2594; x_wconf 85' lang='lat' dir='ltr'>quos</span> <span class='ocrx_word' id='word_1_438' title='bbox 1369 2551 1625 2594; x_wconf 62' lang='lat' dir='ltr'>supra‘iscriptam</span> <span class='ocrx_word' id='word_1_439' title='bbox 1643 2550 1715 2582; x_wconf 82' lang='lat' dir='ltr'>facti</span> <span class='ocrx_word' id='word_1_440' title='bbox 1734 2549 1852 2581; x_wconf 88' lang='lat' dir='ltr'>seriem</span> <span class='ocrx_word' id='word_1_441' title='bbox 1870 2548 1934 2581; x_wconf 87' lang='lat' dir='ltr'>dis-</span> 
     </span>
     <span class='ocr_line' id='line_1_89' title="bbox 1197 2602 1934 2645; baseline -0.004 -8"><span class='ocrx_word' id='word_1_442' title='bbox 1197 2604 1383 2637; x_wconf 82' lang='lat' dir='ltr'>cutiendam</span> <span class='ocrx_word' id='word_1_443' title='bbox 1410 2604 1655 2643; x_wconf 78' lang='lat' dir='ltr'>transmisimus,</span> <span class='ocrx_word' id='word_1_444' title='bbox 1678 2608 1713 2645; x_wconf 76' lang='lat' dir='ltr'>ut</span> <span class='ocrx_word' id='word_1_445' title='bbox 1733 2602 1818 2636; x_wconf 83' lang='lat' dir='ltr'>cirea</span> <span class='ocrx_word' id='word_1_446' title='bbox 1844 2602 1934 2635; x_wconf 89' lang='lat' dir='ltr'>illam</span> 
     </span>
    </p>
   </div>
   <div class='ocr_carea' id='block_1_16' title="bbox 1940 219 2126 247">
    <p class='ocr_par' dir='ltr' id='par_1_20' title="bbox 1940 219 2126 247">
     <span class='ocr_line' id='line_1_90' title="bbox 1940 219 2126 247; baseline 0.005 -1"><span class='ocrx_word' id='word_1_447' title='bbox 1940 219 1988 247; x_wconf 82' lang='lat' dir='ltr'>An.</span> <span class='ocrx_word' id='word_1_448' title='bbox 2007 219 2038 247; x_wconf 92' lang='lat' dir='ltr'>C.</span> <span class='ocrx_word' id='word_1_449' title='bbox 2060 219 2126 247; x_wconf 76' lang='lat'><strong>1662</strong></span> 
     </span>
    </p>
   </div>
   <div class='ocr_carea' id='block_1_17' title="bbox 1947 1705 2130 1754">
    <p class='ocr_par' dir='ltr' id='par_1_21' title="bbox 1947 1705 2130 1754">
     <span class='ocr_line' id='line_1_91' title="bbox 1972 1705 2130 1734; baseline -0.019 -7"><span class='ocrx_word' id='word_1_450' title='bbox 1972 1706 2050 1727; x_wconf 68' lang='lat' dir='ltr'>Motira</span> <span class='ocrx_word' id='word_1_451' title='bbox 2066 1705 2130 1734; x_wconf 73' lang='lat' dir='ltr'>liuius</span> 
     </span>
     <span class='ocr_line' id='line_1_92' title="bbox 1947 1734 2114 1754; baseline -0.024 0"><span class='ocrx_word' id='word_1_452' title='bbox 1947 1734 2114 1754; x_wconf 71' lang='lat' dir='ltr'>Cunsntutinnis.</span> 
     </span>
    </p>
   </div>
   <div class='ocr_carea' id='block_1_18' title="bbox 1948 2288 2131 2415">
    <p class='ocr_par' dir='ltr' id='par_1_22' title="bbox 1948 2288 2131 2415">
     <span class='ocr_line' id='line_1_93' title="bbox 2001 2288 2128 2309; baseline -0.008 0"><span class='ocrx_word' id='word_1_453' title='bbox 2001 2288 2128 2309; x_wconf 78' lang='lat' dir='ltr'>Electicnem</span> 
     </span>
     <span class='ocr_line' id='line_1_94' title="bbox 1949 2316 2131 2335; baseline 0 -1"><span class='ocrx_word' id='word_1_454' title='bbox 1949 2316 2075 2335; x_wconf 50' lang='lat' dir='ltr'>vicariorum</span> <span class='ocrx_word' id='word_1_455' title='bbox 2097 2320 2131 2334; x_wconf 67' lang='lat' dir='ltr'>ca-</span> 
     </span>
     <span class='ocr_line' id='line_1_95' title="bbox 1949 2342 2131 2367; baseline 0.011 -8"><span class='ocrx_word' id='word_1_456' title='bbox 1949 2342 2071 2367; x_wconf 70' lang='lat' dir='ltr'>pitularium</span> <span class='ocrx_word' id='word_1_457' title='bbox 2103 2348 2131 2361; x_wconf 85' lang='lat' dir='ltr'>in-</span> 
     </span>
     <span class='ocr_line' id='line_1_96' title="bbox 1950 2369 2131 2388; baseline 0.006 -1"><span class='ocrx_word' id='word_1_458' title='bbox 1950 2369 2038 2388; x_wconf 68' lang='lat' dir='ltr'>ialidam</span> <span class='ocrx_word' id='word_1_459' title='bbox 2085 2374 2131 2388; x_wconf 65' lang='lat' dir='ltr'>essu</span> 
     </span>
     <span class='ocr_line' id='line_1_97' title="bbox 1948 2395 2050 2415; baseline 0.01 -1"><span class='ocrx_word' id='word_1_460' title='bbox 1948 2395 2050 2415; x_wconf 62' lang='lat' dir='ltr'>‹lat-eruit.</span> 
     </span>
    </p>
   </div>
   <div class='ocr_carea' id='block_1_19' title="bbox 2227 2669 2247 3208">
    <p class='ocr_par' dir='ltr' id='par_1_23' title="bbox 2227 2669 2247 3208">
     <span class='ocr_line' id='line_1_98' title="bbox 2227 2669 2247 3208; baseline 0 0"><span class='ocrx_word' id='word_1_461' title='bbox 2227 2669 2247 3208; x_wconf 95' lang='lat' dir='ltr'> </span> 
     </span>
    </p>
   </div>
  </div>
 </body>
</html>
