2247 3208
135 244 185 272 An.
207 245 236 273 C.
258 244 325 272 1662

159 570 232 591 Omnia
244 570 315 591 derre-

132 598 152 615 ta
184 598 314 621 pinu—inserta

132 623 228 643 Summus
245 624 313 644 l'enti⁴

132 651 163 669 tex
179 649 296 671 continuat-

150 1576 268 1598 Clausulam

148 2369 303 2391 Contrariorum

122 2396 155 2417 dui
161 2398 240 2423 ogatio.

920 241 1109 265 ALEXANDER
1132 243 1176 265 vn
1202 243 1250 266 PP.

329 292 512 337 patrocinio
537 290 744 331 muniuntur,
772 289 866 322 nobis
891 295 1068 333 propterea

331 347 434 380 dictus
460 346 574 379 Petrus
599 344 692 388 prior
716 344 879 387 generalis
901 343 1069 376 humiliter

330 398 508 443 supplicari
533 398 610 431 fecit
631 403 665 430 ut
687 397 718 430 in
738 396 927 440 praemissis
947 406 1068 438 oppor-

331 457 405 485 tune
430 452 606 496 providere
625 457 657 484 ct
678 457 714 484 ut
733 450 817 482 intra
838 450 1007 492 indulgere
1027 449 1065 481 de

330 505 531 548 benignitate
557 504 738 548 apostolica
763 503 986 545 dignaremur.

373 559 388 601 ἓ
412 558 443 591 3.
470 558 534 591 Nos
561 558 667 600 igitur,
690 557 796 599 ipsum
821 555 951 587 Petrum
977 555 1066 598 prio-

331 622 400 644 rem
421 613 609 655 generalem
634 609 786 653 specialis
805 609 915 641 favore
942 608 1064 651 gratiae

329 665 487 708 prosequi
505 665 661 703 volentes,
678 668 710 695 et
725 674 741 695 a
756 661 921 705 quibusvis
937 672 1065 694 excom-

328 717 566 757 municationis,
581 715 808 759 suspensionis
835 720 866 747 et
890 715 1062 754 interdicti,

327 771 465 814 aliisque
491 769 723 803 ecclesiasticis
746 767 927 806 sententiis,
949 778 1064 800 censu-

327 823 371 856 ris
404 828 437 855 et
466 823 592 866 poenis,
619 833 636 855 a
661 822 729 854 iure
763 822 812 853 vel
846 821 885 853 ab
912 820 1061 860 homine,

327 876 438 920 quavis
465 875 638 909 occasione
659 876 710 908 vel
735 876 832 907 cansa
848 873 931 913 latis,
951 873 977 906 si
995 873 1063 916 qui-

324 931 384 963 bus
411 929 658 973 quomodolibet
682 928 855 961 innodatus
877 927 995 967 existit,
1022 927 1059 960 ad

325 982 474 1016 effectum
500 981 721 1026 praesentium
752 981 915 1014 dumtaxat
939 990 1057 1013 conse-

325 1037 510 1080 quendum,
537 1036 652 1068 harum
679 1034 764 1067 serie
797 1034 1004 1066 absolventes
1030 1037 1062 1065 et

325 1090 509 1122 absolutum
542 1088 611 1121 sore
647 1092 842 1127 censentes,
875 1087 1059 1120 huiusmodi

326 1142 616 1186 supplicationibus
642 1141 795 1181 inclinati,
822 1141 929 1174 omnia
947 1146 979 1173 et
995 1140 1060 1174 sin-

327 1197 400 1238 gula
424 1196 555 1228 decreta
578 1195 794 1238 praeinserta,
814 1194 1005 1227 auctoritate
1027 1205 1059 1226 a-

324 1248 492 1291 postolica,
510 1253 623 1280 tenore
642 1247 874 1290 praesentium,
896 1252 1057 1290 perpetuo

324 1301 554 1335 confirmamus
587 1306 619 1334 et
655 1302 894 1344 approbamus,
928 1301 1055 1344 illisque

323 1355 518 1388 inviolabilis
544 1354 744 1398 apostolicae
769 1353 930 1387 tirmitatis
956 1355 1057 1387 robur

322 1407 509 1448 adiicimus,
533 1418 568 1440 ac
594 1417 706 1440 omnes
740 1412 771 1439 et.
806 1407 951 1449 singulos
977 1407 1055 1439 iuris

323 1465 354 1493 et
378 1460 451 1493 sacti
477 1460 641 1500 detectus,
669 1460 694 1492 si
721 1460 774 1503 qui
800 1460 944 1503 desuper
970 1470 1052 1503 quo-

321 1514 501 1547 modolibet,
524 1513 769 1554 intervenerint,
796 1515 997 1557 supplemus.

365 1568 379 1611 ᾗ
403 1567 434 1600 lt.
462 1568 683 1601 Decernentes
710 1568 841 1600 easdem
862 1573 1053 1610 praesentes

321 1621 444 1653 litteras
458 1631 587 1654 necnon
607 1621 738 1653 decreta
752 1620 958 1663 praeinserta
972 1631 1054 1653 sem-

320 1685 380 1718 per
404 1674 505 1715 firma,
532 1675 637 1708 valida
655 1680 687 1708 et
703 1674 848 1708 efficacia
865 1675 1005 1708 existere
1024 1680 1055 1708 et

320 1728 399 1769 sore,
425 1738 566 1771 suosque
592 1728 758 1771 plenarios
785 1734 816 1761 et
839 1728 984 1770 integros
1010 1728 1053 1760 ef-

320 1781 422 1814 sectus
447 1781 557 1814 sortiri
583 1787 615 1814 et
639 1781 809 1821 obtinere,
837 1792 873 1814 ac
899 1782 938 1814 ab
968 1781 1051 1821 illis,

321 1835 359 1867 ad
385 1845 466 1877 qnos
499 1834 613 1877 quovis
647 1835 745 1867 modo
777 1840 904 1877 spectat
934 1840 965 1867 et
994 1845 1052 1878 pro

322 1893 469 1930 tempore
503 1888 772 1930 quandocumque
805 1883 980 1930 spectabit,
1007 1888 1053 1920 in-

321 1940 518 1973 violabiliter
539 1946 570 1973 et
585 1940 779 1973 inconcusse
797 1941 974 1981 observari,
993 1941 1054 1973 sic-

320 2003 383 2036 que
408 1993 439 2025 in
460 1993 649 2036 praemissis
671 2004 732 2036 per
757 2003 978 2036 quoscumque
1008 1993 1054 2025 iu-

320 2045 408 2078 dices
427 2046 611 2079 ordinarios
631 2051 662 2078 et
675 2047 851 2088 delegatos,
868 2046 962 2079 etiam
981 2058 1052 2079 cau-

319 2110 427 2131 sarum
451 2099 561 2142 palatii
587 2099 756 2142 apostolici
779 2100 954 2139 auditores,
973 2100 1054 2133 iudi-

318 2152 384 2185 cari
406 2157 438 2185 et
454 2151 581 2185 definiri
601 2153 732 2193 debere,
746 2164 782 2185 ac
795 2153 920 2185 irritum
935 2158 968 2185 et
986 2153 1054 2186 ina-

318 2215 358 2237 ne
375 2204 401 2237 si
418 2215 511 2238 secus
534 2216 634 2249 super
650 2205 700 2238 liis
720 2217 736 2238 a
751 2216 921 2249 quoquam,
942 2207 1052 2250 quavis

319 2258 519 2298 auctoritate,
535 2251 741 2292 scientervcl
761 2259 960 2302 ignoranter,
977 2271 1053 2294 con-

321 2310 429 2353 tigerit
454 2312 616 2344 attentari.

363 2364 378 2407 §
402 2363 432 2396 5.
460 2364 530 2397 Non
548 2366 750 2399 obstantibus
769 2367 1053 2402 constitutionibus

320 2422 352 2449 et
384 2417 644 2451 ordinationibus
677 2421 886 2463 apostolicis,
913 2432 1052 2463 necnon,

320 2475 477 2513 quatenus
497 2482 577 2515 opus
601 2472 649 2512 sit,
671 2474 892 2516 praefatorum
914 2486 1055 2509 conven-

319 2530 368 2558 tus
395 2530 427 2558 et
449 2525 587 2566 Ordinis,
614 2526 725 2560 aliisve
751 2528 926 2570 quibusvis,
957 2530 1053 2563 etiam

318 2578 511 2619 iuramento,
526 2579 773 2613 confirmatione
797 2582 986 2624 apostolica,
1002 2585 1051 2616 vel

319 2632 430 2675 quavis
455 2631 615 2667 firmitatis
640 2633 702 2667 alia
726 2634 899 2676 roboratis,
926 2636 1051 2670 statutis

1761 240 1804 272 453

1103 295 1134 322 et
1159 291 1459 333 consuetudinibus,
1486 294 1664 339 privilegiis
1691 307 1835 341 quoque,

1102 343 1233 377 indultis
1267 351 1299 378 et
1334 347 1450 381 litteris
1487 351 1677 393 apostolicis
1702 352 1733 384 in
1760 364 1837 387 con-

1101 397 1233 430 trarium
1281 401 1537 442 praemissorum
1589 407 1837 448 quomodolibet

1100 451 1276 491 concessis,
1303 454 1491 495 approbatis
1517 461 1549 488 et
1572 456 1746 499 innovatis;
1766 461 1836 504 qui-

1100 503 1158 535 bus
1177 504 1325 537 omnibus
1344 511 1375 538 et
1392 507 1536 549 singulis,
1555 509 1683 543 illorum
1704 518 1833 548 tenores

1099 557 1328 598 praesentibus
1360 570 1421 602 pro
1454 561 1552 603 plene
1579 568 1611 595 et
1635 564 1835 599 sufficienter

1100 610 1264 652 expressis
1291 622 1327 644 ac
1351 612 1390 645 de
1417 615 1517 647 verbo
1551 617 1589 648 ad
1623 619 1757 652 verbum
1785 620 1834 653 in-

1099 663 1194 695 sertis
1220 663 1389 704 habentes,
1410 665 1473 699 illis
1491 668 1569 700 alias
1590 669 1620 701 in
1635 681 1692 703 suo
1711 673 1832 706 robore

1097 718 1331 759 permansuris,
1345 720 1384 751 ad
1398 721 1656 763 praemissorum
1672 723 1830 767 effectum,

1098 769 1158 802 hac
1176 770 1245 803 vice
1261 771 1431 813 dumtaxat,
1448 775 1637 817 specialiter
1655 783 1686 811 et
1699 789 1832 823 expres-

1097 822 1313 866 derogamus3
1341 827 1524 871 ceterisque
1557 831 1729 864 contrariis
1762 834 1831 876 qui-

1095 877 1306 922 buscumqne.

1138 930 1252 963 Datum
1278 932 1414 975 Romae,
1441 937 1528 978 apud
1553 936 1583 969 S.
1611 938 1743 972 Mariam
1768 941 1830 974 Ma-

1095 983 1208 1025 iorem,
1228 986 1289 1019 sub
1305 989 1427 1021 annulo
1446 989 1629 1031 piscatoris,
1646 992 1697 1025 die
1715 1004 1733 1026 x
1749 994 1829 1027 iunii

1093 1047 1232 1078 MDCan,
1259 1040 1468 1082 pontificatus
1494 1045 1598 1077 nostri
1623 1056 1709 1079 anno
1726 1057 1795 1081 vm.

1128 1099 1186 1128 Dat.
1204 1100 1247 1129 die
1264 1102 1297 1129 10
1310 1102 1376 1130 iunii
1394 1105 1470 1141 1662,
1487 1106 1582 1141 pontif.
1598 1116 1668 1137 anno
1684 1116 1738 1137 vni.

1372 1249 1545 1284 CCCXCIV,

1092 1323 1301 1366 Confirmatio
1317 1327 1436 1362 decreti
1452 1333 1707 1375 ‹tonoreqatioms
1731 1346 1828 1381 super

1132 1380 1270 1422 neffoliis
1284 1380 1418 1415 Ordinis
1438 1384 1823 1431 Praemomn-mensium,

1133 1436 1160 1464 et
1174 1435 1417 1468 communitatis
1430 1438 1563 1481 antiqui
1574 1441 1692 1483 re'yoris
1706 1453 1827 1476 nuncu-

1130 1490 1226 1528 patae
1245 1487 1326 1520 dicti
1344 1488 1488 1529 Ordinis
1508 1499 1571 1534 quo
1589 1499 1717 1527 cavetur
1733 1497 1827 1529 unio·

1132 1549 1205 1571 nem
1218 1551 1273 1573 seu
1292 1545 1556 1585 affirmationem
1573 1548 1670 1579 nnius
1687 1549 1735 1580 vel
1749 1550 1826 1592 plit-

1130 1593 1218 1625 rz‘wn
1236 1597 1507 1629 monasteriorum
1525 1599 1604 1632 dicti
1623 1600 1757 1634 Ordinis
1774 1603 1825 1634 di-

1132 1650 1198 1679 ctae
1223 1651 1465 1692 conyreqationi
1496 1653 1629 1696 antiqui
1659 1655 1780 1698 riyore's
1805 1667 1825 1688 a

1130 1700 1252 1733 vicario
1272 1702 1397 1735 abbatis
1416 1706 1579 1747 qeneralis
1603 1708 1638 1739 in
1659 1713 1825 1750 posterum

1131 1753 1320 1787 nullalenus
1329 1756 1402 1798 fieri
1415 1758 1535 1798 dehere,
1549 1761 1616 1792 nisi
1629 1771 1736 1794 omnes
1747 1763 1824 1795 reli-

1130 1808 1214 1851 97'052'
1227 1810 1363 1851 professi
1374 1811 1465 1843 illius
1477 1814 1669 1846 monasterii
1682 1825 1740 1857 per
1753 1820 1824 1848 vota

1130 1866 1248 1894 secreta
1264 1865 1479 1897 consenserint
1502 1866 1537 1897 in
1555 1866 1641 1898 illud
1661 1869 1820 1910 reforma-

1133 1916 1250 1947 tionem
1275 1917 1458 1959 introduci,
1482 1922 1753 1964 qn‘aecesseritqnc
1777 1922 1820 1954 li-

1131 1969 1237 2000 centia
1269 1970 1395 2002 abbatis
1426 1973 1605 2013 yeneratis,
1633 1979 1704 2014 etc„
1739 1985 1822 2007 eain-

1131 2021 1265 2065 demqne
1289 2025 1553 2067 assyreyan·0nem
1570 2036 1634 2058 non
1659 2027 1756 2060 aliter
1779 2029 1824 2071 sa-

1131 2075 1278 2107 cz'endmn
1302 2087 1366 2109 esse
1395 2088 1494 2120 quam
1526 2079 1619 2112 iuoeta
1643 2080 1823 2122 formulam

1126 2129 1358 2171 praescrzptmn
1392 2130 1427 2162 in
1462 2130 1583 2164 decreto
1615 2132 1691 2165 linio
1726 2133 1824 2165 Brevi

1130 2181 1249 2214 inserto
1260 2181 1279 2213 ¹.

1279 2254 1445 2282 Alexander
1465 2255 1543 2289 Papa
1563 2256 1627 2288 vn,

1207 2300 1243 2326 ad
1265 2302 1438 2333 perpetuam
1458 2301 1502 2327 rei
1522 2301 1701 2329 memoriam.

1132 2368 1146 2411 ἓ
1170 2368 1201 2401 t.
1229 2369 1396 2403 Emanavit
1411 2381 1516 2415 nuper
1533 2383 1550 2404 a
1567 2373 1821 2416 congregatione

1087 2422 1320 2456 nonnullorum
1345 2425 1580 2458 venerabilium
1607 2427 1740 2459 fratrum
1765 2439 1823 2460 no-

1088 2480 1230 2509 strorum
1255 2476 1285 2509 S.
1314 2477 1351 2509 R.
1379 2478 1413 2511 E.
1441 2479 1653 2512 cardinalium
1688 2486 1719 2513 et
1743 2481 1823 2513 dile-

1087 2535 1212 2563 ctorum
1237 2529 1378 2564 filiorum
1404 2532 1568 2566 Romanae
1594 2534 1701 2567 curiae
1727 2545 1823 2578 prae-

1122 2646 1133 2672 1
1155 2645 1193 2673 Ex
1213 2645 1320 2682 Regest.
1341 2646 1369 2674 in
1389 2646 1489 2675 Secret.
1511 2647 1587 2675 Brev.

1850 248 1899 276 An.
1920 249 1949 277 C.
1969 249 2040 277 1662

1864 2382 1973 2404 Decretum
1984 2388 2020 2403 san

1837 2415 1886 2439 crae
1905 2416 2021 2436 congrega-

1837 2439 1909 2458 tionis.
