2247 3208
252 287 301 314 An.
319 288 348 315 C.
372 287 437 315 1068

252 2033 361 2062 Clausulae
374 2038 432 2058 praa·

251 2066 280 2080 sut
288 2066 293 2078 t
300 2062 375 2079 alivae.

484 278 547 310 (551³)

444 343 475 368 et
495 333 732 371 confirmamus,
751 341 787 363 ac
803 328 973 372 apostolici
991 326 1176 360 muniminis

443 386 604 430 praesidio
630 384 888 417 corroboramus.

485 440 499 481 g
515 439 546 470 4.
566 438 737 470 Praeterea
754 435 926 479 praedictis
943 434 1053 467 Martio
1071 444 1106 466 ac
1125 433 1178 466 Ul-

442 491 549 525 derico
575 496 606 523 et
630 489 778 522 Marcello
800 487 1015 520 cardinalibus
1042 487 1177 519 dilectos

441 544 524 577 filios
533 549 661 576 nostros
672 542 837 575 Nicolaum
855 540 1068 580 Ludovisium,
1088 541 1178 582 Aloy-

440 597 522 630 sium
550 596 774 635 Homodeum,
802 595 931 627 Petrum
960 593 1174 632 Ottobonum,

440 649 647 682 Laurentium
672 647 889 691 imperialem,
917 646 1081 679 Gibertum
1100 646 1178 678 Bor-

439 711 618 741 romaeum,
638 700 781 734 Flavium
805 699 958 739 Chisium,
981 699 1108 731 Petrum
1127 698 1177 729 Vi-

440 754 571 793 donum,
597 752 828 796 Hieronymum
853 751 1049 790 Bonvisium,
1077 755 1108 784 et
1132 750 1177 782 Ia-

439 806 568 846 cobum,
588 806 804 849 presbyteros,
824 805 1075 848 Rospigliosum,
1102 814 1176 835 nos-

438 864 523 890 trum
544 858 720 891 secundum
735 868 865 890 carnem
882 868 918 890 ex
938 858 1035 889 fratre
1052 866 1176 898 germa-

439 922 480 944 no
512 916 687 954 nepotem,
721 921 756 943 ac
784 910 934 943 Carolum
966 908 1175 941 Barberiuum

439 963 619 997 diaconum'·
645 964 791 996 eiusdem
816 963 847 995 S.
869 963 905 995 R.
931 962 964 994 E.
993 961 1174 994 cardinales

438 1017 588 1050 Carolum
612 1016 791 1060 respective
810 1020 1024 1058 nuncupatos,
1044 1024 1172 1046 necnon

439 1070 640 1103 venerabiles
655 1070 768 1102 fratres
781 1069 979 1111 Stephanum
990 1067 1172 1109 Ugolinum,

437 1123 653 1166 patriarcham
686 1121 1098 1164 Constantinopolitanum,
1129 1119 1175 1151 la-

437 1176 551 1209 cobum
577 1176 615 1207 de
641 1175 783 1217 Angelis,
812 1174 888 1207 olim
912 1173 1171 1213 Urbinatensem,

436 1228 642 1261 Franciscum
663 1228 791 1260 Mariam
816 1227 1014 1265 Phoebeum,
1041 1226 1175 1258 Tarsen-

439 1291 515 1321 sem,
542 1280 691 1313 Carolum
717 1281 755 1313 de
780 1279 937 1319 Vecchiis,
963 1279 1172 1318 Athenarum,

437 1339 469 1366 et
492 1333 693 1376 Stephanum
714 1333 953 1371 Brancaccium‚
979 1331 1173 1373 Adrianopo-

436 1387 583 1425 litanum,
603 1386 879 1429 archiepiscopos,
896 1384 1027 1417 Marium
1042 1384 1173 1423 Fanum,

436 1438 664 1482 Cyrenensem,
684 1444 715 1470 et
734 1438 904 1470 Camillum
921 1437 1078 1476 Piazzam,
1099 1437 1175 1469 Dra-

437 1492 637 1534 goniensem,
665 1492 850 1535 episcopos,
871 1501 906 1523 ac
927 1491 1065 1523 dilectos
1090 1489 1174 1522 filios

437 1545 606 1587 magistros
624 1544 859 1577 Bernardinum
877 1542 1040 1583 Roccium,
1062 1542 1173 1585 palatii

437 1598 538 1630 nostri
556 1597 725 1640 apostolici
743 1596 951 1639 praefectum,
966 1595 1174 1628 Franciscum

437 1649 565 1682 Mariam
581 1649 811 1689 Baranzonum,
825 1647 958 1680 Marium
972 1648 1173 1687 Albcritium‚

438 1702 566 1735 Petrum
593 1702 799 1734 Franciscum
831 1702 870 1734 de
902 1701 1021 1733 Rubeis
1054 1706 1085 1733 et
1109 1700 1176 1734 Ste-

438 1756 582 1798 phanum
595 1755 632 1787 de
648 1754 848 1796 Augustinis‚
868 1754 900 1786 in
918 1756 1054 1797 utraque
1070 1754 1176 1796 signa-

439 1811 510 1841 tura
533 1810 642 1841 nostra
668 1807 921 1847 referendarios,
948 1808 1063 1839 harum
1091 1807 1175 1840 serie

441 1862 654 1904 adiungimus,
672 1871 793 1904 eosque
809 1871 921 1893 omnes
937 1865 968 1892 et
985 1860 1129 1902 singulos
1144 1861 1176 1892 in

442 1914 729 1957 congregationem
755 1924 853 1956 super
876 1918 959 1945 statu
978 1913 1176 1955 regularium

442 1968 640 2011 praedictam
666 1967 846 2009 adlegimus
871 1971 901 1998 et
926 1971 1126 2009 cooptamus.

487 2022 501 2063 ξ
526 2020 556 2052 5.
584 2020 801 2052 Decernentes
833 2019 964 2051 easdem
989 2024 1178 2061 praesentes

443 2073 567 2106 litteras
600 2082 728 2115 semper
757 2072 881 2111 sirmas,
906 2071 1026 2103 validas
1057 2076 1089 2103 et
1113 2071 1179 2103 effi-

444 2136 535 2158 caces
558 2126 693 2158 existere
724 2130 756 2157 et
787 2126 877 2165 fore,
904 2134 1044 2167 suosque
1070 2125 1179 2166 plena-

444 2179 510 2210 rios
540 2184 572 2210 et
596 2178 742 2220 integros
769 2177 901 2210 effectus
930 2177 1035 2209 sortiri
1061 2181 1093 2209 et
1123 2177 1179 2208 ob-

446 2231 560 2269 tinere,
579 2241 638 2262 nec
661 2229 880 2272 subreptionis
901 2230 951 2262 vel
977 2228 1179 2271 obreptionis

445 2288 498 2314 aut
523 2283 677 2315 nullitatis
704 2283 795 2322 vitio,
822 2293 876 2314 seu
908 2281 1097 2314 intentionis
1122 2292 1180 2313 no-

445 2341 528 2368 strae
555 2341 608 2368 aut
638 2336 795 2368 interesse
822 2335 1010 2368 habentium
1042 2345 1180 2368 consen-

444 2400 518 2428 sus,
545 2389 645 2421 aliove
678 2389 826 2431 quolibet
857 2389 952 2421 etiam
990 2387 1115 2420 formali
1149 2392 1181 2420 et

445 2441 647 2474 substantiali
673 2442 799 2473 defectu
824 2441 938 2482 notari,
963 2441 1105 2483 infringi,
1130 2450 1180 2472 re-

446 2493 595 2533 tractari,
628 2498 681 2525 aut
711 2495 743 2526 in
769 2494 1022 2527 controversiam
1059 2493 1178 2532 vocari,

448 2557 506 2579 seu
537 2546 576 2578 ad
609 2546 763 2578 terminos
797 2547 875 2578 iuris
901 2547 1013 2579 reduci
1037 2557 1179 2588 unquam

1022 280 1200 303 BULLARIUM
1225 278 1376 303 ROMANUM

1221 326 1263 358 sis
1293 336 1352 368 per
1377 336 1596 370 quoscumque
1628 329 1750 362 iudices
1777 331 1958 365 ordinarios

1221 378 1440 421 etdelegatos‚
1458 379 1552 411 etiam
1571 390 1738 414 causarum
1755 383 1865 425 palatii
1881 395 1957 427 apo-

1221 431 1328 464 stolici
1346 431 1523 471 auditores,
1545 442 1581 464 ac
1597 432 1628 465 S.
1652 433 1688 465 R.
1708 434 1742 466 E.
1765 437 1957 477 cardinales,

1221 483 1318 515 etiam
1344 484 1383 516 de
1409 484 1510 516 latere
1534 485 1674 527 legatos,
1702 491 1733 518 et
1757 487 1836 520 alios
1862 499 1958 531 quos-

1220 536 1316 575 libet,
1346 547 1546 580 quacumque
1565 538 1822 580 praeeminentia
1846 546 1877 572 et
1900 553 1957 584 po-

1220 594 1334 621 testate
1361 589 1531 631 fungcntes
1565 595 1596 622 et
1620 590 1804 632 functuros,
1831 593 1956 626 sublata

1220 641 1264 674 eis
1291 647 1322 674 et
1347 652 1459 674 eorum
1492 642 1625 675 cuilibet
1657 644 1767 686 quavis
1792 645 1886 678 aliter
1910 646 1956 678 iu-

1220 694 1346 728 dicandi
1366 699 1397 728 et
1415 696 1649 738 interpretandi
1674 697 1822 730 facultate
1849 704 1880 731 et
1903 710 1954 731 au-

1219 747 1374 788 ctoritate,
1401 747 1537 780 iudicari
1559 754 1591 781 et
1616 748 1743 781 definiri
1770 750 1901 791 debere,
1918 762 1953 784 ac

1218 798 1344 831 irritum
1370 805 1402 832 et
1427 800 1523 833 inane
1549 800 1707 844 quidquid
1733 812 1828 835 secus
1855 813 1954 846 super

1218 852 1268 884 his
1305 862 1322 884 a
1354 863 1516 895 quoquam
1540 880 1547 893 ,
1585 854 1696 896 quavis
1729 855 1922 888 auctoritate
1943 884 1950 895 ,

1217 904 1361 937 scienter
1391 907 1439 938 vel
1465 906 1679 948 ignoranter,
1706 908 1881 951 contigerit
1906 915 1952 941 at-

1217 959 1349 991 tentari.

1261 1011 1275 1053 ξ
1299 1011 1329 1044 6.
1358 1011 1428 1044 Non
1461 1013 1677 1053 obstantibus,
1695 1020 1851 1057 quatenus
1872 1025 1952 1058 opus

1217 1063 1275 1103 sit,
1301 1066 1411 1097 nostra
1444 1070 1475 1097 et
1508 1066 1721 1099 cancellariae
1754 1068 1952 1110 apostolicae

1216 1118 1329 1159 regula
1360 1118 1398 1150 de
1423 1128 1487 1150 non
1514 1119 1658 1151 tollendo
1685 1119 1755 1152 iure
1782 1120 1927 1162 quaesito
1944 1147 1952 1160 ‚

1217 1170 1351 1212 aliisque
1377 1171 1579 1214 apostolicis,
1597 1182 1633 1204 ac
1661 1172 1693 1204 in
1717 1173 1953 1205 universalibus

1217 1223 1534 1266 provincialibusque
1561 1229 1592 1257 et
1616 1225 1824 1268 synodalibus
1846 1226 1954 1258 conci-

1217 1275 1267 1307 liis
1294 1276 1408 1315 editis,
1434 1277 1638 1318 generalibus
1663 1279 1713 1310 vel
1738 1278 1930 1321 specialibus
1946 1305 1953 1318 ,

1218 1329 1510 1361 constitutionibus
1533 1334 1566 1361 et
1591 1330 1864 1370 ordinationibus,
1881 1341 1954 1363 nec-

1217 1390 1281 1413 non
1299 1382 1487 1424 quorumvis
1506 1382 1662 1415 Ordinum
1684 1388 1715 1415 et
1733 1384 1954 1426 congregatio-

1217 1445 1305 1470 num.
1323 1435 1513 1468 societatum
1531 1446 1567 1468 ac
1587 1435 1820 1477 institutorum,
1844 1437 1954 1469 aliisve

1217 1487 1392 1529 quibusvis,
1420 1488 1516 1519 etiam
1549 1488 1753 1528 iuramento,
1783 1487 1955 1521 confirma-

1217 1540 1306 1572 tione
1339 1541 1541 1583 apostolica,
1576 1543 1625 1574 vel
1652 1542 1764 1585 quavis
1800 1541 1953 1574 firmitate

1218 1593 1279 1625 alia
1305 1593 1482 1633 roboratis,
1505 1594 1636 1626 statutis
1655 1599 1687 1626 et
1708 1595 1955 1627 consuetudini-

1218 1647 1292 1686 bus,
1311 1647 1491 1689 privilegiis
1518 1657 1659 1690 quoqne,
1686 1647 1821 1679 indultis
1848 1652 1880 1680 et
1903 1648 1955 1680 lit-

1219 1699 1298 1731 teris
1317 1699 1517 1742 apostolicis,
1536 1700 1656 1731 eisdem
1674 1699 1861 1740 Ordinibus,
1881 1710 1955 1733 con-

1220 1753 1474 1795 gregationibus,
1501 1752 1707 1785 societatibus
1732 1757 1764 1785 et
1788 1753 1952 1793 institutis,

1220 1806 1412 1847 illorumque
1437 1805 1657 1848 superioribus
1682 1810 1713 1837 et
1738 1806 1896 1848 personis,
1924 1811 1955 1838 et

1220 1858 1311 1897 aliis,
1343 1858 1402 1890 sub
1428 1857 1685 1900 quibuscumque
1711 1857 1885 1890 verborum
1912 1863 1956 1890 te-

1221 1911 1355 1944 noribus
1393 1916 1425 1943 et
1460 1910 1589 1950 formis,
1621 1920 1656 1942 ac
1687 1921 1759 1943 cum
1791 1911 1955 1954 quibusvis

1221 1966 1314 1998 etiam
1331 1964 1610 2006 derogatoriarum
1627 1964 1850 2006 derogatoriis,
1870 1964 1956 1997 aliis-

1221 2028 1281 2060 que
1299 2017 1538 2053 eflicacioribus,
1555 2016 1783 2049 efficacissimis
1802 2022 1833 2049 et
1849 2017 1956 2050 insoli-

1223 2071 1260 2102 tis
1274 2069 1431 2109 clausulis,
1447 2069 1648 2101 irritantibus
1663 2074 1694 2101 et
1715 2069 1784 2101 aliis
1804 2069 1952 2109 decretis,

1222 2123 1253 2154 in
1279 2132 1397 2164 genere
1423 2123 1472 2154 vel
1498 2121 1530 2153 in
1556 2121 1674 2163 specie,
1699 2121 1748 2153 vel
1774 2121 1851 2153 alias
1877 2132 1956 2164 quo-

1222 2175 1402 2207 modolibet
1415 2174 1447 2206 in
1467 2174 1668 2206 contrarium
1685 2173 1864 2214 concessis,
1884 2185 1956 2206 con-

1222 2227 1355 2259 firmatis
1389 2232 1421 2259 et
1449 2226 1629 2265 innovatis,
1657 2226 1775 2268 quibus
1803 2226 1955 2259 omnibus

1223 2285 1254 2312 et
1268 2279 1415 2321 singulis,
1432 2278 1558 2311 etiamsi
1569 2288 1626 2321 pro
1637 2278 1767 2311 illorum
1783 2279 1956 2312 sufficienti

1223 2332 1434 2374 derogatione
1461 2332 1499 2364 de
1527 2331 1590 2364 illis
1614 2341 1791 2374 eorumque
1818 2331 1892 2364 totis
1910 2336 1957 2364 te-

1222 2385 1355 2417 noribus
1371 2385 1531 2427 specialis,
1554 2383 1704 2427 specifica
1728 2390 1760 2417 et
1783 2384 1956 2421 individua,

1223 2448 1258 2470 ac
1283 2438 1321 2470 de
1346 2439 1445 2470 verbo
1471 2438 1509 2470 ad
1530 2438 1671 2477 verbum,
1691 2447 1755 2469 non
1774 2442 1879 2469 autem
1900 2447 1958 2480 per

1223 2492 1381 2524 clausulas
1415 2492 1582 2534 generales
1608 2490 1693 2523 idem
1717 2490 1930 2532 importantes
1947 2517 1955 2530 ,

1222 2545 1342 2577 mentio
1368 2555 1425 2577 seu
1450 2544 1579 2587 quaevis
1611 2543 1672 2576 alia
1701 2543 1869 2585 expressio
1902 2544 1958 2576 ha-

448 2609 565 2642 posse,
592 2598 701 2641 sicque
720 2604 750 2630 et
769 2609 832 2630 non
858 2599 950 2631 aliter
975 2599 1007 2630 in
1033 2598 1180 2641 praemis·
1222 2598 1327 2630 beuda
1358 2602 1411 2629 aut
1441 2597 1548 2639 aliqua
1578 2596 1639 2628 alia
1664 2596 1820 2638 exquisita
1855 2596 1958 2629 forma

486 2663 497 2688 1
517 2660 607 2689 Potius
622 2660 680 2695 lege
700 2660 834 2687 diaconos
854 2660 893 2695 (n.
909 2662 957 2694 Τ.).

1223 2652 1261 2684 ad
1287 2651 1349 2684 hoc
1373 2650 1531 2684 servanda
1555 2649 1649 2690 foret,
1678 2654 1809 2682 tenores
1844 2649 1958 2684 huius-

1959 287 2006 312 An.
2029 286 2056 313 C.
2080 287 2146 313 1668

2034 1029 2149 1050 contrariis

1965 1054 2060 1081 derogat.
