2247 3208
136 217 184 246 An.
200 216 230 245 c.
252 217 319 246 1663
363 207 428 242 130

162 1223 279 1253 jubilaeum
292 1222 321 1244 in<

139 1252 213 1270 stituit.

332 264 545 304 Quamobrem
562 272 673 296 omnes
688 261 852 304 utriusque
873 269 965 292 sexus
981 257 1065 291 chri-

333 318 484 351 stifideles
502 321 634 360 paterne
649 315 682 347 in
698 314 833 347 Domino
858 312 1062 356 requirimus,

334 376 365 405 et
389 371 480 404 enixe
504 380 562 412 per
584 368 704 401 viscera
736 365 977 399 misericordiae
1008 365 1063 398 Dei

333 423 434 457 nostri
459 423 634 462 hortamur,
652 426 687 453 ut
705 423 932 453 convertantur
948 419 987 451 ad
1004 418 1066 451 Do-

333 477 453 509 minum
478 475 511 508 in
536 480 603 507 toto
629 474 737 514 corde,
755 477 785 505 61
808 482 868 516 per
891 472 1065 504 salutarem

333 528 566 573 poenitentiam
591 538 623 559 se
648 527 688 559 ab
714 525 801 558 omni
825 523 974 557 vitiorum
993 524 1065 557 labe

334 585 521 624 expurgent,
546 583 677 623 peccata
702 588 759 610 sua
783 576 997 620 eleemosynis
1016 587 1066 609 re-

335 634 466 673 diment,
491 644 527 665 ac
551 629 687 665 veteris¹
713 634 889 669 exuentes,
914 629 1067 662 iustitiam

334 687 469 719 induant
485 690 516 718 et
532 684 741 722 sanctitatem,
756 682 801 715 ita
817 687 852 714 ut
868 692 991 722 omnes,
1005 681 1068 724 spi-

334 739 397 771 ritu
414 737 567 777 renovati,
583 736 670 769 adire
687 735 846 779 possimus
864 746 935 769 cum
951 734 1068 768 fiducia

335 790 551 824 sanctuarium
575 789 629 823 Dei
654 789 686 820 in
712 788 893 821 humilitate
910 788 1016 821 cordis
1036 793 1069 821 et

337 844 550 883 contritione,
575 842 745 885 et'quibus
774 852 860 874 nunc
888 841 1068 884 indigemus

336 897 451 930 auxilia
482 907 539 940 per
574 896 676 928 Iesum
708 894 869 927 Christum
902 894 1069 927 dominum

336 955 480 983 nostrum
495 948 647 992 consequi
661 955 854 986 mereamur,
866 957 967 990 eaque
984 947 1069 979 mala

337 1009 368 1036 et
392 1002 604 1041 incommoda,
623 1001 739 1044 quibus
764 999 939 1032 christiana
958 1010 1069 1042 respu-

336 1056 419 1089 blica
445 1054 607 1098 premitur,
627 1058 658 1086 et
676 1053 827 1096 pericula,
846 1062 928 1096 quae
944 1051 1070 1094 impen-

337 1109 429 1147 dent,
456 1108 567 1150 procul
600 1106 669 1149 ipse
701 1110 823 1138 avertat
854 1110 885 1138 et
908 1105 1070 1138 Ecclesiae

336 1172 409 1194 suae
433 1165 559 1193 sanctae
584 1162 759 1191 succurrat.

380 1216 394 1257 ἓ
419 1213 449 1246 02.
475 1213 514 1245 Ut
538 1216 643 1245 autem
660 1211 887 1244 christifideles
903 1211 1070 1244 unanimes

337 1277 394 1310 pro
413 1265 605 1299 exaltatione
623 1270 750 1297 sanctae
771 1264 879 1296 Matris
899 1264 1068 1305 Ecclesiae:

336 1329 429 1352 verae
460 1317 533 1351 fidei
558 1316 803 1360 propagatione,
834 1317 1071 1360 haeresumque

338 1371 572 1414 extirpatione,
604 1369 785 1412 principum
821 1368 1072 1402 christianorum

337 1424 512 1457 concordia
540 1428 571 1456 et
599 1423 729 1462 unione,
755 1422 942 1466 cunctisque
966 1422 1073 1455 Eccle-

338 1477 401 1510 siae
434 1475 696 1515 necessitatibus,
726 1486 762 1508 36
794 1485 852 1518 pro
884 1478 994 1508 nostra
1025 1480 1073 1507 to-

338 1531 466 1573 tiusque
496 1529 661 1561 christiani
693 1528 806 1572 populi
832 1529 933 1561 salute
968 1539 1006 1562 eo
1037 1529 1073 1562 li-

336 1583 464 1615 bentius
495 1583 594 1615 Deum
626 1588 818 1625 precentur,
852 1592 915 1626 quo
944 1582 1073 1615 uberius

339 1634 557 1678 spiritualibus
582 1634 691 1676 gratiis
716 1645 749 1667 se
773 1636 909 1668 refertos
934 1646 1001 1668 6556
1022 1646 1074 1668 60-

339 1688 530 1730 gnoverint‚
564 1688 602 1720 de
635 1688 865 1731 omnipotentis
891 1688 945 1720 Dei
977 1688 1074 1722 mise-

338 1741 479 1773 ricordia
504 1751 539 1773 ac
563 1741 729 1773 beatorum
749 1741 832 1773 Petri
854 1746 885 1773 et
901 1741 989 1774 Pauli
1007 1742 1074 1774 eius

340 1794 560 1836 apostolorum
590 1794 777 1826 auctoritate
800 1793 929 1833 conlisi,
957 1804 993 1826 ex
1018 1794 1074 1827 illa

339 1845 460 1887 ligandi
487 1851 581 1888 atque
605 1846 748 1878 solvendi
774 1851 953 1889 potestate,
980 1858 1074 1890 quam

339 1898 433 1930 nobis
468 1898 634 1939 Dominus,
667 1899 743 1931 licet
778 1899 932 1941 indignis,
960 1905 1075 1933 contu-

340 1951 395 1991 lit,
424 1951 581 1983 universis
606 1957 637 1984 et
668 1952 802 1994 singulis
834 1952 999 1996 utriusque
1029 1964 1075 1986 se-

339 2015 396 2036 xus
430 2003 692 2037 christifidelibus
723 2005 755 2036 in
788 2006 873 2038 alma
903 2006 987 2038 Urbe
1021 2007 1075 2039 de-

341 2057 508 2098 gentibus,
535 2057 587 2099 qui
612 2057 643 2089 S.
671 2057 798 2090 Ioannis
831 2058 864 2090 in
893 2059 1072 2099 Laterano,

340 2109 500 2152 Principis
524 2110 754 2152 Apostolorum
779 2115 810 2143 et
831 2110 861 2143 S.
882 2111 998 2145 Mariae
1014 2112 1077 2145 Ma-

340 2162 420 2194 ioris
445 2162 588 2195 eiusdem
622 2163 715 2196 Urbis
740 2163 890 2196 ecclesias
914 2175 969 2197 seu
992 2165 1076 2198 basi-

341 2213 430 2254 licas,
444 2214 492 2246 vel
507 2214 713 2248 ecclesiarum
730 2216 913 2249 huiusmodi
931 2218 1073 2258 alteram,

342 2265 445 2309 spatio
472 2267 601 2299 duarum
623 2268 839 2310 proximarum
858 2270 1077 2303 hebdomada-

341 2329 413 2351 rum
430 2321 527 2352 semel
544 2321 655 2353 saltem
671 2321 875 2363 visitaverint,
894 2323 1004 2367 ibique
1017 2335 1075 2368 per

342 2370 473 2413 aliquod
498 2372 651 2415 temporis
675 2374 812 2416 spatium
829 2375 955 2416 devote,
974 2381 1010 2409 ut
1026 2387 1075 2409 su-

340 2433 408 2465 pra,
434 2423 533 2456 Deum
558 2425 726 2466 oraverint,
751 2437 787 2459 ac
812 2430 922 2471 quarta
939 2431 1075 2463 etsexta

341 2475 420 2508 feria
452 2486 487 2507 ac
519 2477 653 2510 sabbato
684 2479 812 2512 alterius
837 2491 872 2514 ex
898 2482 1071 2524 praedictis

904 209 1082 236 BULLARIUM
1105 208 1257 234 ROMANUM

1098 256 1235 290 confessi
1267 256 1320 290 SS.
1346 256 1567 291 Eucharistiae
1590 254 1831 292 Sacramentum

1097 310 1130 343 in
1155 310 1318 343 dominica
1338 309 1389 344 die
1405 309 1589 344 immediate
1613 311 1758 354 sequenti
1781 312 1831 345 vel

1097 363 1159 397 alia
1184 364 1235 397 die
1259 364 1342 397 infra
1367 365 1512 398 eamdem
1528 365 1767 399 hebdomadam
1782 375 1833 398 re-

1097 422 1248 450 verenter
1271 417 1473 461 sumpserint,
1499 427 1536 450 36
1557 417 1753 461 pauperibus
1777 417 1836 463 ali?

1100 480 1194 513 quam
1208 471 1457 514 eleemosynam,
1467 475 1564 513 prout
1574 470 1748 513 unicuique
1762 481 1834 513 sug-

1099 527 1191 564 geret
1214 523 1341 556 devotio
1366 524 1415 556 vel
1440 522 1656 566 possibilitas,
1683 532 1834 565 erogave-

1099 575 1176 615 rint;
1193 575 1308 609 ceteris
1320 586 1395 608 vero
1409 581 1497 608 extra
1509 575 1628 608 Urbem
1640 575 1842 619 ubicumque,

1101 629 1307 671 degentibus,
1332 629 1386 672 qui
1415 628 1570 662 ecclesias
1594 628 1633 661 ab
1657 628 1833 662 Ordinariis

1100 682 1247 715 Iocorum
1270 682 1320 714 vel
1345 691 1458 714 eorum
1481 681 1609 714 vicariis
1634 692 1692 714 seu
1716 681 1836 715 officia-

1100 735 1196 775 libus,
1222 740 1276 767 aut
1300 735 1339 768 de
1363 745 1475 767 eorum
1500 736 1665 775 mandato,
1689 739 1730 775 et,
1755 734 1834 778 ipsis

1101 787 1337 828 deficientibus,
1363 798 1421 831 per
1446 798 1514 827 eos,
1540 788 1594 831 qui
1618 787 1662 820 ibi
1680 797 1789 820 curam
1805 798 1837 820 a-

1102 841 1261 873 nimarum
1281 846 1442 881 exercent,
1466 846 1640 884 postquam
1658 841 1697 874 ad
1723 851 1836 874 eorum

1103 893 1251 928 notitiam
1276 894 1337 926 hae
1361 899 1492 927 nostrae
1523 894 1730 937 pervenerint
1754 893 1838 927 desi-

1103 947 1259 990 gnandas,
1283 949 1331 980 vel
1353 946 1563 980 ecclesiarum
1588 946 1776 980 huiusmodi
1793 948 1839 980 al-

1103 1005 1213 1040 teram,
1223 999 1326 1043 spatio
1340 998 1490 1033 duarum¹
1501 999 1649 1033 similiter
1662 1000 1838 1033 hebdoma-

1104 1054 1217 1086 darum
1243 1063 1259 1084 a
1282 1052 1502 1096 publicatione
1527 1052 1763 1095 designationis
1781 1063 1839 1096 per

1104 1105 1292 1138 Ordinarios
1316 1106 1366 1138 vel
1390 1114 1504 1139 eorum
1528 1105 1664 1138 vicarios
1688 1116 1743 1139 seu
1772 1105 1842 1139 offi-

1105 1158 1213 1199 ciales,
1228 1160 1277 1192 vel
1296 1158 1388 1199 alios,
1413 1163 1449 1191 ut
1463 1159 1657 1202 praefertur,
1675 1158 1841 1192 faciendae

1106 1212 1399 1252 deeurrendarum,
1425 1213 1539 1245 saltem
1568 1212 1670 1245 semel
1694 1212 1842 1245 visitave-

1104 1264 1190 1304 rint,
1222 1264 1353 1308 ibique,
1377 1270 1412 1298 ut
1443 1275 1561 1308 supra,
1593 1265 1772 1306 oraverint,
1804 1276 1842 1298 ac

1106 1320 1218 1362 quarta
1242 1324 1274 1351 et
1304 1320 1393 1351 sexta
1423 1318 1501 1351 feria
1533 1329 1568 1351 ac
1600 1319 1734 1351 sabbato
1763 1319 1842 1352 alte-

1106 1372 1171 1405 rius
1194 1382 1231 1404 ex
1249 1372 1462 1405 hebdomadis
1480 1371 1664 1404 huiusmodi
1682 1371 1843 1405 ieiunave-

1106 1425 1181 1463 rint‚
1206 1424 1392 1467 pariterque
1416 1429 1548 1467 peccata
1565 1434 1622 1457 sua
1638 1424 1788 1465 confessi,
1805 1435 1842 1458 ac

1107 1477 1139 1509 in
1158 1477 1208 1510 die
1227 1477 1388 1510 dominica
1405 1476 1588 1510 immediate
1610 1477 1767 1521 sequenti,
1791 1479 1841 1512 vel

1107 1531 1169 1563 alia
1183 1530 1234 1563 die
1250 1529 1334 1563 infra
1350 1531 1496 1563 eamdem
1510 1530 1758 1570 hebdomadam,
1772 1541 1843 1564 san-

1107 1583 1247 1616 ctissima
1271 1583 1500 1616 communione
1523 1583 1635 1616 refecti
1657 1583 1786 1625 suerint,
1811 1589 1843 1618 et

1106 1636 1304 1679 pauperibus
1339 1635 1479 1679 aliquam
1514 1636 1772 1679 eleemosynam,
1808 1641 1843 1670 ut

1107 1688 1342 1732 praemittitur,
1366 1689 1593 1732 erogaverint,
1617 1689 1843 1732 plenissimam

1109 1741 1252 1774 omnium
1276 1747 1485 1785 peccatorum
1514 1752 1648 1775 suorum
1672 1742 1844 1785 indulgen-

1108 1794 1185 1827 tiam
1210 1800 1242 1827 et
1264 1794 1500 1835 remissionem,
1524 1795 1606 1829 sicut
1630 1796 1662 1828 in
1688 1806 1773 1828 anno
1799 1796 1845 1829 iu—

1107 1847 1203 1880 bilaei
1227 1847 1432 1880 visitantibus
1458 1853 1563 1881 certas
1589 1848 1741 1881 ecclesias
1760 1848 1845 1882 intra

1108 1905 1140 1933 et
1163 1906 1252 1933 extra
1285 1899 1405 1933 Urbem
1438 1901 1542 1933 nostri
1575 1902 1844 1944 praedecessores

1109 1954 1288 1986 concedere
1317 1959 1578 1994 consueverunt,
1610 1960 1722 1988 tenore
1752 1966 1845 1998 prae-

1109 2006 1247 2039 sentium
1271 2006 1478 2039 concedimus
1497 2012 1528 2040 et
1541 2007 1734 2050 elargimur;
1760 2007 1845 2040 navi-

1109 2064 1220 2101 gantes
1243 2070 1319 2092 vero
1343 2064 1374 2092 61
1389 2059 1452 2092 1161·
1468 2065 1608 2102 agentes,
1625 2065 1669 2101 ut,
1692 2071 1764 2093 cum
1781 2061 1846 2104 pri-

1109 2122 1198 2144 mum
1224 2122 1296 2145 sese
1313 2112 1353 2145 ad
1378 2122 1435 2144 sua
1460 2112 1623 2146 domicilia
1647 2114 1843 2157 receperint,

1110 2164 1341 2208 suprascriptis
1356 2165 1505 2208 peractis,
1523 2170 1555 2198 et
1569 2165 1693 2199 visitata
1710 2166 1846 2200 ecclesia

1111 2217 1310 2258 cathedrali,
1346 2219 1396 2251 vel
1419 2218 1542 2251 maiore
1571 2224 1625 2252 aut
1654 2219 1845 2263 provinciali

1110 2270 1174 2304 loci
1199 2280 1313 2303 eorum
1331 2269 1497 2311 domicilii,
1511 2272 1658 2305 eamdem
1674 2271 1846 2316 indulgen-

1110 2323 1187 2357 tiam
1213 2324 1366 2367 consequi
1391 2324 1519 2367 possint
1535 2330 1567 2358 et
1585 2327 1727 2367 valeant,
1753 2337 1847 2370 regu-

1110 2377 1235 2410 laribus
1259 2382 1365 2410 autem
1389 2377 1537 2421 personis
1554 2378 1723 2422 utriusque
1742 2389 1846 2420 sexus,

1112 2429 1207 2463 etiam
1230 2430 1264 2463 in
1289 2430 1437 2463 claustris
1460 2436 1617 2475 perpetuo
1642 2431 1845 2475 degentibus,

1111 2493 1238 2516 necnon
1263 2482 1333 2516 aliis
1360 2483 1640 2528 quibuscumque,
1665 2488 1729 2517 tam
1752 2483 1844 2517 laicis

340 2528 553 2561 hebdomadis
578 2529 796 2572 ieiunaverint,
815 2539 846 2565 et
869 2540 1000 2576 peccata
1016 2545 1073 2569 sua
1112 2547 1207 2580 quam
1232 2536 1471 2579 ecclesiasticis,
1496 2538 1696 2571 secularibus
1720 2538 1771 2572 vel
1794 2548 1846 2573 re-

376 2591 388 2616 1
409 2590 511 2617 Forsan
532 2593 627 2620 vetera
648 2591 791 2629 legendum
810 2595 848 2631 (fl.
863 2597 911 2630 T.).

1144 2600 1157 2625 1
1178 2597 1228 2626 Ed.
1248 2597 1327 2630 Main.
1347 2598 1413 2636 legit
1431 2599 1556 2630 duorum
1575 2600 1612 2636 (n.
1626 2599 1674 2634 τ.).

1845 210 1895 236 Λη.
1912 209 1939 236 C.
1963 209 2030 238 1663
