2247 3208
238 198 293 227 An.
315 197 343 225 C.
362 198 428 226 1667
472 190 538 223 598

258 782 377 809 Expositio.

477 257 587 279 corum
619 246 824 289 regularium
854 246 960 279 sancti
986 246 1170 289 Auyuslini

479 298 802 341 Gratianopolitanae
836 298 986 331 dioecesis
1020 309 1039 331 a
1075 302 1170 341 parte

475 351 610 383 ducatus
627 350 818 391 SaMudiae,
837 361 909 383 cum
930 361 1040 383 eorum
1058 350 1170 383 reduc-

476 403 560 435 tione
578 402 620 435 ad
636 407 758 436 statum
773 404 1035 447 presbyterorum
1050 403 1169 436 secula<

474 455 564 487 rium
581 453 600 487 ¹.

430 534 600 562 Venerabili
622 534 710 562 fratri
731 534 870 568 episcopo
887 534 1167 568 Gratianopolitam,

644 587 778 615 Clemens
798 588 877 621 Papa
896 588 943 615 1x.

430 657 615 685 Venerabilis
639 657 750 690 frater,
771 658 900 685 salutem
921 660 952 685 et
976 657 1169 691 apostolicam

673 701 923 730 benedictionem.

475 779 489 821 ἓ
514 779 545 811 l.
572 779 696 822 Exponi
721 780 813 812 nobis
831 790 935 823 nuper
960 780 1103 812 fecerunt
1123 780 1169 812 di-

430 832 505 864 lecti
527 831 585 864 filii
602 832 761 875 viceprior
784 837 816 864 et
840 833 985 865 canonici
1005 834 1168 874 regulares

429 885 591 928 prioratus
607 885 824 918 conventualis
843 885 874 917 S.
891 884 1030 926 Georgii,
1043 884 1168 917 Ordinis

431 937 662 970 canonicorum
695 938 892 980 regularium
930 937 1031 969 sancti
1064 938 1169 979 Augu-

429 989 513 1029 stini,
525 988 841 1032 Gratianapolitanae
858 988 1026 1029 dioecesis,
1045 1000 1062 1021 a
1079 994 1167 1031 parte

429 1041 564 1074 ducatus
590 1041 776 1080 Sabaudiae,
797 1042 884 1084 quod
906 1041 1026 1073 dudum
1044 1041 1077 1073 in
1095 1042 1167 1073 loco

428 1092 562 1133 Tononi,
586 1093 691 1125 dictae
717 1103 775 1125 seu
800 1093 932 1126 alterius
960 1093 1125 1133 dioecesis,
1153 1104 1169 1125 a

430 1145 534 1178 felicis
552 1145 788 1178 recordationis
805 1145 968 1178 Clemente
989 1146 1074 1188 Papa
1090 1145 1166 1186 VIII,

428 1197 683 1240 praedecessore
698 1203 820 1238 nostro,
836 1203 923 1230 motu
938 1197 1007 1230 eius
1021 1198 1166 1240 proprio,

430 1255 536 1282 erecta
550 1250 608 1281 fuit
618 1250 827 1292 congregatio
841 1250 1105 1294 presbyterorum
1122 1261 1169 1283 se-

430 1302 585 1335 cularium
610 1302 747 1335 Oratorii
772 1313 858 1334 nunc
882 1303 1002 1335 Domus
1033 1302 1170 1335 Sanctae

429 1360 634 1398 nuncupata,
664 1355 724 1387 sub
758 1355 851 1388 titulo
882 1366 937 1387 seu
969 1355 1168 1388 invocatione

429 1407 547 1441 Beatae
561 1408 678 1440 Mariae
691 1408 829 1450 Virginis
844 1407 918 1440 sive¹
934 1408 1064 1451 Septem
1078 1408 1169 1440 Dolo-

430 1471 509 1502 rum,
531 1471 612 1504 quae
635 1462 673 1493 ab
691 1472 756 1494 uno
775 1462 950 1504 praefecto,
977 1460 1029 1504 qui
1048 1461 1169 1504 primus

430 1514 490 1546 fuit
517 1514 549 1546 S.
574 1514 764 1546 Franciscus
789 1514 952 1554 Salesius,
985 1519 1016 1546 et
1045 1518 1169 1556 septem

430 1566 629 1610 presbyteris
648 1567 858 1607 secularibus,
873 1567 930 1598 sub
945 1566 1058 1598 ritibus
1073 1571 1104 1598 et
1120 1566 1169 1597 in-

431 1619 553 1651 stitutis
585 1620 850 1662 presbyterorum
876 1619 1069 1651 secularium
1093 1628 1170 1651 con-

431 1671 630 1714 gregationis
651 1671 790 1704 Oratorii
814 1672 852 1704 de
873 1671 967 1712 Urbe,
987 1671 1054 1713 regi
1073 1671 1170 1703 debe-

432 1728 493 1764 ret,
516 1724 548 1756 in
573 1726 686 1767 eaque,
709 1729 870 1767 tamquam
895 1724 927 1755 in
952 1724 1082 1766 publica
1099 1723 1170 1755 uni-

431 1776 594 1817 versitate,
611 1776 772 1816 scientiae,
789 1782 820 1809 et
839 1777 1027 1819 praesertim
1048 1776 1170 1808 theolo-

433 1828 484 1871 gia
502 1829 701 1869 scholastica,
721 1828 974 1867 controversiae,
990 1838 1080 1860 casus
1101 1838 1170 1860 con-

433 1880 589 1914 scientiae
615 1887 646 1914 et
670 1892 760 1914 sacra
781 1881 940 1924 scriptura
961 1881 1089 1923 publice
1107 1880 1170 1922 legi

433 1935 466 1963 et
491 1930 600 1962 doceri
631 1930 812 1970 deberent,
839 1940 874 1962 ac
904 1929 964 1972 ipsi
997 1939 1172 1971 congrega-

434 1981 513 2014 tioni
532 1982 578 2014 sic
598 1988 734 2023 erectae,
753 1993 810 2015 seu
827 1982 934 2014 domui
953 1987 1090 2021 sanctae,
1112 1992 1171 2024 pro

434 2034 520 2067 illius
538 2035 670 2078 eiusque
688 2036 891 2068 alumnorum
911 2039 942 2067 et
956 2035 1173 2067 habitatorum

436 2088 677 2121 manutentione
710 2093 741 2120 et
772 2087 1026 2127 sustentatione,
1062 2097 1173 2120 mensa

436 2141 696 2174 commendatitia
733 2141 827 2173 trium
863 2140 1063 2183 prioratuum
1096 2151 1174 2172 con—

436 2195 629 2227 ventualium
642 2194 675 2226 in
693 2194 756 2226 illis
772 2194 916 2236 partibus
930 2193 1172 2226 consistentium

437 2252 468 2278 et
480 2247 696 2279 commendari
711 2246 891 2285 solitorum,
908 2256 944 2277 ex
960 2245 1076 2288 quibus
1090 2256 1172 2277 unus

437 2304 484 2331 est
508 2300 668 2342 praefatus
693 2299 850 2341 prioratus
876 2298 907 2330 S.
931 2298 1069 2340 Georgii,
1087 2299 1140 2340 qui
1157 2309 1173 2330 a

437 2357 614 2383 memorato
627 2351 696 2383 loco
710 2350 832 2383 Tononi
843 2361 957 2394 parum
972 2351 1074 2390 distat,
1085 2351 1173 2382 unita

438 2408 469 2435 et
486 2404 690 2446 incorporata
709 2404 776 2443 fuit,
798 2404 893 2446 idque
915 2403 947 2435 in
964 2408 1170 2446 perpetuum,

438 2456 525 2489 unde
539 2455 613 2488 fidei
631 2455 810 2488 catholicae
830 2455 959 2497 negotia
975 2465 1173 2498 magnopere

474 2529 486 2553 1
509 2526 545 2553 Ex
566 2527 675 2560 Regest.
697 2526 722 2551 in
743 2526 843 2552 Secret.
867 2526 943 2551 Brev.

473 2571 489 2597 2
507 2570 601 2597 Partic.
617 2571 672 2597 sive
688 2570 774 2600 aptius
789 2569 925 2596 deleretur
941 2570 979 2604 (R.
996 2569 1044 2603 Τ.).

1016 199 1195 223 BULLARIUM
1220 200 1372 225 ROMANUM

1212 253 1360 290 promota
1386 248 1528 289 fuerunt,
1553 254 1647 292 prout
1678 249 1840 292 hodieque
1873 259 1947 292 pro-

1212 305 1390 340 moventur,
1416 310 1487 332 cum
1512 301 1707 334 habitatores
1731 302 1825 335 totius
1855 302 1949 334 duca-

1212 357 1262 384 tus
1297 352 1463 385 Chablesis
1497 363 1533 384 ac
1562 353 1712 387 balliviae
1745 355 1784 387 de
1816 354 1949 387 Ternier

1212 415 1313 447 prope
1327 404 1498 445 Genevam,
1519 405 1572 448 qui
1590 406 1755 447 sexaginta
1768 412 1798 439 et
1810 408 1947 450 amplius

1212 467 1370 489 annorum
1395 457 1498 500 spatio
1524 458 1650 490 haeresi
1676 457 1784 491 infecti
1806 459 1945 499 fuerant,

1212 511 1250 542 ad
1270 510 1427 552 gremium
1444 515 1573 543 sanctae
1587 510 1748 544 Ecclesiae
1765 510 1946 544 Catholicae

1212 562 1378 601 redierint,
1399 562 1544 604 quinimo
1563 573 1673 595 eorum
1690 564 1837 606 exemplo
1854 563 1946 596 multi

1212 625 1249 648 ex
1270 615 1338 657 ipsa
1355 614 1482 647 civitate
1500 614 1688 655 Genevensi,
1706 616 1881 659 repudiatis
1899 627 1947 648 er-

1211 668 1337 700 roribus
1363 667 1395 699 in
1422 668 1539 710 quihus
1565 668 1736 708 vivebant,
1763 668 1947 711 relictisque

1212 731 1323 752 eorum
1348 720 1569 761 facultatibus,
1597 731 1666 753 sese
1691 721 1723 753 in
1753 722 1871 754 dictum
1902 722 1948 754 lo-

1212 784 1282 805 cum
1307 773 1432 806 Tononi
1456 775 1519 805 una
1536 784 1608 806 cum
1626 784 1735 806 eorum
1761 773 1889 806 familiis
1908 773 1947 806 ad

1211 825 1307 857 vitam
1333 825 1453 858 ibidem
1479 826 1639 858 catholico
1656 836 1743 859 more
1766 826 1946 859 ducendam

1212 878 1404 920 receperint.

1255 931 1269 972 ᾖ
1294 930 1324 962 Q.
1352 930 1427 963 Cum
1454 937 1570 970 autem,
1598 931 1679 964 sicut
1707 932 1818 964 eadem
1850 942 1948 974 expo-

1212 982 1285 1016 sitio
1311 983 1550 1025 subiungebat,
1576 984 1608 1015 in
1633 984 1776 1026 praefato
1802 984 1946 1026 prioratu

1211 1035 1241 1067 S.
1270 1035 1399 1077 Georgii
1430 1046 1513 1068 unus
1544 1036 1703 1078 viceprior
1731 1041 1762 1068 et
1792 1036 1947 1069 tredecim

1212 1088 1357 1120 canonici
1383 1088 1421 1120 de
1447 1088 1608 1131 praesenti
1634 1089 1740 1121 vivant
1767 1099 1802 1120 ex
1836 1098 1947 1121 eorum

1212 1140 1413 1182 praebendis,
1441 1151 1517 1183 quas
1552 1141 1597 1173 eis
1627 1141 1722 1174 solvit
1754 1141 1839 1174 dieta
1871 1151 1948 1174 con-

1212 1193 1366 1234 gregatio,
1393 1203 1447 1225 seu
1473 1194 1584 1226 domus
1603 1199 1722 1234 sancta,
1744 1194 1949 1236 quemadmo-

1212 1246 1285 1278 dum
1311 1256 1327 1277 a
1359 1246 1466 1288 priore
1502 1247 1775 1280 commendatario
1811 1246 1948 1289 antiqui-

1212 1304 1260 1330 tus
1280 1299 1503 1337 solvebantur,
1529 1310 1564 1331 ac
1595 1310 1631 1331 ex
1663 1299 1733 1332 aliis
1765 1300 1946 1332 redditibus

1212 1351 1445 1394 infrascriptis,
1472 1352 1583 1394 illique
1616 1352 1697 1384 nihil
1732 1352 1874 1384 habeant
1898 1362 1947 1385 re-

1213 1404 1322 1444 gulare
1349 1408 1476 1445 praeter
1513 1414 1650 1443 nomen,
1685 1405 1808 1436 nullan]
1836 1404 1948 1436 obser-

1212 1460 1287 1487 vent
1311 1457 1473 1497 regulam,
1500 1455 1583 1488 nihil
1608 1461 1705 1498 agant
1730 1466 1794 1499 quo
1820 1467 1836 1488 a
1861 1466 1949 1498 pres-

1212 1508 1331 1551 byteris
1370 1508 1568 1540 secularibus
1601 1508 1866 1550 distinguantur,
1906 1519 1945 1541 ne

1213 1560 1345 1603 quidem
1372 1561 1477 1602 quoad
1504 1560 1661 1600 habitum,
1686 1560 1745 1592 nisi
1767 1561 1874 1603 quoad
1900 1571 1950 1593 su-

1213 1624 1271 1656 per
1296 1614 1441 1645 habitum
1460 1614 1625 1647 fasciolam
1642 1624 1679 1646 ex
1698 1615 1761 1646 teta
1778 1614 1850 1646 alba
1869 1614 1948 1646 duos

1213 1667 1329 1708 digitos
1354 1667 1450 1699 latam
1467 1667 1551 1699 collo
1573 1676 1747 1709 appensam
1774 1671 1913 1708 gestant,
1933 1676 1950 1697 a

1214 1720 1301 1751 nullo
1328 1719 1521 1751 monasterio
1540 1719 1753 1761 dependeant,
1773 1728 1831 1750 nec
1848 1719 1950 1750 ullum

1213 1772 1414 1814 superiorem
1439 1776 1633 1814 agnoscant,
1661 1776 1692 1803 et
1715 1772 1820 1803 solum
1854 1780 1950 1813 appa-

1214 1829 1338 1856 rentem
1357 1825 1526 1867 quamdam
1549 1823 1765 1857 obedientiam
1786 1828 1951 1866 praestent

1214 1888 1326 1909 eorum
1351 1877 1538 1920 vicepriori,
1564 1877 1617 1920 qui
1642 1887 1725 1908 unus
1745 1881 1793 1908 est
1818 1886 1853 1908 ex
1872 1876 1950 1918 ipsis

1214 1929 1375 1961 canonicis
1401 1940 1418 1960 a
1442 1929 1586 1972 praefata
1616 1928 1866 1971 congregatione
1895 1938 1950 1960 seu

1215 1982 1311 2014 domo
1337 1984 1446 2014 sancta
1465 1982 1598 2021 electus,
1619 1992 1635 2013 a
1654 1992 1716 2024 quo
1738 1980 1881 2013 habitum
1902 1990 1951 2012 re·

1215 2035 1348 2077 cipiunt,
1366 2035 1404 2067 de
1423 2044 1580 2066 consensu
1595 2039 1702 2066 tamen
1720 2033 1863 2065 eiusdem
1881 2043 1951 2065 con-

1216 2087 1422 2129 gregationis,
1449 2097 1504 2118 seu
1530 2086 1643 2118 domus
1672 2089 1822 2125 sanctae,
1855 2090 1886 2117 et
1919 2085 1951 2117 in

1216 2139 1307 2171 cuius
1333 2139 1478 2171 manibus
1503 2143 1656 2170 assertam
1686 2148 1796 2170 corum
1829 2137 1952 2180 profes-

1216 2192 1339 2224 sionem
1365 2192 1515 2223 emittunt
1531 2196 1664 2230 secreto,
1685 2196 1715 2222 et
1736 2201 1807 2222 cum
1827 2189 1952 2222 modica

1216 2243 1438 2277 aedificatione
1464 2254 1519 2276 seu
1546 2243 1769 2275 consolatione
1794 2242 1841 2274 sui
1870 2242 1951 2284 ipso-

1216 2308 1295 2336 rum,
1314 2307 1373 2329 nec
1396 2297 1494 2329 ullam
1520 2295 1687 2339 propriam
1712 2295 1852 2327 habeant
1876 2304 1952 2337 pro-

1217 2349 1364 2382 fessionis
1383 2349 1559 2388 formulam,
1575 2349 1659 2380 unde
1678 2348 1768 2380 multi
1787 2358 1950 2391 nunquam

1216 2402 1361 2445 profiteri
1386 2403 1556 2434 voluerunt
1581 2402 1695 2444 (prout
1719 2400 1890 2433 novissime
1916 2410 1952 2432 u-

1216 2466 1282 2494 nus,
1309 2455 1384 2487 licet
1407 2454 1439 2486 in
1468 2459 1569 2486 aetate
1594 2453 1797 2496 septuaginta
1815 2458 1952 2494 quatuor

1216 2518 1371 2540 annorum
1387 2507 1576 2539 constitutus
1590 2511 1683 2543 esset,
1698 2511 1726 2537 et
1743 2505 1846 2538 forsan
1862 2505 1952 2548 quin-

1216 2559 1368 2603 quaginta
1393 2565 1424 2591 et
1449 2558 1584 2601 amplius
1603 2568 1758 2590 annorum
1777 2557 1877 2600 spatio
1896 2557 1953 2590 ibi·

1956 200 2004 227 Αη.
2026 200 2054 227 C.
2074 200 2140 227 1667

1984 939 2073 963 Μοιίνι,
