2247 3208
141 267 192 294 An.
215 267 244 295 C.
262 267 329 294 ¹669

966 264 1108 289 CLEMENS
1132 265 1161 287 tx
1187 265 1234 288 ΓΡ.

335 316 427 349 metsi
453 316 535 349 nihil
562 316 678 349 horum
698 315 742 348 eis
761 326 797 347 ex
817 314 1072 358 privilegiorum,

336 370 535 411 facultatum,
558 371 733 412 gratiarum
755 375 787 402 et
802 369 1000 402 imlultorum
1018 369 1073 401 hu-

335 423 474 457 iusmodi
501 430 612 456 tenore
639 423 831 466 permissum
851 422 901 462 sit,
920 422 974 455 sed
994 422 1074 454 haec

336 477 446 510 onmia
470 479 558 510 nulla
585 477 726 521 penitus,
754 476 892 508 invalida
918 481 949 507 et
973 481 1074 507 atten-

336 536 401 563 tata
419 531 574 570 existant;
595 535 635 569 et,
655 530 741 573 quod
759 529 849 562 Sedis
869 528 1071 571 apostolicae

336 584 528 626 dignitatem
543 584 832 625 auctoritatemque
847 581 948 624 magis
963 582 1070 620 laedit,

335 636 514 676 citationes,
529 636 751 674 inhibitiones,
766 635 975 673 monitiones,
986 644 1074 666 man-

335 690 426 729 data,
452 690 629 722 sententias
656 694 687 722 et
712 689 840 720 decreta
865 698 900 719 ac
924 687 1071 719 incursus

335 742 676 776 excommunicationis
702 741 900 784 aliarumque
920 751 1072 773 censura-

335 806 406 828 rum
431 796 680 833 declarationes,
708 794 805 827 etiam
831 794 1071 836 aggravatorias

334 856 364 882 et
388 848 687 893 reaggravatorias,
714 848 746 880 in
780 858 836 880 cos
861 853 995 890 propter
1019 858 1071 880 cx-

333 912 443 934 cessus
469 901 655 933 huiusmodi
677 912 713 933 ac
735 901 774 933 ab
793 900 869 943 ipsis
891 901 1070 943 respective

332 955 478 997 provisos
505 965 522 986 a
548 954 629 986 sacri
657 953 766 997 palatii
799 953 959 986 auditorio
993 954 1071 996 legi-

334 1007 410 1040 time
438 1013 601 1040 emanatas
629 1012 660 1039 et
684 1011 849 1046 emanata,
884 1007 1015 1039 nulliter
1040 1012 1071 1038 et

332 1060 371 1093 de
398 1061 480 1093 sacto
506 1070 632 1093 cassare
660 1065 688 1092 et
715 1060 907 1099 annullare,
944 1070 981 1091 ac
1008 1064 1070 1091 tam

331 1113 479 1156 provisos
505 1125 523 1146 a
547 1113 629 1146 Sede
654 1113 829 1156 praedit-ta,
861 1123 955 1156 quam
984 1113 1070 1156 capi-

332 1169 399 1200 tuta
423 1167 643 1206 ecclesiarum,
670 1167 815 1209 aliasque
839 1177 996 1209 personas
1024 1177 1070 1199 ec-

331 1220 528 1253 clesiasticas
555 1221 630 1253 huic
656 1225 787 1252 sanctae
812 1220 886 1253 Sedi
914 1220 1068 1259 devotas,

331 1285 366 1306 ae
405 1274 508 1317 ipsius
543 1274 633 1306 Sedis
673 1273 806 1316 eiusque
848 1273 1069 1315 delegatorum

330 1326 480 1359 auditorii
507 1326 664 1369 praedicti
690 1326 847 1358 mandatis
873 1332 907 1358 ut
932 1336 990 1369 par
1020 1331 1070 1359 est

330 1379 558 1422 obsequentes,
586 1380 730 1419 arrestis,
758 1379 1067 1422 sequestrationibus

330 1437 362 1464 et
387 1432 628 1465 detentionibus
654 1433 816 1464 fructuum
837 1438 868 1464 et
884 1432 1069 1464 reddituum

330 1485 639 1525 ecclesiasticorum,
666 1485 803 1528 aliisque
828 1485 932 1518 modis
958 1485 1070 1517 huius-

329 1537 417 1569 modi
442 1538 635 1580 perturbare
662 1543 693 1571 et
717 1538 899 1581 inquietare
918 1539 984 1570 ausi
1002 1538 1069 1571 sue-

329 1591 403 1630 tint,
416 1596 447 1623 et
464 1592 661 1635 inpraesens
676 1592 828 1625 audeant:
842 1592 1067 1636 superquibus

332 1643 518 1686 frequentes
537 1644 575 1676 ad
592 1655 649 1677 nos
662 1645 785 1677 ethanc
800 1650 941 1677 sanctam
952 1644 1066 1677 Sedem

332 1697 491 1729 variorum
516 1697 554 1729 ab
576 1698 689 1730 eadem
714 1697 797 1730 Sede
832 1698 870 1730 de
901 1697 1067 1730 beneficiis

331 1750 558 1783 ecclesiasticis
585 1752 776 1794 praesertim
801 1751 834 1783 in
859 1751 993 1791 civitate,
1013 1762 1068 1794 pa-

332 1804 391 1836 tria
416 1809 447 1837 et
472 1803 611 1837 dioecesi
630 1805 800 1838 Leodiensi
817 1805 1068 1838 consistentibus

330 1857 532 1900 provisorum
551 1858 702 1900 querelae
721 1863 946 1900 pervenerunt,
974 1858 1067 1890 nobis

330 1909 500 1943 humiliter
513 1911 766 1954 supplicantium
783 1917 817 1944 ut
834 1912 865 1944 in
882 1912 1068 1955 praemissis

331 1964 369 1997 de
395 1970 579 2007 opportuno
604 1966 749 1998 remedio
768 1965 951 2008 providere,
966 1966 1069 2008 gravi—

330 2018 454 2060 busque
481 2018 642 2051 scandalis
676 2019 750 2052 inde
782 2019 990 2052 nascentibus
1016 2030 1069 2052 oc-

331 2082 460 2105 currere
478 2072 517 2104 de
534 2072 734 2115 benignitate
752 2073 931 2116 apostolica
956 2073 1068 2115 digna-
1089 2102 1091 2105 ,

332 2134 451 2158 remur.
480 2125 517 2157 Et
541 2136 598 2158 nos
625 2126 763 2169 quidem,
791 2137 863 2158 cum
891 2137 927 2158 ex
960 2126 1068 2158 debito

330 2179 503 2221 pastoralis
528 2180 673 2212 muneris
710 2180 802 2212 nobis
835 2179 986 2212 divinitus
1011 2180 1069 2212 iin-

332 2231 436 2273 positi,
463 2242 526 2274 quo
552 2233 745 2275 populorum
771 2232 887 2275 quieti,
917 2239 1069 2274 quantum

333 2283 425 2315 nobis
451 2294 487 2316 ex
505 2285 569 2316 alto
588 2284 789 2325 conceditur,
808 2286 993 2325 consulere,
1011 2296 1069 2317 no-

332 2341 464 2379 straque
491 2342 523 2369 et
548 2337 651 2370 dictae
685 2338 775 2370 Sedis
808 2338 877 2370 iura
911 2338 990 2370 tueri
1017 2339 1070 2371 ad-

332 2389 531 2431 stringimur,
556 2400 671 2433 preces
697 2396 759 2423 tam
781 2391 880 2423 iustas
902 2392 1067 2433 negligere

333 2453 546 2485 excessusque
572 2443 755 2486 praedictos
775 2443 980 2477 dissimulare
1002 2454 1068 2476 non

331 2496 522 2535 valeremus,
533 2506 591 2538 pro
601 2496 754 2538 singulari
766 2502 919 2539 pateruae
939 2502 1067 2529 nostrae

332 2558 411 2590 erga
436 2549 680 2581 universitt‘ttem
720 2549 934 2592 praedictam,
973 2561 1068 2592 quam

330 2602 501 2633 memorati
527 2601 661 2634 Romani
688 2602 857 2634 Pontifices
883 2603 1068 2645 praedeces-

1754 256 1813 288 811

1117 318 1148 345 et
1182 323 1340 356 personas
1377 313 1415 346 ad
1456 324 1619 347 sacrarum
1654 314 1854 357 aliarumque

1117 367 1274 398 bonarum
1299 367 1478 399 litterarum
1512 367 1620 400 studia
1654 368 1854 407 excitarent,

1116 419 1310 462 illorumque
1336 420 1541 453 devotionem
1576 426 1607 453 et
1641 421 1855 454 reverentiam

1116 483 1193 515 erga
1219 473 1302 505 hanc
1323 479 1465 506 sanctam
1491 473 1606 507 Scdem
1628 474 1783 514 soverent,
1808 479 1855 507 tot

1117 526 1337 568 tantisqucoet
1361 531 1423 559 tam
1464 527 1635 560 luculentis
1676 528 1854 571 privilegiis

1116 584 1210 621 atque
1238 579 1469 621 praerogativis
1502 581 1717 620 decorarunt,
1749 581 1854 613 chari-

1116 632 1188 663 tatis
1213 632 1326 664 all‘eetu
1353 639 1465 665 ornnes
1491 634 1655 666 smnriores
1687 634 1854 676 benignio-

1115 695 1233 727 resque
1259 685 1324 717 rias
1351 686 1554 727 tentavimus,
1580 698 1712 730 operam
1738 688 1852 721 sedulo

1116 737 1269 778 dedimus,
1297 743 1361 770 tmn
1387 739 1531 781 paternis
1556 740 1851 781 admonitionibus,

1115 795 1181 823 tum
1195 802 1407 834 personarum
1422 793 1569 825 doctrina
1588 799 1620 825 et
1637 804 1761 826 morum
1781 805 1853 836 gra-

1113 843 1210 876 vitate
1236 844 1462 887 spectabilium
1496 845 1665 888 dictaeque
1698 847 1853 879 universi-

1115 898 1169 930 tati
1187 898 1420 930 benevolarum
1436 898 1719 940 insinuationibus,
1735 899 1854 933 iniecta

1114 961 1244 995 qnoque
1270 951 1377 994 aliqua
1402 962 1457 995 spe
1483 963 1637 984 novarum
1664 953 1849 995 gratiarum,

1114 1011 1145 1037 et
1182 1005 1278 1037 etiam
1315 1005 1414 1037 iustae
1451 1005 1681 1048 indignationis
1723 1012 1852 1040 nostrae

1115 1058 1229 1091 timore
1254 1058 1392 1091 suaviter
1416 1064 1588 1101 suggesto,
1610 1065 1644 1092 ut
1671 1071 1720 1092 res
1747 1061 1852 1093 omnis

1113 1122 1221 1143 coram
1248 1112 1366 1145 dilecto
1398 1111 1463 1145 filio
1496 1112 1610 1145 Carolo
1637 1114 1776 1146 Antonio
1802 1114 1853 1146 At-

1112 1165 1206 1197 roldo
1232 1165 1346 1198 abbate
1373 1166 1527 1198 ecclesiae
1553 1166 1583 1199 S.
1616 1167 1767 1207 Ahundii,
1796 1178 1853 1200 no-

1113 1223 1179 1250 stro
1205 1224 1237 1251 et
1268 1219 1369 1251 dietae
1402 1219 1494 1252 Sedis
1528 1220 1559 1251 in
1592 1220 1730 1262 Belgicis
1760 1221 1853 1254 ditio-

1113 1271 1207 1303 nibus
1239 1272 1460 1311 inim-nuncio,
1488 1273 1519 1304 in
1547 1273 1575 1305 id
1604 1274 1687 1316 quod
1713 1285 1850 1317 aequum

1113 1329 1160 1356 est
1184 1323 1399 1366 redigeretur.
1427 1325 1542 1357 Verum
1573 1326 1653 1358 haec
1685 1327 1793 1359 omnia
1819 1327 1851 1359 in

1112 1388 1238 1410 cassum
1264 1377 1462 1411 ceciderunt.
1485 1378 1575 1420 Hinc,
1594 1379 1671 1412 licet
1691 1391 1727 1412 ex
1747 1391 1852 1413 sacro-

1112 1441 1183 1462 rum
1209 1441 1368 1464 canonum
1394 1432 1597 1475 praescripto
1623 1433 1795 1475 privilegia
1819 1445 1851 1466 a·

1111 1483 1238 1516 mittere
1274 1484 1472 1516 meruissent
1505 1495 1543 1517 eo
1576 1486 1661 1528 quod
1698 1489 1852 1519 concessa

1112 1536 1171 1569 sibi
1208 1537 1357 1569 facultate
1391 1537 1513 1569 suerint
1552 1538 1666 1578 abusi,
1709 1544 1850 1571 attamen

1111 1595 1266 1632 paternae
1292 1595 1422 1623 nostrae,
1447 1590 1656 1633 benignitatis
1680 1602 1849 1632 memores,

1112 1647 1143 1674 et
1179 1643 1400 1685 poenitentiae
1438 1646 1542 1677 locum
1574 1645 1762 1688 rcdinquere
1797 1656 1851 1678 vo-

1112 1697 1236 1737 lentes,
1272 1702 1303 1729 et
1334 1698 1442 1730 mitius
1474 1699 1616 1740 agendo,
1649 1699 1793 1731 omnium
1819 1704 1851 1731 et

1111 1750 1312 1793 singulorum
1338 1750 1582 1794 privilegiorum
1600 1778 1606 1792 ,
1637 1752 1846 1794 Facultatum,

1112 1804 1289 1845 gratiarum
1322 1810 1353 1836 et
1380 1804 1576 1837 indultorum
1602 1805 1849 1848 praedictorum

1111 1856 1356 1900 litterarumque
1397 1858 1652 1901 apostolicarum
1694 1863 1757 1891 tam
1790 1858 1849 1891 sub

1112 1910 1245 1952 plumbo
1272 1921 1367 1953 quam
1393 1911 1426 1943 in
1452 1911 1548 1943 simili
1575 1911 1676 1944 forma
1698 1911 1807 1943 Brevis
1833 1922 1851 1943 a

1111 1964 1297 1996 memoratis
1322 1965 1630 2007 praedecessorilms
1648 1965 1764 1997 nostris
1787 1965 1845 1997 dea

1112 2027 1209 2059 super
1248 2023 1469 2050 emanatarum
1512 2023 1640 2050 tenores
1682 2023 1713 2050 et
1761 2019 1849 2051 datas

1112 2070 1206 2102 etiam
1224 2070 1377 2111 veriores,
1397 2071 1522 2114 aliaque
1540 2071 1648 2104 omnia
1667 2076 1697 2103 et
1715 2071 1847 2113 singula,

1112 2123 1207 2155 etiam
1233 2124 1416 2166 specificam
1441 2130 1472 2157 et
1492 2124 1688 2157 individuam
1713 2124 1850 2156 mentio-

1113 2186 1186 2208 nem
1212 2181 1243 2208 et
1267 2177 1507 2219 expressionem
1528 2177 1741 2220 requirentia,
1763 2187 1849 2219 prae-

1112 2229 1257 2262 sentibus
1279 2240 1339 2273 pro
1358 2231 1452 2273 plene
1472 2235 1502 2262 et
1522 2230 1722 2262 sullieienter
1747 2241 1782 2262 ae
1809 2230 1848 2263 de

1113 2283 1210 2315 verbo
1237 2284 1273 2315 ad
1302 2284 1434 2316 verbum
1459 2283 1540 2316 nihil
1568 2284 1695 2327 penitus
1727 2284 1848 2317 omisso

1111 2336 1241 2369 insertis
1268 2342 1300 2369 et
1326 2336 1488 2380 expressis
1513 2349 1548 2370 ae
1575 2337 1769 2380 specificans
1792 2339 1849 2371 ha-

1111 2391 1240 2429 bentes,
1260 2396 1347 2422 motu
1363 2391 1505 2433 proprio,
1522 2401 1555 2423 ac
1567 2402 1601 2423 ex
1616 2395 1700 2424 certa
1715 2391 1849 2424 scientia

1112 2447 1142 2475 et
1165 2446 1288 2475 matura
1314 2443 1548 2476 deliberatione
1574 2445 1716 2484 nostris,
1744 2445 1847 2487 deque

1112 2497 1307 2542 apostolicae
1334 2497 1504 2539 potcstatis
1539 2498 1761 2540 plenitudine,
1801 2498 1849 2529 ius

1112 2555 1143 2581 et
1176 2550 1356 2582 facultatem
1393 2561 1428 2583 ac
1464 2551 1621 2584 indultum
1659 2551 1847 2584 conserendi

1089 2630 1090 2634 ,
1111 2603 1270 2635 beneficia
1292 2613 1362 2636 cum
1390 2606 1466 2636 cura
1487 2610 1517 2637 et
1538 2605 1606 2637 sine
1629 2607 1703 2637 eura
1728 2606 1848 2637 secula-

332 2664 424 2687 sores
448 2655 558 2696 nostri,
584 2664 617 2687 ut
643 2655 728 2687 illam
751 2656 882 2697 eiusque
901 2656 1064 2688 scholares
1088 2683 1090 2691 s

1113 2656 1168 2695 ria,
1185 2656 1214 2687 in
1242 2656 1368 2688 titulum
1397 2657 1523 2689 clerici:
1550 2658 1748 2690 secularibus
1772 2668 1847 2689 Cett-

1864 264 1914 291 Λη.
1936 263 1964 290 C.
1982 264 2048 290 1069

1928 1393 2045 1418 Suspensi«)

1862 1421 2027 1446 privilegiorum.
