2247 3208
226 234 273 261 An.
296 233 325 261 c.
352 233 418 260 iaec
464 223 527 256 fili-2

417 280 545 312 Ordinis
562 279 620 319 sui,
639 282 703 310 tam
722 287 758 309 ex
778 276 886 315 Gallia,
903 286 996 319 quam
1013 275 1151 314 aliunde,
1176 276 1180 348 Ι

417 334 454 366 ad
481 331 698 364 exhibendum
724 330 805 362 infra
823 335 887 361 tres
905 339 1032 361 menses
1051 328 1153 360 dietae

418 384 661 427 congregationi
686 382 873 426 particulari
907 383 1076 424 deputatae
1108 391 1156 412 ar-

419 438 535 470 ticulos
561 440 794 469 concernentes
819 435 935 467 dictam
960 433 1157 466 reformatio-

1001 228 1192 258 BULLAfflUM,

1204 227 1355 259 noussen

1242 285 1290 307 111.
1318 273 1393 306 Cum
1426 273 1463 305 ad
1495 273 1700 306 monasticam
1727 271 1929 315 disciplinam

1199 327 1441 360 restaurandam
1474 331 1505 358 et
1535 327 1715 358 restitutam
1743 335 1931 358 conservan-

1199 382 1271 414 dam
1298 381 1433 413 maxime
1458 379 1656 412 visitationes
1673 380 1837 422 regulares
1861 389 1931 411 con-

1200 434 1330 472 ducant,
1356 433 1529 476 capitulum
1555 433 1718 474 generale,
1745 432 1842 464 abbas
1866 430 1932 463 Cis-

1937 223 1982 248 An.
2003 220 2032 247 C.
2055 220 2122 247 ¹665

418 501 491 522 nem
519 502 535 522 a
561 489 652 521 nobis
678 488 866 527 institutam,
893 492 921 519 et
948 486 1036 524 alias,
1067 491 1102 517 ut
1126 486 1156 517 in
1200 486 1289 518 tercii
1304 485 1431 518 Ordinis
1450 485 1618 527 generalis,
1635 489 1665 515 et
1683 489 1822 526 quatuor
1838 483 1931 526 prinii

419 540 603 574 memoratis
639 539 755 572 litteris
792 538 919 582 plenius
959 537 1154 570 continetur.
1199 538 1330 570 abbates
1348 537 1385 570 de
1404 537 1579 575 Firmitate,
1598 537 1636 568 de
1655 536 1873 578 Ponfigniaeo,
1893 535 1930 567 de

422 595 561 637 Cumque
573 591 760 636 praedictus
778 590 947 630 Claudius,
968 590 1085 621 nostris
1102 599 1157 632 pa-
1199 590 1371 623 Claravalle
1398 594 1427 621 et
1455 589 1492 622 de
1518 588 1715 621 Morimundo
1747 588 1934 631 provideant

420 647 518 679 remla
542 645 719 684 mandastis,
741 643 981 686 reformationis
1005 641 1158 673 articulos
1200 643 1373 685 diligenter
1404 647 1439 674 ut
1477 641 1611 684 singulis
1646 641 1737 674 annis
1773 640 1931 680 sollicite,

421 699 463 731 md
488 709 545 731 nos
571 697 800 735 transmiserit,
828 696 975 738 idemque
992 695 1158 738 praestite-
1199 695 1387 728 charitative
1405 722 1412 735 ,
1444 695 1620 738 prudenter
1651 699 1682 726 et
1713 704 1783 726 eum
1814 693 1933 737 pietate

421 752 490 784 rint
515 749 626 783 dilecti
648 749 715 792 filii
739 749 868 782 abbates
892 748 1023 780 strictae
1054 747 1158 779 obser·
1178 773 1181 806 Ι
1200 749 1278 782 siant
1303 750 1342 782 ad
1368 749 1546 781 animarum
1571 748 1716 785 salutem,
1743 748 1862 780 cultum
1888 747 1934 779 di-

422 803 553 836 rantiae
578 803 613 834 in
640 801 752 835 Gallia
773 801 887 833 mullis
907 801 945 832 ab
964 800 1040 832 hinc
1064 799 1159 831 annis
1176 807 1181 853 Ι
1199 803 1320 842 vinum,
1346 807 1491 834 votorum
1522 800 1736 833 essentialium
1756 798 1936 833 ‘observan-

423 856 643 888 introductae:
667 864 734 896 nOS,
753 853 937 886 huiusmodi
959 852 1110 885 articulos
1129 863 1160 883 u-
1179 861 1181 868 ’
1201 856 1288 896 tiam,
1302 861 1333 888 et
1356 855 1427 895 alia,
1454 865 1536 897 quae
1561 854 1599 886 ad
1624 864 1739 893 moses,
1766 853 1936 886 correctio.

425 908 562 950 trimque
578 906 741 939 exhibitos
761 905 1006 948 congregationi
1025 904 1160 937 nonnul·
1201 918 1275 940 nem
1308 913 1339 940 et
1366 917 1574 950 personarum
1607 905 1804 948 regularium
1829 905 1937 937 aedili-

424 963 528 993 lorum
552 958 784 994 venerabilium
817 959 948 990 fratrum
977 962 1160 990 nostrorum
1201 961 1382 1001 cationein,
1408 970 1535 993 necnon
1568 959 1877 993 administrationem
1907 964 1937 990 et

425 1014 455 1046 S.
477 1014 513 1046 R.
533 1014 567 1046 E.
589 1012 799 1045 cardinalium
817 1022 853 1043 ac
870 1012 1059 1044 dilectorum
1084 1009 1161 1043 silio-
1202 1019 1318 1046 statum
1351 1014 1561 1056 temporalem
1592 1012 1768 1055 pertinent.
1801 1011 1937 1044 Caveant

260 1511 329 1531 'senor
339 1513 417 1532 articu-

233 1537 309 1558 lurum.

425 1077 496 1098 rum
536 1066 700 1098 Romanae
744 1064 849 1097 curiae
892 1065 1110 1107 praelatorum
1145 1074 1161 1095 a

425 1118 517 1150 nobis
543 1118 680 1160 desuper
710 1116 872 1149 institutae
901 1116 1012 1149 sedulo
1038 1126 1074 1148 ac
1097 1097 1183 1148 τηα-ἔ

427 1177 495 1204 ture
522 1171 750 1203 examinandos
775 1175 806 1202 et
831 1170 1060 1213 expendendos
1078 1146 1184 1210 com-¹,

427 1225 583 1257 misimus.
598 1223 738 1262 Quorum
752 1223 881 1266 quidem
898 1223 1107 1255 articulorum
1123 1223 1162 1255 ad
1182 1212 1187 1267 3⁷

428 1278 613 1320 generalem
626 1277 891 1309 reformationem
909 1276 1036 1309 Ordinis
1052 1276 1163 1309 Cister-

428 1331 545 1363 elensis
559 1330 756 1363 conveniens
774 1330 935 1362 restrictio
953 1334 984 1362 et
1001 1330 1039 1362 ad
1060 1330 1164 1373 capita

428 1384 458 1416 S.
488 1383 651 1416 Benedicti
678 1384 809 1426 regulae
835 1383 979 1415 reductio
1006 1382 1077 1415 talis
1103 1388 1162 1423 est,

428 1437 593 1470 videlicet:

487 1500 572 1529 Circa
594 1502 681 1537 caput
703 1500 732 1527 II
754 1499 874 1537 regulae
898 1498 995 1534 Qualis
1017 1498 1108 1527 debeat

716 1557 771 1576 esse
793 1547 880 1576 abbas.

473 1606 494 1628 i.
521 1595 612 1628 quta
638 1595 719 1628 sacri
746 1595 877 1629 Concilii
903 1595 1082 1628 Tridentini
1115 1596 1165 1628 de-

430 1654 515 1681 creta
543 1650 664 1681 summa
685 1649 759 1680 cura
776 1653 922 1690 satagant
943 1648 1018 1680 dieti
1038 1647 1165 1681 Ordinis

430 1701 561 1733 abltiates
586 1706 617 1733 et
641 1701 827 1744 superiores
859 1706 893 1732 ut
918 1711 935 1732 a
959 1701 1025 1733 suis
1048 1701 1166 1733 utrius—

429 1765 491 1797 que
511 1765 606 1787 sexus
624 1754 759 1786 subditis
786 1754 970 1786 essentialia
987 1758 1070 1794 vota,
1085 1764 1165 1797 quae

430 1812 501 1839 sunt
528 1808 623 1839 bases
651 1811 682 1839 et
709 1807 914 1839 fundamenta
947 1806 1041 1839 totius
1072 1816 1167 1849 regu-

428 1860 504 1892 laris
523 1859 724 1902 disciplinae,
744 1859 977 1892 inviolabiliter
991 1859 1164 1891 observen-

428 1917 490 1944 tur.
526 1912 586 1956 lpsi
621 1923 697 1944 vero
733 1912 866 1944 abbates
891 1916 923 1943 et
951 1912 1163 1955 superiores,

429 1966 529 1997 forma
555 1964 661 2007 gregis
687 1964 758 1996 sacti
785 1974 820 1996 ex
840 1964 956 2002 animo,
981 1965 1165 2007 exemplum

427 2019 604 2061 praebeant
640 2018 670 2050 in
708 2017 858 2049 omnibus
895 2017 1083 2060 magistram
1119 2028 1167 2049 se-

429 2075 564 2113 quentes
589 2071 745 2112 regulam.

473 2135 507 2156 u.
527 2124 674 2156 Habeant
691 2123 822 2156 abbates
842 2128 874 2155 et
893 2127 1073 2155 conventus
1091 2133 1164 2166 pro-

429 2176 497 2219 pria
524 2177 641 2219 sigilla,
669 2180 700 2209 et
724 2181 896 2208 teneantur
929 2175 999 2208 novi
1032 2175 1164 2208 abbates

428 2234 588 2272 praestare
615 2229 828 2261 iuramentum
847 2229 885 2261 de
903 2239 968 2261 non
987 2229 1164 2261 alienandis

429 2287 461 2314 et
494 2281 750 2325 iinpignorandis
773 2282 868 2315 bonis
901 2282 1104 2322 monasterii,
1130 2292 1165 2314 ac

431 2335 468 2367 de
494 2335 640 2377 pecuniis
665 2339 692 2367 et
720 2335 899 2367 redditibus
929 2335 1015 2367 illius
1045 2335 1166 2367 inutili-

429 2392 477 2419 ter
502 2398 566 2419 non
592 2388 827 2431 expendendis:
854 2393 885 2420 et
911 2398 1023 2421 omnes
1047 2387 1166 2420 officia-

429 2441 474 2472 les
493 2440 577 2472 idem
595 2441 807 2473 iuramentum
822 2441 1031 2484 praestabunt
1044 2440 1081 2473 de
1100 2441 1164 2473 suis

429 2493 546 2525 muniis
564 2492 703 2525 fideliter
720 2493 920 2533 exercendis,
937 2505 971 2526 ae
988 2494 1026 2526 de
1047 2493 1163 2526 mutuis

430 2556 494 2577 non
518 2546 759 2584 contrahemus,
781 2545 843 2577 nisi
861 2546 993 2578 servatis
1014 2546 1163 2579 constitu-

430 2598 571 2630 tionibus
597 2597 791 2641 apostolicis.

1202 1077 1277 1100 vcro
1301 1066 1437 1099 maxime
1462 1066 1639 1099 visitatores
1664 1065 1703 1097 ab
1729 1065 1815 1098 omni
1837 1065 1938 1098 dono-

1203 1130 1273 1152 rum
1305 1119 1515 1162 receptione,
1541 1124 1573 1151 et
1605 1118 1701 1151 etiam
1734 1128 1774 1150 ne
1806 1117 1937 1150 nimium

1203 1183 1374 1205 numeroso
1400 1171 1549 1205 comitatu
1582 1176 1636 1204 aut
1665 1170 1785 1203 familia
1817 1170 1939 1213 gravio-

1203 1226 1290 1259 ribus
1315 1236 1408 1268 quam
1433 1224 1582 1267 expediat
1606 1224 1755 1267 expensis
1780 1228 1940 1257 monaste-

1204 1279 1250 1311 ria
1275 1283 1425 1318 onerent,
1452 1283 1481 1310 et
1507 1277 1702 1310 manducent
1728 1281 1872 1318 tempore
1896 1276 1940 1308 vi-

1204 1331 1363 1364 sitationis
1396 1331 1427 1363 in
1460 1330 1631 1363 refectorio
1664 1340 1733 1361 cum
1766 1329 1937 1370 fratribus,

1204 1389 1339 1428 propter
1360 1384 1562 1427 disciplinam
1581 1382 1783 1416 servandam.

1250 1449 1291 1471 1v.
1320 1438 1460 1470 Abbates
1486 1437 1651 1479 regulares
1672 1435 1769 1468 etiam
1790 1434 1939 1478 perpetui

1205 1489 1393 1522 subiaceant
1416 1488 1592 1521 visitationi
1617 1493 1649 1521 et
1674 1486 1870 1520 correctioni
1895 1486 1941 1519 vi-

1206 1543 1374 1575 sitatorum
1388 1541 1485 1573 etiam
1503 1551 1568 1573 non
1585 1540 1745 1580 abbatum,
1762 1544 1793 1572 et
1807 1540 1845 1572 ab
1864 1539 1941 1582 ipsis

1206 1595 1244 1627 ad
1270 1593 1478 1626 sufficientem
1503 1603 1673 1625 numerum
1705 1592 1941 1625 monachorum

1207 1646 1312 1679 debite
1338 1651 1369 1679 et
1394 1646 1547 1688 religiose
1574 1644 1813 1683 enutriendum,
1833 1642 1943 1677 aedifi-

1206 1700 1327 1732 ciorum
1340 1699 1577 1742 reparationes,
1596 1708 1718 1730 annuas
1733 1696 1860 1729 Ordinis
1873 1707 1943 1729 con-

1207 1752 1401 1785 tributiones
1419 1751 1598 1791 solvendas,
1619 1750 1800 1783 communia
1813 1749 1942 1782 Ordinis

1207 1812 1237 1838 et
1252 1805 1493 1849 provinciarum
1511 1815 1612 1837 onera
1632 1803 1834 1843 sustinenda,
1853 1803 1945 1835 iuris-

1208 1859 1359 1891 dictionis
1384 1858 1598 1901 suspensione
1617 1856 1753 1900 aliisque
1779 1855 1943 1888 ecclesias-

1208 1913 1277 1945 ticis
1310 1911 1423 1955 poenis
1455 1915 1487 1943 et
1519 1905 1688 1949 censuris,
1715 1914 1841 1942 servato
1866 1908 1943 1941 iuris

1207 1965 1335 2004 ordine,
1358 1969 1526 2007 cogantur.

1250 2029 1280 2051 v.
1301 2019 1347 2051 Ad
1366 2017 1574 2050 residentiam
1593 2016 1624 2048 in
1639 2016 1705 2048 suis
1726 2015 1868 2059 propriis
1882 2025 1945 2047 mo-

1208 2070 1366 2110 nasteriis,
1380 2074 1476 2113 prout
1489 2069 1526 2100 sle
1541 2069 1619 2107 iure,
1634 2073 1822 2105 tencantur;
1839 2077 1899 2100 nec
1914 2067 1944 2099 in

1207 2123 1360 2162 castellis,
1379 2133 1439 2155 nec
1456 2122 1487 2154 in
1507 2121 1659 2163 grangiis,
1677 2125 1730 2152 aut
1748 2120 1834 2161 alibi,
1857 2124 1946 2152 extra

1209 2181 1298 2219 septa
1313 2175 1582 2208 monasteriorum
1599 2184 1729 2206 suorum
1747 2182 1946 2205 commoren-

1209 2234 1273 2260 tur:
1307 2238 1412 2270 neqne
1450 2236 1725 2270 ‹piaruincumque
1756 2224 1946 2258 monialium

1208 2281 1339 2314 alterius
1356 2280 1483 2313 Ordinis
1503 2279 1647 2321 regimen
1673 2284 1705 2311 et
1729 2277 1946 2310 visitationem

1209 2334 1328 2376 absque
1350 2334 1499 2375 expressa
1518 2331 1638 2364 Summi
1657 2330 1820 2363 Pontificis
1846 2330 1945 2362 licen-

1210 2386 1262 2425 tia,
1290 2385 1350 2418 sub
1375 2387 1480 2428 poena
1500 2384 1689 2428 privationis
1712 2383 1798 2415 vocis
1824 2382 1946 2415 activae

1209 2444 1241 2471 et
1266 2438 1407 2481 passivae
1426 2437 1496 2480 ipso
1522 2437 1605 2469 sacto
1624 2435 1829 2475 incurrenda,
1850 2434 1946 2467 susci-

1207 2502 1285 2535 pere
1312 2492 1463 2523 audeant.

1251 2554 1294 2577 vi.
1324 2544 1410 2575 Inter
1439 2543 1570 2574 abbates
1606 2541 1769 2583 regulares
1805 2545 1837 2573 et
1868 2551 1946 2573 con-

1208 2602 1321 2629 ventus
1335 2601 1388 2629 aut
1402 2596 1553 2629 officiales
1568 2594 1841 2628 monasteriorum
1858 2594 1947 2628 nulla
