2247 3208
131 222 180 249 An.
201 222 230 250 C.
248 222 314 249 ¹662

908 226 924 248 A
930 226 1049 248 Lnxnn
1056 226 1094 249 En

329 270 395 303 vis¹
427 272 532 304 modis
550 299 557 311 ,
585 284 621 304 ex
647 283 931 315 quorumeunu‘pie
965 273 1060 304 etiam

328 323 431 366 ipsius
458 324 606 366 Gregorii
628 326 894 368 praedeeessoris
920 331 975 357 aut
1000 326 1062 357 llo-

328 377 414 408 mani
440 376 603 409 Pontificis
630 389 690 420 pro
717 384 865 421 tempore
892 377 1059 409 existentis

328 439 387 461 seu
413 430 602 472 quorumvis
629 431 843 464 cardinalium
869 431 1061 462 etiamtunc

327 481 504 514 viventium
550 483 756 515 familiarium
778 510 784 523 ,
829 483 1060 515 continuorum

328 536 622 575 commensalium,
650 547 706 568 seu
746 536 909 568 Romanae
950 535 1059 567 euriae

327 588 528 628 officialium,
555 595 610 620 aut
636 589 714 620 alitis
741 589 991 631 quomodolilwt
1010 600 1061 620 re-

327 642 548 674 servationem
596 642 828 674 inducentilms
877 641 1028 684 personis
1052 668 1058 680 ,

327 694 424 726 etiam
449 705 509 736 per
527 704 669 733 cessum,
690 694 786 726 etiam
807 693 1058 737 permutationis

326 748 424 778 causa
447 746 480 777 in
501 746 650 778 manibus
670 758 783 779 eorum
802 746 1057 785 Ordiuariorum,

326 800 375 831 vel
402 799 574 831 decessum
602 800 680 841 (uon
700 804 808 831 tamen
832 799 863 831 iu
890 799 981 831 curia
1005 803 1060 830 aut

325 852 411 894 apud
429 852 545 884 Scdem
566 853 814 895 Apostolicam),
836 864 893 885 seu
912 853 1058 895 quamvis

325 905 420 937 aliam
447 905 672 938 dimissionem
693 907 744 939 vel
768 906 979 938 amissionem
1005 910 1060 937 aut

324 957 553 1000 privationem,
581 963 670 991 extra
698 964 805 991 tamen
830 959 979 991 eamdem
1005 970 1060 991 eu-

325 1011 415 1051 riam,
435 1022 494 1043 seu
515 1012 684 1054 religionis
702 1012 901 1054 ingressum,
921 1016 976 1043 aut
993 1023 1060 1044 ina-

326 1063 470 1096 trimonii
496 1070 701 1096 contractum
733 1076 788 1097 eos
815 1070 892 1096 tunc
918 1070 950 1097 et
975 1064 1059 1107 pro‘2

326 1121 475 1159 tempore
510 1118 750 1157 obtinentium,
778 1128 835 1150 seu
862 1118 911 1149 ius
936 1118 969 1149 in
994 1117 1057 1150 illis

324 1170 375 1201 vel
401 1170 441 1201 ad
465 1169 538 1202 illos
566 1170 777 1210 habentium,
804 1175 859 1202 aut
883 1170 962 1202 alias
988 1170 1059 1212 qui-

323 1222 435 1254 busvis
461 1223 566 1255 modis
594 1224 687 1265 (uon
714 1228 822 1255 tamen
848 1234 908 1265 per
933 1222 1057 1255 obitum

324 1276 409 1318 apud
425 1275 541 1308 Sedcm
560 1277 764 1319 praefatam),
781 1288 817 1309 ac
836 1277 933 1309 etiam
951 1276 982 1308 in
1001 1276 1059 1308 ali-

324 1328 443 1370 quibus
469 1339 507 1360 ex
531 1329 701 1361 mensibus
720 1356 727 1369 ,
754 1329 786 1361 in
813 1329 931 1372 quibus
957 1330 1058 1361 bene-

322 1379 473 1413 ficiorum
487 1382 788 1414 ecclesiasticorum
804 1382 978 1425 dispositio
995 1382 1057 1425 ipsi

322 1432 480 1476 Gregorio
513 1435 765 1477 praedecessori
798 1440 830 1467 et
863 1435 937 1467 Sedi
963 1446 1058 1478 prae-

323 1485 441 1527 dictae,
464 1487 561 1519 etiam
579 1498 639 1530 per
657 1487 909 1520 constitutiones
927 1493 1059 1530 aposto-

322 1539 401 1572 licas
417 1566 425 1580 ,
453 1550 512 1573 seu
537 1542 752 1574 cancellariae
778 1542 980 1584 apostolieae
1007 1552 1058 1574 re-

322 1592 424 1634 gulas,
445 1597 516 1625 erat
535 1598 567 1625 et
591 1604 652 1636 pro
679 1599 827 1637 tempore
845 1596 930 1627 soret
950 1605 1058 1627 reser-

322 1649 406 1685 vata,
425 1646 476 1678 vel
495 1645 592 1678 etiam
614 1646 788 1679 ordinariis
807 1647 1058 1680 collationibus3

321 1707 382 1740 per
407 1699 539 1731 easdem
564 1700 818 1732 constitutiones
846 1711 905 1733 seu
927 1702 1056 1743 regulas

323 1751 372 1783 vel
395 1751 523 1784 litteras
542 1753 810 1785 alternativarum
836 1758 891 1785 aut
912 1753 974 1786 alia
992 1754 1058 1797 pri-

324 1802 441 1846 vilegia
466 1809 498 1836 et
522 1804 649 1837 indulta
673 1816 831 1838 concessa
864 1811 1000 1838 eatenus
1027 1812 1058 1838 et

322 1856 355 1888 in
372 1862 542 1899 posterum
561 1859 783 1899 concedenda,
803 1859 900 1892 simul
918 1861 967 1892 vel
986 1870 1058 1891 sue.-

323 1909 448 1942 cessive
473 1921 588 1942 vacare
613 1912 820 1953 contigeret,
848 1912 975 1944 etiamsi
1001 1913 1058 1944 ali-

323 1962 378 2004 qui
405 1964 597 1995 corumdcm
630 1965 881 1996 canonicatuum
907 1971 939 1997 et
964 1976 1058 2007 prae-

321 2015 504 2048 bendarum
521 2017 853 2060 poenitentiariorum
872 2023 945 2051 actu
968 2023 1056 2058 tunc,

323 2069 570 2111 utpraefertur,
590 2070 648 2101 uti⁴
665 2070 743 2102 alias
763 2071 931 2113 quibusvis
951 2071 1057 2103 modis

323 2126 356 2153 et
391 2132 428 2153 ex
465 2133 750 2167 (ploiaimcunique
786 2124 939 2166 personis
968 2124 1057 2167 (non

323 2179 432 2207 tamen
457 2186 518 2218 per
535 2176 673 2216 obitum,
692 2182 728 2208 ut
752 2178 951 2220 praefertur,
971 2178 1057 2220 apud

323 2227 442 2259 dictam
468 2228 600 2272 Sedem)
625 2235 791 2270 vacarent,
808 2235 839 2262 et
857 2241 894 2263 ex
913 2240 951 2263 eo
971 2230 1058 2273 quod

324 2281 536 2314 canonicatus
555 2287 587 2315 et
606 2273 813 2326 praebendas
838 2283 1058 2326 poenitentia-

360 2378 370 2404 1
388 2377 458 2404 Male
474 2378 539 2405 edit.
555 2378 637 2406 Main.
655 2379 719 2414 legit
736 2380 840 2414 quibus
853 2381 914 2409 suis
929 2389 977 2416 pro
993 2381 1058 2416 qui-

323 2421 416 2449 busvis
434 2424 471 2457 (R,
488 2424 536 2455 Τ.).

357 2467 373 2493 2
393 2467 463 2494 Edit.
479 2467 558 2494 Main.
576 2467 658 2495 habet
673 2477 726 2504 quo
741 2470 781 2504 (n.
797 2470 846 2504 τη).

357 2510 373 2538 3
389 2510 490 2538 Forsan
504 2512 654 2547 legendum
669 2514 854 2542 collatoribus
870 2522 917 2549 pro
932 2515 1058 2542 collatio-

322 2555 408 2582 nibus
424 2556 463 2590 (a.
479 2557 528 2595 '¹'.·)·

356 2600 373 2625 4
393 2599 491 2627 Forsan
511 2601 553 2627 vel
572 2609 620 2640 pro
642 2603 686 2630 uti
704 2601 848 2638 legendum
867 2604 904 2636 (R.
920 2602 969 2636 τ.).

1118 227 1162 249 vn
1187 227 1235 250 Pr.
1755 216 1797 249 13

1097 274 1161 306 rios
1188 274 1376 307 huiusmodi
1403 274 1603 313 obtinentes,
1623 284 1681 305 scu
1709 273 1741 305 in
1762 273 1825 306 illis

1095 327 1145 358 vel
1171 327 1210 358 ad
1236 327 1309 359 illos
1328 326 1377 359 ius
1404 328 1577 366 habentes,
1605 325 1730 369 ¹ipsius
1749 326 1827 358 Gre-

1095 378 1177 418 gorii
1195 379 1461 421 praedecessoris
1488 384 1519 411 et
1543 389 1826 422 quornmcmnque

1096 430 1316 462 Romanorum
1353 430 1545 463 Pontificum
1582 431 1651 463 cius
1688 432 1827 473 praede-

1095 492 1264 514 cessorum
1283 493 1341 514 seu
1360 493 1588 515 suceessorum
1607 488 1662 515 aut
1677 484 1705 516 S.
1727 484 1763 516 R.
1788 483 1823 516 E.

1095 534 1308 566 cardinalium
1335 535 1431 567 ctiam
1458 535 1634 568 viventium
1668 541 1700 567 et
1723 537 1754 568 in
1781 537 1828 569 di-

1095 588 1145 617 eta
1170 587 1261 618 curia
1285 587 1508 629 praesentium
1535 587 1724 628 familiares,
1751 599 1828 621 con—

1096 640 1177 671 tinui
1215 641 1475 680 commensales,
1508 651 1566 673 seu
1598 641 1702 674 dictae
1735 642 1826 674 Sedis

1095 692 1236 731 notarii,
1264 692 1475 731 subdiaconi,
1509 693 1671 735 acolythi,
1697 695 1828 736 cappel—

1094 744 1182 784 lani,
1209 744 1394 777 litterarum
1425 745 1679 787 apostolicarum
1711 746 1828 778 abbre—

1095 797 1250 836 viatores,
1278 798 1470 840 scriptores,
1498 798 1703 837 cubicularii,
1730 799 1828 830 scuti-

1096 849 1156 881 feri
1173 876 1180 889 ,
1206 854 1426 891 proventuum
1465 854 1497 881 et
1531 849 1651 881 iurium
1678 861 1826 882 camerae

1094 901 1295 943 apostolicae
1333 902 1519 935 debitorum
1561 903 1756 935 collectores
1797 909 1828 935 et

1094 955 1368 995 subcollectores,
1396 966 1454 987 scu
1479 956 1677 999 quicumque
1694 957 1747 989 alii
1774 967 1829 988 eu-

1094 1007 1161 1039 riae
1198 1013 1230 1040 et
1261 1008 1354 1040 Sedis
1391 1009 1634 1051 praedictarum
1661 1009 1826 1048 officiales,

1094 1060 1190 1092 ctiam
1218 1061 1278 1093 sub
1304 1061 1441 1093 diversis
1465 1061 1755 1094 constitutionibus
1776 1073 1828 1095 re-

1093 1113 1251 1145 colendae
1266 1113 1443 1145 memoriae
1459 1114 1549 1146 Pauli
1564 1114 1668 1157 Papae
1680 1115 1713 1153 II,
1730 1115 1827 1147 etiam

1093 1166 1360 1207 praedecessoris
1394 1167 1521 1206 nostri,
1549 1178 1684 1199 suorum
1711 1173 1743 1200 et
1766 1179 1827 1211 pro

1093 1224 1242 1260 tempore
1269 1219 1477 1251 existentium
1504 1220 1724 1253 Romanorum
1745 1221 1828 1254 Pon-

1094 1270 1215 1303 tificum
1242 1271 1449 1304 familiarium
1475 1272 1706 1305 contimiorum
1740 1284 1828 1306 eom—

1093 1324 1287 1356 mensalium
1318 1325 1541 1357 declaratoriis
1573 1327 1826 1368 comprehensi,

1092 1382 1284 1419 praesentes
1300 1382 1332 1409 et
1346 1378 1454 1417 futuri,
1471 1388 1679 1421 quocumque
1694 1379 1827 1411 nomine

1092 1430 1292 1472 nuncupati,
1327 1441 1385 1463 scu
1419 1442 1456 1463 ex
1490 1431 1602 1473 quavis
1636 1431 1698 1464 alia
1730 1434 1827 1465 causti

1093 1482 1301 1525 dispositioni
1327 1483 1528 1526 apostelicae
1561 1484 1750 1527 specialiter
1775 1486 1826 1517 vel

1092 1534 1171 1567 alias
1198 1535 1398 1577 generaliter
1423 1537 1601 1575 reservati,
1628 1541 1684 1568 aut
1710 1547 1746 1569 ex
1772 1548 1827 1579 ge·

1092 1588 1195 1620 nerali
1232 1588 1457 1621 reservatione
1499 1589 1679 1631 apostolica
1720 1589 1825 1622 ass'ecti

1092 1652 1150 1673 seu
1176 1641 1215 1673 ad
1240 1641 1357 1674 Scdem
1376 1643 1524 1675 eamdem
1546 1643 1689 1675 devoluti
1709 1643 1827 1675 existe*

1092 1699 1182 1733 rent,
1209 1705 1269 1737 per
1293 1694 1482 1727 Ordinarios
1508 1696 1657 1727 locorum
1683 1701 1715 1727 et
1739 1695 1827 1738 eapi-

1093 1748 1159 1779 tula
1181 1747 1341 1779 dictarum
1356 1748 1570 1780 ecclesiarum
1590 1753 1714 1780 tantum
1732 1759 1827 1791 prae-

1091 1799 1143 1832 vio
1172 1810 1336 1832 concursu
1357 1810 1417 1843 per
1434 1801 1617 1833 edictorum
1642 1801 1826 1833 affixionem

1092 1853 1152 1885 sub
1167 1853 1266 1885 certis
1285 1854 1429 1885 modoet
1447 1854 1551 1886 forma
1567 1858 1641 1886 tunc
1661 1854 1825 1896 expressis

1092 1905 1234 1937 conferri
1261 1906 1422 1938 deberent
1435 1905 1456 1946 ¹²,
1483 1917 1556 1938 cum
1579 1906 1716 1938 dirersis
1750 1916 1827 1938 cou-

1093 1957 1272 1990 ditionibus
1310 1963 1342 1990 et
1373 1958 1452 1991 alias
1488 1964 1588 2001 prout
1612 1959 1644 1990 in
1669 1959 1825 2001 praefatis

1093 2011 1170 2043 dicti
1194 2010 1343 2053 Gregorii
1361 2011 1631 2053 lin'actleeessoris
1653 2011 1773 2043 litteris
1792 2022 1827 2042 u-

1091 2065 1203 2097 berius
1230 2065 1349 2097 dicitur
1374 2065 1549 2098 contineri.

1136 2118 1150 2160 ξ
1175 2118 1205 2149 2.
1233 2117 1311 2151 Cum
1337 2123 1459 2158 autem,
1479 2118 1564 2150 sient
1589 2118 1703 2151 eadem
1730 2128 1827 2161 expo-

1093 2170 1168 2202 sitio
1194 2169 1427 2213 subiungebat,
1456 2171 1651 2203 canonicatu
1678 2176 1709 2203 et
1733 2182 1828 2214 prae-

1092 2223 1200 2255 benda
1225 2223 1492 2266 poenitentiarii3
1517 2223 1677 2256 eeclesiae
1695 2223 1829 2256 Barchi-

1092 2275 1249 2308 nonensis
1286 2287 1347 2319 per
1388 2276 1513 2309 obitum
1548 2277 1713 2319 quondam
1740 2276 1827 2308 Petri

1092 2328 1221 2360 Ioannis
1247 2329 1386 2369 Arelier,
1414 2328 1469 2371 qui
1494 2328 1580 2369 illos,
1597 2329 1673 2361 dum
1693 2328 1828 2368 viveret,

1092 2381 1275 2422 obtinebat,
1302 2392 1409 2425 nuper
1433 2381 1637 2422 vacantibus,
1656 2392 1756 2424 super
1774 2392 1828 2414 eo-

1092 2435 1243 2468 rumdem
1255 2435 1467 2468 canonicatus
1482 2440 1514 2468 et
1531 2435 1742 2478 praebendae
1751 2444 1829 2478 pro-

1128 2515 1139 2541 1
1163 2514 1227 2542 Heio
1246 2514 1322 2542 deest
1340 2513 1455 2542 verbum
1473 2514 1586 2549 fuerint
1605 2515 1643 2549 (n.
1663 2513 1712 2547 T.).

1126 2558 1144 2584 2
1158 2559 1229 2586 Male
1243 2559 1307 2586 edit.
1322 2558 1402 2585 Main.
1420 2558 1484 2593 legit
1499 2559 1610 2585 deberet
1624 2559 1665 2592 (R.
1682 2558 1730 2592 T.)-

1127 2602 1142 2630 3
1163 2602 1252 2630 Potius
1271 2603 1329 2637 lege
1345 2602 1584 2637 poenitentiariis
1603 2605 1640 2636 (n.
1661 2604 1710 2635 τ,).

1845 225 1891 249 An.
1913 223 1940 249 C.
1959 224 2026 250 1662

1880 2123 1975 2149 Gregorii
1993 2123 2026 2145 XV

1844 2152 1959 2172 ‹teci-etum,
