2247 3208
209 256 257 283 An.
275 255 305 283 c.
325 255 392 283 1609
439 245 502 281 794

234 1054 331 1074 Ctau<uta
346 1055 390 1074 sub⁴

207 1081 247 1100 tutti
272 1083 299 1110 ot⁴
317 1081 389 1101 (lecre-

207 1109 249 1126 lum
265 1110 355 1127 irritans.

280 2160 394 2183 Derociutio

212 2188 374 2208 centurionum.

401 316 454 338 sus
480 303 637 337 invalidas
661 301 844 343 nulliusque
868 298 997 331 roboris
1023 301 1053 329 et
1071 306 1137 328 mo-

399 357 499 390 menti
518 356 627 391 fuisse,
642 364 711 386 esse
728 358 758 385 et
772 362 899 395 semper
913 351 989 391 sore,
1008 350 1088 382 adeo
1104 354 1137 381 ut

401 410 525 443 nullum
550 406 681 439 omnino
708 403 818 437 sortiri
854 403 981 447 possint
1005 407 1059 434 aut
1083 401 1137 434 de-

400 462 497 494 beant
514 458 673 497 effectum,
695 457 829 501 perinde
851 467 886 489 ac
903 456 928 488 si
947 461 1134 498 conceptae,

401 511 514 550 sactae,
541 509 638 541 initae
657 513 710 539 aut
735 508 857 539 iuratae
880 516 1043 549 nunquam
1060 505 1137 537 suis-

401 568 495 603 sent‚
522 568 635 595 tenore
661 560 879 604 praesentium
913 560 1135 597 declaramus,

401 617 536 659 illasque
562 625 620 658 pro
646 624 709 647 non
729 613 816 646 sactis
842 612 954 645 haberi
978 612 1134 651 volumus,

401 668 734 712 approbationemque
760 672 901 699 nostram
927 670 959 698 et
982 665 1137 707 benepla-

400 723 497 755 citum
524 721 739 765 apostolicum
761 720 867 762 quoad
884 719 970 762 ipsas
988 718 1136 760 capitula-

400 775 506 808 tiones
532 775 740 816 denegamus.
777 773 818 805 Ac
843 776 1017 804 memorato
1042 769 1137 802 Maxi-

399 828 533 861 miliano
559 826 752 868 Gandolpho
778 824 1026 868 archiepiscopo
1053 822 1137 854 iura-

399 886 542 914 mentum
579 880 616 912 de
653 878 817 912 servandis
851 876 1135 920 capitulationibus

401 933 586 966 huiusmodi
613 934 651 965 ab
677 932 746 975 ipso
772 937 807 963 ut
831 931 1014 974 praefertur
1043 940 1137 973 prae-

401 987 519 1025 stitum,
547 990 704 1029 quatenus
731 995 810 1027 opus
835 985 884 1023 sit,
911 984 1105 1016 relaxamus.

445 1039 460 1082 §
485 1038 515 1070 02.
543 1038 759 1071 Decernentes
786 1037 915 1069 easdem
947 1040 1135 1079 praesentes

402 1091 527 1123 litteras
552 1101 680 1133 semper
705 1090 833 1129 firmas,
868 1088 989 1121 validas
1015 1093 1046 1120 et
1071 1081 1137 1120 effi-

402 1154 493 1176 caces
514 1143 649 1176 existere
667 1148 698 1175 et
716 1143 793 1181 sore,
811 1152 951 1185 suosque
972 1140 1136 1184 plenarios

401 1202 433 1230 et
457 1197 599 1239 integros
625 1195 756 1228 effectus
787 1195 896 1228 sortiri
923 1200 953 1227 et
978 1194 1136 1234 obtinere,

401 1261 437 1282 ae
463 1250 548 1282 dicto
566 1249 783 1281 Maximiliano
802 1248 993 1291 Gandolplio
1014 1248 1138 1280 archie-

400 1303 546 1347 piscopo,
573 1308 605 1335 et
628 1302 697 1334 aliis
723 1302 761 1334 ad
788 1312 867 1343 quos
884 1306 1006 1344 spectat
1027 1306 1058 1333 et
1077 1311 1137 1344 pro

400 1361 547 1398 tempore
562 1354 733 1398 spectabit,
751 1354 938 1397 plenissime
957 1353 1134 1396 suffragari,

400 1409 509 1451 sicque
535 1414 566 1441 et
589 1419 655 1440 non
681 1407 775 1439 aliter
806 1407 838 1439 in
870 1406 1057 1450 praemissis
1081 1416 1139 1449 per

402 1471 621 1504 quoscumque
646 1460 769 1492 iudices
794 1460 975 1492 ordinarios
996 1464 1028 1491 et
1052 1460 1139 1492 dele-

402 1519 504 1556 gatos,
530 1513 626 1546 etiam
652 1523 819 1545 causarum
837 1513 949 1556 palatii
967 1512 1138 1556 apostolici

403 1567 574 1605 auditores,
601 1578 636 1599 ae
661 1566 691 1598 S.
714 1566 750 1598 P..
774 1566 1021 1605 E.Vcardinales‚
1044 1566 1139 1598 etiam

404 1621 444 1653 de
469 1621 567 1653 latere
588 1621 725 1662 legatos,
752 1619 1021 1662 Apostolicaeque
1047 1619 1138 1652 Sedis

403 1673 585 1716 praedictae
611 1673 754 1713 nuncios,
771 1678 803 1706 et
819 1673 949 1716 quosvis
967 1673 1047 1706 alios
1066 1683 1140 1715 qua-

403 1737 539 1769 cumque
565 1726 759 1759 auctoritate
792 1726 963 1768 fungentes
1000 1736 1084 1758 nunc
1108 1730 1140 1758 et

403 1791 461 1824 pro
489 1786 632 1823 tempore
667 1780 863 1818 existentes,
890 1780 1016 1812 sublata
1040 1779 1085 1812 eis
1110 1784 1141 1811 et

403 1843 515 1865 eorum
542 1832 672 1865 cuilibet
708 1833 819 1875 quavis
855 1832 948 1865 aliter
979 1832 1139 1864 iudicandi

403 1890 436 1917 et
460 1886 694 1929 interpretandi
721 1886 870 1918 facultate
889 1891 920 1918 et
937 1886 1140 1925 auctoritate,

403 1938 539 1971 iudicari
566 1944 597 1971 et
622 1939 749 1971 definiri
785 1939 925 1980 debere,
952 1950 987 1971 ac
1012 1939 1140 1971 irritum

404 1996 436 2024 et
460 1991 556 2025 inane
583 1992 609 2024 si
635 2002 728 2024 secus
753 1992 916 2035 superbis
935 2003 952 2025 a
969 2002 1140 2036 quoquam,

405 2045 515 2089 quavis
541 2045 742 2085 auctoritate,
769 2045 909 2078 scienter
925 2047 974 2079 vel
996 2046 1142 2089 ignoran-

404 2103 463 2139 ter,
489 2098 661 2140 contigerit
685 2098 849 2131 attentari.

449 2151 463 2194 ς
487 2151 519 2183 3.
546 2150 613 2183 Non
639 2151 839 2183 obstantibus
860 2150 1052 2193 praemissis,
1072 2162 1144 2185 nec-

406 2215 469 2237 non
496 2204 694 2247 apostolicis,
712 2215 748 2236 ac
765 2205 798 2236 in
817 2204 1051 2237 universalibus
1068 2216 1144 2248 pro-

407 2257 666 2300 vincialibusque
691 2262 722 2289 et
752 2258 961 2300 synodalibus
998 2258 1144 2291 conciliis

409 2309 510 2349 editis,
538 2310 747 2352 generalibus
772 2311 821 2342 vel
847 2310 1051 2353 specialibus,
1071 2321 1146 2343 eon-

409 2363 626 2395 stitutiouiluis
652 2368 684 2395 et
707 2363 975 2403 ordinationibus,
1002 2374 1048 2405 ac,
1069 2375 1146 2407 qua-

410 2420 503 2447 tenus
530 2426 610 2458 opus
629 2416 720 2455 soret,
737 2416 834 2448 etiam
849 2417 961 2459 regula
979 2419 1088 2449 nostra
1107 2417 1145 2449 dc

412 2478 478 2501 non
513 2468 656 2500 tollendo
689 2468 758 2501 iure
795 2469 943 2512 quaesito
975 2480 1011 2501 ac
1043 2469 1145 2502 dictae

412 2522 570 2554 ecclesiae
595 2521 858 2564 Salisburgensis,
874 2522 969 2555 etiam
990 2522 1146 2555 iuramen-

411 2579 455 2615 to,
483 2574 729 2609 confirmatione
748 2575 936 2617 apostolica,
962 2577 1012 2608 vel
1036 2576 1145 2619 quavis

410 2627 560 2662 firmitate
586 2628 646 2661 alia
676 2628 847 2669 roboratis,
863 2629 989 2662 statutis
1015 2635 1048 2662 et
1075 2639 1147 2662 con-

984 249 1164 273 BULLARIUM
1189 246 1339 271 ROMANUM

1181 294 1418 333 suetudinibus,
1446 294 1624 337 privilegiis
1648 306 1789 339 quoque,
1811 295 1916 329 indul-

1181 347 1219 379 tis
1244 352 1275 379 et
1305 347 1420 380 litteris
1444 348 1629 390 apostolicis
1657 349 1689 380 in
1722 348 1915 383 contrarium

1179 400 1433 442 praemissorum
1460 400 1703 442 quomodolibet
1735 397 1914 441 concessis,

1179 452 1374 485 confirmatis
1398 457 1430 485 et
1453 452 1659 495 approbatis,
1683 453 1797 496 quibus
1818 455 1915 487 omni-

1178 507 1237 539 bus
1266 512 1296 539 et
1321 506 1477 549 singulis,
1505 507 1629 539 etiamsi
1656 517 1713 550 pro
1744 508 1914 541 sufficienti

1180 560 1309 592 illorum
1335 559 1543 601 derogatione
1576 559 1615 592 dc
1652 559 1714 592 illis
1740 570 1914 604 corumque

1181 611 1253 644 totis
1279 611 1452 649 tenoribus,
1479 612 1644 654 specialis,
1670 612 1840 655 specifica,
1865 623 1916 646 ex-

1179 674 1287 707 pressa
1313 670 1344 696 et
1363 664 1541 703 individua,
1563 675 1598 696 ac
1613 665 1652 697 de
1674 666 1772 697 verbo
1791 666 1829 697 ad
1847 676 1916 698 ver-

1180 718 1266 757 bum,
1285 728 1351 750 non
1371 722 1476 750 autem
1495 727 1553 760 per
1571 718 1730 750 clausulas
1747 719 1916 760 generales

1180 769 1265 802 idem
1298 769 1529 812 importantes,
1556 770 1677 802 mentio
1703 781 1757 803 seu
1787 771 1915 814 quaevis

1180 822 1242 855 alia
1277 822 1442 865 expressio
1469 823 1619 855 habenda
1643 829 1697 856 aut
1721 824 1828 867 aliqua
1855 823 1917 856 alia

1181 875 1338 918 exquisita
1364 876 1466 908 forma
1490 877 1529 909 ad
1555 876 1617 909 hoc
1641 877 1796 909 servanda
1822 877 1914 916 soret,

1180 928 1308 961 illorum
1342 933 1479 967 tenores,
1506 939 1541 961 ac
1566 929 1590 961 si
1617 929 1655 962 de
1679 930 1777 962 verbo
1795 930 1834 962 ad
1851 940 1916 962 ver-

1180 982 1254 1013 bum
1269 981 1491 1014 insererentur
1504 987 1536 1014 et
1550 982 1815 1025 exprimerentur,
1831 993 1916 1025 prae-

1181 1034 1324 1066 sentibus
1341 1045 1399 1077 pro
1417 1035 1513 1077 plene
1533 1039 1565 1067 et
1577 1034 1776 1068 sufficienter
1792 1046 1917 1079 expres-

1181 1087 1223 1119 sis
1245 1093 1276 1120 et
1293 1088 1419 1120 insertis
1445 1088 1611 1127 habentes,
1627 1088 1691 1121 illis
1717 1089 1794 1121 alias
1812 1089 1844 1121 in
1861 1099 1917 1122 suo

1180 1140 1298 1173 robore
1329 1141 1565 1183 permansuris,
1591 1141 1629 1173 ad
1666 1141 1918 1184 praemissorum

1181 1192 1338 1233 effectum,
1367 1194 1427 1226 hac
1450 1193 1518 1226 vice
1542 1194 1712 1234 dumtaxat,
1734 1195 1918 1238 specialiter

1181 1252 1213 1279 et
1228 1257 1378 1289 expresse
1404 1247 1617 1289 derogamus;
1641 1247 1823 1291 ceterisque
1848 1258 1918 1281 con-

1181 1299 1286 1332 trariis
1316 1299 1585 1343 quibuscumque.

1224 1353 1337 1385 Datum
1360 1353 1489 1393 Romae,
1509 1353 1593 1396 apud
1612 1353 1642 1386 S.
1670 1353 1799 1386 Mariam
1828 1353 1919 1386 Maio-

1181 1416 1269 1445 rem,
1306 1406 1364 1438 sub
1390 1407 1509 1439 annulo
1532 1406 1714 1446 piscatoris,
1733 1407 1816 1439 diev
1837 1407 1918 1439 iunii

1181 1468 1327 1499 MDCLxlx,
1354 1459 1559 1502 pontificatus
1583 1459 1684 1492 nostri
1710 1469 1795 1492 anno
1815 1469 1850 1492 11.

1216 1521 1274 1547 Dat.
1298 1520 1340 1547 die
1360 1520 1377 1547 5
1396 1520 1462 1547 iunii
1485 1520 1563 1554 1669,
1585 1520 1682 1556 pontif.
1705 1528 1776 1547 anno
1792 1527 1820 1547 ιι.

1513 1671 1587 1705 CXI.

1183 1751 1308 1784 Erectio
1331 1752 1406 1784 novi
1429 1751 1601 1795 hospitalis
1625 1752 1662 1784 in
1685 1752 1815 1784 civitate
1837 1751 1922 1784 Nea-

1228 1805 1378 1848 politana
1402 1805 1458 1837 sub
1491 1805 1689 1838 invocatione
1713 1805 1746 1838 S.
1769 1805 1861 1838 Petri
1889 1809 1919 1837 et

1228 1858 1259 1890 S.
1286 1858 1443 1890 Ianuarii
1466 1868 1525 1901 pro
1548 1868 1610 1890 usu
1631 1868 1816 1901 pauperum
1833 1867 1923 1890 men-

1228 1911 1409 1944 dicantium
1433 1915 1462 1943 et
1485 1912 1548 1943 otio
1572 1911 1789 1943 vacantium&

1395 1991 1528 2019 Clemens
1549 1991 1718 2026 episcopus,

1370 2043 1475 2064 servus
1503 2043 1655 2063 servorum
1675 2035 1740 2063 Dei.

1185 2091 1298 2118 Dilecto
1318 2090 1379 2118 filio
1394 2094 1499 2118 nostro
1512 2093 1542 2117 et
1553 2090 1637 2117 Sedis
1648 2090 1837 2124 Apostolicao
1848 2097 1923 2116 nun-

1222 2135 1268 2162 cio
1288 2135 1319 2162 in
1339 2135 1462 2162 civitate
1491 2135 1688 2168 Neapolitana
1708 2134 1921 2166 commoranti,

1221 2180 1353 2207 salutem
1368 2182 1399 2206 et
1419 2178 1615 2213 apostolicam
1634 2178 1885 2205 benedictionem.

1188 2273 1194 2280 ·
1230 2258 1328 2291 Sedes
1353 2258 1539 2301 Apostolica
1565 2257 1662 2290 veluti
1683 2257 1737 2300 pia
1766 2263 1870 2290 mater
1884 2257 1922 2290 de

1188 2310 1328 2344 filiorum
1345 2321 1475 2344 suorum
1495 2312 1571 2343 cura
1593 2315 1625 2343 et
1641 2311 1742 2342 salute
1774 2310 1920 2349 sollicita,

1189 2364 1365 2408 praecipue
1389 2374 1464 2396 vero
1489 2373 1668 2406 pauperum
1694 2368 1725 2395 et
1756 2363 1923 2396 miserabi—

1191 2417 1277 2456 lium,
1297 2416 1361 2460 qui,
1377 2417 1417 2449 ob
1436 2416 1654 2449 membrorum
1680 2415 1923 2455 mutilationem,

1190 2475 1244 2502 aut
1268 2469 1364 2502 alium
1391 2474 1526 2501 naturae
1556 2469 1737 2508 desectum,
1765 2468 1924 2511 quotidia-

1190 2532 1268 2554 num
1285 2521 1403 2554 victum
1427 2532 1488 2565 per
1505 2521 1658 2554 eeclesias
1677 2526 1709 2554 et
1725 2522 1858 2565 plateas,
1886 2531 1924 2554 ac.

1227 2638 1237 2664 1
1261 2636 1296 2664 Ex
1316 2636 1422 2672 Regest.
1442 2636 1468 2664 in
1488 2636 1587 2664 Secret.
1610 2636 1690 2664 Brev-

1929 245 1977 273 An.
1994 246 2021 273 C.
2042 247 2109 274 1009

1961 2264 2083 2285 Exordium·
