2247 3208
212 244 261 270 An.
283 243 310 270 c.
332 243 400 269 iere
445 234 488 266 44

252 2147 349 2167 Ροι·ηη11,ι
369 2147 394 2166 «ln

215 2178 313 2193 moinustffl
322 2180 334 2193 ιι
359 2180 395 2195 ηιξ-

214 2203 334 2224 grvuatione
367 2201 393 2220 su·

212 2226 297 2246 cit-uda.

981 237 1160 261 mummium
1182 236 1334 261 nerianum

409 292 547 324 latorum
583 298 681 332 super
711 286 849 330 negotiis
883 285 1011 318 Ordinis
1044 285 1140 317 Prae·
1174 283 1206 316 in
1233 284 1295 317 hoc
1312 294 1407 316 suum
1429 284 1681 324 monasterium,
1708 284 1748 318 de
1776 283 1908 317 licentia

409 341 695 376 monstratensium
720 350 737 372 a
761 339 856 372 nobis
882 336 1053 382 deputata¹
1084 336 1140 369 de·
1173 337 1268 371 nobis
1291 337 1479 381 specialiter
1504 336 1536 370 in
1561 337 1691 381 scriptis
1716 339 1907 371 concessae.

409 401 531 428 erctum
560 392 680 426 tenoris
706 392 759 436 qui
785 390 938 435 sequitur,
965 389 1135 423 videlicet:
1173 389 1451 424 reverendissimo
1476 389 1609 423 domino
1626 395 1717 434 patre
1734 389 1770 423 N.
1791 390 1906 423 abbate

457 459 480 478 «v
497 446 535 479 Ut
560 445 764 485 reformatio,
791 453 847 477 seu
872 441 1084 486 congregatio
1109 446 1141 474 et
1172 442 1547 476 Praemonstratensium
1579 447 1611 476 et
1644 442 1742 476 totius
1778 442 1906 476 Ordinis

408 499 620 532 communitas
651 498 772 541 antiqui
799 496 930 539 rigoris,
957 496 989 528 in
1018 494 1138 528 Ordine
1173 495 1319 538 generali
1334 495 1395 528 sub
1410 495 1460 528 die
1477 521 1524 536 ...‚
1544 495 1816 529 concordavimus
1834 505 1907 528 cum

408 551 778 585 praemonstratensium
793 561 809 583 a
823 549 919 582 Paulo
934 548 957 581 V
970 548 1073 581 felicis
1088 557 1139 581 re·
1155 571 1157 574 .
1172 548 1348 592 praedictis
1363 548 1526 592 religiosis
1546 548 1584 582 de
1604 550 1730 581 summa
1746 548 1906 591 pecuniae

408 605 604 638 cordationis
626 604 778 644 instituta,
800 609 832 636 et
852 603 891 636 ab
909 601 979 635 aliis
1000 600 1137 634 Summis
1155 578 1158 625 l
1173 605 1341 634 scutorum
1423 601 1463 634 de
1496 601 1653 634 trimestri
1685 600 1718 633 in
1743 600 1906 634 trimestre

407 657 613 691 Pontificibus
646 656 713 689 eius
745 654 990 689 successoribus
1021 652 1139 687 confir·
1155 629 1158 670 l
1173 653 1346 697 anticipate
1361 653 1526 694 solvenda,
1543 659 1575 687 et
1588 653 1627 686 de
1646 653 1825 697 quantitate
1841 653 1907 686 vini

406 716 498 749 mala,
513 709 635 742 felicius
653 714 769 741 etcum
791 717 871 752 pace
889 706 1042 747 omnium,
1059 716 1139 750 quo·
1174 706 1337 740 doliorum
1358 731 1411 747 ...‚
1437 706 1593 741 frumenti
1618 705 1836 739 sextariorum
1851 732 1905 746 ...‚

406 773 475 794 rum
501 763 652 800 interest,
679 771 739 805 per
768 760 967 794 monasteria
991 759 1138 793 eiusdem

406 815 533 847 Ordinis
559 814 692 847 ditl'undi
712 819 742 847 et
759 813 933 858 propagari
951 813 1064 857 possit,
1089 823 1139 845 sa-

407 878 460 901 cra
492 868 702 910 congregatio
740 866 1071 900 eminentissimorum
1108 870 1140 898 et

406 921 751 954 reverendissimorum
765 920 795 953 S.
817 919 853 952 R.
870 919 904 953 E.
924 918 1138 953 cardinalium

407 985 443 1007 ac
475 974 679 1007 dominorum
708 973 928 1017 praelatorum
959 982 1059 1016 super
1082 981 1140 1004 ne-

407 1027 501 1069 gotiis
527 1027 683 1071 praedicti
715 1026 843 1059 Ordinis
879 1036 896 1058 a
932 1025 1138 1059 sanctissimo

407 1080 537 1113 domino
564 1085 676 1112 nostro
698 1079 886 1122 specialiter
903 1079 1065 1122 deputata,
1085 1089 1140 1111 au-

408 1132 481 1164 ditis
510 1132 777 1176 procuratoribus
803 1138 867 1165 tam
886 1131 1015 1165 Ordinis
1042 1142 1139 1175 quam

407 1186 645 1218 communitatis
660 1185 854 1225 huiusmodi,
873 1196 972 1229 reque
988 1191 1137 1218 accurate

407 1238 561 1276 discussa,
577 1239 701 1270 censuit
718 1238 874 1271 unionem
899 1249 957 1271 seu
982 1249 1139 1281 aggrega-

408 1291 529 1324 tionem
561 1291 654 1323 unius
680 1292 729 1324 vel
755 1291 896 1335 plurium
920 1291 1139 1324 monasterio-

407 1354 476 1376 rum
501 1344 601 1387 ipsius
627 1343 754 1377 Ordinis
772 1350 970 1378 memoratae
996 1355 1140 1379 commu-

407 1395 496 1428 nitati
523 1396 643 1439 antiqui
670 1397 785 1439 rigoris
819 1408 835 1430 a
866 1397 987 1430 vicario
1012 1397 1138 1430 abbatis

408 1450 569 1491 generalis
597 1451 627 1482 in
654 1456 820 1493 posterum
848 1452 1033 1484 nullatenus
1067 1450 1138 1484 fieri

408 1503 539 1541 debere,
568 1502 628 1535 nisi
655 1513 767 1536 omnes
798 1509 831 1536 et
848 1504 966 1547 singuli
992 1503 1139 1546 religiosi

408 1555 547 1597 professi
580 1555 664 1588 illius
690 1556 880 1589 monasterii
904 1567 965 1599 per
989 1561 1064 1589 vota
1088 1567 1140 1589 se-

407 1613 495 1640 creta
520 1609 748 1642 consenserint
771 1610 803 1642 in
829 1609 908 1642 illud
933 1609 1140 1642 reformatio-

409 1671 481 1693 nem
507 1661 677 1701 introduci,
704 1663 989 1706 praecesseritque
1008 1662 1139 1696 licentia

408 1714 439 1745 in
466 1714 594 1757 scriptis
621 1715 720 1758 ipsius
741 1715 866 1749 abbatis
889 1716 1052 1759 generalis
1071 1716 1138 1760 (qui

408 1772 515 1799 tamen
542 1777 611 1800 eam
636 1779 701 1800 non
728 1769 869 1812 deneget
893 1768 955 1802 nisi
984 1780 1019 1802 ex
1046 1770 1138 1802 iustis

409 1826 441 1852 et
465 1820 709 1853 rationabilibus
735 1822 849 1862 causis,
870 1833 948 1866 quas
975 1823 1139 1856 deducere

409 1878 557 1905 teneatur
582 1873 664 1906 infra
690 1880 828 1917 quatuor
850 1886 980 1908 menses
1006 1876 1046 1908 ad
1064 1876 1140 1908 bea-

409 1926 565 1958 tissimum
590 1927 766 1960 Romanum
799 1927 1025 1972 Pontificem);
1054 1939 1141 1961 eam-

410 1980 547 2022 demque
572 1981 760 2013 monasterii
786 1982 1052 2025 aggregationem
1074 1993 1140 2015 non

410 2032 504 2064 aliter
528 2033 706 2066 faciendam
733 2044 805 2067 esse
832 2045 927 2077 quam
959 2035 1044 2067 iuxta
1076 2035 1141 2068 for-

410 2086 529 2117 mulam
554 2085 800 2129 infrascriptam,
827 2087 995 2121 videlicet:

459 2151 471 2168 «ι
483 2138 545 2170 Nos
560 2139 713 2178 fraterN.,
724 2139 862 2172 vicarius
878 2140 1041 2182 generalis
1052 2151 1141 2174 Com-

412 2191 575 2223 munitatis
602 2192 724 2234 antiqui
751 2192 868 2235 rigoris
893 2193 1021 2226 Ordinis
1044 2194 1141 2227 Prae-

411 2244 718 2285 monstratensium,
748 2245 816 2278 viso
841 2252 914 2278 actu
947 2246 1138 2290 capitulari,

412 2307 475 2339 quo
495 2307 607 2329 omnes
625 2297 769 2340 religiosi
787 2299 927 2341 professi
949 2300 1140 2333 monasterii

410 2349 458 2389 N.,
476 2350 590 2382 fratres
604 2348 687 2383 N.N.
700 2350 747 2391 N„
766 2351 919 2384 facientes
938 2357 1039 2385 totam
1052 2363 1141 2387 com-

411 2402 601 2435 munitatem
616 2402 691 2436 dicti
708 2404 896 2437 monasterii
917 2405 1065 2438 eiusdem
1083 2417 1142 2440 no-

411 2456 468 2488 stri
486 2455 623 2495 Ordinis,
645 2467 704 2499 per
724 2462 796 2490 vota
817 2463 943 2491 secreta
963 2469 1141 2493 consense-

411 2508 490 2541 rint²
516 2514 658 2541 nostram
672 2510 949 2549 >reformationem
978 2511 1141 2546 introduci

448 2581 456 2605 1
477 2579 542 2605 Male
558 2579 620 2606 edit.
637 2579 714 2607 Main.
732 2580 795 2615 tegit
810 2581 962 2615 deputatae
979 2585 1014 2614 (n.
1030 2583 1077 2619 Τ.).

445 2623 460 2650 2
480 2623 574 2659 Aptius
594 2623 651 2659 lege
671 2628 872 2653 consenserunt
890 2626 929 2660 (n.
947 2626 995 2662 Ἤ),

1173 764 1206 792 et
1229 759 1366 792 aliarum
1391 770 1511 799 rerum,
1538 759 1758 800 videlicet...,
1781 765 1908 803 tempo-

1173 812 1330 852 ribus...‚
1353 823 1414 856 pro
1440 823 1554 846 eerum
1580 812 1664 845 victu
1691 818 1723 846 et
1746 817 1908 846 sustenta-

1174 864 1261 897 tione
1275 864 1480 908 assignanda,
1496 869 1528 898 et
1543 874 1604 909 pro
1619 874 1732 898 eorum
1747 865 1908 908 portioni-

1173 917 1234 949 bus
1252 916 1416 960 congruis,
1435 917 1557 950 ratam²
1569 923 1788 961 proventuum
1807 917 1905 951 huius

1174 970 1374 1011 monasterii,
1393 970 1682 1014 promittimusque
1708 981 1745 1004 ex
1770 970 1808 1004 iis
1834 971 1908 1004 red-

1175 1022 1304 1063 ditibus,
1331 1022 1386 1066 qui
1412 1027 1604 1066 supersunt,
1632 1023 1780 1056 deductis
1812 1033 1908 1067 prae-

1174 1075 1268 1108 dictis
1298 1074 1506 1119 portionibus
1540 1075 1695 1118 congruis
1713 1102 1720 1116 ‚
1747 1081 1794 1109 tot
1817 1077 1906 1110 alere

1174 1127 1348 1171 religiosos
1363 1133 1493 1162 nostrae
1508 1128 1760 1169 communitatis,
1772 1128 1827 1172 qui
1842 1129 1909 1163 suf-

1173 1179 1284 1214 ficiant
1307 1181 1347 1213 ad
1372 1181 1606 1214 restituendam
1635 1181 1908 1215 conservandam-

1174 1244 1237 1277 que
1263 1234 1468 1278 disciplinam
1495 1240 1527 1267 et
1546 1235 1787 1268 observantiam
1812 1246 1907 1279 regu-

1173 1287 1288 1320 larem.
1308 1287 1345 1320 Et
1367 1287 1429 1331 ipsi
1449 1288 1689 1331 praenominati
1707 1287 1851 1331 religiosi
1870 1299 1907 1322 ex

1172 1346 1265 1384 parte
1291 1343 1360 1381 sua,
1392 1347 1629 1383 cognoscentes
1655 1351 1689 1374 se
1715 1352 1752 1374 ex
1778 1341 1806 1374 vi
1832 1352 1908 1385 pro-

1174 1394 1325 1428 fessionis
1352 1405 1431 1427 suae
1464 1395 1636 1428 adstrictos
1668 1395 1706 1427 ad
1732 1395 1909 1428 observan-

1174 1448 1251 1481 tiam
1284 1453 1479 1482 statutorum
1506 1449 1729 1481 communium
1754 1447 1883 1482 Ordinis
1899 1475 1907 1489 ,

1174 1501 1282 1534 denuo
1307 1501 1533 1545 promiserunt
1557 1502 1705 1535 eamdem
1732 1502 1910 1535 observan-

1174 1555 1266 1597 tiam,
1292 1555 1374 1588 nihil
1410 1556 1665 1599 praetendentes
1699 1555 1908 1589 relaxationis

1174 1618 1211 1642 ex
1230 1609 1291 1642 hac
1308 1609 1540 1652 aggregatione
1554 1610 1604 1642 sui
1629 1608 1820 1643 monasterii
1834 1620 1908 1642 cum

1174 1662 1244 1696 aliis
1256 1663 1450 1702 reformatis,
1465 1663 1592 1706 etquod
1609 1663 1795 1696 intererunt
1804 1662 1908 1695 choro

1174 1716 1214 1748 ad
1239 1715 1346 1749 officia
1370 1715 1477 1749 divina
1495 1715 1589 1749 simul
1609 1727 1680 1749 cum
1698 1716 1777 1760 ipsis
1804 1716 1908 1749 refor-

1176 1780 1193 1801 n
1210 1768 1269 1801 atis
1295 1769 1506 1810 celebranda,
1534 1770 1620 1813 quod
1645 1769 1744 1802 iidem
1770 1779 1910 1812 praeno-

1175 1822 1287 1854 minati
1306 1822 1392 1855 inter
1408 1833 1442 1856 se
1464 1822 1709 1855 manducabunt
1731 1822 1764 1854 in
1793 1822 1909 1855 eadem

1175 1868 1290 1907 mensa
1314 1885 1428 1908 omnes
1454 1874 1680 1915 communiter,
1707 1875 1795 1919 quod
1818 1874 1910 1908 habi-

1175 1928 1289 1961 tabunt
1319 1927 1351 1960 in
1378 1929 1527 1960 clausura
1552 1928 1714 1971 regulari,
1742 1928 1781 1961 ad
1814 1937 1910 1971 quam

1175 1981 1282 2013 nullus
1297 1986 1406 2024 pateat
1420 1981 1523 2013 aditus
1539 1980 1740 2021 mulieribus,
1755 1981 1814 2013 sub
1833 1981 1911 2013 obe-

1176 2033 1297 2066 dientia
1329 2034 1378 2066 sui
1409 2033 1535 2066 abbatis
1567 2033 1608 2076 (si
1641 2032 1909 2066 reformationem

1175 2097 1241 2119 non
1252 2086 1459 2130 susceperit),
1471 2088 1522 2119 vel
1537 2085 1717 2130 superioris
1730 2086 1908 2126 reformati,

1176 2139 1243 2172 sive
1264 2139 1306 2172 sit
1329 2140 1440 2179 abbas,
1460 2139 1526 2172 sive
1544 2138 1646 2182 prior.
1667 2138 1912 2172 Consenserunt

1175 2191 1311 2236 insuper
1335 2197 1366 2224 et
1385 2181 1559 2225 votueiiunt
1575 2197 1609 2224 ut
1633 2192 1820 2236 portionum
1839 2202 1911 2225 sua-

1176 2256 1245 2278 rum
1260 2256 1487 2288 congruarum,
1510 2251 1574 2278 tam
1596 2245 1627 2277 in
1648 2245 1795 2289 pecunia,
1814 2256 1911 2290 quam

1175 2298 1207 2331 in
1232 2299 1320 2340 vino,
1349 2300 1511 2332 frumento
1537 2306 1569 2332 et
1592 2299 1663 2332 aliis
1701 2310 1799 2343 supra
1831 2299 1913 2333 assi-

1175 2352 1281 2396 gnatis
1298 2363 1359 2397 pro
1378 2364 1491 2386 eorum
1509 2353 1593 2386 victu
1612 2358 1644 2386 ct
1663 2353 1910 2393 sustentatione,

1175 2406 1364 2439 omnimoda
1390 2406 1561 2450 dispositio
1587 2412 1619 2439 et
1643 2405 1845 2450 dispensatio
1870 2405 1913 2438 sit

1175 2461 1259 2504 apud
1285 2460 1436 2492 abbatem
1463 2471 1554 2492 suum
1576 2459 1616 2502 (si
1643 2458 1912 2492 reformationem

1174 2514 1207 2547 in
1226 2512 1273 2547 se²
1288 2524 1354 2547 non
1374 2513 1578 2557 susceperit),
1596 2514 1645 2546 vel
1662 2512 1747 2556 apud
1764 2511 1913 2556 superio-

1212 2587 1221 2612 1
1241 2585 1279 2611 An
1294 2583 1395 2620 aliquid
1411 2583 1480 2611 desit
1498 2583 1600 2611 iudicet
1619 2583 1704 2611 lector
1719 2583 1790 2610 scius
1806 2584 1845 2618 (a.
1861 2582 1911 2618 T.)-

1209 2628 1226 2655 2
1241 2627 1353 2655 Videtur
1367 2627 1510 2663 tegendum
1526 2627 1588 2663 ipse
1602 2635 1651 2663 pro
1666 2627 1698 2656 in
1713 2635 1741 2655 se
1759 2627 1797 2662 (a.
1815 2627 1865 2662 iu).

1921 235 1967 261 An.
1989 234 2019 261 C.
2038 234 2105 262 1662
