2247 3208
150 222 201 248 An.
221 220 252 248 c.
275 219 343 247 ¹664
944 216 1133 240 ALEXANDER
1155 217 1199 241 '4¹1
1225 217 1272 241 PP·
1762 213 1826 246 277
1875 223 1924 251 An.
1941 223 1970 252 c.
1990 225 2058 252 ieet

166 1969 282 1996 Expositio.

346 267 482 307 stolicis,
503 276 641 306 necnon,
659 271 818 309 quatenus
837 275 918 309 opus
938 265 990 305 sit,
1007 264 1083 297 sub¹

344 320 535 364 quibusvis,
562 319 657 352 etiam
687 319 888 359 iuramento,
915 318 1085 351 confirma-

344 374 435 407 tione
451 373 637 416 apostolica,
658 373 708 405 vel
726 372 836 415 quavis
854 372 1004 404 firmitate
1023 371 1084 404 alia

343 427 526 466 roboratis,
553 426 679 459 statutis
711 432 744 458 et
775 425 1079 464 consuetudinibus,

1105 271 1107 280 ¹
1128 265 1265 307 proinde
1282 269 1406 300 summa
1423 273 1565 310 egestate
1583 275 1758 313 prematur,
1774 271 1818 304 ita
1831 277 1865 304 ut

1128 318 1173 350 illi
1207 329 1273 351 non
1312 326 1461 362 suppetat
1494 322 1579 354 unde
1616 323 1864 357 necessitatibus

1127 371 1257 405 fratrum
1283 373 1498 413 subveniatur,
1521 380 1551 406 et
1576 382 1753 409 conventus
1778 379 1865 411 elee-

1126 424 1266 466 mosynis
1298 424 1466 458 missarum
1491 427 1529 459 ad
1564 427 1792 470 religiosorum
1818 430 1864 462 vi-

343 479 521 523 privilegiis
553 490 704 522 quoque,
740 478 871 511 indultis
904 482 935 510 et
968 477 1082 509 litteris
1125 482 1209 509 etum
1227 477 1408 521 indigeant)
1427 479 1613 529 constitutio
1639 483 1801 523 generalis
1821 483 1863 516 di-

343 533 530 576 apostolicis
548 533 580 565 in
599 532 799 565 contrarium
821 530 1081 574 praemissorum
1125 530 1165 562 cti
1187 530 1328 571 Ordinis,
1348 543 1410 575 qua
1427 539 1557 566 cavetur
1575 536 1662 577 quod
1680 537 1861 570 visitatores

342 586 593 630 quomodolibet
616 585 793 624 concessis,
812 582 1022 622 confirmatis,
1050 588 1081 615 et
1124 583 1335 617 commissarii
1368 585 1543 619 cuiuslibet
1578 588 1760 630 provinciae
1798 590 1862 622 sint

341 639 530 679 innovatis,
545 639 663 682 quibus
689 637 840 670 omnibus
863 641 895 669 et
920 636 1078 677 singulis,
1123 637 1215 670 electi
1248 648 1285 670 ex
1311 639 1411 671 altera
1435 638 1583 672 viciniori
1618 646 1650 673 et
1682 643 1770 684 quod
1795 653 1861 675 non

341 691 476 724 illorum
491 697 623 724 tenores
638 689 869 733 praesentibus
893 698 955 732 pro
981 689 1079 731 plene
1122 689 1186 722 sint
1211 690 1249 723 de
1275 690 1415 733 ipsamet
1438 692 1603 735 provincia
1627 693 1802 733 visitanda,
1828 695 1860 728 in

340 742 758 786 etsufficienterexpressis
771 741 1080 784 etinscrtishaben-
1122 743 1234 776 eadem
1260 743 1424 786 provincia
1441 744 1626 778 Canariensi
1652 747 1770 779 servari
1795 757 1860 781 non

340 802 400 837 tes,
425 796 490 829 illis
516 796 594 828 alias
620 796 652 828 in
684 805 744 828 suo
777 795 898 827 robore
928 804 1079 837 perman·
1122 801 1242 838 potest.
1269 796 1347 829 Nam
1373 797 1540 840 provincia
1564 798 1759 839 huiusmodi,
1778 810 1859 842 quae

339 849 447 888 suris,
473 849 513 881 ad
537 848 797 891 praemissorum
822 847 991 887 effectum,
1018 847 1078 880 hac
1120 849 1152 881 in
1179 855 1304 892 septem
1328 849 1442 883 insulis
1474 861 1491 883 a
1516 861 1548 883 se
1574 851 1711 884 invicem
1737 852 1859 886 dissitis

338 901 406 934 vice
440 902 621 940 dumtaxat,
649 901 839 944 specialiter
864 905 895 933 et
920 909 1077 943 expresse
1120 902 1215 935 unica
1240 902 1364 943 existit,
1392 903 1523 936 alteram
1555 903 1616 936 sibi
1641 905 1859 948 propinquam

338 955 557 997 derogainus;
585 954 771 997 ceterisque
801 953 976 986 contrariis
1006 953 1078 996 qui·
1120 966 1184 989 non
1209 956 1320 997 habet,
1341 967 1378 989 ex
1403 967 1465 999 qua
1490 957 1699 991 commissarii
1717 958 1859 992 visitato-

336 1009 557 1051 buscumque.
1120 1019 1171 1042 res
1196 1009 1270 1052 eligi
1296 1010 1432 1053 possint.
1461 1010 1594 1045 Accedit
1619 1012 1706 1054 quod
1731 1012 1857 1045 insulae

381 1061 494 1094 Datum
521 1061 656 1101 Romae,
684 1061 768 1104 apud
794 1060 825 1094 S.
853 1060 985 1093 Mariam
1014 1059 1077 1093 Ma-
1118 1062 1328 1096 Canarienses
1360 1073 1377 1095 a
1406 1063 1515 1096 Turcis
1539 1063 1749 1105 infestantur,
1776 1065 1859 1098 sicut

336 1114 462 1155 iorem,
497 1115 556 1147 sub
589 1115 710 1148 annulo
736 1114 926 1153 piscatoris,
950 1113 1000 1147 die
1026 1124 1076 1147 xv1
1119 1116 1214 1149 etiam
1240 1127 1315 1149 orae
1334 1117 1528 1159 IIispaniae;
1550 1117 1650 1157 unde,
1673 1117 1698 1150 si
1716 1118 1855 1151 commis-

337 1167 418 1201 iunii
447 1177 608 1207 MDeinv,
634 1166 844 1210 pontificatus
880 1166 984 1199 nostri
1022 1177 1077 1199 an·
1118 1169 1221 1201 sarius
1237 1169 1382 1202 visitator
1400 1170 1533 1213 eiusque
1553 1170 1632 1203 socii
1651 1176 1856 1215 caperentur,

338 1227 381 1253 no
399 1231 428 1253 x.
1118 1222 1283 1264 provincia
1307 1222 1464 1265 praefata,
1491 1228 1527 1255 ut
1551 1233 1607 1256 eos
1634 1234 1650 1255 a
1675 1224 1856 1267 captivitate

372 1282 430 1309 Dat.
451 1282 496 1310 die
518 1283 550 1310 16
570 1282 638 1310 iunii
659 1282 737 1317 1664,
753 1281 850 1317 pontif.
868 1289 938 1310 anno
959 1289 984 1308 x.
1118 1275 1286 1315 liberaret,
1319 1285 1393 1308 vasa
1424 1281 1579 1319 argentea
1610 1276 1719 1309 divino
1756 1277 1854 1309 cultui

1118 1328 1222 1360 dicata
1245 1328 1386 1361 vendere
1411 1334 1595 1371 cogeretur,
1612 1334 1707 1372 atque
1722 1329 1766 1361 ita
1783 1339 1857 1362 con-

1116 1387 1229 1415 ventus
1255 1382 1408 1415 calicibus
1441 1382 1480 1414 ad
1505 1382 1757 1416 celebrationem
1782 1381 1857 1415 mis-

610 1424 793 1459 CDLXXIX-
1117 1445 1223 1467 sarum
1249 1434 1438 1467 necessariis
1465 1434 1609 1468 destituti
1634 1440 1852 1468 remanerent.

1118 1488 1286 1521 Praeterea
1309 1487 1548 1520 commissarius
1572 1487 1720 1520 visitator
1743 1497 1855 1520 secum

1118 1542 1235 1574 ducere
1261 1542 1342 1574 solet
1366 1542 1478 1574 saltem
1503 1541 1723 1581 secretarium,
1749 1551 1785 1573 ac
1809 1551 1855 1574 so-

1117 1594 1200 1627 cium
1232 1600 1263 1628 et
1293 1595 1424 1627 fratrem
1459 1594 1575 1627 laicum
1593 1622 1600 1635 ,
1627 1605 1685 1637 pro
1717 1604 1855 1637 quorum

1118 1648 1265 1691 expensis
1290 1658 1436 1681 accessus
1454 1648 1493 1681 de
1512 1647 1665 1691 Hispania
1682 1652 1714 1680 et
1733 1647 1854 1680 reditus

1117 1701 1149 1733 in
1175 1701 1362 1744 Hispaniam
1394 1712 1517 1734 sumnia
1548 1701 1636 1734 mille
1662 1701 1855 1744 quingento-

1117 1763 1189 1786 rum
1214 1759 1376 1787 scutorum
1402 1760 1449 1787 est
1473 1754 1666 1793 necessaria,
1693 1764 1788 1797 quam
1812 1753 1855 1786 di-

1118 1812 1166 1839 cta
1189 1807 1357 1850 provincia
1381 1807 1599 1850 suppeditare,
1625 1807 1785 1849 simulque
1810 1817 1856 1840 re-

528 1849 694 1876 A¹⁹¹³¹²³⁹r
712 1849 791 1898 rapa
811 1849 875 1898 Vll,
1117 1859 1308 1902 ligiosorum
1333 1859 1580 1892 necessitatibus
1605 1858 1775 1892 subvenire
1789 1870 1855 1892 non

480 1895 514 1920 ad
537 1893 670 1919 ‘amram
686 1900 730 1920 “²¹
745 1900 928 1920 ”mmmmm
1117 1913 1255 1952 valeret;
1282 1912 1527 1955 periculumque
1546 1917 1634 1945 esset
1650 1922 1689 1944 ne
1706 1911 1853 1955 religiosi

379 1963 393 2006 ἕ
418 1962 449 1995 1.
476 1962 601 2006 Exponi
626 1963 720 1996 nobis
738 1973 844 2005 nuper
863 1963 1010 1996 fecerunt
1027 1963 1075 1996 di·
1116 1965 1306 1998 necessitate
1331 1965 1436 2009 pressi
1462 1966 1501 1998 ad
1520 1971 1630 1998 votum
1656 1965 1854 2008 paupertatis

333 2017 408 2049 lecti
440 2016 496 2049 filii
519 2016 714 2050 «Bernardus
740 2016 886 2052 Andreas
918 2016 957 2049 de
981 2016 1072 2056 Vera,
1116 2018 1360 2061 infringendum
1385 2025 1417 2052 et
1447 2019 1629 2055 necessaria
1653 2019 1768 2052 mediis
1792 2019 1854 2052 illi-

334 2070 435 2102 lector
466 2069 619 2102 iubilatus
650 2074 681 2102 et
713 2074 836 2109 custos,
864 2074 893 2102 et
914 2069 1074 2103 Antonius
1116 2072 1186 2104 citis
1213 2072 1275 2104 sibi
1307 2071 1528 2115 conquirenda
1558 2077 1671 2105 contra
1708 2074 1855 2115 regulam

333 2122 518 2155 Valladares
535 2149 542 2162 ,
569 2122 764 2165 guardianus
798 2127 829 2154 et
864 2122 1074 2165 prominister
1117 2130 1147 2156 et
1172 2125 1205 2157 in
1231 2125 1408 2157 animarum
1441 2135 1572 2158 suarum
1602 2125 1779 2168 perniciem
1804 2126 1854 2158 ad-

332 2174 516 2217 provinciae
533 2174 564 2207 S.
584 2174 693 2209 Didaci
711 2174 924 2214 Canariensis‚
944 2174 1072 2208 Ordinis
1117 2178 1322 2210 ducerentur.
1356 2177 1420 2210 Nec
1454 2178 1560 2211 minor
1594 2178 1854 2213 consideratione

333 2227 470 2260 fratrum
504 2228 662 2260 Minorum
697 2227 799 2260 sancti
834 2228 996 2261 Francisci
1034 2228 1072 2261 de
1116 2231 1248 2272 dignum
1273 2236 1332 2269 est,
1353 2230 1450 2273 quod,
1476 2236 1609 2274 propter
1633 2231 1713 2264 adeo
1739 2241 1854 2274 graves

332 2279 542 2313 observantia
568 2287 836 2323 nuncupatorum,
869 2281 955 2324 quod
988 2281 1073 2323 (cum
1116 2288 1262 2326 sumptus
1283 2283 1574 2316 commissariorum
1599 2283 1801 2316 visitatorum
1815 2295 1854 2318 ex

334 2333 448 2367 eadem
473 2333 623 2376 povincia
654 2339 874 2366 trecentarum
907 2335 1073 2368 leucarum
1093 2343 1095 2362 1
1115 2336 1269 2378 Hispania
1284 2335 1493 2375 venientium,
1508 2336 1649 2380 illucque
1667 2337 1855 2379 regredien-

333 2385 507 2419 intervallo
521 2386 560 2418 ab
574 2386 638 2418 oris
653 2385 829 2429 Hispaniae
847 2386 951 2427 distet,
967 2387 1072 2419 necin
1116 2389 1209 2428 tium,
1238 2388 1339 2421 dietae
1365 2389 1550 2431 provinciae
1583 2389 1770 2424 Canariensi
1795 2401 1855 2434 per

335 2440 373 2470 ea
391 2443 455 2470 tarn
470 2437 624 2482 copiosae
638 2436 716 2470 fiant
732 2439 961 2482 eleemosynae
976 2450 1072 2482 quam
1115 2443 1232 2474 multos
1257 2451 1358 2473 annos
1383 2441 1585 2484 impossibile
1607 2443 1703 2475 suerit
1725 2444 1854 2477 mittere

335 2489 368 2522 in
392 2490 549 2533 Hispania
569 2496 601 2523 et
624 2490 721 2531 ltalia,
748 2490 881 2534 ipsaque
905 2491 1074 2534 provincia
1115 2495 1241 2527 vocales
1280 2494 1318 2527 ad
1353 2494 1493 2537 capitula
1527 2495 1692 2538 generalia
1724 2495 1853 2529 Ordinis

370 2561 384 2588 1
398 2559 532 2588 Particula
541 2561 593 2588 sub
608 2560 752 2594 redundat,
765 2561 806 2588 vel
821 2561 873 2597 leg.
890 2561 960 2590 aliis
975 2564 1011 2598 (R.
1024 2566 1072 2596 T.).
1116 2546 1261 2589 praefati,
1282 2557 1363 2590 quae
1377 2546 1480 2580 ΤΟῙΒῘῘ
1505 2552 1536 2581 et
1560 2547 1680 2583 Romae
1704 2550 1854 2593 respecti·

369 2605 386 2631 2
401 2604 438 2632 Ex
453 2605 561 2641 aegest.
576 2605 604 2633 in
619 2605 723 2634 Secret.
738 2605 818 2634 Brev.
1115 2610 1151 2633 ve
1176 2599 1337 2634 celebrata
1359 2600 1502 2635 suerunt.

337 1504 548 1547 Confirmatio
572 1504 690 1537 decreti
717 1504 898 1547 definitor-ii
913 1504 1075 1547 yeueralis

381 1558 515 1592 Ordinis
528 1558 670 1601 fratrum
682 1558 848 1590 Minorum
861 1558 966 1590 sancti
976 1556 1076 1590 Fran-

379 1612 455 1643 εἰδοί
479 1611 517 1644 de
542 1610 763 1649 Observantiri,
790 1610 876 1653 quod
895 1610 1075 1642 commissa-

378 1665 450 1696 rius
488 1664 638 1696 visitator
672 1664 859 1706 provinciae
889 1663 921 1696 S.
957 1663 1076 1696 Didacz'

380 1717 600 1756 Canariensz's,
628 1715 764 1750 Ordinis
796 1715 1003 1755 huiusmodi,
1038 1725 1076 1748 ex

379 1770 490 1802 eddem
512 1769 683 1812 provincid
704 1769 846 1812 eliqalur
857 1767 875 1801 ¹.
