2247 3208
483 263 546 295 858
1030 265 1211 291 Butuntum
1235 264 1386 289 ROMANUM

441 323 656 356 Homicidium
681 319 823 364 episcopi
850 319 1087 359 Nicoterensis,
1124 317 1186 351 769
1212 318 1248 358 b;
1275 316 1487 351 committitur
1518 318 1667 362 episcopo
1698 319 1868 354 Ferentino
1892 319 1970 362 pross

527 385 645 413 cessus,
672 374 765 413 ilud„
792 372 1087 406 excommunicatio
1111 376 1223 404 eontra
1248 370 1469 404 interfectores
1493 377 1524 404 et
1549 371 1721 405 reservatio
1746 372 1971 413 absolutionis,

525 428 589 460 772
614 439 644 461 α.

440 481 616 524 llonuphrii
641 480 702 522 (S.)
728 479 860 512 ecclesia
885 478 918 510 in
945 478 1108 511 territorio
1133 477 1270 511 civitatis
1294 478 1546 518 Beneventanae‚
1567 476 1686 518 aulum
1710 478 1858 521 princeps
1873 483 1975 511 terrae

525 533 609 566 della
636 533 751 565 Πορθέα,
776 537 807 565 et
831 531 899 564 eius
921 530 1086 571 homines,
1111 531 1188 563 dum
1221 530 1281 573 ipsi
1306 531 1420 564 ianuae
1443 536 1474 564 et
1499 531 1674 574 parietibus
1706 531 1860 564 ecclesiae
1889 531 1975 564 illius

524 587 751 625 adhaerebant,
778 584 966 628 apprehensi
991 590 1065 617 sunt
1090 590 1121 617 et
1145 583 1260 627 captivi
1286 584 1432 624 abducti,
1451 583 1531 616 ibid.

438 640 595 684 Hospitale
621 639 841 672 Avenionense
866 637 1003 680 singulis
1029 636 1198 670 novenniis
1223 636 1359 669 debebat
1383 647 1531 670 camerae
1555 637 1750 680 apostolicae
1767 641 1855 669 scuta
1876 637 1977 671 octin-

525 698 621 736 genta
646 691 892 735 quinquaginta,
919 690 984 722 733
1008 701 1028 722 α
1053 697 1085 723 et
1108 701 1186 733 ηιμ
1214 690 1376 723 reducitur
1401 691 1461 723 hoc
1486 700 1567 723 onus
1592 689 1631 722 ad
1654 696 1857 723 centumocto
1876 696 1976 731 scuta,

526 747 568 779 ita
595 751 700 778 tamen
725 749 759 777 ut
783 744 900 777 milites
925 743 1014 776 Sedis
1040 743 1242 787 Apostolicae
1267 743 1389 785 aegroti
1416 744 1450 775 in
1475 743 1624 786 hospitali
1650 748 1816 783 curentur,
1841 744 1918 776 ibid.

438 798 600 842 Hospitale
626 797 657 830 S.
685 795 810 829 Ioannis
834 795 1134 841 Hierosolymitani‚
1159 795 1222 828 606
1247 807 1288 836 α;
1316 796 1427 829 fratres
1452 796 1581 839 quidem
1607 796 1772 840 hospitalis
1797 796 1835 829 ad
1861 796 1977 830 Urbem

526 850 733 895 personaliter
758 854 923 890 vocantur,
950 848 1014 881 606
1039 859 1080 889 α;
1109 848 1297 881 monasteria
1319 848 1508 882 monialium
1535 850 1573 881 ab
1598 848 1746 892 hospitali
1766 848 1978 893 dependentia

526 904 729 939 Caturcensis
761 903 918 937 dioecesis
951 903 990 935 ab
1022 902 1199 936 Ordinariis
1231 902 1408 942 visitanda,
1440 901 1502 934 728
1527 902 1564 942 b·‚
1596 903 1730 935 facultas
1756 902 1829 935 data
1861 912 1978 946 magno

527 958 679 1001 magistro
705 956 958 990 dismemhmndi
992 966 1043 989 sex
1080 956 1178 989 millia
1203 956 1357 989 librarum
1381 966 1561 989 annuarum
1587 966 1624 988 ex
1646 955 1824 988 redditibus
1855 955 1981 998 priora-

529 1018 579 1045 tus
603 1012 633 1044 S.
657 1010 774 1054 AEgidii
800 1010 928 1053 linguae
960 1009 1145 1043 Provinciae
1168 1020 1227 1053 pro
1251 1009 1402 1053 impensis
1428 1010 1527 1042 victus
1551 1009 1686 1042 fratrum
1711 1009 1814 1041 dictae
1838 1009 1978 1052 linguae,

529 1064 591 1097 782}
616 1075 637 1096 α
661 1070 691 1096 fet
715 1074 775 1107 seq.

443 1119 605 1162 Hospitale
630 1127 809 1160 pauperum
835 1117 1155 1160 septuagenariorum
1182 1116 1213 1149 in
1239 1116 1364 1149 civitate
1390 1115 1598 1156 Bononiensi,
1627 1114 1690 1148 755
1719 1126 1758 1155 a,
1783 1118 1898 1148 statuta
1922 1125 1981 1158 pro

530 1170 680 1214 hospitali
706 1170 954 1210 confirmantur,
980 1170 1057 1203 ibid.

441 1225 601 1269 Hospitale
626 1235 683 1267 pro
707 1223 904 1268 pauperibus
930 1223 1187 1257 mendicantibus
1214 1230 1245 1257 et
1269 1223 1335 1258 otio
1358 1223 1545 1257 vacantibus
1563 1223 1697 1265 erigitur
1714 1222 1856 1266 Neapoli,
1871 1221 1936 1255 795
1948 1233 1980 1255 a.

443 1278 597 1322 Hospitali
624 1278 658 1310 B.
687 1277 803 1310 Mariae
827 1276 1097 1309 Theutonicorum
1128 1277 1364 1310 confirmantur
1398 1276 1562 1321 privilegia
1591 1276 1758 1320 hospitalis
1793 1276 1823 1309 S.
1855 1275 1981 1308 Ioannis

531 1330 836 1374 Hierosolymitani‚
862 1329 926 1363 673
952 1330 978 1362 Is.

444 1385 707 1429 llospitaliarium
733 1383 921 1416 monialium
947 1383 1128 1417 institutum
1155 1383 1377 1424 confirmatur,
1405 1384 1464 1416 411
1493 1394 1523 1416 a.

443 1439 624 1483 Hungariae
649 1449 783 1481 regnum
808 1437 1056 1478 nobilissimum,
1083 1437 1169 1481 quod
1196 1437 1271 1470 olim
1289 1443 1357 1470 erat
1372 1437 1607 1471 validissimum
1632 1437 1783 1470 adversus
1804 1435 1982 1470 infidelium

531 1492 670 1535 impetus
694 1490 887 1524 christianae
919 1490 1116 1534 reipublicae
1146 1491 1437 1535 propugnaculum,
1471 1489 1631 1524 invaditur
1654 1501 1670 1522 a
1696 1489 1823 1531 TurciS,
1848 1488 1914 1522 “2222
1939 1501 1979 1530 α,

533 1545 596 1578 2⁶20
622 1556 661 1585 ct3
687 1545 758 1577 virle
782 1546 957 1578 Turcarum
984 1550 1148 1588 tyrannus.

445 1598 640 1643 Hyacinthus
664 1598 759 1630 Maria
783 1597 940 1638 Granata,
969 1597 1144 1641 inquisitor
1168 1597 1201 1630 in
1225 1597 1351 1631 civitate
1375 1602 1406 1630 et
1431 1596 1550 1630 ducatu
1574 1596 1758 1635 Mantuano,
1784 1594 1847 1628 507
1873 1595 1909 1635 b;
1934 1605 1983 1627 ar-

534 1653 618 1684 mata
644 1661 741 1684 manu
765 1650 839 1684 inde
863 1650 1043 1694 expellitur,
1068 1648 1133 1683 508
1157 1662 1185 1683 α.

1210 1801 1222 1832 Ι

445 1917 550 1951 iacobi
576 1917 636 1959 (S.)
664 1916 813 1961 apostoli,
842 1916 971 1960 patroni
997 1915 1223 1959 Hispaniarum
1240 1942 1247 1955 ‚
1280 1914 1424 1948 officium
1449 1915 1509 1948 sub
1542 1914 1605 1947 ritu
1630 1914 1833 1958 semiduplici
1860 1914 1893 1946 in
1919 1918 1984 1946 tota

534 1970 685 2014 Hispania
710 1970 908 2003 recitandum
935 1968 1077 2013 qualibet
1102 1967 1180 2001 feria
1205 1967 1344 2001 secunda
1369 1978 1434 2001 non
1459 1968 1609 2011 impedita
1634 1968 1713 2001 sesto
1737 1978 1849 2000 novem
1869 1967 1982 2001 lectio-

534 2034 624 2064 num,
653 2022 714 2056 516
739 2034 759 2055 α
783 2027 814 2056 et
840 2022 866 2055 b,

448 2076 548 2109 tac-obi
576 2077 634 2119 (S.)
659 2076 807 2109 Panormi
834 2076 865 2108 in
897 2074 1023 2108 Siciliae
1049 2073 1278 2107 monasterium
1305 2073 1533 2108 canonicorum
1560 2074 1590 2107 S.
1620 2073 1746 2118 Georgii
1772 2074 1805 2107 in
1829 2073 1907 2117 Aiga
1927 2073 1985 2106 Ve-

533 2130 690 2163 netiarum
728 2129 769 2162 79
794 2128 830 2170 b,
855 2129 927 2161 vide
951 2129 980 2161 S.
1006 2127 1146 2171 Georgii.

448 2183 552 2216 iacobi
579 2184 647 2225 (S.)
668 2183 775 2216 Veneti
801 2182 1011 2226 Congregatio
1035 2183 1106 2215 vide
1130 2182 1214 2215 Ordo
1240 2181 1511 2215 praedicatorum.

448 2238 580 2270 lacobus
606 2237 863 2280 archiepiscopus
887 2237 1095 2275 Athenarum,
1116 2234 1207 2267 Sedis
1231 2234 1432 2276 Apostolicae
1449 2233 1533 2277 apud
1558 2232 1801 2275 Rempublicam
1832 2232 1985 2265 Venetam

533 2290 681 2327 nuncius,
709 2290 794 2330 ‘1025;
820 2290 887 2333 ipse
913 2289 1066 2322 collector
1095 2286 1300 2321 constituitur
1325 2297 1396 2319 cum
1423 2286 1600 2329 patriarcha
1623 2286 1827 2319 Venetiarum
1850 2285 1985 2319 subsidii

538 2342 677 2385 impositi
692 2353 788 2386 supra
803 2343 895 2375 bonis
909 2340 1131 2376 ecclesiasticis
1146 2340 1279 2373 dominii
1294 2340 1401 2373 Veneti
1419 2350 1476 2383 pro
1492 2339 1666 2383 Republica
1679 2339 1894 2378 venetiarum,
1910 2339 1984 2372 ibid.

451 2396 584 2427 lacobus
608 2396 768 2428 Novellius
787 2396 986 2439 praepositus
1006 2394 1163 2438 generalis
1182 2393 1440 2436 congregationis
1460 2393 1628 2426 Doctrinae
1645 2392 1854 2433 Christianae,
1870 2391 1934 2425 487
1952 2402 1982 2424 α.

451 2447 583 2480 lacobus
616 2448 779 2480 Romanus
811 2454 1002 2492 procurator
1030 2447 1188 2491 generalis
1212 2447 1474 2490 Congregationis
1500 2446 1697 2481 Cassincnsis
1720 2447 1845 2481 Ordinis
1870 2446 1900 2479 S.
1924 2447 1986 2479 Be-

540 2500 669 2536 nedicti,
698 2500 740 2534 64
763 2501 791 2534 b.

453 2553 591 2586 lansenii
615 2554 748 2587 Cornelii
774 2554 913 2587 haeresis
938 2555 969 2587 in
994 2555 1093 2588 Gallia
1121 2563 1268 2598 serpens,
1293 2552 1357 2587 33ss
1381 2564 1421 2594 α;
1455 2552 1590 2587 formula
1619 2551 1850 2587 subscribenda
1885 2551 1987 2596 impo-

541 2607 629 2641 nitur
653 2613 763 2641 contra
787 2608 902 2651 ipsam,
929 2607 992 2641 336
1019 2607 1047 2640 b.

454 2659 619 2694 Ianuarius
644 2659 701 2704 (S.)
726 2660 815 2704 regni
839 2660 1039 2704 Neapolitani
1064 2659 1274 2707 principalior
1296 2665 1463 2704 patronus,
1487 2659 1551 2694 337
1569 2660 1596 2693 b.
