2247 3208
214 245 264 271 An.
286 245 314 272 c.
332 245 400 271 1068
446 234 509 268 043

232 1731 394 1752 ‹z--nceditPcm-

215 1760 263 1778 tin-x
280 1765 310 1778 ius

213 1786 274 1805 nandi
295 1787 357 1810 prout
375 1790 393 1804 in

213 1812 307 1833 rubrica.

330 1758 394 1778 nomi-

406 291 756 329 christianissimorum,
772 288 955 332 principum
968 288 1066 329 longe
1080 288 1143 319 cla-

407 345 623 382 rissimorum,
648 341 999 383 invictissimorumque
1025 338 1141 372 Christi

405 398 614 434 athletarum,
641 405 677 427 ac
702 394 906 436 egregiorum
934 391 1026 425 Sedis
1056 392 1142 434 Apo-

405 450 535 482 stolicae
553 449 721 487 cultorum,
743 446 920 490 promerita
945 444 1086 487 exigunt,
1105 454 1141 476 ac

404 501 620 545 praecipuus,
655 510 719 543 quo
758 499 904 532 eamdem
940 497 1141 530 maiestatem

405 560 500 593 tuam,
521 553 609 586 filiali
631 563 707 595 erga
724 563 784 585 nos
803 557 834 584 et
854 551 1001 584 eamdem
1025 549 1141 582 Sedcm

405 606 608 640 observantia
633 616 669 638 ac
692 606 825 649 pietate,
846 604 1047 637 orthodoxae
1065 601 1140 634 fidei

404 659 641 693 conservandae
657 663 689 691 et
712 657 943 701 propagandae
958 656 1035 695 zelo,
1055 654 1142 687 aliis-

405 723 467 756 que
483 722 559 754 rege
581 710 825 743 cristianissimo
844 709 949 752 dignis
970 707 1141 740 virtutibus

404 760 500 808 atque
516 763 686 797 decoribus
704 762 925 806 multipliciter
940 760 1141 804 praefulgen-

403 823 486 857 tem,
513 816 763 860 prosequimur,
789 820 943 859 paternae
975 813 1140 846 charitatis

403 869 535 903 affectus
567 880 626 902 nos
658 874 752 911 urget
786 873 882 910 atque
915 866 1074 909 impellit,
1107 871 1141 897 ut

405 922 462 956 tibi
487 922 615 965 tuisque
640 920 882 954 successoribus
918 919 1050 961 regibus
1081 918 1141 950 cri-

404 975 606 1009 stianissimis
624 976 790 1008 luculenta
807 972 991 1017 pontificiae
1010 977 1139 1004 nostrae

403 1028 610 1071 benignitatis
636 1028 720 1060 dona
741 1026 936 1068 largiamur,
966 1023 1056 1056 firma
1082 1034 1139 1066 spe

403 1087 499 1125 atque
526 1080 648 1114 ,fiducia
673 1079 705 1112 in
737 1079 871 1112 Domino
905 1077 975 1109 freti
1009 1077 1075 1110 sore
1107 1082 1141 1108 ut

403 1139 467 1167 tam
485 1134 629 1176 tu'quam
646 1141 850 1165 successores
868 1130 913 1162 tui
930 1140 1024 1172 reges
1048 1139 1141 1172 prae-

405 1188 469 1228 fati,
497 1186 565 1220 viae
591 1191 831 1218 antecessorum
856 1194 968 1226 regum
995 1182 1139 1224 vestigiis

403 1240 579 1283 impressae
603 1238 835 1277 inhaerentes,
862 1237 1000 1280 populos
1026 1235 1140 1268 ditioni

402 1299 524 1326 vestrae
564 1293 702 1325 creditos
741 1292 774 1324 in
809 1290 872 1323 fide
909 1289 1066 1322 catholica
1105 1299 1141 1321 ac

402 1351 510 1379 vetere
527 1356 604 1388 erga
620 1345 736 1378 Sedem
761 1343 960 1387 praedictam
985 1341 1141 1374 obedien-

404 1399 446 1432 tia
470 1399 635 1432 continere
660 1398 731 1441 pari
756 1397 851 1430 laude
877 1395 1040 1434 conaturi,
1067 1404 1141 1427 con-

402 1452 652 1494 stitutionesque
688 1449 882 1494 apostolicas
915 1447 947 1480 in
982 1446 1139 1479 universis

404 1504 552 1538 dominiis
579 1504 693 1537 vestris
719 1502 847 1536 debitae
873 1510 1003 1543 semper
1028 1509 1141 1532 execu-

404 1557 483 1590 tioni
519 1557 663 1590 mandari
688 1567 725 1589 ac
748 1554 839 1588 Sedis
873 1553 1015 1587 eiusdem
1040 1553 1142 1585 hono-

404 1620 472 1643 rem
484 1615 522 1642 'et
545 1610 764 1643 auctoritatem
793 1607 935 1640 illibatos
957 1604 1139 1638 conservari

405 1665 492 1698 omni
518 1665 624 1697 studio
650 1664 720 1697 sitis
742 1662 894 1696 curaturi.

449 1718 519 1761 502.
552 1717 704 1750 Volentes
740 1715 847 1759 itaque
880 1714 960 1754 tibi,
995 1711 1049 1756 qui
1084 1712 1141 1755 (ut

406 1771 610 1814 accepimus>
637 1770 797 1803 civitatem
828 1768 1076 1800 Atrebatensem
1101 1765 1140 1797 de

406 1824 571 1867 praesenti
585 1823 743 1866 possides,
761 1821 887 1864 tuisque
901 1818 1142 1852 successoribus

407 1877 539 1920 regibus
556 1876 753 1908 Francorum
770 1871 1059 1911 christianissimis,
1078 1880 1141 1913 quo

407 1930 528 1973 regiam
547 1928 809 1963 benevolentiam
825 1936 901 1968 erga
918 1934 1071 1968 personas
1089 1923 1144 1955 be-

405 1983 578 2016 nemeritas
610 1982 768 2025 vobisque
803 1985 908 2023 gratas
939 1983 971 2011 et
995 1982 1142 2019 acceptas

407 2045 559 2069 exercere
580 2033 724 2075 valeatis,
746 2032 882 2076 gratiam
900 2031 1003 2064 facere
1022 2029 1145 2073 specia—

410 2090 487 2128 lem,
515 2099 551 2121 ac
576 2092 745 2131 sperantes
771 2091 801 2119 te
827 2096 863 2118 ac
886 2084 960 2117 illos
984 2084 1016 2116 in
1041 2081 1146 2115 nomi-

409 2141 524 2174 nandis
540 2141 579 2174 ad
599 2140 769 2174 ecclesiam
786 2139 1043 2174 Atrebatensem,
1062 2146 1146 2168 nunc

410 2198 441 2226 et
465 2204 522 2236 pro
547 2198 693 2236 tempore
715 2191 852 2236 pastoris
872 2190 990 2223 solatio
1016 2188 1146 2221 destitu-

413 2252 492 2286 tam,
517 2245 687 2289 personis,
715 2256 797 2288 quae
822 2243 905 2276 vitae
937 2241 1121 2284 integritate
1137 2267 1144 2280 ,

412 2300 579 2342 religione,
600 2299 661 2332 fide
687 2304 718 2332 et
742 2298 886 2331 doctrina
910 2300 1086 2340 praestent,
1111 2304 1147 2326 ac

414 2352 606 2395 episcopalis
624 2352 765 2384 muneris
783 2349 1005 2394 praerogativa
1030 2347 1147 2390 dignae

413 2405 487 2445 sint,
500 2415 661 2437 summum
686 2403 827 2436 studium
856 2411 1077 2444 summamque
1100 2399 1147 2432 di-

413 2457 578 2500 ligentiam
602 2466 730 2499 semper
755 2455 969 2495 adhibituros,
994 2464 1054 2486 nee
1071 2463 1147 2485 con-

413 2510 581 2544 scientiam
606 2515 742 2542 vestram
761 2509 820 2541 hac
844 2509 876 2540 in
901 2518 936 2540 re
961 2508 1027 2540 ullo
1049 2506 1146 2539 modo
1166 2542 1168 2558 Ι

413 2564 498 2598 laedi
531 2572 682 2606 passuros
708 2572 797 2601 esse,
824 2566 912 2593 motu
943 2559 1075 2603 proprio
1111 2570 1147 2592 ac

415 2628 450 2653 ex
477 2619 563 2650 certa
587 2615 718 2648 scientia
742 2613 872 2654 nostris,
891 2613 995 2657 deque
1019 2618 1147 2657 aposto-

988 241 1166 264 nt'LLAftIUM
1193 239 1343 264 ROMAM'M

1184 287 1265 319 lieae
1289 288 1458 330 potestatis
1484 287 1696 331 plenitudine,
1716 289 1772 321 tibi
1794 288 1919 331 tuisque

1184 340 1424 372 successoribus
1445 340 1578 383 regibus
1602 341 1801 374 Francorum
1819 341 1921 374 chris-

1185 391 1390 432 tianissimis,
1418 392 1472 435 qui
1502 403 1564 436 pro
1603 398 1749 436 tempore
1774 394 1919 426 eamdem

1184 444 1344 477 civitatem
1369 446 1613 478 Atrebatensem
1635 446 1848 489 possederint,
1871 447 1919 479 ius

1184 497 1373 530 nominandi
1397 509 1570 541 personam
1596 499 1744 531 idoneam
1769 499 1801 531 in
1827 500 1921 532 theo-

1184 549 1269 593 logia
1293 550 1494 593 magistrum,
1515 556 1568 583 aut
1593 551 1624 583 in
1650 551 1791 584 decretis
1817 552 1910 585 docto

1185 614 1274 643 rem,
1299 614 1357 636 seu
1382 603 1582 636 licentiatuni
1606 603 1764 637 nobilium
1794 604 1923 637 univer-

1184 656 1312 690 sitatum
1336 667 1426 689 more
1453 656 1601 699 diligenti
1623 657 1769 689 examine
1795 667 1922 700 praece-

1185 709 1294 750 dente,
1320 715 1503 753 promotum
1529 710 1567 742 ad
1594 709 1762 742 ecclesiam
1787 710 1922 742 Atreba-

1185 767 1311 795 tensem
1355 762 1551 805 praedictam
1589 773 1675 795 nunc
1698 767 1865 795 vacantem
1890 766 1922 795 et

1184 815 1452 858 quotiescumque
1484 815 1572 848 illam
1597 826 1710 848 vacare
1735 814 1919 858 contigerit,

1185 867 1278 899 nobis
1314 873 1346 900 et
1384 868 1528 901 Romano
1568 867 1734 908 Pontifici,
1770 867 1824 911 qui
1861 877 1921 911 pro

1184 925 1329 962 tempore
1344 920 1448 959 suerit,
1469 931 1527 963 per
1544 930 1603 953 nos
1621 926 1653 952 et
1671 920 1821 952 eumdem
1840 919 1923 951 Pon-

1185 972 1301 1004 tificem
1332 973 1364 1004 in
1390 972 1577 1015 episcopum
1606 972 1854 1005 Atrebatensem
1882 972 1921 1004 ad

1184 1025 1438 1058 nominationem
1464 1025 1648 1058 huiusmodi
1676 1025 1920 1064 instituendum,

1185 1083 1296 1110 tenore
1321 1078 1544 1121 praesentium
1562 1078 1593 1109 in
1612 1083 1803 1120 perpetuum
1823 1087 1922 1109 reser-

1182 1141 1301 1171 vamus,
1329 1135 1424 1173 atque
1449 1129 1667 1170 concedimus,
1689 1139 1726 1162 ac
1749 1129 1872 1161 irritum
1890 1133 1923 1161 et

1182 1183 1278 1216 inane
1303 1183 1328 1216 si
1355 1193 1446 1216 secus
1471 1193 1567 1226 super
1600 1181 1650 1214 his
1682 1192 1700 1214 a
1731 1191 1919 1225 quoquam,

1183 1235 1296 1280 quavis
1323 1236 1523 1275 auctoritate,
1540 1235 1680 1268 scienter
1695 1234 1744 1267 vel
1769 1234 1922 1277 ignoran-

1183 1294 1240 1329 ter,
1268 1288 1442 1331 contigerit
1467 1287 1629 1321 attentari.

1225 1344 1240 1386 ἓ
1264 1341 1295 1375 3.
1322 1341 1391 1375 Non
1408 1340 1608 1374 obstantibus
1626 1339 1916 1373 constitutionibus

1182 1402 1214 1429 et
1236 1391 1493 1429 ordinationibus
1519 1393 1712 1437 apostolicis,
1733 1403 1769 1425 ac
1792 1380 1938 1436 praedi-‘¹

1182 1455 1250 1482 ctae
1276 1448 1432 1482 ecclesiae
1459 1446 1691 1487 Atrebatensis,
1712 1445 1809 1478 etiam
1832 1446 1918 1478 iura-

1182 1507 1299 1539 mento,
1315 1500 1557 1534 confirmatione
1575 1498 1762 1543 apostolica,
1777 1499 1827 1531 vel
1847 1509 1913 1542 qua

1181 1556 1227 1588 vis
1252 1554 1403 1587 firmitate
1436 1554 1498 1586 alia
1527 1552 1708 1592 roboratis,
1735 1551 1862 1584 statutis
1889 1556 1922 1584 et

1183 1606 1481 1646 consuetudinibus,
1506 1604 1683 1649 privilegiis
1708 1614 1848 1648 quoque,
1873 1604 1934 1637 in-

1184 1660 1280 1694 dultis
1297 1665 1329 1693 et
1348 1659 1464 1692 litteris
1482 1657 1676 1701 apostolicis,
1695 1656 1792 1690 etiam
1812 1656 1918 1690 eidem

1183 1713 1347 1753 ecclesiae,
1374 1712 1505 1754 eiusque
1525 1711 1678 1754 capitulo,
1697 1720 1734 1742 ac
1751 1709 1915 1753 quibusvis

1184 1767 1264 1807 aliis,
1280 1767 1337 1799 sub
1353 1766 1607 1809 quibuscumque
1625 1763 1796 1796 tenoribus
1814 1767 1846 1795 et
1861 1763 1926 1796 sor-

1184 1821 1252 1860 mis,
1279 1830 1315 1852 ac
1339 1829 1411 1851 cum
1436 1817 1603 1861 quibusvis
1630 1817 1725 1850 etiam
1750 1817 1924 1859 derogato-

1185 1874 1307 1906 riarum
1327 1871 1554 1914 derogatoriis,
1575 1871 1713 1913 aliisque
1728 1870 1929 1914 *efficaciori-

1186 1928 1255 1967 bus
1282 1923 1511 1958 efficacissimis
1537 1929 1568 1956 et
1592 1923 1734 1956 insolitis
1762 1923 1927 1964 clausulis,

1188 1978 1455 2020 irritantibusque
1482 1982 1512 2009 et
1539 1976 1611 2009 aliis
1643 1975 1783 2009 decretis
1800 2003 1807 2015 ‚
1834 1975 1928 2008 etiam

1187 2037 1276 2064 motu
1312 2030 1445 2073 proprio
1471 2036 1502 2062 et
1533 2040 1568 2062 ex
1602 2030 1689 2061 certa
1724 2028 1861 2061 scientia
1892 2038 1928 2060 ac

1188 2083 1454 2117 consistorialiter
1477 2081 1653 2121 concessis,
1683 2090 1719 2113 ac
1743 2080 1838 2113 etiam
1869 2080 1928 2112 ite-

1188 2137 1265 2170 ratis
1300 2136 1423 2168 vicibus
1461 2133 1658 2167 confirmatis
1683 2138 1713 2166 et
1746 2133 1925 2173 innovatis·,

1190 2190 1306 2233 quibus
1322 2188 1483 2228 omnibus,
1498 2186 1623 2219 etiamsi
1643 2197 1703 2229 pro
1721 2185 1851 2219 illorum
1868 2186 1929 2218 suf-

1189 2242 1307 2276 ficienti
1334 2240 1547 2283 derogatione
1573 2240 1611 2272 de
1648 2239 1712 2272 illis
1745 2249 1927 2282 eorumque

1190 2295 1263 2328 totis
1288 2293 1453 2327 tenoribus
1479 2291 1627 2335 specialis
1644 2319 1651 2332 ,
1678 2290 1846 2334 specifica,
1875 2302 1927 2323 ex-

1190 2358 1299 2392 pressa
1324 2352 1355 2379 et
1379 2345 1553 2385 individua,
1572 2355 1608 2377 ac
1627 2345 1665 2377 de
1683 2345 1782 2377 verbo
1801 2344 1840 2376 ad
1857 2354 1928 2376 ver-

1189 2402 1277 2441 bum,
1303 2409 1367 2432 nou
1392 2403 1499 2431 autem
1523 2408 1581 2441 per
1606 2397 1768 2429 clausulas
1792 2406 1927 2438 genera-

1166 2475 1168 2488 l
1190 2455 1235 2487 les
1254 2454 1338 2486 idem
1356 2452 1575 2496 imponantes,
1591 2450 1711 2483 mentio
1724 2460 1779 2482 seu
1794 2449 1925 2492 quaevis

1189 2507 1251 2540 alia
1276 2504 1440 2549 expressio
1464 2509 1518 2536 aut
1541 2503 1647 2547 aliqua
1671 2502 1733 2536 alia
1764 2502 1925 2545 exquisita

1166 2563 1168 2584 '1
1190 2560 1291 2592 forma
1315 2558 1353 2591 ad
1379 2557 1442 2590 hoc
1477 2556 1634 2590 servanda
1668 2555 1769 2595 foret,
1795 2553 1935 2587 tenores

1166 2630 1167 2633 =
1189 2610 1395 2652 huiusmodi,
1422 2620 1458 2643 ac
1481 2609 1506 2643 si
1532 2610 1570 2642 de
1605 2608 1700 2643 verbo
1725 2608 1765 2640 ad
1790 2608 1926 2645 verbum

1928 239 1976 264 An.
1999 237 2027 263 C.
2049 236 2114 263 16⁶8

1995 1353 2101 1375 contrarii
2108 1359 2118 1374 ι

1942 1383 2024 1406 orcgat.
