2247 3208
139 203 188 232 Λιι.
211 205 240 230 C.
262 204 328 231 ¹063

331 252 455 296 spitalis
479 252 720 295 praedictorum
741 251 859 284 fabrica
880 262 989 284 euram
1011 251 1068 284 ali-

332 315 427 348 quam
454 305 662 342 habentibus,
682 315 820 337 necnon
849 303 929 337 tam⁴
955 315 1067 348 perso-

329 357 378 390 nis
395 357 474 391 inibi
495 368 556 401 pro
578 363 724 401 tempore
750 358 988 397 tleemlentibus,
1010 368 1083 395 seu,

329 410 450 454 aliquid
475 411 514 444 de
539 411 633 444 bonis
658 411 721 444 suis
740 410 933 454 praedietis²
958 411 1065 454 operi-

327 463 387 496 bus
420 464 700 507 relinquentibus,
730 465 815 507 quod
851 464 1000 497 omnibus
1033 470 1081 496 et*

327 516 461 559 singulis
493 517 689 560 privilegiis,
718 517 995 560 exemptionibus,
1026 517 1063 550 li-

326 570 516 610 bertatibus,
545 570 813 609 immunitatibus,
839 569 1058 612 indulgentiis,

326 622 421 655 ctiam
447 623 623 666 plenariis,
649 633 684 655 ac
716 628 923 665 pcccatorum
949 622 1060 654 remis-

324 674 485 715 sionibus,
516 680 548 708 et
582 675 652 707 aliis
680 675 796 717 gratiis·
824 675 1056 718 spiritualibus,

324 727 475 770 Imagini⁸
488 728 540 761 SS.
557 727 732 760 Salvatoris
743 728 782 760 ad
796 727 912 760 Sancta
925 728 1058 761 Sancto-

323 791 403 820 rum,
429 786 460 813 et
484 781 668 821 Cbaritatis,
695 786 726 813 et
751 781 903 824 Corporis
927 780 1055 819 Christi,

321 832 541 873 Sacramenti,
569 839 600 866 et
629 833 842 876 Campisancti
876 834 1056 866 confrater-

319 885 494 926 nitatibus,
531 886 778 930 archiliospitali
815 886 845 919 S.
884 886 990 919 lacohi
1024 887 1053 919 in

320 939 471 981 Augusta,
494 945 525 972 et
544 939 649 972 Sancti
675 939 813 983 Spiritus
834 939 864 971 in
882 939 974 972 Saxia
994 940 1054 973 ho-

318 992 426 1035 spitali
452 992 554 1025 dictae
579 993 683 1032 Urbis,
702 992 881 1036 ceterisque
909 993 1053 1036 hospita-

317 1045 401 1077 libus
426 1051 457 1078 et
481 1045 803 1078 confraternitatibus
828 1045 914 1078 suis⁴
939 1047 1050 1079 eadem

317 1097 401 1130 Urbe
427 1099 687 1138 consistentibus,
708 1104 739 1131 et
764 1099 903 1132 fabricae
928 1099 1052 1132 Princi-

316 1151 365 1194 pis
390 1152 621 1195 Apostolorum
646 1153 748 1185 dictae
775 1153 879 1193 Urbis,
899 1153 1049 1197 illiusque

316 1204 496 1247 deputatis,
522 1211 553 1237 et
589 1216 701 1238 eorum
738 1217 774 1238 ac
800 1206 833 1238 B.
861 1205 978 1238 Mariae
1010 1207 1049 1239 de

314 1255 448 1299 Populo,
469 1256 717 1297 Consolationis,
732 1258 762 1290 S.
790 1258 917 1290 Ioannis
942 1258 1049 1301 Bapti-

313 1314 379 1342 stae
411 1310 688 1352 Florentinorum,
714 1317 745 1344 et
771 1311 912 1344 eiusdem
938 1312 1047 1354 Campi

312 1362 432 1403 Sancti,
456 1363 591 1408 aliisque
618 1364 759 1397 eiusdem
778 1364 872 1397 Urbis
889 1365 1044 1405 eeclesiis,

311 1425 348 1448 ac
372 1415 428 1449 illa
452 1421 484 1449 et
508 1416 595 1450 illas⁵
611 1417 824 1457 visitantibus,
842 1419 891 1450 vel
916 1418 1045 1450 illorum

309 1467 581 1510 benefactoribus,
602 1481 781 1514 eorumque
807 1471 1058 1511 administrato-7

310 1521 398 1555 ribus
422 1527 455 1554 et
479 1523 675 1565 guardianis,
693 1521 884 1563 rectoribus,
906 1533 1045 1556 oecono-

308 1573 368 1607 mis
394 1575 610 1617 generalibus,
633 1581 665 1608 et
688 1576 758 1608 aliis
782 1576 931 1619 personis
958 1576 1044 1608 simi-

308 1628 371 1660 lem
396 1638 507 1661 curam
523 1627 556 1660 in
574 1628 619 1661 eis
639 1628 849 1668 sumentibus,
867 1639 903 1661 ac
921 1628 1044 1661 iudaeis

308 1684 340 1713 et
368 1681 533 1713 conversis
569 1681 839 1725 quibuscumque,
865 1680 960 1714 etiam
985 1692 1044 1724 per

307 1733 455 1766 eumdem
481 1733 614 1766 Paulum
651 1739 682 1766 et
716 1745 937 1777 quoscumque
962 1734 1042 1767 alios

306 1784 472 1818 Romanos
496 1785 669 1819 Pontifices
695 1786 788 1819 etiam
814 1787 1043 1830 praedecesso-

308 1848 357 1871 res
382 1848 457 1871 suos
488 1848 524 1870 ac
555 1838 670 1871 Sedem
705 1839 852 1872 eamden]
886 1839 1041 1872 hactenus

307 1891 555 1933 quomodolibet
579 1891 743 1924 concessis
774 1897 805 1924 et
837 1892 868 1924 in
900 1892 1040 1925 futurum

306 1943 536 1983 concedendis,
559 1954 641 1987 quae
667 1944 774 1977 omnia
795 1950 827 1977 et
846 1945 970 1978 litteras
987 1945 1041 1978 de-

303 2006 402 2040 super
425 1997 588 2029 confectas
620 1997 782 2040 praefatus
808 1998 922 2030 Paulus
946 2008 1041 2041 prae-

304 2049 455 2083 decessor
479 2050 593 2083 haberi
613 2050 714 2083 voluit
734 2061 794 2093 pro
819 2050 987 2093 expressis,
1009 2055 1040 2082 et

304 2101 419 2145 quibus
444 2101 538 2142 illae,
559 2102 606 2136 illi
632 2108 663 2136 et
686 2103 740 2136 illa
766 2104 955 2143 utebantur,
982 2115 1038 2146 po-

303 2153 466 2187 tiebantur
490 2160 522 2188 et
546 2155 741 2197 gaudebant,
761 2167 797 2188 ac
818 2155 874 2193 uti,
891 2155 988 2198 potiri
1007 2161 1038 2188 et

302 2207 444 2249 gaudere
473 2213 625 2251 poterant
660 2208 907 2251 quomodolibet
933 2208 965 2240 in
991 2209 1038 2240 fu·

302 2266 419 2300 turum,
430 2260 783 2301 archiconfraternitas,
796 2261 948 2304 illiusque
963 2272 1038 2294 con-

337 2367 347 2393 t
369 2366 426 2392 Vox
438 2368 498 2393 tam
509 2364 642 2392 redundat
653 2365 692 2392 vel
702 2365 844 2399 legendum
854 2366 989 2399 eliamm.
998 2366 1036 2400 τ.)

335 2410 352 2435 2
372 2409 400 2436 ln
416 2409 475 2436 loco
492 2409 585 2445 parall.
602 2409 700 2444 legitur
710 2417 764 2444 pro
780 2410 866 2436 dictis
880 2410 920 2442 (n.
939 2410 986 2441 Τ.).

334 2454 351 2481 3
371 2454 462 2481 Potius
483 2454 542 2488 lege
562 2454 719 2487 lmayinis,
741 2461 836 2488 nempe
856 2453 1035 2480 confraterni-

299 2497 348 2524 tati
367 2497 447 2524 huius
466 2497 535 2524 tituli
551 2498 588 2531 (a.
604 2498 652 2529 τ.).

334 2541 350 2567 4
370 2541 470 2568 Forsan
485 2542 513 2567 in
532 2549 579 2575 pro
594 2541 654 2567 suis
669 2539 811 2574 legendum
829 2541 866 2574 (n.
884 2540 930 2572 τ.).

334 2584 351 2612 5
369 2584 436 2611 Male
450 2585 494 2610 ed.
511 2584 589 2610 Main.
606 2584 671 2619 legit
687 2584 745 2610 illis
760 2591 807 2618 pro
822 2583 890 2610 illas
906 2585 944 2618 (R.
960 2583 1010 2618 T.).

383 2638 461 2666 BulI.
486 2638 565 2663 Rom.
609 2637 667 2665 Vol.
689 2637 777 2663 XVII.
941 2636 972 2663 18

928 204 1114 228 ALEXANDER
1138 205 1181 228 VII
1207 205 1254 227 Pr.

1078 401 1083 431 t

1062 1312 1071 1421 ,2

1104 251 1234 291 fratres,
1270 250 1501 284 monasterium
1535 257 1608 284 tunc
1645 256 1835 284 construen-

1101 304 1184 342 dum,
1212 305 1386 347 hospitale,
1416 309 1447 337 et
1471 305 1617 343 ccclesia,
1639 304 1831 347 illorumqutx

1100 356 1390 396 administratores,
1408 356 1591 397 familiares,
1612 357 1761 397 ministri,
1780 368 1832 390 oe-

1099 408 1247 447 conomi,
1273 413 1304 440 et
1328 408 1408 441 aliae
1433 420 1591 452 personae
1617 409 1752 443 similent
1777 421 1830 442 cu-

1099 470 1167 492 ram
1193 460 1271 493 inibi
1298 466 1459 493 sumentes
1485 466 1516 493 ct
1540 462 1594 495 illa
1612 462 1775 495 visitantes
1793 473 1828 494 ac

1096 512 1141 544 eis
1165 512 1415 554 benefacientes,
1443 524 1478 546 ex
1505 519 1579 546 tunc
1604 520 1635 547 et
1658 515 1689 546 in
1714 526 1829 558 perpe-

1096 569 1183 598 tuum
1208 566 1273 605 uti,
1300 566 1396 609 potiri
1422 572 1453 599 et
1477 568 1615 609 gaudere
1651 569 1827 610 quomodo-

1094 617 1173 650 libet
1196 618 1297 651 libere
1323 625 1354 651 et
1378 619 1465 652 licite
1490 621 1644 659 valerent,
1668 621 1699 652 in
1726 623 1826 653 omni-

1092 671 1151 703 bus
1176 676 1207 703 ct
1230 682 1289 715 per
1310 672 1419 705 omnia
1437 673 1571 715 perinde
1588 684 1624 705 ae
1648 674 1671 705 si
1699 685 1825 706 monas-

1092 724 1173 757 terio
1204 730 1235 757 et
1259 725 1410 768 hospitali
1443 736 1480 758 ac
1512 726 1664 758 ecelesiae
1690 731 1721 759 ct
1748 738 1824 760 con-

1091 776 1242 809 fratribus
1268 777 1452 820 praedictis,
1472 778 1665 822 illorumque
1692 781 1824 813 rectori-

1089 828 1159 869 bus,
1186 829 1511 869 administratoribus,
1538 832 1820 873 gubernatoribus,

1089 883 1298 923 oeconomis,
1325 884 1556 924 servitoribus,
1591 885 1819 925 familiaribus,

1087 934 1243 967 ministris
1261 940 1292 968 et
1310 935 1485 977 conversis,
1506 941 1536 969 et
1557 936 1633 969 illis¹
1658 938 1818 980 personis,

1087 998 1121 1021 ae
1134 988 1189 1021 illa
1201 988 1404 1022 visitantibus
1426 994 1457 1021 et
1476 989 1522 1023 cis
1545 990 1818 1024 benefacientibus

1086 1051 1144 1084 pro
1164 1046 1311 1085 tempore
1329 1042 1511 1085 specialiter
1528 1048 1559 1075 et
1576 1053 1726 1086 expresse
1745 1055 1820 1077 con-

1072 1089 1171 1126 ¹cessa
1197 1094 1347 1134 fuissent,
1379 1100 1410 1127 et
1433 1095 1464 1127 in
1491 1096 1630 1129 futurum
1662 1098 1819 1130 eoncede-

1085 1152 1207 1186 rentur,
1238 1158 1365 1180 necnon
1392 1148 1588 1191 presbyteris
1614 1149 1818 1192 quibuscum-

1083 1210 1155 1242 que,
1181 1200 1235 1243 qui
1260 1200 1292 1232 in
1319 1201 1526 1239 monasterio,
1560 1212 1614 1233 seu
1640 1203 1815 1246 hospitali,

1082 1258 1136 1284 aut
1156 1253 1291 1286 ecclesia
1309 1254 1484 1297 praedietis
1512 1265 1714 1298 quocumque
1740 1262 1816 1289 tem·

1082 1316 1160 1348 pore
1186 1306 1409 1346 celebrarent,
1436 1312 1468 1339 et
1491 1318 1551 1350 pro
1578 1308 1692 1351 quibus
1718 1309 1813 1341 iidem

1081 1359 1261 1402 presbyteri
1286 1359 1364 1391 inibi
1390 1360 1593 1392 celebrarent
1616 1366 1648 1393 et
1672 1367 1812 1401 orarent,

1080 1412 1209 1444 easdem
1234 1412 1451 1455 indulgentias
1477 1419 1509 1446 et
1532 1420 1741 1456 peccatorum
1767 1425 1815 1447 re-

1080 1465 1266 1505 missiones,
1297 1476 1377 1508 quae
1395 1466 1633 1499 celebrantibus
1651 1467 1682 1499 in
1707 1467 1814 1500 Scala-

1079 1518 1157 1550 caeli
1187 1524 1218 1551 et
1242 1519 1347 1552 Trium
1373 1519 1522 1552 Fontiutn
1554 1526 1813 1563 nuncupatorum

1078 1571 1350 1604 monasteriorum
1376 1572 1475 1604 sancti
1497 1572 1659 1605 Francisci
1686 1573 1725 1605 de
1751 1573 1813 1616 Ob-

1078 1623 1239 1656 servantia
1257 1629 1288 1656 et
1307 1624 1525 1657 Cisterciensis
1553 1625 1730 1668 respective
1756 1626 1813 1659 Or-

1078 1674 1200 1708 dinum²
1222 1682 1312 1709 extra
1326 1687 1434 1709 muros
1449 1676 1550 1709 dictae
1565 1677 1668 1717 Urbis,
1684 1689 1811 1711 necnon

1077 1730 1224 1772 cappella
1249 1729 1280 1761 in
1306 1729 1465 1773 Praesepe
1483 1729 1608 1762 Domini
1629 1731 1689 1763 sita
1709 1730 1741 1763 in
1762 1742 1812 1764 ec-

1076 1781 1173 1814 clesia
1198 1782 1232 1814 B.
1260 1781 1376 1814 Mariae
1402 1782 1529 1815 Maioris
1547 1783 1585 1815 de
1611 1783 1694 1815 Urbe
1720 1794 1811 1826 prae-

1076 1835 1174 1875 dicta,
1204 1846 1240 1867 ac
1271 1835 1438 1868 animabus
1471 1847 1531 1879 pro
1565 1836 1679 1879 quibus
1711 1837 1809 1869 iidem

1075 1887 1255 1930 presbyteri
1282 1888 1487 1920 celebrarent
1511 1894 1541 1920 et
1566 1894 1708 1928 orarent,
1734 1900 1809 1922 con-

1074 1940 1207 1972 cesserit
1230 1945 1262 1972 et
1285 1939 1477 1980 indulserit3
1511 1951 1546 1972 ae
1571 1941 1807 1983 indulgentias,

1074 1992 1251 2035 privilegia,
1273 1992 1408 2033 indulta,
1437 1993 1666 2036 exemptiones,
1695 1995 1808 2027 immu-

1074 2046 1202 2085 nitates,
1229 2045 1393 2079 libertates
1418 2051 1449 2078 et
1473 2047 1551 2079 alias
1577 2048 1806 2081 concessiones

1073 2108 1108 2129 ac
1126 2098 1336 2131 remissiones
1357 2098 1541 2131 huiusmodi
1567 2100 1605 2132 ad
1628 2100 1712 2139 illos,
1734 2100 1805 2133 illas

1073 2156 1104 2183 et
1118 2150 1171 2183 illa
1188 2151 1378 2191 extenderit,
1391 2152 1613 2194 prorogaverit
1630 2158 1661 2184 et
1675 2153 1806 2196 amplia-

1072 2204 1167 2243 verit,
1195 2204 1346 2247 quodque
1371 2214 1430 2246 pro
1454 2209 1603 2247 ternpore
1630 2205 1803 2238 existentes

1071 2256 1273 2299 praepositus
1291 2262 1322 2289 et
1340 2257 1592 2297 administrator,
1611 2263 1731 2299 rector,
1749 2270 1804 2301 gu—

1070 2310 1236 2348 bernator,
1262 2320 1480 2349 oeconomus,
1506 2310 1644 2343 ministri
1672 2316 1703 2343 et
1727 2322 1804 2344 con-

1071 2362 1168 2401 versi,
1197 2362 1341 2406 aliaeque
1367 2373 1526 2405 personae
1553 2364 1730 2406 praefatae,
1757 2365 1804 2396 in-

1070 2415 1262 2458 dulgentias,
1280 2415 1462 2458 privilegia,
1480 2415 1612 2455 indulta,
1628 2417 1804 2459 exemptio-

1069 2480 1134 2509 nes,
1150 2468 1375 2507 immunitates,
1392 2469 1555 2501 libertates
1570 2468 1713 2512 aliasque
1728 2480 1804 2502 con-

1104 2540 1114 2564 1
1134 2538 1163 2564 ln
1179 2538 1237 2564 loeo
1252 2537 1343 2572 paralt
1364 2537 1460 2572 legitur
1475 2538 1542 2565 aliis
1558 2547 1605 2573 pro
1621 2539 1680 2566 illis
1697 2539 1734 2573 (n.
1752 2538 1800 2572 Τ.).

1101 2583 1119 2609 2
1138 2582 1246 2609 Videtur
1261 2582 1355 2609 deesse
1371 2583 1496 2609 ecclesiis
1512 2586 1547 2617 (ἢ,
1565 2584 1612 2612 τ.).

1748 194 1805 227 1:37
1852 202 1903 229 An,
1921 201 1948 228 c.
1968 202 2034 227 nea
