2247 3208
255 235 304 262 Aa.
321 234 350 260 c.
371 233 437 260 1662
484 224 524 258 72

450 280 541 315 annis
562 275 730 322 proximis,
750 273 882 306 illorum
907 279 1023 313 nempe
1050 269 1180 310 singulo

447 341 509 375 pro
530 328 714 364 medietate,
740 321 992 367 persolvendam
1011 318 1179 358 decimam,

449 392 531 426 quae
558 381 589 413 in
616 383 719 411 totum
741 377 779 409 ad
801 384 960 408 summam
978 372 1182 414 octingento-

449 445 520 467 rum
536 433 674 466 millium
689 431 881 463 ducatorum
896 429 1047 459 monetae
1065 423 1182 467 Hispa-

449 488 521 520 niae
548 484 722 522 ascendat,
748 482 836 514 iuxta
861 485 963 512 ratam
996 488 1013 510 a
1045 486 1182 509 venera-

449 540 505 573 bili
533 539 632 571 sratre
657 536 773 569 Carolo
798 532 1049 575 archiepiscopo
1071 529 1183 563 Corin·

451 592 507 633 tbi,
523 595 636 624 nostro
655 593 687 622 et
703 586 891 632 praedictae
912 584 1002 617 Sedis
1021 584 1054 616 in
1072 582 1182 626 regnis

449 643 680 688 Hispaniarum
693 640 823 679 nuncio,
840 637 1020 676 taxandam,
1037 635 1183 668 omnium

451 699 627 736 fructuum,
655 693 854 732 reddituum,
880 694 1109 734 proventuum,
1135 688 1184 720 iu-

451 751 544 790 rium,
563 746 808 785 obventionum,
829 744 1126 777 emolumentorum
1152 745 1185 773 et

453 800 719 837 distributionum
745 797 1009 843 quotidianarum
1038 795 1183 829 omnium

453 855 667 890 ecclesiarum
692 849 1034 894 archiepiscopalium,
1058 849 1203 922 episco-t

452 909 595 955 palium,
627 905 896 949 collegiatarum,
922 902 1182 946 parochialium,

454 972 581 998 necnon
607 958 881 994 monasteriorum
902 961 934 989 et
952 960 1182 995 conventuum,

455 1027 491 1050 ac
516 1015 612 1048 etiam
638 1021 825 1047 mensarum
851 1009 1075 1050 abbatialium,
1098 1008 1186 1052 capi-

455 1068 617 1107 tularium,
634 1071 697 1099 tam
714 1062 952 1098 cathedralium
970 1067 1002 1095 et
1018 1066 1186 1105 metropo-

454 1122 636 1160 litanarum,
663 1128 759 1162 quam
785 1125 1066 1161 quarumcumque
1087 1115 1187 1148 eolle-

456 1177 614 1219 giatarum
640 1171 866 1211 ecclesiarum,
893 1179 1021 1203 necnon
1047 1178 1188 1202 conven-

456 1228 601 1267 tualium,
627 1226 834 1270 prioratuum
854 1230 996 1267 quoque,
1018 1220 1205 1266 praeposi-¹

457 1288 626 1321 turarum,
660 1277 982 1323 praeceptoriarum,
1017 1274 1189 1308 canonica-

458 1341 548 1368 tuum
580 1339 619 1373 et,
642 1331 905 1377 praebendarum
924 1357 932 1370 ,
970 1328 1164 1371 dignitatum
1180 1313 1206 1368 ,i

458 1392 691 1434 personatuum
709 1413 716 1426 ,
742 1383 1061 1418 administrationum
1092 1369 1208 1415 etiam*

459 1441 599 1475 fabricae
615 1444 646 1473 et
661 1438 852 1477 officiorum,
864 1441 1117 1479 ceterorumque
1134 1435 1191 1467 be—
1206 1461 1210 1496 ι

459 1494 650 1529 nesiciorum
676 1491 987 1531 ecclesiasticorum,
1016 1500 1089 1523 cum
1114 1490 1210 1522 curay

460 1554 491 1582 et
512 1548 581 1581 sine
599 1549 685 1587 eura,
712 1544 919 1585 secularium,
942 1554 979 1576 ac
1003 1543 1034 1576 S.
1054 1543 1193 1576 Benedi-

460 1602 511 1641 cti,
537 1601 567 1635 S.
595 1600 783 1644 Augustini,
809 1597 1042 1637 Cluniacensis,
1073 1596 1193 1630 Cister-

461 1656 589 1696 ciensis,
616 1652 964 1692 praemonstratensis,
984 1662 1020 1684 ac
1039 1661 1194 1695 quorum-

462 1720 601 1754 cumque
625 1709 763 1742 aliorum
780 1707 935 1740 Ordinum
953 1706 1127 1749 utriusque
1144 1715 1195 1737 se-

463 1775 539 1804 xus,
566 1763 663 1796 etiam
688 1761 944 1795 mendicantium
970 1769 1095 1792 annuos
1121 1758 1195 1791 red-

464 1818 549 1851 ditus
584 1815 794 1855 habentium,
822 1820 887 1847 tam
918 1813 1064 1846 virorum
1098 1822 1194 1855 quarn

463 1870 647 1910 mulierum,
674 1879 801 1901 necnon
828 1866 1120 1910 congregationum
1145 1875 1196 1897 re-

465 1924 642 1968 gularium,
668 1922 893 1955 institutorum
919 1920 1137 1963 regularium,
1165 1923 1197 1951 et

466 1977 677 2015 societatum,
716 1975 813 2008 etiam
842 1973 1013 2007 Societatis
1042 1972 1139 2012 Iesu,
1167 1977 1198 2004 et

467 2035 639 2074 praeterea
663 2028 875 2071 hospitalium
891 2054 898 2067 ,
924 2037 1055 2059 necnon
1079 2026 1197 2060 Beatae

467 2082 584 2116 Mariae
614 2080 913 2119 Theutonicorum,
951 2079 981 2112 S.
1018 2079 1125 2111 lacobi
1160 2079 1198 2110 de

469 2134 598 2177 Spatha,
622 2134 802 2173 Alcantara,
821 2132 995 2172 Calatrava,
1016 2132 1054 2164 de
1077 2131 1150 2163 Avis
1169 2135 1201 2163 et

471 2186 634 2225 Montesia,
660 2196 787 2219 necnon
813 2186 843 2219 S.
870 2185 981 2218 Lazari
1007 2189 1038 2217 et
1063 2184 1200 2217 aliarum

472 2250 750 2283 quarumcumque
776 2239 964 2272 militiarum
983 2238 1141 2282 (exceptis
1156 2242 1203 2270 ta-

473 2302 549 2325 men
568 2292 598 2324 S.
618 2291 655 2324 R.
674 2292 708 2324 E.
735 2292 964 2331 cardinalibus,
986 2302 1022 2324 ac
1047 2290 1202 2323 fratribus

474 2345 631 2378 militibus
667 2345 697 2377 S.
731 2345 858 2377 loannis
895 2342 1202 2388 Hierosolymitani,

476 2398 530 2442 qui
545 2408 604 2441 pro
618 2398 667 2430 sui
682 2399 782 2431 tutela
800 2402 911 2430 contra
936 2397 1055 2431 Turcas
1075 2402 1107 2430 et
1124 2397 1204 2430 alios

476 2450 625 2483 infideles
651 2450 765 2483 alienis
798 2451 924 2483 auxiliis
951 2450 1096 2494 quotidie
1121 2449 1206 2483 indi-

478 2509 563 2546 gent,
583 2509 623 2545 et,
642 2504 748 2546 quoad
770 2508 890 2543 curata,
915 2504 954 2536 iis
973 2514 1113 2547 quorum
1131 2514 1207 2538 een-

479 2562 564 2597 tum,
591 2567 655 2599 quo
680 2566 757 2588 vero
784 2556 821 2588 ad
855 2556 1015 2600 simplicia
1046 2556 1206 2590 beneficia

480 2610 709 2650 ecclesiastica,
727 2609 765 2641 iis
788 2619 925 2653 quorum
943 2610 1041 2642 annui
1058 2611 1206 2644 redditus

1027 220 1205 246 BULLARIL'M
1230 219 1381 244 ROMANL‘M

1216 277 1376 299 summam
1393 266 1652 312 vigintiquatuor
1670 270 1862 305 ducatorum
1881 275 1951 306 auri

1216 321 1256 353 de
1283 321 1413 352 camera
1436 330 1503 352 non
1528 322 1703 366 excedunt)
1721 323 1753 356 in
1774 325 1951 367 praedictis

1216 372 1327 415 regnis
1354 372 1513 406 Castellae
1540 378 1572 406 et
1596 375 1746 418 Legionis
1768 388 1803 410 ac
1830 378 1952 421 Arago-

1216 425 1290 458 niae
1320 430 1352 458 et
1384 425 1571 467 valentiae,
1602 437 1731 461 necnon
1764 430 1949 474 principatu

1965 225 2020 253 An.
2038 226 2064 253 c.
2082 227 2150 262 16⁶3

1216 478 1413 520 Cataloniae,
1439 484 1537 522 atque
1555 480 1677 513 -insulis
1702 481 1892 516 Balearibus
1919 490 1949 516 et
1994 482 2001 487 ”

1215 530 1376 573 Sardinia,
1400 533 1619 576 omnibusque
1644 534 1822 576 provinciis
1848 541 1878 569 et
1905 537 1952 569 di—

1217 584 1361 617 tionibus
1398 585 1431 617 in
1468 585 1592 618 eisdem
1628 587 1737 629 regnis
1771 594 1803 620 et
1835 589 1950 622 insulis

1200 638 1466 681 «comprehensis
1489 638 1716 680 existentium,
1739 651 1775 673 ac
1800 642 1951 675 similiter

1217 691 1360 724 omnium
1392 692 1589 734 pensionum
1626 703 1727 736 super
1760 695 1950 737 praemissis

1217 744 1456 788 assignatarum
1482 750 1514 778 et
1531 747 1817 790 assignandarum,
1845 749 1952 792 perci—

1217 798 1370 842 piendam
1388 803 1420 831 et
1437 799 1629 841 exigendam
1648 811 1665 832 a
1688 800 1951 845 quibuscumque

1217 852 1500 896 archiepiscopis,
1528 853 1710 897 episcopis,
1736 854 1950 897 primatibus,

1217 905 1426 948 praepositis,
1453 906 1603 946 decanis,
1631 906 1793 949 capitulis,
1819 908 1952 940 canoni-

1218 958 1273 998 cis,
1300 957 1494 997 rectoribus,
1520 957 1736 999 beneficiatis,
1764 960 1951 1001 abbatibw,

1218 1010 1400 1054 prioribus,
1426 1011 1736 1052 commendatariis,
1763 1013 1951 1053 abbatissis,

1219 1063 1403 1107 priorissis,
1430 1063 1603 1106 fratribus,
1629 1064 1797 1104 militibus,
1824 1070 1857 1098 et
1881 1066 1952 1099 aliis

1220 1126 1427 1160 quocumque
1452 1116 1582 1152 nomine
1604 1117 1809 1160 nuncupatis,
1829 1119 1954 1151 secula-

1220 1170 1310 1202 ribus
1329 1174 1361 1203 et
1381 1170 1600 1213 regularibus,
1625 1169 1822 1214 ceterisque,
1846 1170 1954 1204 cuius-

1221 1234 1361 1267 cumque
1387 1222 1569 1266 dignitatis,
1588 1227 1691 1255 status
1710 1227 1742 1255 et
1756 1224 1954 1256 conditionis

1222 1276 1447 1315 existentibus,
1472 1275 1619 1319 praefata
1644 1286 1852 1319 quocumque
1872 1277 1953 1316 iure,

1222 1328 1328 1368 modo,
1356 1328 1529 1361 occasione
1552 1332 1584 1360 et
1608 1328 1703 1362 titulo
1730 1329 1954 1362 obtinentibus

1224 1391 1281 1413 seu
1308 1380 1530 1413 detinentibus
1550 1385 1582 1413 et
1606 1381 1801 1422 obtenturis,
1827 1392 1956 1415 necnon

1225 1434 1414 1468 oeconomis
1440 1440 1472 1467 et
1496 1435 1818 1468 administratoribus
1838 1446 1958 1480 perpe-

1225 1488 1288 1520 tuis
1304 1498 1362 1520 seu
1378 1488 1627 1532 temporalibus,
1642 1488 1905 1529 usufructuariis,
1921 1499 1958 1522 ac

1226 1541 1360 1581 fructus,
1378 1542 1566 1585 pensiones,
1584 1552 1637 1575 res
1656 1546 1688 1575 et
1705 1541 1767 1575 alia
1784 1552 1960 1586 quaecum-

1227 1605 1289 1639 que
1307 1594 1495 1628 huiusmodi
1512 1596 1582 1628 iura
1598 1600 1630 1628 et
1646 1596 1733 1628 bona
1751 1606 1787 1628 ex
1807 1605 1960 1639 quacum-

1228 1659 1289 1692 que
1316 1650 1422 1688 causa,
1448 1649 1561 1692 quavis
1590 1649 1802 1689 auctoritate,
1830 1649 1863 1681 in
1890 1654 1959 1682 toto

1227 1703 1277 1735 vel
1296 1702 1329 1734 in
1346 1708 1449 1746 parte,
1465 1703 1527 1735 sibi
1548 1707 1714 1735 reservata
1732 1707 1788 1735 aut
1804 1713 1962 1736 concessa

1229 1756 1427 1789 habentibus
1446 1757 1495 1788 vel
1518 1756 1691 1796 habituris,
1708 1756 1914 1789 secularibus
1931 1761 1964 1789 et

1229 1810 1436 1853 regularibus
1461 1809 1633 1849 Ordinum,
1660 1809 1962 1852 congregationum,

1229 1863 1416 1896 militiarum
1431 1868 1463 1895 et
1480 1862 1692 1906 hospitalium
1709 1862 1964 1906 praedictorum,

1231 1926 1359 1949 necnon
1374 1917 1413 1948 ab
1431 1916 1511 1959 ipsis
1530 1915 1687 1954 ecclesiis,
1710 1915 1871 1958 capitulis,
1888 1924 1966 1947 con-

1231 1970 1399 2008 ventibus,
1426 1968 1616 2008 Ordinibus,
1643 1967 1964 2010 congregationibus,

1233 2022 1389 2065 collegiis,
1416 2022 1647 2065 hospitalibus,
1672 2021 1807 2061 militiis⁷
1833 2020 1965 2059 niensis,

1233 2076 1349 2109 massis
1365 2080 1396 2108 et
1410 2075 1500 2115 locis,
1519 2083 1726 2118 quocumque
1744 2073 1917 2117 privilegio
1936 2078 1968 2106 et

1235 2128 1441 2172 exemptione
1473 2128 1574 2170 reali,
1599 2127 1767 2172 personali
1793 2132 1825 2160 et
1849 2127 1967 2169 mixta,

1235 2183 1366 2225 antiqua
1380 2187 1411 2214 et
1426 2180 1685 2220 immemorabili,
1700 2179 1835 2223 pacifica
1850 2184 1881 2212 et
1893 2190 1970 2213 con·

1236 2236 1361 2269 tinuata
1385 2234 1536 2275 suffultis,
1563 2245 1645 2278 quos
1672 2244 1787 2267 omnes
1810 2234 1969 2277 (exceptis

1237 2287 1449 2333 supradictis)
1476 2287 1722 2328 collectoribus,
1747 2290 1783 2318 ut
1807 2286 1891 2319 infra
1915 2286 1971 2319 de-

1238 2341 1401 2387 putandis,
1419 2341 1569 2374 volumus
1588 2340 1748 2373 decimam
1768 2338 1971 2383 praedictam

1238 2395 1322 2428 insra
1347 2395 1428 2427 duos
1454 2404 1557 2427 annos
1582 2393 1758 2437 proximos
1777 2392 1910 2425 illorum
1927 2392 1973 2425 vi-

1240 2449 1360 2482 delieet
1384 2448 1514 2491 singulo
1538 2457 1599 2491 pro
1630 2446 1821 2487 medietate,
1845 2446 1974 2490 persol-

1240 2502 1337 2536 visse.

1283 2556 1298 2599 5
1321 2556 1352 2588 ⁶2.
1379 2556 1600 2588 Decernentes
1630 2554 1735 2587 nullas
1761 2552 1895 2586 omnino
1920 2563 1974 2586 ex-

1241 2609 1425 2654 emptiones
1457 2614 1489 2642 et
1520 2607 1742 2641 immunitates
1769 2607 1974 2643 exactionem

2015 2560 2136 2584 Clau-:tm
