2247 3208
106 236 161 264 An.
176 234 206 262 C.
230 234 298 263 1669

177 1668 289 1688 Praetutia

108 1694 203 1715 Pontifex
216 1702 233 1715 c·
244 1695 290 1714 ntir-

108 1725 158 1742 υωῑ.

931 236 1074 268 CLEMENS
1098 237 1129 260 tx
1152 234 1200 260 FP.

302 283 412 317 rochis
438 288 470 316 et
494 285 629 318 maxime
651 295 808 328 pagorum
834 289 865 318 et
889 284 1036 317 villarum

301 337 448 379 iniungh,
470 343 504 370 ut
521 348 575 371 eos
601 339 649 370 vel
676 349 733 381 per
758 349 791 371 se
816 339 866 371 vel
892 348 950 381 per
967 348 1036 379 cap-

300 389 447 432 pellanos
461 391 636 427 naturales,
654 391 679 422 si
699 389 850 433 talesipsi
870 401 933 422 uon
951 394 1034 429 sunt,

301 442 385 474 ultra
404 441 477 475 fidei
500 443 696 476 christianae
718 443 910 481 rudimenta,
938 452 1036 484 gram-

300 495 433 530 matices
459 496 555 528 etiam
581 496 830 535 iustitutionem,
847 502 1035 537 ceterasque

302 553 385 580 artes
404 548 564 589 liberales
587 548 693 592 quoad
718 547 786 581 fieri
812 547 942 591 poterit,
960 547 1037 579 edo-

300 606 404 633 ceant.

343 663 386 686 tv.
404 653 560 693 Decrevit,
582 654 744 696 quoniam,
764 657 799 685 ut
816 652 959 685 auditum
978 656 1034 689 est,

300 706 331 737 iu
370 706 637 748 processionibus
681 705 897 743 solemnibus,
940 703 1035 736 etiam

299 758 352 790 SS.
380 758 531 802 Corporis
556 758 683 797 Christi,
711 768 747 790 ex
773 757 943 799 gentilium
968 767 1037 789 mo-

300 811 390 843 ribus
415 810 495 843 ritus
514 810 612 854 aliqui
630 810 696 843 sive
712 815 801 842 artus
821 810 1034 852 irrepserunt,

300 864 363 907 qui,
383 864 457 896 licet
479 863 612 896 honoris
631 868 662 896 et
686 863 815 896 maioris
841 863 944 895 cultus
965 872 1036 904 gra-

300 917 342 948 tia
360 916 589 955 exhibeantur,
605 916 806 948 maiestatem
824 915 1035 947 nihilominus

299 968 495 1001 christianae
514 968 683 1011 religionis
709 979 774 1001 non
796 967 963 1000 minimum
984 968 1036 1000 de-

300 1023 426 1062 decent,
453 1033 543 1055 saera
567 1023 774 1065 congregatio
800 1021 900 1054 vetuit
920 1032 959 1054 ne
979 1021 1036 1053 im-
1056 1017 1058 1023 ⁴

299 1080 466 1118 posterum
492 1076 729 1118 permittantur,
752 1080 784 1107 et
800 1080 947 1107 arceatur
971 1085 1036 1106 om-

299 1128 376 1161 nino
402 1129 561 1171 quidquid
586 1128 700 1161 ludicri
726 1134 779 1159 aut
805 1128 908 1160 minus
933 1127 1035 1170 gravis

300 1181 440 1223 speeiem
465 1181 604 1224 aliquam
632 1180 794 1213 habuerit:
820 1182 908 1213 nullo
939 1180 1035 1212 modo

300 1239 407 1267 autern
433 1234 530 1266 liceat
554 1233 782 1266 ecclesiasticis
807 1239 837 1264 et
862 1233 1034 1275 praecipue

299 1286 510 1328 regularibus,
536 1291 703 1329 praetextu
730 1285 1036 1327 diguitatis‚g1·a(lus

300 1345 353 1371 aut
368 1339 472 1379 officii,
491 1340 666 1371 umbellam
684 1339 716 1370 in
738 1338 775 1370 iis
802 1343 942 1380 gestare:
969 1338 1034 1377 sed,

300 1402 362 1434 quo
381 1391 494 1424 maiori
512 1392 719 1434 praefulgent
736 1391 904 1432 dignitate,
924 1400 962 1422 eo
981 1391 1036 1422 de-

299 1444 424 1476 missius
436 1443 560 1476 divinae
575 1443 731 1476 maiestati
746 1443 935 1485 obsequium
949 1453 1035 1485 prae-

300 1502 406 1537 stare,
431 1497 579 1540 aliosque
617 1496 810 1528 christianos
847 1495 1035 1528 humilitatis

300 1550 447 1593 exemplo
465 1550 593 1593 praeire
612 1550 768 1582 nitantur.

343 1604 455 1636 Datum
472 1603 592 1636 Romae
607 1603 658 1635 die
676 1613 739 1636 xxii
756 1602 824 1635 iulii
843 1611 985 1635 MDCLVHI
1002 1614 1032 1634 n.

345 1657 359 1700 ἓ
390 1656 421 1689 3.
456 1656 545 1689 Nune
570 1662 675 1689 autem
704 1667 779 1696 nos,
813 1656 1035 1698 spiritualibus

300 1709 560 1742 christifidelium
593 1720 657 1742 non
693 1710 797 1742 solum
830 1708 916 1741 Goae
947 1713 979 1741 et
1002 1708 1034 1740 in

300 1763 414 1796 insulis
445 1763 666 1796 adiacentibus
697 1763 755 1795 sed
780 1762 876 1795 etiam
900 1762 933 1794 in
965 1762 1035 1794 uni-

298 1816 397 1849 versis
421 1815 582 1848 Indiarum
599 1815 810 1848 Orientalium
829 1815 946 1858 regnis,
962 1825 1035 1857 pro-

298 1869 410 1902 vinciis
436 1876 466 1902 et
490 1870 678 1912 regionibus
707 1869 893 1911 degentium
926 1879 1036 1901 neees-

298 1923 448 1956 sitatibus
488 1922 719 1966 prosperisque
756 1922 788 1954 in
830 1922 878 1954 via
910 1922 1034 1955 Domini

298 1976 524 2020 progressibus
535 1976 687 2019 pastorali
706 1975 925 2007 sollicitudine
940 1981 1033 2018 atque

300 2030 457 2062 charitate
477 2029 651 2062 salubriter
667 2029 838 2061 consulere
857 2029 1034 2072 cupientes,
1056 2062 1057 2071 ἵ

1055 2073 1057 2116 i
1078 2094 1236 2127 personae
1261 2084 1293 2116 in
1319 2084 1534 2116 ecclesiastiea
1564 2083 1718 2125 dignitate
1743 2092 1814 2114 eon-

300 2136 426 2168 iusdem
450 2135 482 2168 S.
518 2135 553 2167 R.
585 2135 619 2167 E.
653 2135 863 2168 cardinalium
897 2136 1056 2178 negotiist

301 2083 339 2115 de
364 2081 596 2115 venerabilium
630 2082 761 2114 fratrum
794 2087 977 2114 nostrorum
1003 2093 1035 2114 e-

300 2189 530 2232 Propagandae
556 2188 646 2221 Fidei
677 2189 934 2232 praepositorum
959 2199 1035 2221 eon-

300 2241 393 2281 silio‚
421 2242 542 2274 litteras
568 2242 740 2274 Alexandri
766 2242 1032 2285 praedecessoris,

299 2301 332 2327 et
355 2295 490 2327 subinde
506 2301 653 2328 emanata
671 2296 799 2328 decreta
817 2296 1032 2338 praeinserta,

298 2348 470 2391 omniaque
501 2354 532 2380 et
563 2349 689 2391 singula
721 2350 752 2381 in
785 2349 830 2381 eis
855 2349 1032 2392 respective

298 2406 451 2434 contenta
468 2407 499 2434 et
517 2412 679 2444 expressa,
699 2403 886 2435 auctoritate
906 2409 1033 2445 aposto-

297 2454 370 2495 liea,
397 2459 512 2486 tenore
537 2455 764 2497 praesentium,
791 2461 948 2498 perpetuo
976 2467 1032 2499 ap—

297 2508 483 2550 probamus,
511 2507 737 2540 confirmamus
763 2514 793 2540 et
818 2507 1029 2549 innovamus,

298 2559 426 2602 illisque
453 2559 648 2592 inviolabilis
674 2561 872 2603 apostolicae
899 2562 1031 2594 firmita-

301 2612 340 2644 tis
365 2612 462 2645 robur
494 2613 682 2655 adjicimus,
710 2624 744 2646 ae
780 2614 832 2646 illa
868 2615 974 2648 omnia
1000 2621 1031 2647 et

1718 227 1777 261 821

1079 286 1205 327 singula
1231 285 1269 318 ad
1295 285 1402 318 omnia
1426 286 1587 319 Indiarum
1604 284 1813 320 Orientalium

1080 349 1202 381 regua,
1229 339 1410 382 provincias
1442 345 1473 372 et
1496 340 1646 382 regiones
1671 339 1814 372 extendi-

1080 403 1150 423 mus
1175 398 1206 424 ct
1231 392 1430 435 ampliamus,
1448 393 1556 435 ibique
1573 394 1675 425 locum
1694 393 1814 424 habere

1080 445 1293 485 decernimus,
1321 456 1355 477 ac
1381 457 1438 489 per
1464 456 1680 489 quascunupie
1706 456 1817 488 perso-

1081 508 1135 529 nas
1162 498 1258 530 etiam
1285 499 1472 539 regulares,
1498 498 1633 530 cuiusvis
1659 498 1787 531 Ordinis
1807 525 1814 538 ,

1079 551 1340 593 congregationis
1366 557 1397 583 et
1422 551 1574 591 instituti,
1601 558 1665 584 tam
1698 551 1818 583 Mendi-

1079 603 1219 635 cautiuni
1234 614 1329 646 quam
1351 614 1415 637 non
1440 605 1700 646 mendicantium,
1720 605 1816 637 etiam

1079 655 1247 687 Societatis
1274 655 1368 695 lesu,
1394 656 1478 689 Goae
1509 664 1540 690 et
1565 657 1595 689 in
1622 657 1736 689 insulis
1762 657 1817 688 ad-

1079 707 1257 740 iacentibus
1273 709 1353 740 acin
1370 709 1528 742 universis
1539 709 1700 742 indiarum
1710 709 1818 742 Orien-

1080 760 1192 793 talium
1218 761 1340 803 regnis,
1364 762 1540 804 provinciis
1566 768 1597 795 et
1628 762 1814 805 regionibus

1080 813 1264 847 huiusmodi
1290 825 1375 847 nunc
1396 820 1427 847 et
1451 826 1510 858 pro
1536 821 1680 858 tempore
1696 816 1815 857 degen-

1080 871 1139 906 tes,
1166 866 1394 910 cuiuscumque
1417 873 1530 909 status,
1553 869 1680 910 gradus,
1705 868 1816 901 condi-

1080 919 1187 958 tionis,
1214 920 1377 962 qualitatis
1403 925 1435 953 ct
1459 920 1735 964 praeeminentiae
1754 921 1817 953 exi-

1079 977 1174 1012 stant,
1193 973 1231 1005 ad
1249 983 1391 1016 unguem
1414 973 1645 1006 inviolabiliter
1661 978 1692 1006 et
1707 979 1815 1006 exacte

1079 1025 1252 1065 observari,
1279 1026 1392 1058 eadem
1413 1026 1613 1066 auctoritate,
1633 1026 1746 1058 harum
1768 1037 1816 1058 se-

1079 1079 1134 1118 rie,
1162 1079 1271 1111 itidem
1290 1085 1447 1122 perpetuo
1468 1079 1704 1123 praecipimus,
1725 1080 1815 1112 volu-

1080 1142 1149 1164 mus
1175 1137 1206 1164 et
1230 1133 1429 1165 mandamus.

1122 1184 1181 1227 gd«.
1208 1184 1424 1217 Dccernentes
1449 1185 1572 1228 pariter
1596 1185 1640 1218 ita
1664 1185 1695 1217 in
1721 1196 1813 1228 prae-

1079 1237 1183 1270 missis
1208 1248 1266 1280 per
1290 1249 1510 1281 quoscumque
1539 1237 1661 1270 iudices
1686 1238 1813 1280 ordina-

1080 1290 1145 1322 rios
1171 1295 1201 1322 et
1216 1290 1392 1332 delegatos,
1407 1291 1502 1323 etiam
1520 1301 1686 1323 causarum
1705 1290 1815 1333 palatii

1079 1343 1248 1386 apostolici
1274 1343 1448 1383 auditores,
1474 1343 1610 1376 iudicari
1637 1348 1668 1376 et
1688 1342 1815 1375 definiri

1080 1396 1211 1435 debere,
1227 1406 1262 1427 ac
1277 1395 1403 1427 irritum
1421 1401 1451 1428 et
1469 1396 1564 1428 inane
1583 1395 1609 1427 si
1632 1395 1707 1438 quid
1726 1405 1816 1427 secus

1079 1459 1178 1491 super
1202 1447 1252 1480 liis
1270 1459 1287 1480 a
1302 1459 1473 1492 quoquam,
1489 1449 1598 1491 quavis
1617 1447 1815 1487 auctoritate,

1079 1501 1220 1534 scienter
1236 1503 1286 1534 vel
1312 1502 1509 1544 ignoranter,
1530 1501 1702 1543 eontigerit
1719 1506 1816 1533 atten-

1081 1553 1149 1586 tari

1121 1608 1136 1651 ἓ
1161 1607 1191 1640 5.
1218 1607 1287 1640 Non
1304 1607 1504 1640 obstantibus
1521 1607 1669 1640 omnibus
1695 1611 1727 1639 et
1751 1606 1813 1639 sin-

1079 1660 1162 1702 gulis
1196 1661 1258 1693 illis
1295 1672 1378 1704 quae
1410 1668 1606 1694 memoratus
1632 1660 1813 1693 Alexander

1078 1714 1309 1756 praedeeessor
1333 1714 1365 1746 in
1383 1714 1448 1746 suis
1467 1714 1583 1746 litteris
1604 1713 1813 1756 praeinsertis

1077 1768 1177 1800 voluit
1202 1778 1267 1800 non
1286 1768 1428 1808 obstare,
1446 1767 1627 1810 ceterisque
1642 1766 1812 1800 contrariis

1079 1820 1345 1864 quibuscumque.

1123 1876 1136 1916 g*
1172 1872 1202 1905 6.
1237 1873 1389 1906 Volumus
1422 1877 1527 1905 autem
1563 1877 1598 1904 ut
1629 1871 1813 1905 earumdem

1078 1925 1298 1969 praesentium
1323 1925 1502 1958 litterarum
1522 1924 1738 1967 transumptis,
1757 1935 1814 1956 seu

1079 1978 1246 2021 exemplis,
1264 1978 1360 2010 etiam
1392 1977 1569 2020 impressis,
1595 1988 1692 2010 manu
1718 1976 1815 2009 alieu-

1078 2031 1126 2063 ius
1151 2031 1265 2064 notarii
1291 2031 1412 2074 publici
1438 2029 1638 2073 subscriptis,
1655 2036 1687 2062 et
1707 2030 1813 2071 sigillo

1079 2138 1209 2170 stitutae
1234 2136 1375 2176 munitis,
1392 2137 1504 2169 eadem
1523 2147 1655 2179 prorsus
1682 2135 1761 2168 sides
1780 2135 1813 2168 in

1078 2190 1196 2222 iudicio
1228 2195 1259 2222 et
1289 2195 1379 2221 extra
1405 2189 1484 2222 illud
1515 2189 1633 2231 ubique
1659 2188 1813 2221 adhibea-

1056 2248 1141 2282 'tur,
1168 2252 1250 2285 quae
1276 2242 1355 2285 ipsis
1386 2242 1612 2285 praesentibus
1645 2241 1814 2274 adhibere-

1055 2309 1056 2316 *
1077 2302 1144 2336 tur,
1170 2295 1195 2327 si
1221 2296 1327 2327 forent
1352 2294 1513 2327 exhibitae
1537 2296 1582 2327 vel
1603 2300 1765 2327 ostensae.

1120 2349 1232 2381 Datum
1259 2348 1400 2388 Romae,
1428 2348 1510 2390 apud
1537 2348 1568 2380 S.
1597 2348 1726 2380 Mariam
1752 2348 1814 2380 Ma-

1069 2401 1187 2441 iorem,
1210 2402 1268 2433 sub
1290 2402 1408 2433 annulo
1423 2401 1603 2440 piscatoris,
1624 2401 1673 2433 die
1692 2411 1749 2434 xm
1764 2412 1814 2433 se-

1077 2454 1232 2497 ptembris
1250 2464 1399 2493 ninctxix,
1417 2454 1622 2497 pontificatus
1643 2455 1744 2487 nostri
1760 2464 1814 2486 an-

1076 2519 1116 2540 no
1140 2519 1186 2540 111.

1110 2571 1167 2597 bat.
1185 2570 1227 2598 die
1247 2571 1275 2597 13
1291 2570 1453 2605 septembris
1476 2571 1553 2604 1662,
1566 2570 1659 2605 pontif.
1680 2578 1748 2596 anno
1765 2576 1803 2595 tu,

1827 238 1876 264 Au.
1897 237 1924 265 C.
1946 239 2010 266 *Coo

1851 1197 1961 1217 [metatum
1980 1201 2004 1218 11⁸¹

1824 1227 1895 1244 ΓΗΆΩΞ.

1894 1619 2008 1649 Dat-nastio

1823 1648 1984 1665 contrariorum.

1858 1882 2007 1905 ‘ti-inaumpzo·

1826 1914 1869 1927 runi
1885 1907 1945 1928 fides.
