2247 3208
118 206 166 232 An.
184 204 212 232 C.
235 204 302 231 1663

151 580 300 605 Transumpto-

117 611 163 627 rum
179 606 237 626 fides.

144 1995 267 2018 Exordium.

908 200 1095 224 ALEXANDER
1120 201 1163 225 vn
1189 201 1236 224 PP.

310 256 382 285 ctae
399 250 473 284 Sedi
491 248 755 292 competentium,
773 248 935 291 nobisque
951 248 1051 281 sacul-

311 309 411 337 tatem
445 312 648 335 reservamus
679 301 743 334 illis
780 301 1048 343 quandocumque

309 355 422 389 utendi
448 365 486 387 eo
512 355 610 387 modo
636 364 699 397 quo
725 364 785 386 nos
814 354 899 385 Deus
930 353 1050 386 illumi-

310 407 401 441 nabit
419 412 451 440 et
469 407 642 439 memorati
661 407 779 439 fratres
797 406 902 439 nostri
917 406 995 438 SR.
1012 406 1045 437 E.

312 460 494 493 cardinales
520 459 747 498 insinuabunt,
774 469 810 491 ac
842 463 939 501 prout
963 458 1047 490 vires

311 519 441 547 nostrae
454 513 562 545 divino
575 512 692 545 auxilio
706 510 846 544 innixae¹
858 515 1045 553 suppetent.

356 567 370 609 g
389 566 419 599 6.
435 566 589 598 Volumus
607 570 715 597 autem
733 569 768 596 ut
784 563 928 606 ipsarum
953 572 1049 605 prae-

312 618 453 651 sentium
489 618 674 650 litterarum
712 614 924 658 transumptis
946 641 953 655 ,
991 625 1047 647 seu

312 671 487 714 exemplis,
513 670 611 702 etiam
643 668 835 712 impressis,
866 677 964 700 manu
990 667 1048 699 ali-

311 723 403 755 cuius
430 722 548 755 notarii
574 721 697 765 publici
724 720 929 763 subscriptis,
952 724 985 752 et
1009 719 1047 752 si-

310 776 388 817 gillo
414 784 575 818 personae
594 774 627 806 in
648 773 805 816 dignitate
823 773 1047 806 ecelesiastica

310 827 507 860 constitutae
533 826 686 865 munitis,
713 826 829 858 eadem
854 835 991 868 prorsus
1013 825 1048 857 fi-

311 880 367 913 des
397 879 519 922 ubique
545 880 694 911 locorum
720 884 753 911 et
775 879 920 920 gentium
946 880 978 911 in
1004 879 1047 912 iu-

311 932 395 965 dicio
413 937 445 964 et
459 937 550 964 extra
563 931 643 964 illud
661 931 831 970 habeatur,
851 942 934 974 quae
956 942 1048 975 prae-

310 985 457 1018 sentibus
483 984 562 1028 ipsis
598 985 788 1023 haberetur,
815 984 841 1016 si
868 984 976 1017 forent
993 996 1046 1017 ex-

311 1037 433 1070 hibitae
451 1038 500 1069 vel
519 1042 681 1069 ostensae.

354 1090 467 1122 Datum
489 1090 626 1129 Romae,
653 1090 739 1132 apud
772 1089 802 1122 S.
830 1089 961 1123 Mariam
987 1091 1048 1123 Ma-

311 1142 430 1183 iorem,
457 1143 517 1175 sub
542 1143 662 1175 annulo
688 1142 879 1182 piscatoris,
907 1143 958 1175 die
990 1154 1046 1177 xm

312 1194 440 1237 augusti
464 1204 617 1234 MDCinu,
636 1194 842 1237 pontificatus
864 1196 967 1228 nostri
993 1206 1048 1228 an-

311 1258 354 1280 no
379 1257 421 1280 lx.

345 1308 407 1335 Dat.
428 1307 471 1334 die
494 1307 525 1335 13
544 1308 650 1343 augusti
671 1308 749 1341 1663,
768 1309 862 1344 pontis.
884 1317 928 1336 an.
950 1315 985 1336 lx.

621 1424 731 1457 CDLII.

315 1493 407 1535 Quod
431 1494 574 1538 officium
596 1494 777 1538 praepositi
791 1495 951 1538 qeneralis
973 1496 1048 1530 Con—

355 1548 555 1591 97'e9at1'onis
569 1548 760 1581 clericorum
773 1548 975 1591 regularium
986 1550 1048 1582 Mt-

355 1611 472 1634 ‘norum
499 1602 535 1633 in
559 1601 651 1633 domo
675 1602 706 1634 S.
727 1602 902 1634 Laurentii
926 1604 961 1635 in
986 1604 1048 1635 Lu-

356 1655 432 1686 cina
461 1653 499 1686 de
533 1654 614 1686 Urbe
642 1654 762 1686 durare
785 1654 893 1687 debeat
919 1655 951 1687 in
973 1666 1047 1698 per-

353 1710 498 1750 petuum,
519 1716 592 1738 cum
608 1706 764 1748 facultate
782 1711 889 1739 lamen
905 1708 1048 1750 capitulo

355 1759 502 1802 qeneralz'
533 1759 678 1802 eli‘yencli
708 1759 814 1792 alium
841 1761 870 1792 si
901 1761 1048 1804 eoepedz're

356 1811 529 1844 videbitur.

507 1882 674 1909 Alexander
694 1883 772 1915 Papa
791 1883 852 1916 vu,

455 1926 491 1952 ad
507 1926 639 1952 futuram
654 1926 700 1953 rei
719 1927 900 1953 memoriam.

357 1986 493 2020 Nomine
519 1987 714 2019 dilectorum
731 1986 871 2019 filiorum
889 1988 1049 2021 vocalium

314 2039 446 2083 capituli
472 2039 634 2082 generalis
659 2039 926 2082 Congregationis
956 2041 1050 2073 cleri-

314 2104 425 2126 corum
457 2092 655 2135 regularium
692 2093 851 2126 Minorum
884 2093 917 2125 in
954 2094 1049 2126 domo

314 2145 457 2188 regulari
482 2145 512 2178 S.
532 2145 698 2178 Laurentii
717 2146 749 2177 in
771 2146 891 2178 Lucina
908 2147 947 2179 de
965 2146 1049 2179 Urbe

314 2204 587 2241 congregatorum
612 2199 705 2232 nobis
735 2210 841 2242 nuper
871 2200 1051 2243 expositum

315 2252 375 2284 suit
399 2253 486 2295 quod
512 2252 600 2294 (cum
629 2253 713 2285 dicta
730 2252 945 2296 Congregatio
964 2264 981 2285 a
1006 2253 1051 2285 se-

314 2304 383 2338 licis
415 2303 649 2336 recordatiouis
679 2304 765 2336 Sixto
795 2305 880 2347 Papa
911 2305 933 2336 V
959 2316 1052 2348 prae-

315 2356 487 2389 decessore
513 2361 624 2389 nostro
649 2367 708 2400 per
734 2358 891 2400 quasdam
917 2368 989 2390 suas
1015 2360 1051 2390 ea

315 2420 412 2453 super
435 2420 469 2442 re
494 2409 658 2453 expeditas
683 2410 806 2442 litteras
823 2410 967 2443 instituta
987 2411 1052 2443 l'ue-

316 2462 359 2494 rit
374 2464 412 2495 ea
435 2463 516 2505 lege⁷
535 2462 620 2494 inter
643 2462 714 2501 alia,
733 2467 768 2494 ut
791 2462 890 2505 ipsius
911 2463 1052 2505 Congre-

318 2514 454 2557 gationis
478 2514 681 2558 praepositus
707 2515 865 2557 generalis
891 2516 930 2548 ad
955 2516 1051 2548 vitam

354 2576 365 2604 1
388 2575 458 2603 Edit.
474 2575 552 2603 Μαίη.
570 2575 635 2611 legit
651 2576 753 2604 innixe
768 2577 805 2611 (11.
823 2577 871 2613 1.).

1092 248 1206 280 durare
1231 248 1371 288 debent,
1391 248 1473 280 sicut
1493 259 1526 281 re
1548 249 1617 292 ipsa
1641 250 1746 293 prima
1763 250 1828 282 ele-

1092 299 1153 331 ctio
1179 300 1354 342 praepositi
1387 301 1546 342 generalis
1578 301 1763 334 huiusmodi
1787 301 1827 335 ad

1092 351 1189 384 vitam
1220 352 1302 384 facta
1325 352 1403 392 suit;
1431 353 1565 386 subinde
1591 365 1677 393 vero,
1703 360 1826 388 mutato

1092 404 1153 437 hoc
1178 404 1332 445 instituto,
1352 406 1508 438 terminus
1533 407 1711 441 durationis
1734 419 1827 452 prae-

1090 460 1270 502 positorum
1295 461 1494 502 generalium
1520 462 1663 495 eiusdem
1688 464 1826 506 Congre-

1091 511 1230 553 gationis
1254 513 1392 554 primurn
1417 513 1549 556 quidem
1574 515 1612 546 ad
1640 515 1825 556 triennium,

1091 570 1122 597 et
1139 570 1250 606 postea
1267 566 1305 598 ad
1323 565 1510 598 sexennium
1527 568 1742 610 praescriptus
1760 569 1827 602 sue-

1090 617 1139 657 rit,
1157 622 1188 649 et
1204 618 1243 650 ab
1262 617 1335 650 inde
1353 618 1432 650 eitra
1452 619 1655 652 observatum
1680 620 1720 652 sit
1736 631 1827 663 prae-

1090 671 1186 703 fatam
1203 670 1493 713 Congregationem
1510 673 1672 704 continuis
1697 673 1827 706 talibus-

1090 733 1153 765 que
1185 727 1329 755 vexatam
1362 723 1457 755 fuisse
1489 724 1765 765 dissensionibus,
1792 731 1827 758 ut

1089 776 1150 808 nisi
1176 775 1291 808 eximia
1311 776 1481 818 prudentia
1498 782 1529 809 et
1544 777 1710 819 vigilantia
1733 789 1827 812 vene-

1088 828 1199 861 rabilis
1231 829 1337 861 fratris
1368 830 1469 862 nostri
1503 830 1630 863 Ioannis
1666 831 1826 873 Baptistae

1090 881 1234 925 episcopi
1259 882 1451 914 Albanensis
1476 882 1506 915 S.
1527 883 1563 915 R.
1584 883 1617 915 E.
1646 885 1825 927 presbyteri

1090 935 1262 968 cardinalis
1278 935 1406 968 Pallotti
1424 935 1608 979 nuncupati,
1625 936 1728 970 dictae
1746 937 1826 970 Con—

1090 987 1288 1029 gregationis
1314 988 1396 1031 apud
1418 998 1477 1020 nos
1495 993 1525 1020 et
1549 987 1664 1021 Sedem
1688 989 1825 1032 Aposto-

1089 1040 1183 1073 lieam
1209 1041 1418 1083 protectoris,
1444 1040 1507 1073 illis
1532 1041 1743 1080 occurrisset,
1769 1052 1825 1084 op-

1089 1098 1291 1136 portunaque
1322 1093 1464 1125 remedia
1496 1093 1718 1133 adhibuisset,
1748 1104 1825 1127 con-

1089 1146 1232 1188 gregatio
1249 1147 1319 1189 ipsa
1342 1157 1492 1189 magnum
1511 1146 1683 1179 discrimen
1701 1146 1825 1180 aditura

1090 1199 1184 1231 fuisse
1210 1199 1383 1242 videatur),

1132 1252 1146 1294 ἓ
1171 1251 1201 1284 1.
1229 1251 1291 1294 Ipsi
1317 1258 1524 1295 exponentes,
1550 1254 1734 1296 praemissis
1759 1264 1826 1286 ma-

1089 1310 1157 1336 ture
1183 1305 1402 1344 consideratis,
1423 1306 1461 1337 ad
1480 1306 1679 1339 evellendam
1705 1306 1826 1339 dissen-

1089 1357 1215 1390 sionum
1241 1357 1425 1390 huiusmodi
1443 1357 1592 1396 radicem,
1619 1358 1825 1399 unanimiter,

1090 1414 1121 1441 et
1140 1410 1268 1442 nemine
1293 1410 1506 1453 discrepante,
1522 1422 1580 1453 per
1604 1416 1678 1443 vota
1702 1417 1826 1445 secreta

1090 1462 1301 1495 decreverunt
1320 1463 1543 1505 praepositum
1571 1465 1754 1505 generalem
1780 1464 1826 1497 di-

1090 1520 1159 1547 ctae
1173 1515 1450 1558 Congregationis,
1465 1527 1523 1560 pro
1541 1521 1686 1560 tempore
1705 1517 1827 1560 eligen-

1091 1569 1174 1609 dum,
1185 1579 1249 1601 non
1260 1569 1298 1601 ad
1310 1570 1507 1609 sexennium,
1519 1571 1574 1603 sed
1590 1570 1825 1613 inperpetuum

1091 1627 1122 1654 et
1146 1622 1184 1654 ad
1209 1623 1305 1654 vitam
1330 1622 1471 1664 eligendi
1498 1623 1611 1655 durare
1638 1623 1765 1664 debere,
1788 1626 1825 1658 ea

1092 1680 1197 1707 tamen
1222 1675 1292 1717 lege
1317 1680 1352 1706 ut
1376 1675 1414 1707 de
1439 1680 1547 1708 cetero
1572 1676 1604 1707 111
1630 1676 1777 1709 omnibus
1795 1682 1826 1710 et

1091 1738 1148 1771 per
1180 1727 1287 1760 omnia
1318 1734 1483 1761 serventur
1517 1729 1763 1762 constitutiones
1795 1735 1826 1763 et

1091 1780 1239 1813 ordinati⁴
1256 1791 1312 1813 nes
1337 1791 1373 1813 ac
1391 1781 1520 1814 decreta
1541 1782 1754 1824 capitulorum
1774 1793 1826 1825 ge-

1090 1833 1257 1874 neralium,
1283 1838 1315 1866 et
1339 1833 1499 1876 integrum
1523 1840 1652 1867 maneat
1676 1835 1824 1878 capitulis

1091 1887 1295 1928 generalibus
1320 1886 1419 1929 ipsius
1444 1887 1711 1929 Congregationis
1731 1888 1763 1920 in
1782 1888 1826 1920 su-

1093 1945 1196 1971 turum
1226 1939 1258 1970 in
1292 1948 1364 1971 casu
1398 1939 1565 1971 electionis
1597 1939 1760 1972 faciendae
1792 1941 1825 1972 in

1092 1992 1214 2024 eisdem
1232 1990 1381 2034 capitulis
1402 1991 1606 2033 generalibus
1624 1993 1826 2035 praepositos

1092 2045 1260 2087 generales
1292 2044 1411 2086 eligere
1444 2044 1540 2076 etiam
1567 2045 1606 2077 ad
1632 2050 1774 2087 tempus,
1801 2045 1826 2078 si

1092 2097 1169 2140 ipsis
1187 2097 1333 2140 capitulis
1347 2098 1551 2139 generalibus
1568 2108 1626 2140 pro
1644 2098 1757 2131 maiori
1771 2099 1825 2131 Dei

1093 2150 1194 2192 gloria
1218 2160 1254 2181 ae
1279 2150 1406 2182 servitio
1432 2155 1462 2183 et
1482 2151 1568 2183 bono
1593 2151 1758 2193 religionis
1783 2152 1827 2184 ita

1093 2202 1194 2235 visum
1226 2202 1321 2234 suerit
1354 2203 1526 2245 expedire,
1560 2208 1591 2236 et
1625 2204 1703 2237 alias
1734 2209 1828 2247 prout

1093 2254 1222 2287 uberius
1247 2255 1430 2287 continetur
1448 2255 1479 2287 in
1504 2255 1649 2298 ipsorum
1667 2266 1830 2298 exponen—

1095 2308 1172 2340 tium
1190 2308 1319 2340 decreto
1334 2308 1473 2350 desuper
1490 2313 1651 2348 emanato,
1670 2313 1701 2340 et
1718 2318 1828 2341 eorum

1093 2360 1240 2392 manibus
1257 2360 1451 2403 subscripto,
1466 2361 1586 2393 tenoris
1605 2360 1658 2404 qui
1673 2360 1828 2404 sequitur,

1093 2413 1256 2445 videlicet:

1138 2465 1208 2508 §⁹2
1242 2478 1253 2496 α
1273 2464 1377 2498 Sessio
1414 2476 1433 2499 x
1456 2465 1568 2498 habita
1601 2466 1652 2499 die
1687 2477 1717 2500 x1
1753 2466 1830 2500 maii

1096 2528 1239 2551 unctxnl
1258 2518 1341 2550 circa
1359 2518 1562 2551 durationem
1581 2519 1757 2562 praepositi
1778 2530 1831 2561 ge-

1096 2569 1215 2602 neralis
1240 2570 1279 2602 ab
1304 2569 1557 2604 eminentissimo
1579 2576 1610 2604 et
1632 2571 1831 2606 reverendis-

1729 191 1793 225 '109
1840 199 1887 225 An.
1905 198 1932 225 c.
1955 197 2024 224 1063

1863 1261 1985 1287 Decretum.

1856 2473 1925 2495 Tonor
1936 2470 2025 2493 decreti.
