2247 3208
201 273 249 300 An.
269 271 298 299 c.
322 270 387 299 icoo
435 260 498 296 834

394 318 542 356 iusmodi,
557 327 712 350 summam
727 314 898 349 duodecim
909 312 1046 347 millium
1062 320 1131 343 scu-

395 377 500 405 torum
527 369 679 401 similium
704 369 831 401 solvere
850 372 881 400 et
905 366 944 398 ad
971 366 1002 398 id
1023 375 1131 398 neces-

394 424 478 457 saria
503 432 615 465 parare
653 421 883 454 desideraret:
922 419 990 462 ipse
1024 417 1131 450 Sixtus

394 476 578 520 praedictus
611 474 715 507 eidem
745 472 902 515 collegio,
928 477 964 503 ut
989 471 1131 503 Mentem

393 529 595 573 praedictum
609 527 721 569 viginti
737 526 874 559 millium
886 530 1048 558 scutorum
1062 523 1128 556 auri

395 583 434 615 ad
451 587 612 614 monetam
638 586 714 613 tune
734 579 941 612 reductorum
971 578 1011 610 ad
1036 576 1130 610 aliam

393 645 548 668 summam
589 633 762 667 duodecim
795 632 931 665 millium
966 635 1130 663 scutorum

394 688 463 721 auri
483 688 515 720 in
535 697 612 720 auro
631 685 899 725 distribuendum,
914 684 962 717 vel
980 683 1085 723 etiam,
1104 683 1129 716 si

393 751 474 785 opus
490 741 581 780 soret,
602 739 641 772 ad
658 744 822 773 monetam
841 737 960 780 pariter
977 736 1132 769 reducen-

394 795 561 835 dum,cum
580 793 701 826 eisdem
721 791 937 831 facultatibus,
957 789 1080 822 iuribus
1098 794 1130 821 et

393 848 578 893 privilegiis,
594 847 768 880 extendere
787 850 819 878 et
832 855 949 888 augere
964 844 1065 876 libere
1079 854 1131 886 pa-

392 902 469 935 riter
484 907 515 934 et
528 901 613 934 licite
627 904 746 943 posset,
762 898 926 938 sexennio,
942 898 1027 930 intra
1043 896 1129 940 quod

392 956 529 989 Mentem
556 953 758 997 praedictum
783 951 925 994 extingui
957 951 1127 990 voluerat,

392 1009 431 1041 ad
458 1007 537 1040 alios
564 1017 617 1039 sex
644 1016 746 1039 annos
773 1009 961 1048 prorogato,
992 1008 1024 1036 et
1049 1003 1127 1036 alias

391 1061 451 1093 51111
469 1060 564 1092 certis
579 1059 676 1091 modo
696 1063 726 1091 et
743 1057 846 1090 forma
861 1062 938 1089 tunc
953 1056 1126 1099 expressis,

392 1113 556 1147 licentiam
588 1111 710 1155 pariter
741 1110 900 1143 concessit
931 1115 963 1143 et
995 1109 1128 1142 faculta-

392 1173 464 1206 tem,
484 1171 581 1210 prout
597 1165 629 1197 111
647 1165 762 1197 cedula
778 1163 1012 1207 motusproprii
1030 1173 1128 1196 manu

391 1220 491 1263 ipsius
515 1218 592 1252 Sixti
618 1217 775 1262 praedicti
794 1217 929 1260 signata,
944 1217 1007 1250 sive
1028 1217 1060 1249 in
1079 1217 1129 1249 lit-

390 1272 467 1305 teris
493 1271 678 1315 apostolicis
694 1271 833 1313 desuper
853 1269 1021 1313 expeditis,
1040 1269 1128 1301 euius

392 1336 447 1359 sen
474 1335 609 1369 quarum
634 1334 761 1357 necnon
790 1324 924 1356 aliarum
948 1323 1128 1356 litterarum

390 1379 629 1423 praedictarui‘n
668 1383 797 1410 tenores
837 1383 868 1409 et
907 1377 996 1410 datas
1032 1376 1127 1409 etiam

391 1432 534 1465 veriores
561 1431 786 1475 praesentibus
811 1441 869 1473 pro
894 1431 990 1473 plene
1014 1435 1045 1462 et
1070 1430 1129 1461 5111-

393 1486 520 1519 cienter
549 1484 710 1527 expressis
746 1494 781 1516 ac
806 1483 845 1516 de
872 1484 971 1516 verbo
996 1483 1035 1516 ad
1059 1494 1129 1516 ver-

391 1540 467 1572 bum
498 1538 625 1571 insertis
662 1538 777 1570 haberi
802 1538 969 1578 volumus,
996 1537 1128 1570 uberius

392 1593 589 1626 continetur.
617 1591 693 1624 Cum
713 1596 830 1629 autem,
852 1590 934 1623 sicut
957 1601 1015 1634 pro
1035 1596 1129 1634 parte

392 1646 587 1680 dilectorum
611 1644 751 1677 filiorum
773 1643 1003 1676 modernorum
1024 1653 1130 1676 secre-

392 1699 548 1732 tariorum
562 1697 815 1741 apostolicorum
827 1696 957 1738 collegii
972 1696 1129 1740 praedicti

390 1752 485 1786 nobis
511 1762 614 1794 nuper
637 1750 818 1793 expositum
837 1749 904 1790 suit,
923 1749 1012 1782 Mons
1037 1760 1130 1792 prae-

392 1806 507 1845 dictus,
534 1810 568 1836 nt
592 1804 774 1847 praefertur
797 1809 922 1836 erectus
947 1808 978 1835 et
1003 1808 1129 1843 auctus,

391 1860 425 1893 in
450 1858 594 1892 ducentis
621 1857 826 1901 septuaginta
849 1862 921 1890 octo
943 1857 1031 1896 locis,
1051 1867 1131 1900 quo-

390 1922 462 1945 rum
498 1911 635 1955 pretium
672 1910 705 1942 in
741 1912 872 1942 moneta
897 1910 936 1943 ad
969 1910 1128 1942 rationem

392 1971 521 1999 centuni
546 1970 709 1997 scutorum
735 1968 884 1996 monetae
906 1973 965 2006 pro
984 1963 1130 2006 quolibet

391 2020 481 2058 loco,
506 2028 542 2051 ac
567 2018 598 2050 in
624 2017 695 2050 aliis
721 2021 851 2050 centum
882 2016 993 2059 viginti
1019 2016 1100 2049 locis
1120 2043 1127 2056 ,

392 2083 530 2117 quornm
566 2071 704 2115 pretinm
738 2060 771 2103 111
804 2081 880 2104 auro
907 2071 944 2103 ad
971 2070 1128 2103 rationein

393 2131 524 2159 centum
550 2130 715 2158 scutorum
735 2123 803 2157 auri
821 2124 855 2156 in
873 2134 951 2156 auro
969 2134 1028 2167 pro
1055 2135 1130 2167 quo-

392 2180 472 2213 libet
488 2181 633 2212 locorum
655 2178 840 2210 huiusmodi
855 2177 1037 2221 respective
1055 2188 1130 2210 con-

393 2231 503 2265 stituta
529 2231 668 2269 suerunt,
695 2230 733 2262 de
759 2229 921 2272 praesenti
947 2229 1126 2270 consistat,

394 2289 427 2317 et
449 2295 507 2328 pro
534 2283 679 2327 quolibet
699 2283 887 2316 corumdem
904 2283 1049 2316 locorum
1067 2282 1130 2314 sru-

396 2342 465 2370 ctus
491 2336 587 2369 annui
618 2337 657 2368 ad
688 2335 849 2368 rationein
885 2335 1028 2378 quinque
1061 2345 1130 2368 scu-

395 2396 500 2423 torum
526 2395 673 2422 monetae
691 2390 739 2421 vel
757 2388 825 2421 auri
844 2388 1024 2432 respective
1040 2398 1130 2420 mon-

394 2444 477 2477 tistis
491 2454 508 2476 a
522 2443 607 2475 dieto
628 2442 767 2484 collegio
787 2442 824 2475 de
846 2441 1007 2485 praesenti
1024 2441 1130 2474 adhuc

394 2499 577 2537 solvantur-3
594 2496 655 2540 ipsi
673 2507 748 2529 vero
766 2501 978 2540 exponentes,
994 2500 1030 2528 ut
1046 2495 1130 2528 eius-

974 260 1153 288 BULLARIUM
1178 258 1328 283 Romnum

1173 312 1241 340 tum
1266 310 1298 340 et
1316 306 1437 339 fructus
1459 307 1556 339 annui
1582 311 1719 350 quatuor
1744 311 1909 340 scutorum

1174 364 1325 392 monetae
1342 369 1493 391 romanae
1520 369 1579 402 pro
1605 360 1755 402 quolibet
1778 360 1859 399 loco,
1879 370 1909 392 e-

1175 413 1279 455 rigere
1304 418 1335 446 et
1352 413 1533 453 instituere,
1556 413 1709 456 illiusque
1726 414 1797 446 loca
1822 413 1908 446 dicto

1174 467 1280 509 pretio
1305 466 1446 498 vendere
1463 493 1470 506 ,
1497 476 1533 498 ac
1557 466 1709 509 pecunias
1736 466 1809 498 inde
1835 476 1910 509 pro·

1173 523 1323 551 venturas
1347 518 1379 551 in
1406 518 1637 551 extinctionem
1663 523 1694 551 et
1718 518 1910 562 redemptio-

1174 583 1247 605 nem
1262 572 1397 606 alterius
1412 572 1526 605 Montis
1540 571 1696 615 praedicti
1719 578 1908 606 convertere

1174 630 1205 657 et
1228 635 1373 668 erogare,
1393 631 1488 668 atque
1510 625 1554 657 ita
1572 625 1678 668 ipsum
1695 624 1845 665 Mentem,
1865 635 1910 658 re—

1173 677 1285 711 stituto
1310 678 1445 720 singulis
1472 677 1632 711 montistis
1657 677 1778 721 pretio,
1802 677 1909 720 quoad

1172 732 1246 764 illos
1283 732 1413 774 quidem
1448 742 1591 774 quorum-
1620 732 1692 764 loca
1722 731 1754 763 in
1779 733 1909 764 moneta

1173 791 1282 818 creata
1298 796 1353 818 seu
1375 785 1412 817 ad
1433 790 1597 818 monetam
1618 785 1749 818 reducta
1768 784 1907 825 fuerunt,

1173 838 1211 871 ad
1236 838 1395 871 rationem
1417 843 1544 871 centum
1572 843 1737 871 scutorum
1757 843 1908 871 monetae

1172 902 1230 934 pro
1249 891 1394 935 quolibet
1411 892 1495 932 1000,
1516 891 1620 934 quoad
1643 891 1713 924 iilos
1734 901 1809 924 vero
1832 902 1910 934 quo-

1172 954 1242 976 rnm
1267 945 1337 977 loca
1354 944 1387 976 in
1406 954 1482 976 auro
1498 944 1674 976 constituta
1692 945 1909 988 reperiuntur,

1172 998 1211 1031 ad
1225 998 1384 1031 rationem
1401 1003 1529 1030 0011111111
1545 1003 1576 1030 01
1596 998 1829 1041 quinquaginta
1843 1009 1910 1031 seu-

1172 1057 1280 1084 torum
1312 1056 1462 1084 monetae
1496 1050 1641 1094 parium,
1672 1061 1752 1094 quae
1780 1056 1909 1084 centum

1172 1110 1260 1137 scuta
1297 1104 1366 1136 auri
1401 1104 1434 1136 in
1467 1114 1545 1137 auro
1578 1104 1667 1136 iuxta
1705 1109 1910 1147 praesentem

1172 1168 1302 1190 cursum
1320 1157 1533 1197 constituunt,
1554 1156 1665 1189 itidem
1685 1167 1744 1200 pro
1765 1157 1911 1201 quolibet

1172 1212 1253 1251 loco,
1273 1210 1402 1254 penitus
1420 1215 1452 1243 et
1476 1210 1608 1243 omnino
1634 1210 1836 1253 supprimere
1863 1210 1910 1243 in-

1173 1264 1316 1303 tendant,
1341 1263 1367 1297 si
1386 1268 1497 1296 nostra
1510 1269 1542 1296 et
1558 1263 1654 1296 huius
1673 1269 1801 1296 sanctae
1820 1263 1910 1296 Sedis

1172 1317 1234 1350 sibi
1258 1327 1356 1360 super
1373 1317 1435 1350 1100
1453 1316 1584 1350 lieentia
1608 1315 1799 1359 suffragetur
1819 1321 1851 1349 et
1870 1316 1910 1349 sa-

1171 1371 1289 1403 cultas:
1316 1370 1409 1403 nobis
1434 1374 1608 1413 propterea
1634 1369 1804 1402 humiliter
1835 1380 1910 1412 sup-

1171 1423 1284 1466 plicari
1312 1423 1459 1456 fecerunt
1489 1428 1542 1462 ut,
1578 1422 1841 1465 quandoquidem
1877 1422 1909 1454 id

1171 1476 1203 1508 in
1228 1475 1368 1509 neminis
1393 1475 1544 1508 iniuriam
1560 1502 1567 1515 ,
1593 1474 1649 1507 sed
1673 1474 1706 1507 in
1731 1474 1908 1507 notabilem

1172 1529 1329 1572 praedicti
1344 1528 1472 1570 collegii
1490 1527 1662 1560 utilitatem
1676 1527 1717 1560 sit
1732 1537 1908 1567 cessurum,

1172 1587 1355 1625 opportune
1381 1581 1441 1614 sibi
1467 1581 1499 1613 in
1524 1580 1709 1624 praemissis·
1737 1580 1909 1623 providere

1173 1641 1204 1667 et
1228 1640 1262 1667 ut
1286 1635 1369 1667 infra
1397 1634 1567 1677 indulgere
1594 1634 1632 1666 de
1658 1632 1856 1676 benignitate
1879 1644 1910 1665 a·

1172 1689 1331 1732 11051011οᾒ
1354 1688 1572 1730 dignaremur.
1598 1687 1661 1719 Nos
1681 1687 1787 1729 igitur,
1809 1686 1909 1719 colle-

1172 1742 1214 1784 gii
1240 1741 1397 1785 praedicti
1430 1741 1483 1784 (in
1509 1751 1571 1784 quo
1609 1739 1767 1782 singulari
1793 1739 1825 1772 in
1850 1750 1909 1773 nos

1171 1802 1203 1828 et
1228 1796 1311 1828 lianc
1335 1800 1477 1828 sanctam
1501 1794 1615 1827 Sedem
1640 1793 1718 1833 fide,
1745 1793 1906 1833 doctrina,

1172 1849 1344 1893 prudentia
1358 1854 1389 1881 et
1402 1859 1461 1881 usu
1479 1858 1585 1880 rerum
1601 1853 1632 1880 01
1648 1847 1855 1889 negociorum
1870 1847 1909 1880 ad

1173 1903 1348 1936 Romanam
1369 1901 1490 1934 curiam
1512 1912 1548 1933 ex
1572 1900 1721 1933 omnibus
1741 1899 1910 1932 christiani

1172 1957 1261 1990 orbis
1275 1956 1420 2000 partibus
1435 1954 1675 1993 confluentium,
1692 1964 1820 1987 necnon
1840 1953 1910 1986 dex-

1173 2010 1311 2050 teritate,
1330 2009 1487 2041 industria
1506 2014 1537 2041 et
1560 2007 1722 2051 probitate
1744 2012 1910 2050 praestan-

1173 2070 1220 2096 tes
1238 2063 1295 2096 viri
1314 2063 1604 2096 0011111111101111111111
1621 2060 1798 2094 commodis
1813 2065 1909 2103 atque

1172 2117 1364 2150 utilitatibus
1399 2121 1538 2159 paterno
1570 2113 1682 2147 affectu
1718 2114 1909 2152 consulere,

1172 2171 1336 2214 ipsiusque
1357 2169 1487 2212 collegii
1512 2168 1702 2210 singulares
1718 2177 1876 2211 personas
1892 2176 1910 2198 a

1173 2223 1338 2267 quibusvis
1373 2221 1714 2255 excommunicationis
1733 2247 1739 2259 ,
1775 2229 1910 2263 suspen-

1172 2278 1271 2312 sionis
1286 2282 1317 2311 et
1336 2276 1510 2316 interdicti,
1525 2275 1659 2318 aliisque
1679 2273 1909 2307 ecclesiasticis

1172 2330 1349 2371 sententiis,
1372 2329 1518 2362 censuris
1544 2334 1575 2361 et
1596 2328 1720 2372 poenis,
1736 2338 1753 2359 a
1774 2327 1842 2359 iure
1859 2327 1909 2359 vel

1173 2385 1211 2417 ab
1230 2384 1362 2417 homine
1378 2410 1385 2423 ,
1407 2383 1519 2426 quavis
1544 2381 1712 2415 occasione
1738 2381 1787 2413 vel
1813 2380 1909 2412 eausa

1173 2438 1255 2478 latis,
1278 2437 1438 2480 siquibus
1463 2435 1710 2479 quomodolibet
1734 2433 1908 2466 innodatae

1174 2492 1325 2531 existunt,
1347 2491 1387 2524 ad
1412 2489 1561 2523 0110011111]
1578 2488 1799 2533 praesentium
1820 2487 1910 2519 dum-

396 2552 469 2585 dem
493 2550 622 2593 collegii
647 2550 867 2583 conditionem
891 2549 1033 2582 efficiant
1064 2559 1130 2581 me-
1173 2550 1259 2579 taxat
1293 2543 1581 2587 consequendum,
1607 2543 1722 2575 harum
1747 2539 1830 2573 serie
1855 2539 1910 2571 ab·

396 2605 520 2644 liorem,
532 2614 650 2636 novum
664 2602 1130 2646 Mentemquadringentorum
1174 2600 1334 2632 solventes
1367 2601 1399 2630 et
1425 2596 1586 2629 absolutas
1619 2595 1686 2628 sore
1719 2597 1906 2632 00115011ῐο5,

395 2663 470 2692 0010
495 2658 650 2699 locorum,
677 2656 715 2696 ad
745 2656 902 2694 rationem
938 2654 1034 2700 pretii
1060 2665 1132 2687 cen-
1151 2680 1153 2691 ,
1174 2663 1210 2686 ac
1235 2650 1442 2685 instrumenti
1468 2659 1566 2694 super
1598 2646 1759 2681 erectione
1795 2645 1910 2680 Montis

1920 256 1967 282 An.
1986 256 2012 283 C.
2039 256 2104 284 ¹669
