2247 3208
63 200 113 228 An.
135 200 162 227 C.
183 200 251 227 ¹666

853 198 1041 222 ALEXANDER
1066 199 1110 223 vn
1136 200 1183 222 ΙΨ.

257 247 303 280 ita
337 251 370 279 ut
400 245 600 290 provinciale
633 244 806 279 concilium
839 246 871 278 in
904 256 995 288 prae·
1016 248 1018 288 ,2
1039 250 1086 278 ter
1111 246 1238 289 ingredi
1269 248 1419 287 volente-,
1452 253 1482 280 et
1506 248 1552 281 sic
1577 249 1771 282 alternatim.

257 299 339 332 senti
381 298 524 332 triennio
565 298 749 332 celebretur
784 298 817 331 in
857 291 1017 331 ecclesia}

257 351 290 385 B.
330 351 445 384 Mariae
485 351 606 394 absque
644 351 826 384 interventu
859 351 993 394 capituli

257 404 415 437 ecclesiae
441 403 471 437 S.
499 402 681 444 Salvatoris‚
698 409 728 436 et
748 413 819 436 curn
843 414 995 447 praesen-

257 457 300 490 tia
317 456 414 490 solius
434 457 651 501 procuratoris
676 457 822 490 eiusdem
848 457 992 499 capituli,

257 509 311 553 qui
338 510 465 543 sedebit
496 520 592 553 supra
623 520 735 542 omnes
767 514 993 552 procuratores

257 561 475 606 capitulorum
509 562 642 594 aliarum
669 562 904 594 cathedralium
930 562 994 593 suf-

258 614 503 657 sraganea1·um;
525 619 557 647 et
576 614 608 646 in
623 614 772 656 sequenti
789 613 930 646 triennio
944 624 994 646 ce-

257 667 402 700 lebretur
437 666 469 698 in
505 667 638 700 ecclesia
662 665 693 698 S.
727 665 901 698 Salvatoris
925 666 993 698 sinc

258 720 442 753 interventu
486 719 617 763 capituli
658 719 811 752 ecclesiae
855 719 889 752 B.
933 718 994 751 Ma-

259 773 338 813 riae,
358 778 390 805 et
415 783 486 804 cum
510 771 674 815 prasentia
691 771 792 804 solius
809 777 994 814 procurato-

256 825 300 857 ris
325 824 471 857 eiusdem
497 823 654 867 capituli,
680 823 735 867 qui
760 824 880 866 pariter
903 825 993 857 sede-

254 876 302 909 bit
326 887 424 920 supra
448 887 560 910 omnes
592 882 818 919 procuratores
843 877 994 920 capitulo-

255 940 327 963 rum
353 930 488 963 aliarum
522 930 754 963 cathedralium
778 929 994 973 suffraganea-

255 993 341 1023 rum;
359 989 392 1016 et
409 982 454 1015 sic
470 988 614 1016 servetur
630 983 814 1016 alternatim
830 983 863 1016 in
881 984 993 1017 suturis

255 1035 509 1079 provincialibus
544 1035 691 1069 conciliis
722 1035 755 1068 in
780 1041 992 1079 perpetuum:

255 1088 405 1121 similiter
441 1088 636 1121 dioecesana
670 1089 810 1132 synodus
847 1089 993 1132 proxima

255 1141 440 1174 celebretur
465 1142 497 1173 in
529 1141 668 1174 ecclesia
700 1141 733 1174 B.
762 1141 895 1182 Mariae,
922 1153 992 1174 cum

254 1193 438 1226 interventu
463 1193 560 1226 solius
590 1194 809 1237 procuratoris
835 1195 991 1228 ecclesiae

254 1245 286 1278 S.
313 1245 507 1286 Salvatoris‚
535 1246 589 1289 qui
616 1247 742 1279 sedebit
773 1253 845 1289 post
868 1247 993 1290 capitu-

254 1299 322 1332 lum
347 1299 503 1332 ecclesiae
529 1300 563 1332 B.
587 1300 722 1342 Mariae;
748 1301 891 1335 secunda
915 1312 991 1334 vero

254 1350 462 1385 celebretur⁴
499 1351 532 1385 in
565 1353 702 1386 ecclesia
737 1353 768 1387 S.
797 1353 989 1394 Salvatoris,

254 1414 328 1437 cum
352 1404 534 1438 interventu
565 1405 665 1440 solius
696 1406 915 1449 procuratoris
941 1417 992 1440 ec-

1012 664 1017 680 1

1037 298 1074 330 Et
1098 298 1238 342 idipsum
1263 304 1407 332 servetur
1426 300 1459 333 in
1477 301 1664 345 receptione
1690 301 1781 345 prin*

1038 351 1155 394 cipum.

1080 403 1233 437 Similiter
1250 406 1373 448 primus
1391 417 1491 439 novus
1511 407 1772 452 archiepiscopus

1037 456 1251 497 possessionis
1275 458 1431 491 solemnia
1455 459 1590 492 inchoet
1614 460 1645 492 in
1671 461 1773 494 eccle·

1036 507 1082 540 sia
1114 508 1149 540 B.
1177 508 1317 550 Mariae,
1351 511 1405 543 ubi
1438 511 1559 544 litteras
1590 523 1664 546 suae
1697 524 1772 556 pro-

1038 560 1168 593 visionis
1185 568 1384 604 praesentct,
1407 569 1439 596 et
1455 570 1543 597 actus
1560 566 1772 607 possessionis

1014 610 1015 652 ζ
1036 614 1182 656 explear,
1209 624 1281 647 mox
1307 624 1340 648 se
1367 617 1512 648 conserat
1537 617 1575 649 ad
1601 618 1770 651 ecclesiam

1012 710 1013 714 Ἰ
1035 665 1066 697 S.
1086 665 1268 706 Salvatoris‚
1289 667 1397 709 ibique
1423 669 1540 701 sedens
1561 669 1593 701 in
1618 670 1772 704 cathedra

1035 718 1307 762 archiepiscopali
1333 720 1509 763 capitulum
1534 727 1566 754 et
1590 723 1711 755 clerum
1731 723 1772 756 ad

1035 771 1101 803 oris
1126 776 1157 804 et
1188 782 1303 805 manus
1328 773 1474 805 osculum
1508 775 1688 817 respective
1720 786 1772 809 ex-

1035 823 1155 866 cipiat,
1190 834 1261 856 cum
1292 824 1454 858 solutione
1488 826 1639 859 dimidiae
1670 828 1770 870 partis

1034 877 1328 910 emolumentorum
1353 877 1385 910 in
1410 878 1581 912 utilitatem
1612 880 1771 914 ecclesiae

1035 930 1068 962 B.
1096 930 1233 970 Mariae,
1260 936 1291 963 et
1316 931 1450 964 alterius
1475 932 1627 965 dimidiae
1654 933 1687 966 in
1712 933 1772 966 uti-

1035 982 1159 1015 litatem
1184 983 1340 1017 ecclesiae
1365 984 1395 1017 S.
1422 983 1606 1018 Salvatoris.

1077 1035 1243 1070 Secundus
1261 1047 1337 1069 vero
1362 1037 1627 1080 archiepiscopus
1645 1038 1770 1072 futurus

1033 1088 1147 1121 eadem
1172 1089 1388 1132 possessionis
1408 1090 1566 1123 solemnia
1590 1091 1724 1125 inchoet
1738 1091 1770 1125 in

1033 1141 1170 1174 eeclesia
1194 1141 1225 1174 S.
1253 1142 1435 1181 Szdvatoris,
1465 1142 1519 1175 ubi
1545 1143 1696 1177 similiter
1720 1144 1771 1177 lit-

1034 1200 1118 1227 teras
1132 1200 1319 1237 praesentet
1335 1206 1410 1228 suae
1424 1196 1619 1239 provisionis
1636 1202 1668 1230 et
1682 1202 1771 1231 actus

1033 1247 1251 1290 possessionis
1276 1249 1418 1292 expleat;
1449 1249 1567 1283 deinde
1596 1260 1629 1282 se
1663 1251 1771 1283 conse-

1032 1306 1081 1334 rat
1105 1301 1145 1334 ad
1171 1302 1344 1335 ecclesiam
1369 1302 1403 1335 B.
1431 1302 1562 1343 Mariae,
1582 1303 1693 1347 ibique
1718 1314 1769 1336 se·

1033 1354 1111 1387 dens
1136 1354 1169 1387 in
1194 1354 1350 1388 cathedra
1374 1355 1663 1399 archiepiscopali,
1686 1357 1771 1400 capi-

1033 1408 1135 1441 tulum
1155 1414 1186 1440 et
1211 1408 1333 1440 clerum
1357 1408 1397 1440 ad
1415 1408 1480 1440 oris
1498 1413 1529 1441 et
1545 1418 1660 1441 manus
1681 1419 1772 1442 oscu-

255 1457 373 1491 clesiae
410 1457 445 1491 B.
484 1458 619 1499 Mariae,
645 1459 699 1502 qui
729 1459 840 1492 itidem
866 1460 992 1494 sedebit
1010 1457 1012 1463 ’
1032 1461 1098 1492 lum
1123 1460 1301 1504 respective
1327 1460 1487 1503 excipiat,
1512 1470 1583 1493 cum
1607 1461 1771 1495 solutione

1010 1507 1012 1522 l

254 1516 332 1554 post
355 1511 533 1554 capitulum
558 1512 714 1545 ecclesiae
739 1511 770 1545 S.
796 1512 989 1554 Salvatoris;
1030 1514 1325 1547 emolumentorum
1343 1540 1350 1553 ,
1376 1518 1411 1546 ut
1441 1523 1541 1557 supra
1560 1541 1567 1554 ,
1602 1519 1633 1547 et
1658 1514 1701 1547 ita
1725 1515 1771 1548 al·

254 1563 357 1596 etsie
388 1563 544 1607 deinceps
578 1564 711 1597 alternis
745 1565 878 1598 vicibus.
913 1566 991 1600 Item
1032 1566 1192 1600 ternatim.

253 1615 288 1649 in
320 1616 426 1660 prima
453 1616 620 1650 vacatione
653 1617 741 1651 sedis
777 1618 992 1662 archiepisco-

254 1668 337 1712 palis
362 1667 678 1711 Caesaraugustanae
697 1670 832 1703 vicarius
859 1681 991 1714 genera-

254 1720 305 1761 lis,
331 1721 477 1755 officialis
502 1722 614 1763 maior,
634 1733 670 1756 ac
691 1723 836 1757 officialis
857 1724 896 1757 ad
922 1724 990 1768 pias

255 1783 365 1807 causas
390 1774 553 1818 eligantur
578 1786 615 1808 ex
640 1776 764 1819 gremio
789 1777 921 1820 capituli
947 1788 992 1811 ec-

254 1827 370 1861 clesiae
395 1827 430 1860 Β.
457 1828 575 1862 Mariae
608 1839 625 1861 a
658 1829 802 1873 capitulo
834 1831 991 1864 ecclesiae

254 1879 286 1913 S.
313 1879 504 1921 Salvatoris,
531 1886 562 1914 et
585 1882 616 1914 in
650 1883 794 1915 secunda
825 1883 990 1916 vacatione

255 1933 399 1967 eiusdem
441 1934 546 1976 sedis,
588 1935 725 1968 vicarius
770 1941 801 1968 et
840 1936 992 1970 officiales

255 1986 410 2029 praedicti
441 1987 602 2030 eligantur
632 1988 664 2021 in
697 1989 822 2031 gremio
860 1990 991 2032 capituli

256 2039 409 2072 ecelesiae
435 2039 465 2072 S.
488 2039 660 2074 Salvatoris
686 2051 702 2073 a
728 2041 870 2085 capitulo
895 2043 992 2076 eccle-

255 2092 321 2126 siae
337 2092 371 2125 B.
385 2092 511 2134 Mariae,
524 2098 554 2126 et
567 2094 612 2126 sic
626 2093 780 2137 deinceps
794 2094 989 2128 alternatim.

299 2144 406 2178 Primo
430 2150 537 2178 autem
558 2146 665 2179 futuro
683 2147 940 2191 archiepiscopo,
966 2148 991 2180 si

255 2198 432 2241 pontificali
469 2209 558 2232 more
595 2210 631 2232 ac
662 2199 726 2232 ritu
761 2199 919 2233 civitatem
946 2200 993 2233 in-

257 2250 346 2293 gredi
381 2251 538 2291 voluerit,
573 2257 762 2285 occurratur
794 2253 833 2285 ad
864 2259 991 2296 portam

256 2303 394 2336 civitatis
432 2314 449 2336 a
480 2304 620 2347 capitulo
653 2310 685 2338 et
715 2307 802 2339 clero
835 2307 991 2340 ecclesiae

256 2355 291 2389 B.
319 2356 459 2397 Mariae;
495 2357 645 2401 idemque
669 2358 725 2391 fiat
749 2369 767 2391 a
796 2359 936 2403 capitulo
962 2367 993 2393 et

257 2409 344 2442 clero
357 2410 512 2443 ecclesiae
526 2409 557 2444 S.
574 2410 744 2444 Salvatoris
762 2421 834 2444 cum
849 2413 992 2446 secundo

256 2461 364 2495 futuro
389 2463 635 2507 archiepiscopo
660 2463 822 2497 civitatem
847 2465 992 2498 solemni-

294 2577 304 2606 ¹
327 2576 376 2607 Ed.
392 2576 470 2604 Μαίη.
485 2577 549 2613 legit
564 2578 685 2606 αἴρω-(1
700 2583 738 2613 (a.
753 2578 802 2613 T.)-

1076 1612 1217 1652 Pariter
1233 1619 1399 1663 processio
1436 1619 1600 1663 generalis
1637 1620 1772 1654 sanctis-

1033 1671 1103 1704 simi
1128 1671 1281 1715 Corporis
1307 1671 1426 1705 Christi
1461 1672 1524 1705 hoc
1556 1672 1660 1715 primo
1685 1683 1770 1706 anno

1031 1724 1064 1756 in
1090 1724 1159 1768 ipso
1185 1724 1236 1757 die
1262 1725 1343 1757 sesto
1368 1724 1546 1758 inchoetur
1570 1725 1609 1758 ab
1635 1726 1771 1759 ecclesia

1034 1777 1067 1810 B.
1088 1776 1204 1810 Mariae
1221 1783 1252 1810 et
1276 1777 1316 1810 ad
1337 1787 1408 1810 eam
1429 1777 1623 1810 terminetur
1647 1778 1770 1822 absque

1032 1829 1216 1862 interventu
1256 1829 1389 1873 capituli
1431 1830 1586 1863 ecclesiae
1629 1829 1660 1863 S.
1703 1829 1771 1864 Sal-

1033 1883 1164 1923 vatoris·,
1190 1888 1221 1916 et
1244 1883 1277 1915 in
1302 1883 1353 1916 die
1386 1885 1500 1916 octava
1524 1883 1579 1916 fiet
1603 1884 1770 1927 processio

1033 1936 1154 1980 privata
1171 1936 1253 1969 infra
1271 1936 1424 1969 ambitum
1449 1937 1604 1969 ecclesiae
1619 1935 1650 1969 S.
1666 1936 1771 1969 Salva-

1035 1989 1113 2022 toris
1138 2000 1155 2022 a
1187 1989 1328 2032 capitulo
1360 1994 1393 2022 et
1417 1989 1504 2022 clero
1540 1989 1642 2032 ipsius
1669 1989 1771 2022 eccle-

1034 2042 1123 2075 siae:
1151 2047 1182 2074 et
1207 2041 1239 2074 in
1264 2042 1412 2085 sequenti
1446 2052 1532 2075 anno
1557 2042 1589 2074 in
1614 2042 1686 2085 ipso
1718 2042 1770 2075 die

1035 2095 1117 2128 sesto
1142 2094 1308 2138 processio
1340 2094 1501 2137 generalis
1534 2093 1707 2128 inchoetur
1730 2094 1771 2128 ab

1035 2148 1173 2181 ecclesia
1196 2147 1227 2181 S.
1250 2147 1433 2187 Salvatoris,
1452 2152 1483 2180 et
1506 2148 1546 2180 ad
1567 2158 1637 2180 eam
1664 2147 1771 2181 termi-

1035 2206 1139 2241 netur,
1158 2199 1279 2243 absque
1305 2199 1486 2232 interventu
1511 2199 1644 2243 capituli
1669 2200 1772 2233 eccle-

1034 2254 1098 2287 siae
1119 2253 1158 2286 -Β,
1185 2252 1326 2293 Mariae·,
1354 2258 1386 2286 et
1414 2253 1447 2285 in
1480 2253 1530 2286 die
1556 2258 1686 2286 octavae
1717 2252 1773 2286 fiat

1034 2306 1199 2350 processio
1225 2307 1349 2349 privata
1375 2305 1459 2338 infra
1487 2305 1641 2339 ambitum
1667 2307 1772 2340 eccle·

1034 2360 1100 2392 siae
1122 2360 1156 2393 B.
1176 2359 1292 2392 Mariae
1317 2369 1335 2391 a
1359 2359 1499 2401 capitulo
1518 2364 1549 2391 et
1564 2359 1651 2392 clero
1670 2358 1771 2403 ipsius

1034 2413 1209 2446 eeclesiae:
1227 2418 1258 2446 et
1275 2413 1319 2445 ita
1332 2412 1467 2456 singulis
1487 2412 1580 2446 annis
1599 2413 1631 2446 in
1656 2423 1772 2456 perpe-

1036 2472 1122 2498 tuum
1148 2465 1281 2498 alternis
1300 2465 1432 2498 vicibus.

1078 2518 1112 2550 In
1130 2518 1419 2561 supplicationibus
1434 2528 1571 2562 quoque,
1591 2529 1671 2561 quae
1692 2517 1773 2552 fiunt

1035 2571 1067 2602 in
1082 2571 1200 2603 litaniis
1215 2571 1391 2604 maioribus
1405 2577 1434 2604 et
1452 2570 1640 2612 minoribus,
1656 2581 1772 2616 nempe

1670 192 1729 225 471
1780 202 1831 228 An.
1853 201 1881 228 c.
1900 202 1968 229 inec
