2247 3208
233 272 283 301 An.
302 273 331 301 c.
354 273 421 300 1668
466 263 530 297 662

229 1914 326 1934 rimarios
335 1915 399 1937 creat.

234 2493 324 2514 Comites
334 2495 353 2514 et
362 2493 397 2514 mi-

214 2520 272 2541 litas.

427 322 454 354 ei
480 320 678 364 impendunt,
700 329 735 351 ac
760 330 839 361 quos
864 319 901 351 ad
929 319 958 351 id
985 319 1062 351 alias
1087 329 1161 361 pro-

425 374 495 416 pria
514 373 667 405 virtutum
691 371 808 404 merita
832 372 1068 411 commendant,
1096 371 1156 404 lio—

425 426 512 458 noris
537 430 568 458 et
592 426 693 457 famae
720 424 930 467 amplioribus
954 424 1158 467 praeconiis,

424 488 460 510 ac
484 477 656 520 praeclaris
674 477 862 519 dignitatum
881 477 978 509 titulis
1004 477 1157 509 decorare

423 536 455 563 et
469 541 593 566 ornare,
605 541 734 563 necnon
748 531 896 573 specialis
910 531 1156 563 benevolentiae

422 583 582 616 favoribus
608 582 756 625 amplecti
790 584 892 622 solet,
918 588 1014 625 prout
1046 593 1157 626 perso-

422 646 534 668 narum
560 636 770 679 qualitatibus
793 635 950 679 conspicit
967 636 1153 668 convenire.

421 689 502 721 Ilinc
527 693 574 721 est
599 689 685 731 quod
710 699 780 729 nos,
809 689 847 722 ad
873 694 962 731 grata
994 689 1157 721 familiari-

420 741 493 773 tatis
520 741 685 784 obsequia,
704 752 785 784 quae
808 753 876 781 VOS,
895 742 949 785 qui
967 742 1062 774 etiam
1080 752 1156 774 con-

420 793 501 826 tinui
526 795 762 827 commensales
799 795 901 828 nostri
936 794 1091 834 existitis,
1125 802 1155 828 et

419 846 558 889 quilibet
573 851 715 879 vestrum
739 847 833 879 nobis
858 847 1013 880 hactenus
1030 848 1155 889 impen-

419 899 522 939 distis,
544 904 575 932 et
592 900 697 933 adhuc
722 900 867 933 sollicitis
892 900 1004 932 studiis
1030 900 1154 944 impen-

418 952 494 984 dere
519 963 582 985 non
609 952 775 993 desistitis,
797 964 924 986 necnon
951 953 989 986 ad
1016 954 1096 986 ritae
1118 966 1152 986 ac

416 1015 540 1038 morum
567 1005 792 1045 honestatem,
827 1006 951 1048 aliaque
978 1007 1153 1039 laudabilia
1183 1041 1188 1045 ,

416 1058 589 1101 probitatis
621 1063 653 1090 et
677 1058 831 1091 virtutum
864 1059 999 1099 merita,
1020 1059 1152 1102 ouibus

416 1120 571 1153 personas
596 1116 718 1143 vestras
750 1111 846 1144 etiam
880 1111 1025 1144 familiari
1060 1122 1153 1155 expe-

415 1163 533 1196 rientia
557 1163 660 1196 iuvari
697 1164 921 1207 percepimus,
958 1166 1151 1208 condignam

413 1216 573 1249 rationem
606 1217 781 1255 habentes,
810 1227 845 1249 ac
881 1224 1056 1261 propterea
1081 1229 1151 1251 eas-

414 1270 487 1302 dem
510 1280 668 1312 personas
696 1276 818 1303 vestras
843 1271 1014 1314 peculiaris
1042 1272 1150 1304 favore

414 1321 537 1363 gratiae
555 1333 591 1354 ac
607 1323 755 1365 specialis
777 1324 911 1357 honoris
933 1330 965 1356 et
992 1326 1151 1357 excellen-

414 1375 475 1407 tiae
502 1374 668 1417 dignitatis
688 1376 781 1409 titulo
802 1377 977 1410 sublimare
995 1378 1147 1417 volentes,

414 1437 532 1471 vosque
558 1433 589 1460 et
613 1429 793 1471 quemlibet
814 1435 951 1462 vestrum
980 1441 997 1462 a
1022 1431 1149 1473 quibus-

412 1481 459 1513 vis
484 1482 838 1522 excommunicationis,
870 1483 1092 1526 suspensionis
1118 1489 1146 1517 et

411 1533 587 1575 interdicti,
614 1535 750 1578 aliisque
776 1536 999 1569 ecclesiasticis
1018 1543 1148 1570 senten-

411 1586 476 1627 tiis,
504 1588 647 1620 censuris
674 1593 705 1620 et
727 1589 864 1631 poeuis,
892 1600 909 1621 a
933 1589 1002 1622 iure
1027 1591 1075 1622 vel
1109 1590 1147 1621 ab

410 1639 553 1680 homine,
572 1641 681 1684 quavis
703 1642 873 1674 occasione
891 1643 940 1675 vel
955 1645 1048 1675 causa
1064 1643 1147 1682 latis,

410 1692 436 1725 si
462 1694 578 1736 quibus
596 1694 842 1737 quomodolibet
866 1695 1011 1728 innodati
1038 1696 1147 1729 existi-

410 1746 503 1787 stitis,
534 1747 573 1780 ad
604 1746 753 1780 effectum
778 1749 998 1791 praesentium
1025 1750 1147 1782 dumta-

410 1805 463 1832 xat
488 1801 765 1843 consequendum,
792 1802 907 1834 harum
936 1802 1018 1835 serie
1044 1803 1147 1836 absol-

410 1858 520 1885 ventes
547 1858 578 1886 et
603 1854 768 1886 absolutos
795 1854 862 1887 sore
887 1860 1077 1896 censentes,

453 1906 468 1948 ξ
492 1906 522 1938 2.
550 1906 634 1939 Motu
669 1907 803 1950 proprio
819 1934 826 1947 ,
853 1918 918 1940 non
944 1909 983 1941 ad
1008 1914 1145 1942 vestram

409 1959 457 1991 vel
483 1959 614 1991 alterius
640 1970 700 2002 pro
724 1960 814 1993 vobis
845 1970 944 2004 super
970 1962 1031 1994 boc
1057 1962 1146 1995 obla-

409 2016 460 2044 tae
485 2012 650 2055 petitionis
683 2013 886 2054 instantiam,
913 2014 967 2046 sed
993 2015 1031 2047 de
1058 2018 1145 2048 mera

408 2064 602 2099 liberalitate
628 2071 659 2098 et
683 2068 768 2099 certa
793 2066 926 2099 scientia
952 2068 1078 2107 nostris,
1109 2079 1145 2100 ac

409 2117 447 2150 de
484 2119 679 2161 apostolicae
717 2119 884 2162 potestatis
920 2121 1141 2162 plenitudine,

408 2180 464 2202 vos
489 2176 520 2203 et
544 2172 720 2214 quemlibet
743 2178 885 2205 vestrum
911 2173 1085 2216 respective
1112 2174 1143 2205 in

408 2229 534 2256 nostros
570 2230 601 2256 et
632 2224 722 2257 Sedis
758 2225 965 2268 Apostolicae
1000 2226 1144 2259 notarios

410 2275 494 2318 (sine
514 2281 619 2309 tamen
638 2277 837 2320 praeiudicio
856 2278 1046 2311 dilectorum
1066 2278 1144 2312 filio-

408 2338 478 2360 rum
502 2330 703 2362 notariorum
725 2331 762 2363 de
788 2342 923 2364 numero
949 2332 1144 2375 participan-

410 2380 513 2423 tium),
526 2383 702 2425 apostolica
717 2384 914 2424 auctoritate,
932 2390 1041 2417 tenore
1055 2395 1143 2427 prae·

410 2434 566 2473 sentium,
590 2435 780 2478 recipimus,
807 2448 842 2469 ac
867 2438 948 2470 sacri
974 2437 1083 2480 palatii
1113 2443 1143 2470 et

410 2487 501 2519 aulae
527 2487 750 2521 Lateranensis
775 2490 918 2530 comites,
943 2501 1071 2523 necnon
1089 2502 1143 2523 au-

408 2545 496 2573 ratae
530 2540 661 2573 militiae
699 2542 847 2584 equites,
874 2554 909 2575 ac
940 2543 1066 2576 nobiles
1092 2554 1142 2576 ro-

408 2603 532 2633 manos,
567 2598 597 2625 et
620 2593 712 2625 Urbis
740 2594 856 2626 Romae
877 2622 884 2635 ,
911 2607 947 2627 ac
978 2596 1141 2629 civitatum

408 2646 650 2686 Avcnionensis,
680 2646 901 2687 Bononiensis,
924 2649 1139 2682 Ferrariensis

993 271 1065 295 ΒΓΗ
1077 271 1113 293 AR
1121 271 1173 294 [ΓΜ
1198 270 1348 294 ΠΟΜᾹΝΕΜ

1206 323 1238 350 et
1262 317 1515 359 Beneventanae,
1542 320 1749 364 omniumque
1776 327 1806 354 et
1830 322 1940 364 singu-

1204 372 1306 403 larum
1322 371 1455 404 aliarum
1474 372 1645 414 civitatum,
1667 379 1826 407 terrarum
1843 380 1873 408 et
1891 377 1939 408 lo-

1203 435 1315 456 corum
1340 425 1502 457 Romanae
1527 425 1686 458 Ecclesiae
1719 428 1857 461 mediate
1887 430 1936 462 vel

1202 476 1386 509 immediate
1405 478 1619 511 subies-torum
1637 478 1729 518 civ-es,
1748 491 1819 513 cum
1836 481 1937 514 omni-

1203 529 1261 561 bus
1288 529 1411 567 iuribus
1426 556 1433 569 ,
1454 530 1739 571 iurisdictionibus,
1764 543 1937 575 praeroga-

1202 581 1274 614 tivis
1299 589 1331 615 et
1354 582 1534 625 insignibus
1560 584 1675 616 debitis
1702 590 1733 617 et
1756 587 1933 627 consuetis,

1201 645 1344 668 creamus
1370 646 1406 668 ac
1432 636 1677 676 constituimus,
1709 648 1743 670 ac
1768 638 1801 670 in
1826 649 1936 672 nume-

1202 698 1270 719 rum
1295 693 1325 719 et
1349 689 1550 721 consortium
1581 689 1717 722 aliorum
1750 697 1935 724 nostrorum

1200 746 1231 772 ct
1255 742 1399 774 eiusdem
1431 742 1522 775 Sedis
1558 744 1779 785 notariorum,
1808 756 1935 779 necnon

1200 794 1308 836 palatii
1339 800 1370 827 et
1402 797 1493 828 aulae
1534 796 1717 830 huiusmodi
1754 798 1930 839 comitum,

1199 846 1341 889 equitum
1367 853 1399 880 et
1423 848 1580 881 nobilium
1604 860 1810 883 romanorum
1825 877 1832 890 ,
1857 851 1935 884 alio·

1197 907 1333 941 rumque
1370 899 1486 932 civium
1521 901 1680 935 civitatum
1712 908 1743 935 et
1776 908 1931 936 terrarum

1197 951 1432 993 praedictarum
1453 954 1622 987 referimus
1640 956 1931 997 etconsc1·ibimus;

1240 1003 1298 1045 §3
1323 1004 1493 1048 Vobisque,
1510 1007 1635 1039 etiamsi
1658 1007 1802 1041 habitum
1821 1014 1852 1042 et
1868 1020 1932 1042 roc-

1196 1056 1341 1089 cltettum
1367 1058 1569 1091 notariorum
1602 1060 1704 1092 dictae
1730 1060 1821 1093 Sedis
1846 1061 1932 1094 iuxta

1196 1108 1325 1141 decreta
1350 1109 1577 1144 Lateranensis
1602 1113 1731 1145 concilii
1756 1114 1932 1148 novissime

1196 1162 1347 1194 celebrati
1369 1173 1434 1195 non
1461 1164 1622 1203 deseratis,
1643 1171 1695 1198 aut
1714 1166 1857 1200 civitates
1874 1168 1932 1200 hu-

1195 1214 1332 1247 iusmodi
1358 1226 1423 1248 non
1461 1217 1678 1258 incolueritis,
1705 1229 1764 1252 nec
1790 1230 1932 1263 unquam

1195 1268 1226 1299 in
1248 1268 1369 1301 eisdem
1388 1269 1570 1303 civitatibus
1592 1272 1789 1304 domicilium
1809 1273 1931 1306 habuc—

1194 1320 1271 1361 ritis,
1302 1327 1336 1353 ut
1361 1322 1511 1355 omnibus
1531 1329 1560 1355 et
1586 1325 1840 1369 quibuscumque
1865 1327 1927 1369 pri-

1194 1373 1329 1417 vilegiis,
1352 1376 1563 1417 facultatibus,
1584 1378 1854 1420 exemptionibus,
1875 1379 1928 1414 im-

1192 1428 1411 1468 munitatibus,
1431 1429 1642 1470 libertatibus,
1665 1431 1838 1472 favoribus,
1858 1442 1929 1474 gra-

1193 1482 1243 1514 tiis
1276 1488 1308 1515 et
1344 1482 1501 1522 indultis,
1528 1483 1641 1526 quibus
1678 1484 1778 1517 ceteri
1815 1495 1927 1518 omnes

1192 1536 1308 1568 notarii
1335 1535 1446 1576 nostri,
1468 1536 1563 1569 etiam
1581 1537 1618 1569 de
1638 1547 1774 1570 numero
1799 1538 1928 1581 partici-

1192 1588 1345 1631 pantium,
1361 1599 1396 1621 ac
1420 1589 1564 1629 comites,
1582 1590 1719 1632 equites,
1747 1596 1775 1622 et
1802 1591 1928 1624 nobiles

1193 1641 1286 1682 (citra
1312 1647 1419 1674 tamen
1444 1643 1663 1685 exemptiones
1690 1654 1706 1675 a
1731 1654 1822 1676 sacro
1847 1643 1928 1676 Con-

1191 1694 1265 1726 cilio
1290 1694 1479 1727 Tridentino
1515 1695 1677 1735 sublatas,
1704 1696 1781 1728 itaut
1806 1696 1926 1729 nedum

1191 1748 1297 1790 quoad
1322 1748 1523 1788 criminalia,
1549 1749 1605 1781 sed
1633 1749 1727 1781 etiam
1754 1749 1858 1792 quoad
1883 1749 1927 1782 ci-

1191 1800 1265 1833 vilia
1290 1800 1482 1833 subiaceatis
1507 1801 1694 1842 Ordinariis,
1721 1807 1753 1835 et
1776 1802 1857 1835 citra
1884 1802 1926 1834 sa-

1190 1854 1324 1886 cultates
1349 1854 1563 1896 legitimandi,
1591 1855 1629 1887 ad
1655 1855 1771 1897 gradus
1797 1866 1926 1898 promo-

1189 1907 1291 1946 vendi,
1318 1907 1464 1940 notarios
1491 1918 1547 1939 seu
1567 1908 1757 1941 tabelliones
1782 1909 1923 1949 creandi,

1189 1959 1315 2002 aliaque
1336 1959 1520 1992 huiusmodi
1548 1960 1716 2003 privilegia
1745 1972 1762 1993 a
1793 1961 1925 1994 notariis

1189 2018 1221 2044 et
1245 2012 1415 2045 comitibus
1440 2013 1589 2055 praefatis
1614 2019 1802 2056 praetensa,
1825 2014 1869 2046 ita
1891 2020 1927 2046 ut

1187 2065 1250 2097 illis
1275 2065 1389 2097 nullibi
1422 2065 1465 2097 uti
1501 2066 1633 2097 valeatis
1649 2092 1656 2105 ‚
1684 2076 1720 2098 ac
1744 2066 1869 2099 irritum
1894 2073 1926 2099 et

1188 2118 1282 2150 inane
1313 2118 1428 2150 existat
1461 2118 1613 2161 quicquid
1651 2128 1742 2150 secus
1779 2129 1836 2161 per
1867 2130 1923 2152 vos

1187 2176 1241 2203 aut
1258 2171 1437 2214 quemlibet
1462 2176 1602 2203 vestrum
1626 2172 1802 2214 respective
1821 2177 1924 2205 atten-

1188 2224 1247 2257 tari
1272 2223 1478 2267 contigerit),
1499 2234 1623 2256 necnon
1641 2225 1725 2257 cives
1746 2225 1922 2268 originarii,

1187 2278 1281 2310 etiam
1307 2277 1518 2319 dignitatum,
1543 2277 1776 2310 beneficiorum
1802 2284 1834 2311 et
1857 2279 1925 2312 offi-

1187 2330 1312 2363 ciorum
1336 2329 1630 2363 ecclesiasticorum
1660 2341 1695 2363 ac
1721 2331 1922 2370 secularium,

1187 2384 1281 2416 etiam
1307 2394 1344 2416 ex
1381 2383 1529 2426 personis
1562 2394 1772 2417 romanorum
1807 2384 1923 2417 civium

1187 2437 1438 2480 originariorum
1450 2437 1639 2478 vacantium,
1651 2438 1877 2480 assequutione
1892 2442 1923 2470 et

1187 2490 1341 2523 exercitio
1364 2495 1426 2522 tam
1447 2490 1478 2522 in
1492 2490 1575 2523 Urbe
1595 2501 1691 2534 quam
1716 2490 1747 2522 in
1773 2490 1921 2523 omnibus

1187 2549 1217 2576 et
1241 2543 1376 2586 singulis
1396 2543 1575 2583 civitatibus
1593 2543 1776 2586 praedictis,
1797 2548 1828 2575 et
1843 2544 1921 2576 alias

1184 2597 1304 2640 ubique
1325 2598 1470 2630 locorum
1490 2602 1520 2630 et
1538 2596 1689 2639 gentium,
1708 2607 1834 2629 necnon
1855 2608 1920 2629 ses-

1185 2650 1311 2683 sionum
1332 2655 1363 2683 et
1387 2654 1613 2690 conventuum,
1633 2654 1774 2690 utuntur,
1791 2649 1919 2692 potiun-

1950 273 1999 300 An.
2016 272 2046 302 C.
2068 274 2136 302 tosti
