2247 3208
243 216 291 242 An.
307 216 336 242 c.
357 216 421 243 1662
467 207 508 240 48

259 1066 413 1091 Eut-quinarem

231 1095 372 1118 praesentium
380 1092 415 1112 de·

232 1121 299 1145 putat.

257 1908 364 1930 Clausulas
376 1916 411 1936 ap·

231 1938 296 1961 pontit.

436 274 593 298 novarum
619 260 862 305 apothecarum,
886 268 941 291 seu
960 256 1170 296 officinarum,

436 326 472 348 ac
498 312 757 347 distributionem
781 315 814 343 et
837 308 1029 342 divisionem
1049 306 1170 339 macel-

436 369 551 406 lorum,
575 375 647 397 eum
672 364 788 407 stylum
812 367 844 395 et
867 371 1008 399 morem,
1029 359 1095 403 qui,
1114 370 1170 392 an-

435 424 564 462 tequam
590 415 812 449 ordinationes
846 424 903 447 seu
928 411 1168 446 declarationes

434 476 466 504 et
489 470 616 503 litterae
641 474 772 502 nostrae
796 467 1021 511 praeinsertae
1040 475 1169 498 emana-

432 529 513 564 rent,
541 523 740 562 servabatur,
767 526 800 554 et
822 530 885 564 quo
918 518 962 551 uti
992 524 1066 551 tunc
1092 517 1169 551 soli-

432 583 498 610 tum
530 581 608 617 erat,
646 577 684 609 de
711 580 821 608 cetero
849 572 1018 618 perpetuis
1052 571 1167 604 futuris

431 629 642 674 temporibus,
669 629 709 661 ab
734 627 796 661 illis
822 627 861 659 ad
880 636 960 669 quos
983 630 1110 669 spectat
1137 629 1169 657 et

431 693 492 726 pro
517 687 664 725 tempore
683 679 795 723 quovis
816 678 913 711 modo
932 677 1100 721 spectabit,
1120 677 1168 709 in-

431 734 627 768 violabiliter
652 738 684 765 et
706 733 901 765 inconcusse
928 729 1060 770 servari,
1080 740 1116 762 ac
1135 729 1166 762 in

430 798 523 820 usum
555 785 666 819 reduci
700 785 841 824 debere;
875 794 936 816 nee
970 792 1165 826 quemquam

431 840 556 873 eisdem
572 837 692 872 nostris
711 836 837 875 litteris,
856 835 888 868 in
906 835 1025 868 iudicio
1042 835 1093 867 vel
1113 845 1166 867 ex-

430 898 479 925 tra
503 891 590 932 illud,
615 890 659 923 uti
685 900 742 923 seu
768 900 802 922 se
828 889 936 921 iuvare
954 888 1093 932 posthac
1117 888 1165 920 ul-

429 945 554 978 latenus
580 953 696 987 posse,
725 941 931 975 decernimus
957 946 989 973 et
1019 941 1165 974 declara·

429 1009 509 1037 mus,
536 1009 572 1030 ae
597 996 762 1029 statuimus
789 1000 821 1027 et
845 994 1044 1028 ordinamus.

472 1051 487 1094 g
511 1050 542 1084 3.
569 1050 755 1083 Mandantes
781 1053 959 1092 propterea
984 1047 1103 1080 dilecto
1128 1046 1164 1079 fi-

420 1104 471 1142 ,lio
511 1103 714 1147 praesidenti
751 1101 896 1145 grasciae
931 1100 1035 1134 dietae
1066 1099 1161 1133 Urbis

426 1162 461 1190 ut
485 1157 600 1200 stylum
625 1160 657 1188 et
673 1165 799 1188 morem
816 1153 947 1187 solitum
965 1153 1160 1193 huiusmodi,

427 1215 460 1243 et
482 1210 544 1243 alia
569 1220 650 1253 quae
676 1208 763 1242 circa
786 1206 968 1251 praemissa
992 1216 1052 1250 pro
1072 1207 1160 1239 bono

427 1263 584 1297 dictarum
608 1261 724 1295 artium
766 1266 798 1294 et
828 1260 973 1303 grasciae
1000 1260 1160 1302 gubernio

426 1315 570 1349 ordinari
596 1320 749 1358 oportere
767 1312 965 1353 iudicaverit,
989 1312 1084 1346 faciat
1107 1323 1161 1345 au-

426 1368 574 1402 ctoritate
592 1370 702 1401 nostra
719 1378 737 1399 a
753 1365 906 1411 praefatis
924 1366 1112 1399 consulibus
1130 1371 1162 1398 et

427 1421 612 1455 hominibus
644 1420 760 1453 artium
790 1419 992 1459 huiusmodi,
1028 1418 1161 1452 ceteris-

426 1486 488 1519 que
514 1475 553 1508 ad
578 1485 658 1518 quos
684 1477 809 1517 spectat
838 1477 870 1505 et
897 1471 1058 1516 spectabit
1082 1482 1161 1516 quo-

426 1527 606 1562 modolibet
638 1527 670 1560 in
698 1527 847 1566 futurum,
883 1525 971 1558 omni
1003 1526 1095 1557 mora
1130 1530 1161 1558 et

426 1580 704 1624 tergiversatione,
726 1589 862 1612 recursu
880 1584 911 1612 et
927 1578 1159 1612 reclamatione

426 1634 570 1673 remotiS,
598 1639 708 1666 exacte
732 1638 765 1666 ct
788 1632 1021 1666 inviolabiliter
1046 1632 1160 1665 obser-

426 1688 512 1728 vari;
538 1697 597 1720 nos
623 1687 707 1720 enim
733 1686 838 1719 eidem
862 1685 1063 1730 praesidenti
1088 1695 1160 1728 gra—

426 1741 511 1774 sciae
537 1750 771 1784 quamcumque
796 1739 1015 1772 necessariam
1048 1744 1080 1771 et
1103 1749 1161 1783 op-

426 1799 599 1837 portunam
630 1794 670 1826 ad
695 1793 727 1825 id
752 1793 936 1826 facultatem
968 1793 1083 1825 harum
1108 1803 1160 1825 se-

427 1846 473 1879 rie
499 1846 668 1879 tribuimus
695 1851 727 1878 et
749 1844 967 1889 impertimur.

469 1899 484 1943 ἓ
507 1899 538 1932 4.
565 1899 784 1933 Decernentes
811 1899 942 1932 easdem
965 1903 1158 1942 praesentes

427 1952 571 1993 litteras,
598 1952 693 1986 etiam
719 1962 756 1984 ex
781 1962 819 1985 eo
841 1952 926 1996 quod
952 1952 1102 1985 consules
1129 1957 1160 1984 et

427 2004 480 2037 alii
504 2004 650 2048 praefati,
677 2004 842 2047 ceterique
868 2004 1006 2037 cuiusvis
1035 2009 1157 2044 status,

428 2057 555 2100 gradus,
581 2056 722 2097 ordinis,
749 2057 1026 2100 praeeminentiae
1053 2063 1084 2090 et
1113 2057 1160 2089 di-

428 2108 556 2152 gnitatis
583 2109 770 2149 existentes,
790 2109 885 2142 etiam
903 2110 1037 2153 speciali
1064 2115 1094 2143 et
1111 2110 1159 2142 in-

428 2161 556 2195 dividua
579 2161 744 2194 mentione
779 2161 885 2204 digni,
912 2162 943 2194 in
968 2163 1175 2206 praemissis,

427 2216 477 2248 vel
503 2225 615 2247 eorum
648 2215 757 2258 aliquo
786 2215 953 2248 interesse
986 2216 1156 2257 habentes,

427 2278 485 2301 seu
509 2268 632 2300 habere
662 2267 908 2311 quomodolibet
938 2270 1158 2311 praetenden-

428 2327 485 2361 tes,
512 2321 551 2354 ad
570 2320 625 2353 illa
650 2320 762 2361 vocati,
789 2320 873 2353 citati
900 2326 931 2353 et
955 2322 1073 2363 auditi,
1101 2333 1157 2355 seu

428 2384 554 2414 causae,
579 2380 716 2418 propter
747 2385 825 2417 quas
851 2374 941 2418 ipsae
966 2381 1158 2418 praesentes

429 2427 617 2466 emanarint,
636 2427 801 2467 adductae,
823 2427 1004 2461 verificatae
1023 2435 1055 2462 et
1070 2429 1159 2462 iusti-

428 2481 540 2514 ficatae
565 2490 631 2513 non
664 2480 790 2521 fuerint,
821 2481 872 2514 vel
902 2491 939 2513 ex
971 2482 1033 2515 alia
1058 2483 1159 2527 quali-

1009 208 1187 234 BULLARIUM
1211 206 1363 231 ROMANUM

1207 254 1357 297 vilegiata
1381 254 1486 294 causa,
1521 253 1664 297 ingenio,
1695 254 1817 293 colore,
1844 263 1940 297 prae-

1206 312 1293 340 textu
1327 312 1359 340 et
1383 307 1509 350 capite,
1542 307 1639 340 etiam
1670 307 1702 339 in
1727 317 1867 350 corpore
1893 306 1939 338 iu-

1204 361 1247 394 ris
1273 361 1393 401 clauso,
1431 361 1527 393 etiarn
1560 360 1713 401 enormis,
1730 378 1735 381 -
1751 360 1939 394 enormissi-

1203 424 1273 446 mae
1287 419 1331 447 ·et
1354 413 1462 447 totalis
1488 413 1652 453 laesionis,
1679 415 1768 447 nullo
1796 424 1938 457 unquam

1203 472 1351 510 tempore
1379 466 1417 499 de
1444 466 1667 509 subreptionis
1696 467 1747 499 vel
1772 467 1939 510 obreptio-

1202 520 1251 552 nis
1277 524 1330 552 aut
1354 518 1509 552 nullitatis
1535 519 1631 558 vitio,
1666 529 1723 551 seu
1748 518 1937 552 intentionis

1201 577 1333 605 nostrae
1370 573 1421 605 vel
1458 572 1618 605 interesse
1656 572 1844 605 habentium
1885 579 1939 606 aut

1202 625 1325 658 habere
1363 625 1476 668 quovis
1514 625 1612 658 modo
1649 624 1935 668 praetendentium

1201 687 1381 710 consensus
1421 678 1524 711 aliove
1561 678 1709 721 quolibet
1739 677 1836 710 etiam
1872 678 1937 710 for-

1199 731 1275 764 mali
1300 736 1332 764 et
1355 731 1560 764 substantiali
1586 731 1714 764 defectu
1739 731 1854 772 notari,
1878 731 1937 764 im·

1200 783 1348 827 pugnari,
1385 783 1526 826 infringi,
1564 784 1716 824 rescindi,
1754 784 1935 825 retractari,

1199 836 1231 868 in
1256 837 1513 869 controversiam
1539 836 1655 877 vocari,
1684 841 1738 869 aut
1762 837 1800 869 ad
1827 837 1936 870 termi-

1198 898 1257 921 nos
1283 889 1361 921 iuris
1387 889 1509 929 reduci,
1537 900 1594 922 seu
1619 890 1775 922 adversus
1805 889 1877 923 illas
1902 902 1935 923 a·

1197 941 1370 985 peritionis
1405 942 1495 983 oris,
1534 943 1749 976 restitutionis
1784 943 1816 976 in
1852 944 1935 976 inte-

1198 1005 1298 1037 grum,
1325 995 1451 1028 aliudve
1485 996 1711 1040 quodcumque
1745 996 1833 1037 iuris,
1860 997 1933 1030 facti

1196 1049 1246 1081 vel
1272 1048 1394 1091 gratiae
1420 1049 1601 1081 remedium
1625 1049 1778 1082 intentari
1804 1051 1853 1083 vel
1876 1051 1935 1084 im-

1196 1102 1328 1145 petrari,
1355 1107 1409 1135 aut
1432 1101 1617 1146 impetrato,
1643 1104 1693 1135 vel
1712 1103 1809 1136 etiam
1834 1110 1932 1144 motu,

1196 1155 1333 1188 seientia
1358 1161 1390 1188 et
1413 1155 1584 1199 potestatis
1616 1156 1822 1199 plenitudine
1846 1157 1934 1200 pari-

1194 1209 1253 1240 bus
1279 1218 1447 1248 concesso,
1474 1208 1659 1252 quempiam
1680 1208 1713 1241 in
1733 1208 1853 1242 iudicio
1882 1210 1932 1243 vel

1196 1266 1285 1293 extra
1309 1261 1389 1293 illud
1421 1261 1466 1293 uti
1500 1272 1558 1294 seu
1593 1271 1628 1294 se
1664 1261 1774 1294 iuvare
1810 1272 1930 1305 posse,

1195 1314 1253 1346 sed
1284 1313 1372 1357 ipsas
1410 1319 1602 1357 praesentes
1636 1314 1761 1347 litteras
1801 1324 1932 1358 semper

1194 1366 1313 1407 firmas,
1340 1367 1462 1400 validas
1489 1372 1520 1400 et
1549 1367 1698 1401 efficaces
1734 1367 1874 1400 existere
1900 1374 1932 1401 et

1194 1420 1274 1460 sore,
1300 1431 1441 1464 suosque
1467 1421 1632 1464 plenarios
1659 1425 1691 1454 et
1714 1420 1860 1464 integros
1886 1421 1932 1454 ef-

1193 1473 1295 1506 fectus
1322 1473 1432 1506 sortiri
1465 1479 1496 1506 et
1529 1473 1689 1514 obtinere,
1722 1484 1759 1506 ac
1791 1473 1864 1514 illis,
1891 1474 1931 1507 ad

1195 1535 1275 1570 quos
1301 1531 1427 1569 spectat
1452 1530 1483 1558 et
1506 1536 1567 1570 pro
1593 1530 1741 1569 tempore
1760 1526 1928 1569 spectabit,

1193 1579 1383 1623 plenissime
1409 1578 1586 1622 suffragari,
1606 1584 1638 1612 et
1655 1580 1694 1612 ab
1708 1579 1772 1612 illis
1797 1590 1930 1623 respec-

1194 1632 1257 1665 tive
1282 1631 1515 1665 inviolabiliter
1547 1632 1733 1673 observari,
1761 1631 1872 1676 sicque
1898 1637 1930 1665 et

1192 1696 1259 1719 non
1283 1685 1378 1718 aliter
1401 1685 1433 1718 in
1458 1685 1647 1729 praemissis
1672 1695 1733 1729 per
1757 1696 1929 1729 quoscum-

1194 1750 1255 1783 que
1291 1738 1415 1771 iudices
1452 1738 1637 1773 ordinarios
1674 1742 1706 1771 et
1742 1738 1927 1782 delegatos,

1194 1792 1290 1825 etiam
1315 1802 1486 1825 causarum
1512 1790 1623 1834 palatii
1645 1790 1816 1835 apostolici
1840 1791 1929 1824 audi-

1194 1850 1291 1885 tores,
1318 1855 1354 1877 ac
1379 1845 1410 1877 S.
1430 1843 1467 1877 R.
1488 1844 1522 1876 E.
1544 1844 1759 1877 camerarium
1777 1854 1834 1877 seu
1852 1855 1929 1888 pro-

1193 1898 1418 1938 eamerarium,
1445 1903 1477 1931 et
1501 1897 1582 1931 alios
1608 1898 1803 1938 cardinales,
1832 1898 1928 1931 etiam

1193 1953 1231 1986 de
1258 1953 1359 1985 latere
1378 1953 1513 1994 legatos,
1532 1962 1660 1985 necnon
1677 1962 1825 1985 camerae
1851 1963 1929 1995 apo-

1193 2006 1326 2039 stolicae
1351 2005 1578 2049 praesidentes
1600 2005 1748 2045 clericos
1774 2010 1807 2038 et
1823 2005 1927 2038 dictae

1192 2059 1286 2092 Urbis
1312 2063 1507 2098 senatorem,
1527 2058 1673 2102 aliosque
1692 2058 1856 2102 quoslibet
1875 2069 1928 2091 ea-

1192 2112 1343 2145 rumde'm
1368 2121 1518 2144 camerae
1545 2116 1576 2144 et
1599 2111 1693 2144 Urbis
1719 2111 1875 2144 officiales
1897 2116 1929 2144 et

1192 2164 1357 2198 ministros
1384 2174 1586 2208 quacumque
1612 2163 1804 2196 auctoritate
1823 2169 1855 2196 et
1869 2174 1928 2207 po-

1192 2222 1308 2251 testate
1323 2240 1328 2245 -
1345 2217 1517 2260 fungentes
1543 2221 1575 2249 et
1598 2216 1774 2256 functuros,
1802 2216 1928 2249 sublata

1192 2270 1238 2304 eis
1265 2275 1297 2303 et
1321 2280 1433 2303 eorum
1459 2269 1592 2303 cuilibet
1628 2269 1738 2313 quavis
1764 2269 1858 2302 aliter
1880 2269 1928 2302 iu-

1192 2323 1321 2358 dicandi
1346 2328 1378 2357 et
1394 2323 1632 2367 interpretandi
1649 2323 1800 2355 facultate
1825 2327 1857 2355 et
1873 2333 1927 2355 au-

1192 2378 1330 2419 toritate,
1357 2376 1493 2410 iudicari
1519 2382 1550 2410 et
1575 2376 1702 2410 definiri
1728 2376 1863 2418 debere,
1890 2387 1926 2409 ac

1191 2431 1319 2464 irritum
1344 2436 1376 2463 et
1399 2430 1495 2463 inane
1521 2430 1546 2463 si
1573 2440 1666 2462 secus
1699 2439 1798 2472 super
1834 2428 1884 2461 his
1909 2440 1926 2461 a

1193 2494 1372 2528 quoquam,
1407 2483 1518 2527 quavis
1550 2482 1751 2523 auctoritate,
1783 2481 1926 2515 scienter

427 2534 483 2567 bet
507 2533 709 2576 quantumvis
736 2532 844 2573 iusta¹,
871 2534 1013 2576 legitima
1038 2541 1069 2568 et
1092 2536 1158 2580 pri·
1191 2538 1242 2570 vel
1269 2537 1468 2580 ignoranter,
1495 2535 1670 2579 contigerit
1693 2535 1857 2568 attentari.

464 2596 475 2623 1
493 2594 564 2622 Edit.
580 2595 663 2622 Main.
681 2594 744 2629 legit
761 2595 842 2622 iuaeta
858 2596 893 2629 (a.
906 2596 954 2631 T.)-

1236 2589 1250 2633 ἓ
1275 2590 1305 2622 5.
1332 2589 1402 2623 Non
1429 2589 1631 2623 obstantibus
1657 2587 1856 2633 praemissis,

1955 205 2006 230 Αη.
2025 204 2053 230 C.
2070 204 2138 232 16OE

1975 2578 2067 2605 nerogat
2075 2584 2124 2601 cou-

1875 2598 1923 2630 30,
1942 2605 2020 2628 trama.
