2247 3208
189 214 238 242 An.
257 214 286 241 c.
309 213 376 241 1664
422 204 487 238 284

204 960 263 983 Quod
285 966 360 987 appro-

177 988 239 1006 enum
258 993 270 1007 a
291 988 360 1008 l'uuti-

236 1858 349 1889 Drrssgalxo

167 1888 327 1906 contrariorum.

199 2121 347 2147 Ὶ’ωιι«ιιιιιρὶιι«

166 2152 210 2167 run.
226 2147 285 2168 nutes.

381 272 474 296 verso
491 262 577 294 clero
594 260 672 293 inibi
690 260 818 293 recitari
842 270 1045 303 summopere
1063 259 1116 293 de-

381 316 516 348 sideret:
542 324 617 354 nos,
643 313 810 346 memorati
835 313 947 356 populi
975 313 1115 347 devotio-

380 378 454 401 nem
489 366 635 410 specialis
671 366 778 400 favore
811 366 931 410 gratiae
962 366 1114 409 prosequi

379 420 563 463 cupientes,
596 419 761 462 ipsiusque
790 419 902 463 populi
935 419 1114 462 singulares

377 482 531 516 personas
549 483 567 505 a
583 473 748 516 quibusvis
766 472 1112 514 excommunicationis,

377 525 598 568 suspensionis
616 530 647 558 et
663 526 838 567 interdicti,
857 526 991 569 aliisque
1012 527 1114 559 eccle-

377 578 512 611 siasticis
536 579 715 620 sententiis,
736 579 879 612 censuris
897 585 928 613 et
944 580 1068 624 poenis,
1096 590 1113 612 a

377 630 445 664 iure
463 631 513 664 vel
534 631 572 664 ab
591 631 733 672 homine,
751 633 862 676 quavis
879 633 1045 666 occasione
1064 634 1112 666 vel

376 685 470 717 causa
493 684 581 724 latis,
608 684 633 717 si
658 685 774 728 quibus
799 686 1041 728 quomodolibet
1065 686 1113 718 in—

374 737 510 771 nodatae
537 737 693 778 existunt,
719 738 758 771 ad
783 737 929 771 effectum
961 749 1112 782 praesen-

374 790 453 822 tium
486 790 647 823 dumtaxat
681 792 962 834 consequendum,
996 792 1111 825 harum

373 843 454 875 serie
480 843 679 876 absolventes
696 850 727 876 et
744 845 925 878 absolutum
948 846 1015 878 sore
1041 856 1110 878 cen-

372 901 495 936 sentes,

417 949 432 991 §3
456 948 487 981 4.
504 948 797 992 Supplicationibus
810 950 878 983 eius
903 951 1032 984 nomine
1057 961 1109 984 no-

370 1000 420 1034 bis
430 1012 528 1045 super
538 1002 600 1035 hoc
609 1003 776 1035 humiliter
785 1004 944 1046 porrectis
953 1003 1106 1044 inclinati,

371 1054 410 1088 de
427 1055 666 1098 praedictorum
679 1056 891 1089 cardinalium
904 1057 1046 1097 consilio,
1062 1057 1107 1090 se·

369 1112 453 1140 stum
469 1108 614 1141 eiusdem
632 1109 731 1141 sancti
749 1109 905 1142 Dominici
930 1109 1056 1152 patroni
1072 1110 1105 1142 in

368 1161 520 1194 universo
536 1171 637 1204 regno
654 1161 865 1204 Neapolitano
883 1154 1048 1205 praedicto
1066 1163 1104 1195 ab

367 1214 516 1247 omnibus
536 1213 799 1247 christifidelibus
824 1215 889 1247 illic
914 1215 1104 1258 degentibus

367 1267 405 1299 de
430 1272 602 1310 praecepto
627 1268 759 1307 servari,
779 1273 810 1300 et
834 1268 926 1300 sicuti
947 1268 1009 1301 alia
1025 1269 1104 1302 festa

367 1319 406 1352 de
431 1325 602 1363 praecepto
627 1321 794 1361 celebrari,
810 1321 942 1364 eiusque
964 1321 1102 1354 officium

366 1382 438 1405 cum
463 1376 571 1406 octava
587 1400 594 1413 ,
621 1364 655 1405 ut
680 1374 849 1414 hactenus,
881 1375 920 1407 ab
952 1375 1101 1408 universo

364 1426 449 1459 clero
476 1427 619 1459 eiusdem
645 1427 735 1469 regni
758 1427 897 1467 recitari,
914 1428 1100 1461 auctoritate

364 1481 557 1523 apostolica,
584 1486 693 1513 tenore
712 1481 940 1523 praesentium,
960 1482 1101 1515 decerni-

363 1543 449 1572 mus,
476 1534 692 1576 praecipimus
725 1540 754 1566 et
779 1534 989 1575 mandamus3
1016 1536 1100 1568 salva

363 1591 469 1619 tamen
495 1587 527 1619 in
553 1587 737 1630 praemissis
762 1588 950 1621 auctoritate
975 1589 1100 1630 praedi-

362 1644 429 1672 ctae
442 1640 700 1682 congregationis
722 1641 945 1681 cardinaliumg
962 1651 1026 1673 non
1043 1642 1100 1673 ob-

361 1692 519 1735 stantibus
552 1693 833 1725 constitutionibus
866 1699 896 1726 et
926 1694 1100 1727 ordinatio-

361 1745 456 1777 nibus
486 1746 687 1788 apostolicis,
716 1746 895 1789 ceterisque
928 1747 1098 1780 contrariis

362 1798 632 1841 quibuscumque.

405 1851 419 1893 g
454 1851 484 1883 5.
516 1851 668 1884 Volumus
701 1857 806 1885 autem
842 1858 877 1884 ut.
912 1854 1097 1886 earumdem

361 1904 579 1946 praesentium
604 1904 781 1937 litterarum
807 1906 1022 1949 transumptis
1041 1918 1097 1939 seu

361 1957 526 1999 exemplis,
555 1963 637 1989 etam
666 1957 838 2000 impressis,
862 1969 957 1990 manu
983 1960 1097 1992 notarii

360 2010 480 2051 publici
495 2009 691 2053 subscriptis,
713 2016 743 2042 et
768 2011 874 2053 sigillo
894 2022 1050 2054 personae
1066 2013 1097 2044 in

361 2062 574 2095 ecclesiastica
603 2063 757 2105 dignitate
783 2064 973 2097 constitutae
998 2065 1098 2097 niuni-

361 2115 416 2155 tis,
443 2115 553 2147 eadem
587 2125 718 2158 prorsus
750 2115 829 2149 sides
862 2117 895 2149 in
924 2118 1042 2150 iudicio
1067 2124 1098 2150 et

361 2172 449 2199 extra
469 2167 674 2208 adhibeatur,
700 2179 780 2211 quae
806 2171 1029 2212 praesentibus
1055 2171 1097 2214 ip-

359 2220 401 2252 sis
427 2220 653 2261 adhiberetur,
680 2222 705 2253 si
732 2222 835 2254 forent
860 2223 1021 2255 exhibitae
1047 2225 1095 2256 vel

359 2279 518 2307 ostensae.

402 2327 515 2360 Datum
540 2328 677 2369 Romae,
705 2329 789 2371 apud
821 2330 851 2362 S.
880 2330 1008 2363 Mariam
1039 2330 1096 2363 Ma-

357 2379 470 2421 iorem,
491 2380 548 2413 sub
574 2382 692 2414 annulo
717 2382 896 2423 piscatoris,
921 2384 971 2416 die
995 2394 1094 2417 xxvin

357 2433 437 2465 iunii
469 2443 628 2475 MDCan',
662 2434 865 2477 pontificatus
905 2437 1004 2469 nostri
1042 2447 1096 2469 an-

357 2495 401 2519 no
426 2497 456 2519 x.

393 2547 451 2575 Dat.
470 2549 513 2575 die
529 2548 561 2575 28
579 2548 644 2575 iunii
661 2548 744 2583 1664,
764 2550 861 2584 pontis.
878 2558 920 2576 an.
939 2558 964 2576 x,

940 198 1129 236 ‘sortiamini
1149 198 1304 236 ‘Romnum

1904 211 1954 238 An.
1970 216 1999 239 c.
2020 209 2089 238 1664

1421 260 1628 294 CDLXXXIII.

1160 331 1199 364 Ut
1223 331 1259 364 in
1278 331 1386 374 reync's
1405 331 1643 375 Hispaniarum
1667 336 1695 365 et
1718 332 1894 366 Indiarum

1200 383 1237 416 de
1247 388 1415 427 praecepto
1425 384 1578 417 recitetur
1590 384 1734 428 officium
1750 390 1779 419 el
1794 385 1896 418 missa

1202 437 1420 480 Concepciom's
1444 437 1481 470 B.
1500 437 1625 470 Mariae
1649 437 1794 481 Viryim‘s
1821 438 1892 472 Im-

1199 489 1391 531 maculatae,
1417 500 1489 523 cum
1514 489 1655 524 octavffl.

1345 570 1513 602 Alexander
1533 570 1612 604 Papa
1630 571 1694 605 vn,

1278 614 1314 641 ad
1334 617 1509 648 perpetuam
1528 614 1572 642 rei
1592 614 1772 642 memoriam.

1198 683 1283 723 Quae
1308 686 1393 719 inter
1416 686 1599 729 praeclaras
1630 685 1890 729 multiplicesque
1926 692 2015 716 Moiiva·

1154 737 1309 771 carissimi
1335 739 1367 771 in
1387 738 1514 772 Christo
1538 737 1596 771 filii
1621 739 1721 772 nostri
1746 739 1889 783 Philippi

1153 791 1380 834 Hispaniarum
1404 793 1489 835 regis
1513 793 1663 826 catholici
1679 792 1812 826 virtutes
1829 793 1890 826 exi-

1152 844 1215 877 mie
1247 846 1352 878 elucet
1383 856 1459 888 erga
1483 846 1701 880 Beatissimam
1726 846 1889 890 Virginem

1152 896 1207 930 Dei
1233 896 1432 931 Genitricem
1451 899 1583 932 Mariam
1602 900 1741 940 devotio,
1759 899 1888 944 aliaque

1152 950 1240 982 omni
1265 951 1361 983 laude
1382 951 1480 994 digna
1500 952 1648 985 eiusdem
1666 952 1783 996 Pilippi
1801 953 1888 996 regis

1150 1002 1183 1035 in
1197 1013 1250 1036 res
1265 1013 1375 1036 sacras
1390 1004 1498 1037 studia
1510 1004 1760 1047 promerentur2,
1775 1010 1811 1037 ut
1824 1005 1887 1049 piis

1151 1056 1220 1089 eius
1246 1057 1338 1097 votis,
1361 1058 1400 1090 ad
1426 1058 1612 1100 augendum
1639 1058 1785 1091 eiusdem
1810 1059 1889 1091 Bea-

1149 1109 1295 1143 tissimae
1319 1111 1400 1144 caeli
1426 1111 1569 1154 Reginae
1601 1112 1725 1145 cultum
1749 1113 1888 1145 tenden-

1148 1165 1253 1205 tibus,
1279 1167 1417 1208 paterna
1441 1165 1644 1208 benignitate
1669 1165 1886 1199 libentissime

1147 1228 1336 1251 annuamus.

1189 1272 1204 1315 ἓ
1229 1272 1259 1304 1.
1287 1272 1396 1315 Itaque
1421 1272 1545 1305 iteratis
1573 1273 1702 1316 piisque
1731 1274 2079 1323 ριἐοἰὸυςειωῐςςξῆζξῑᾞῐξ

1145 1325 1316 1358 memorati
1343 1325 1485 1369 Philippi
1511 1326 1596 1369 regis
1629 1327 1763 1359 nomine
1788 1327 1884 1360 nobis
1895 1327 1926 1374 Σ,
1942 1328 2080 1376 (ξξζξζζῑζζῇζ

1146 1378 1315 1411 humiliter
1331 1379 1492 1422 porrectis
1506 1379 1650 1422 benigne
1668 1380 1826 1421 inclinati,
1849 1381 1915 1412 ut⁵¹¹
1931 1380 2046 1407 *¹³*¹·⁴·⁰“⁵·

1144 1431 1176 1463 in
1203 1432 1354 1464 omnibus
1379 1433 1490 1474 regnis
1524 1432 1754 1475 Hispaniarum
1779 1438 1811 1466 et
1834 1433 1884 1466 ln-

1144 1484 1279 1525 diarum,
1296 1485 1443 1518 eiusdem
1458 1485 1602 1529 Philippi
1619 1486 1726 1528 regis³
1742 1487 1882 1530 imperio

1144 1538 1309 1579 subiectis,
1337 1544 1403 1571 tum
1428 1550 1445 1571 a
1471 1539 1674 1572 secularibus
1700 1544 1766 1572 tum
1791 1551 1809 1572 a
1833 1551 1883 1573 re-

1144 1592 1310 1635 gularibus
1344 1593 1517 1635 utriusque
1550 1603 1667 1633 sexus,
1694 1593 1749 1637 qui
1782 1594 1880 1627 horas

1143 1645 1316 1679 canonicas
1341 1646 1482 1678 recitare
1504 1650 1669 1686 tenentur,
1689 1647 1829 1679 officium
1851 1653 1882 1680 et

1142 1698 1241 1731 missa
1256 1698 1487 1742 Conceptionis
1507 1698 1625 1731 Beatae
1643 1699 1759 1731 Mariae
1778 1699 1881 1741 Virgi-

1142 1752 1191 1784 nis
1207 1752 1434 1786 Immaculatae
1449 1763 1520 1785 curn
1537 1754 1648 1784 octava
1661 1752 1694 1784 in
1710 1757 1881 1795 posterum

1143 1806 1182 1838 de
1202 1811 1381 1849 praecepto
1400 1805 1566 1845 recitetur,
1591 1816 1664 1838 cum
1682 1805 1880 1838 lectionibus

1142 1858 1174 1889 in
1192 1858 1356 1890 octavario
1375 1869 1511 1891 romano
1524 1869 1541 1891 a
1558 1859 1815 1901 congregatione
1829 1868 1881 1891 ve-

1142 1911 1337 1943 nerabilium
1364 1912 1497 1943 i'ratrum
1523 1916 1712 1944 nostrorum
1736 1911 1767 1944 S.
1785 1911 1821 1943 R.
1841 1910 1876 1943 Ε.

1141 1965 1353 1997 cardinalium
1368 1965 1468 1997 sacris
1484 1965 1600 1997 ritibus
1614 1965 1879 2008 praepositorum

1141 2018 1323 2060 approbato
1349 2019 1523 2057 contentis,
1544 2023 1575 2050 et
1597 2028 1614 2049 a
1632 2017 1682 2050 die
1703 2028 1761 2050 rm
1779 2018 1818 2049 ad
1840 2026 1878 2050 xv

1141 2071 1325 2103 decembris
1361 2071 1422 2103 rite
1456 2070 1625 2113 dispositis
1644 2097 1651 2109 ‚
1684 2070 1877 2103 auctoritate

1140 2124 1330 2165 apostolica,
1358 2129 1471 2155 tenore
1497 2124 1732 2166 praesentium,
1752 2124 1878 2156 manda-

1139 2186 1208 2208 mus
1224 2182 1256 2209 et
1270 2176 1493 2216 decernimus,
1514 2177 1666 2219 idemque
1683 2177 1822 2209 officium
1838 2177 1878 2209 ad

1140 2240 1235 2262 usum
1261 2230 1408 2263 eiusdem
1427 2231 1506 2263 cleri
1526 2241 1674 2263 seorsum
1692 2231 1732 2263 ab
1750 2236 1878 2263 octava-

1139 2283 1187 2316 rio
1206 2293 1342 2316 romano
1360 2283 1504 2326 imprimi
1530 2294 1628 2326 posse
1651 2283 1874 2316 concedimus.

1182 2337 1196 2380 ξ,
1221 2336 1252 2369 ΞΣ.
1272 2336 1341 2369 Non
1361 2337 1566 2369 obstantibus
1585 2336 1876 2369 constitutionibus

1138 2394 1171 2421 et
1195 2389 1456 2422 ordinationibus
1476 2391 1672 2433 apostolicis,
1692 2387 2073 2434 ceterisquecou¹w¹¹¹¹¹112152¹f³⁰

1137 2442 1310 2475 contrariis
1338 2443 1608 2486 quibuscumque.

1175 2514 1184 2539 1
1207 2512 1245 2539 Ex
1264 2513 1376 2548 Regest.
1398 2513 1424 2539 in
1443 2513 1546 2540 Secret.
1566 2513 1644 2540 Brev.

1172 2557 1188 2583 2
1208 2557 1277 2584 Edit.
1294 2557 1372 2585 Main.
1391 2558 1454 2593 legit
1467 2562 1675 2593 promoventur
1689 2559 1726 2593 (R.
1743 2559 1792 2594 τ.).

1172 2602 1188 2628 3
1204 2601 1273 2629 Edit.
1291 2602 1369 2630 Μαίη.
1388 2604 1486 2638 rcgmis
1502 2603 1565 2638 legit
1580 2611 1627 2639 pro
1644 2604 1720 2638 reyis
1733 2604 1773 2638 (R.
1791 2604 1839 2639 T.).
