2247 3208
189 205 239 232 κη.
261 203 289 231 c.
313 204 380 232 ¹666
425 195 489 229 420

381 253 522 292 sionem3
549 261 686 294 cumque
706 249 886 293 frequentia
900 249 1115 291 capitulorum

382 305 486 338 eidem
506 302 757 345 Congregationi
782 302 814 334 in
840 300 1065 344 spiritualibus
1086 304 1117 332 et

381 356 613 400 temporalibus
630 354 820 388 notabiliter
836 354 948 397 prosit,
963 352 1115 395 praelatis

381 410 502 442 ibidem
516 407 750 441 exactissimam
764 406 923 439 actionum
939 410 971 438 et
984 404 1118 438 admini-

381 461 572 494 strationum
588 470 718 493 suarum
727 460 884 492 rationem
897 457 1117 497 reddentibus,

382 515 467 558 quod
493 519 525 546 et
548 513 612 546 illis
637 513 721 545 intra
745 511 844 545 debiti
870 510 965 544 officii
999 509 1118 543 limites

382 566 591 600 continendis
617 576 683 598 non
707 564 918 598 mediocriter
949 562 1117 601 conducit,

382 625 414 653 et
451 623 739 662 peropportunum
784 622 832 650 est
872 614 1117 649 conservandae

381 672 523 715 regulari
549 670 785 711 observantiae,
811 680 906 713 quae,
928 668 1018 701 novis
1043 667 1118 700 sub-

381 726 458 759 inde
484 724 646 764 decretis,
671 723 765 756 sicnti
796 722 937 756 deficere
970 721 1118 759 videtur,

382 778 505 812 firmius
531 777 695 810 stabilitur
720 777 752 809 in
778 776 922 819 capitulo
947 773 1116 817 generali,

383 831 434 864 cui
460 831 556 864 etiam
587 835 751 862 reservata
783 833 857 860 sunt
884 827 985 859 multa
1010 826 1117 868 magni

383 883 539 917 momenti
565 881 706 924 negotia,
725 891 864 924 quorum
884 878 1117 912 resolutionem

384 936 424 969 ad
438 934 689 979 wadriennium
705 932 826 966 differri
842 932 1038 975 quandoque
1054 940 1118 962 non

384 989 542 1032 expedit;
581 987 658 1031 quin
695 986 793 1019 etiam
827 996 862 1018 ex
890 982 1118 1027 quadriennali

384 1041 601 1085 capitulorum
619 1038 805 1072 huiusmodi
819 1037 1039 1070 celebratione
1057 1036 1120 1068 hoc

385 1099 542 1137 sequatur
566 1091 783 1129 incommodi,
809 1090 894 1133 quod
918 1088 1116 1124 visitatores,

385 1147 440 1190 qui
463 1145 666 1178 visitationes
691 1154 763 1176 suas
781 1143 865 1175 intra
882 1141 1049 1174 biennium
1068 1141 1121 1172 ab-

385 1199 526 1238 solvunt,
554 1198 658 1230 altero
688 1196 822 1228 biennio
848 1198 1013 1226 cessarent
1037 1203 1055 1224 a
1078 1193 1121 1224 vi-

385 1251 523 1290 sitando,
550 1260 610 1282 nec
634 1247 735 1282 eremi
761 1248 885 1279 interea
903 1246 1119 1285 visitarentur,

386 1309 508 1336 attento
534 1302 622 1345 quod
647 1300 895 1333 constitutiones
917 1299 1019 1330 dictae
1041 1297 1120 1329 Con-

386 1355 584 1399 gregationis
608 1364 673 1387 non
698 1352 888 1396 permittant
919 1350 1119 1383 visitationes

386 1410 425 1443 ab
451 1409 574 1442 eisdem
600 1407 732 1445 iterari,
758 1406 842 1438 unde
869 1405 893 1436 si
919 1415 1019 1437 novae
1050 1404 1121 1435 visi-

386 1461 516 1495 tationis
542 1461 645 1503 gratia
670 1464 741 1502 post
765 1458 931 1490 biennium
951 1455 1056 1489 officio
1073 1467 1122 1488 re-

386 1515 541 1549 nunciare
567 1514 734 1551 deberent,
750 1515 848 1554 prout
862 1520 897 1541 re
915 1510 985 1552 ipsa
1006 1509 1121 1541 sactum

387 1574 436 1601 est
459 1569 491 1600 in
517 1565 732 1610 quadriennio
758 1563 904 1607 proxime
929 1562 1119 1605 praeterito,

387 1620 462 1654 inde
487 1623 751 1662 consequeretur,
771 1622 805 1649 ut
822 1616 912 1648 finito
930 1613 1036 1646 usticio
1058 1623 1121 1646 non

387 1678 521 1718 possent
545 1672 685 1715 capitulo
711 1670 856 1713 generali
882 1679 952 1700 cum
978 1678 1055 1700 voce
1077 1667 1123 1698 in-

387 1726 561 1764 tervenire,
582 1724 636 1767 qui
650 1728 755 1755 tamen
769 1722 970 1754 interventus
987 1720 1122 1752 maxime

388 1778 589 1812 necessarius
616 1781 678 1816 est,
702 1780 737 1808 ut
762 1776 800 1807 ab
824 1774 903 1817 ipsis
928 1773 1122 1816 capitulares

390 1832 429 1865 de
454 1836 536 1864 statu
561 1828 827 1871 Congregationis
854 1827 1051 1864 doceantur,
1089 1835 1124 1857 ac

390 1885 518 1918 demum
557 1882 828 1916 considerandum
868 1880 910 1912 sit
945 1879 1031 1922 quod
1065 1888 1124 1921 per

390 1935 636 1970 constitutiones
656 1932 922 1976 Congregationis
939 1931 1123 1964 huiusmodi

391 1994 519 2023 cavetur
544 1997 716 2031 expresse,
742 1996 782 2018 ne
807 1986 879 2029 quis
903 1986 987 2018 ultra
1011 1994 1125 2016 sexen-

391 2043 493 2083 nium,
519 2042 552 2075 in
577 2040 770 2085 praelaturis
795 2038 977 2072 continuari
1002 2037 1123 2080 possit,

393 2101 486 2139 atque
510 2095 554 2127 ita
578 2094 602 2127 si
628 2093 768 2136 capitula
793 2092 831 2125 de
857 2090 1073 2135 quadriennio
1093 2090 1125 2121 in

393 2146 643 2190 quadriennium
657 2145 909 2183 celebrarentur,
932 2152 1065 2175 necesse
1084 2141 1128 2174 fo-

394 2205 445 2233 ret
467 2200 500 2232 in
525 2209 638 2232 eorum
663 2197 811 2241 quolibet
834 2206 945 2229 omnes
964 2196 1126 2238 praelatos

394 2253 520 2293 mutari,
546 2253 666 2295 quippe
692 2250 746 2294 qui
771 2260 872 2293 usque
891 2250 929 2282 ad
953 2248 1038 2281 aliud
1057 2249 1128 2281 sub-

395 2316 535 2350 sequens
561 2305 756 2348 capitulum,
791 2303 913 2336 scilicet
936 2312 995 2346 per
1019 2306 1129 2334 octen-

396 2360 494 2399 nium,
526 2359 559 2391 in
586 2356 778 2401 praelaturis
804 2355 987 2388 huiusmodi
1019 2359 1130 2387 contra

397 2412 582 2445 earumdem
600 2409 868 2442 constitutionum
883 2407 1130 2451 dispositionem

398 2465 586 2498 continuare
611 2472 676 2494 non
701 2462 865 2493 valerent:

962 199 1143 225 BELLARIUM
1166 198 1317 224 ROMAM'M

1158 257 1227 279 rum
1253 247 1376 290 pariter
1399 246 1539 280 tiliorum
1565 246 1696 280 maioris
1722 251 1751 280 et
1780 246 1893 280 desini-

1159 305 1265 332 torum
1287 299 1389 332 dictae
1407 299 1675 341 Congregationis
1694 300 1892 337 nominibus,

1161 352 1328 384 humiliter
1363 352 1538 394 supplicari
1572 353 1644 384 fecit
1676 357 1711 384 ut
1743 353 1775 384 in
1801 362 1894 395 prae-

1159 404 1265 437 missis
1290 410 1473 447 opportune
1499 404 1670 446 providere
1696 409 1727 436 et
1759 410 1793 436 ut
1809 405 1894 437 infra

1159 456 1328 498 indulgere
1354 456 1392 488 de
1417 455 1616 497 benignitate
1642 457 1817 498 apostolica
1846 456 1893 488 di-

1161 519 1345 551 gnaremur.
1365 507 1426 540 Nos
1443 508 1552 550 igitur7
1571 508 1785 541 incommodis
1802 519 1894 551 prae-

1162 561 1264 601 dictis,
1280 566 1433 604 quantum
1453 561 1547 593 nobis
1562 571 1598 593 ex
1614 562 1676 593 alto
1694 560 1893 600 conceditur,

1161 624 1355 653 occurrere,
1387 624 1422 646 ac
1452 613 1596 646 eiusdem
1627 612 1892 655 Congregationis

1161 666 1281 699 salubri
1308 665 1476 699 directioni
1501 671 1531 697 ct
1562 665 1692 697 utilitati
1725 666 1893 697 consulere

1161 719 1342 762 cupientes,
1371 718 1538 760 dictosque
1563 717 1736 759 magistros
1762 722 1793 749 et
1817 717 1894 749 deti-

1161 771 1284 804 nitores
1301 781 1335 803 ac
1354 776 1599 814 procuratorem
1621 771 1805 812 generalem
1824 780 1896 812 sse-

1161 824 1250 856 cialis
1276 824 1383 856 favore
1409 824 1528 866 gratiae
1554 823 1708 866 prosequi
1734 824 1892 861 volentes,

1162 882 1193 909 et
1217 887 1329 909 eorum
1354 876 1535 918 singulares
1561 886 1717 918 personas
1735 886 1751 907 a
1768 875 1896 918 quibus-

1161 929 1206 961 vis
1230 928 1595 967 excommunicationis,
1621 927 1840 970 suspensionis
1865 932 1896 960 et

1160 981 1335 1020 interdicti,
1361 981 1496 1024 aliisque
1518 980 1747 1014 ecclesiasticis
1765 985 1895 1012 senten-

1163 1034 1232 1074 tiis,
1259 1033 1403 1066 censuris
1429 1039 1460 1066 et
1486 1032 1617 1076 poenis,
1644 1043 1660 1065 a
1686 1032 1757 1064 iure
1783 1033 1831 1065 vel
1854 1032 1893 1064 ab

1161 1084 1301 1121 homine.
1325 1087 1435 1129 quavis
1450 1087 1620 1119 occasione
1636 1087 1684 1119 vel
1699 1087 1793 1118 causa
1810 1085 1892 1122 latis,

1161 1139 1185 1171 si
1211 1140 1327 1183 quibus
1352 1138 1596 1181 quomodolibet
1626 1138 1797 1171 innodatae
1830 1137 1896 1170 exi-

1162 1198 1259 1231 stunt,
1277 1194 1313 1225 ad
1333 1191 1480 1225 ellectum
1498 1192 1716 1234 praesentium
1734 1191 1897 1223 dumtaxat

1161 1245 1433 1288 consequendum,
1456 1245 1572 1277 barum
1591 1244 1675 1276 serie
1693 1243 1896 1276 absolventes

1162 1304 1193 1331 ct
1217 1299 1378 1331 absolutas
1404 1298 1470 1329 fore
1496 1302 1682 1334 censentes,
1710 1296 1894 1328 huiusmodi

1163 1350 1452 1394 supplicationibus
1477 1349 1646 1387 inclinati,
1676 1354 1710 1380 ut
1742 1348 1895 1391 deinceps

1162 1404 1329 1447 perpetuis
1355 1403 1470 1435 tuturis
1498 1402 1698 1445 temporibus
1717 1401 1895 1443 capitulum

1163 1458 1315 1499 generale
1347 1457 1385 1488 de
1416 1455 1550 1487 biennio
1586 1455 1618 1487 in
1653 1453 1841 1492 biennium,
1868 1458 1899 1484 et

1164 1509 1248 1542 dieta
1280 1518 1363 1540 anno
1390 1512 1460 1550 post
1484 1506 1738 1539 celebrationem
1768 1504 1897 1548 capituli

1165 1560 1346 1593 huiusmodi
1365 1560 1543 1602 respective
1563 1558 1677 1591 haberi
1692 1564 1723 1590 et
1739 1557 1897 1590 celebrari

1165 1615 1314 1653 debeant,
1341 1622 1400 1645 nec
1416 1613 1618 1655 praelaturae
1638 1610 1740 1643 dictae
1757 1610 1897 1652 Congre-

1165 1667 1301 1709 gationis
1325 1667 1409 1698 ultra
1434 1664 1600 1697 biennium
1626 1664 1762 1702 durent,
1789 1672 1899 1705 quem-

1166 1720 1337 1753 admodum
1373 1728 1432 1760 per
1468 1716 1717 1750 constitutiones
1755 1715 1898 1747 eiusdem

1165 1770 1430 1814 Congregationis
1447 1774 1574 1802 cautum
1594 1768 1768 1811 reperitur,
1784 1772 1823 1804 et,
1843 1777 1899 1799 an-

1167 1830 1293 1868 tequam
1318 1823 1537 1866 praeinsertae
1564 1826 1693 1854 nostrae
1717 1821 1843 1853 litterae
1866 1830 1899 1852 e-

1166 1881 1341 1915 manarent,
1360 1875 1427 1908 sieri
1447 1875 1582 1913 solebat,
1599 1873 1789 1906 auctoritate
1807 1883 1900 1915 prae-

1166 1930 1268 1968 dicta,
1296 1935 1407 1961 tenore
1433 1926 1670 1970 praesentium,
1696 1925 1900 1958 concedimus

1167 1989 1197 2016 et
1221 1983 1450 2024 indulgemus,
1485 1989 1520 2011 ac
1552 1979 1718 2011 statuimus
1748 1984 1780 2011 et
1815 1978 1902 2011 ordi-

1167 2046 1290 2068 namus.

1902 198 1951 224 Λη.
1973 197 2000 224 (ἶ.
2018 197 2085 226 tce&

1922 1356 2033 1376 Confirmat
2042 1361 2088 1381 pra·

1908 1387 1926 1402 Ul
1941 1389 1959 1402 ii!
1973 1388 2065 1403 l‘llurtcll.

1211 2088 1265 2131 gli.
1279 2088 1323 2120 Ac
1335 2086 1473 2130 proinde
1492 2085 1620 2117 easdem
1636 2084 1759 2116 litteras
1773 2086 1900 2115 nostras
1938 2088 2093 2118 anomiano-

1870 2135 1875 2140 ,
1912 2122 1945 2136 ras
1974 2120 2094 2141 praeinser-

1168 2141 1408 2185 praeinsertaS,
1444 2137 1615 2179 omniaque
1646 2141 1673 2168 et
1711 2136 1837 2178 singula
1868 2144 1951 2167 intas-

1169 2194 1214 2227 eis
1239 2196 1400 2229 contenta,
1424 2190 1614 2223 auctoritate
1630 2195 1661 2221 et
1678 2194 1788 2221 tenore
1814 2198 1901 2231 prae-

1169 2245 1262 2279 dictis
1288 2255 1325 2277 ex
1350 2253 1435 2276 nunc
1468 2251 1655 2274 revocamus
1672 2267 1679 2280 ‚
1716 2251 1902 2279 cassamus,

1170 2299 1331 2331 irritamus
1356 2302 1387 2329 et
1411 2295 1636 2329 annullamus,
1661 2293 1848 2336 viribusque
1873 2299 1901 2323 ct

1170 2348 1439 2394 effectu'penitus
1465 2354 1494 2381 et
1521 2348 1651 2381 omnino
1671 2357 1853 2386 vacuamus,
1874 2351 1903 2377 et

1171 2417 1207 2439 ex
1233 2415 1320 2437 nunc
1354 2408 1525 2440 revocata,
1563 2406 1707 2439 cassata,
1744 2399 1835 2431 irrita
1874 2405 1903 2430 et

1172 2459 1269 2497 nulla,
1294 2456 1482 2497 viribusque
1507 2459 1539 2486 et
1563 2451 1677 2485 ell'ectu
1702 2451 1848 2495 penitus,
1875 2456 1905 2483 et

1173 2510 1303 2543 omnino
1338 2518 1436 2540 vacua
1471 2517 1562 2545 essa,
1599 2508 1786 2547 praesentes
1828 2513 1904 2535 vero

1174 2563 1295 2595 litteras
1319 2569 1448 2602 semper
1473 2559 1598 2597 firmas,
1626 2556 1746 2589 validas
1774 2560 1805 2588 et
1839 2554 1906 2587 effi-

244 2527 352 2558 Absssolutio
375 2531 388 2548 a

204 2561 308 2579 σειιωτιε.

444 2519 458 2562 g
483 2517 514 2550 3.
541 2514 638 2547 Nobis
663 2517 838 2556 propterea
857 2512 1040 2555 praedictus
1057 2521 1131 2554 pro·

401 2575 529 2606 curator
546 2565 715 2612 generalis,
731 2571 794 2597 tam
809 2575 864 2597 suo
885 2575 980 2607 quam
998 2564 1132 2597 dilecto-
