2247 3208
172 202 220 228 An.
236 202 264 226 (1.
291 200 356 230 ti'fig

364 247 594 287 1·is·‹lictionem‚
621 248 747 289 cogitur
771 259 830 292 pro
857 249 1023 292 capiendis
1058 250 1098 282 in-

363 301 608 335 formationibus
626 301 808 334 huiusmodi
834 313 949 345 rogare
975 303 1096 336 iudices

362 355 459 387 laicos
477 360 511 386 ut
528 354 712 387 facultatem
740 355 882 387 tribuant
902 356 1030 388 notario
1049 366 1098 387 ca-

361 407 471 450 pIcndi
495 407 527 439 in
553 407 735 450 praeseutia
764 407 909 440 eiusdem
943 407 1096 440 monachi

983 201 1124 227 CLEMENS

360 465 391 493 ct
418 460 547 492 testium
575 462 635 492 una
661 471 732 492 cum
758 461 938 492 iuramento
969 459 1094 492 debitas
1117 482 1118 485 =

361 513 603 547 informationes
630 513 823 557 praedictas.
844 512 904 545 Sed
922 513 1094 545 multorum
1116 540 1118 544 ,

359 576 519 599 annorum
531 566 731 609 experientia
750 570 949 608 compertum
968 570 1017 598 est
1031 576 1093 597 ma-
1116 576 1118 585 ¹

360 619 443 651 xima
468 619 544 651 oriri
578 619 780 651 incommoda
806 629 842 650 ex
869 628 907 651 eo
942 618 1029 660 quod
1064 618 1094 649 in

360 672 544 704 huiusmodi
566 672 661 704 rebus
685 670 937 704 ecclesiasticos¹
956 671 995 703 ad
1014 670 1095 703 iudi-

360 736 414 758 ces
441 725 538 758 laicos
564 724 685 757 recurri
712 729 743 756 et
767 723 900 756 notariis
934 723 1022 756 laicis
1051 723 1093 755 uti
1115 723 1117 732 ¹

361 788 491 810 necesse
518 777 566 817 sit,
587 787 657 809 cum
677 782 788 816 testes,
810 776 901 808 veriti
924 787 962 808 ne
982 786 1094 808 eorum

360 836 502 863 secretae
537 829 759 872 depositiones
794 840 810 861 a
847 829 974 861 notario
1012 829 1094 861 laico

358 884 553 922 revelentur,
581 882 774 925 quandoque
799 881 963 914 veritatem
988 881 1094 913 occul-

359 941 435 975 tent,
452 940 492 975 ct,
508 935 593 978 quod
611 935 702 978 peius
717 940 775 974 est,
790 934 964 977 aliquando
983 939 1094 966 contra
1115 930 1117 959 ἶ

358 988 446 1021 illam
472 988 656 1030 deponant;
683 987 778 1026 unde,
797 988 880 1019 ultra
901 997 1014 1029 graves
1040 986 1094 1018 iin-

358 1051 473 1084 pensas
500 1051 581 1084 quae
607 1040 639 1073 in
665 1040 848 1083 praemissis
866 1040 957 1080 fiunt,
979 1050 1095 1072 memo-

359 1100 444 1126 ratae
479 1093 739 1136 congregationis
773 1093 895 1126 candor
930 1092 1117 1133 interdum,¹

358 1147 609 1180 contaminatur.

402 1201 417 1243 ξ
441 1200 472 1232 *2.
500 1199 576 1233 Cum
599 1205 715 1238 autem,
744 1199 826 1232 sicut
851 1199 963 1232 eadem
989 1209 1091 1242 expo—

357 1254 429 1287 ⁴<itio
455 1253 680 1295 subiungebat,
700 1253 803 1285 dictus
822 1252 979 1295 Iosephus
1001 1252 1094 1284 mini-

358 1312 424 1339 ster
449 1305 608 1348 generalis
638 1305 813 1347 plurimum
845 1304 951 1347 cupiat
983 1314 1094 1336 mona-

356 1361 435 1393 chos
455 1358 723 1401 Congregationis
749 1358 934 1401 praedictae
959 1358 997 1390 ad
1023 1356 1094 1390 ess'e-

355 1418 442 1445 ctum
469 1411 605 1444 faciendi
631 1411 840 1454 probationes
869 1411 1091 1451 necessarias,

356 1477 390 1498 ac
416 1463 595 1508 recipiendi
621 1465 801 1496 iuramenta
816 1469 847 1496 et
871 1463 1092 1506 depositiones

357 1519 485 1551 testium
516 1527 613 1560 super
637 1517 778 1560 puritate
806 1516 982 1559 sanguinis,
1008 1516 1094 1548 aliis-

357 1583 427 1615 que,
443 1577 479 1604 ut
495 1571 688 1614 praefertur,
701 1570 880 1612 requisitis,
894 1570 1010 1602 notarii
1028 1580 1095 1601 mu-

358 1635 433 1657 nere
461 1624 549 1666 fungi
575 1633 683 1667 posse,
710 1624 802 1656 nobis
827 1628 1004 1666 propterea
1030 1624 1091 1654 liu-

356 1677 478 1709 militer
504 1676 681 1719 supplicari
706 1676 782 1708 fecit
801 1681 836 1707 ut
860 1676 892 1707 in
911 1675 1094 1718 praemissis

357 1734 541 1773 opportune
552 1729 725 1772 providere
738 1734 769 1761 et
781 1734 816 1760 ut
827 1728 909 1761 intra
924 1728 1093 1770 indulgere

358 1784 396 1815 (le
421 1782 620 1824 benignitate
645 1781 822 1825 apostolica
843 1782 1063 1824 dignaremur.

202 1844 299 1880 insurget
325 1847 347 1864 ut
402 1835 416 1878 ἓ
441 1834 472 1868 3.
500 1834 562 1867 Nos
580 1834 685 1876 igitur,
708 1835 814 1877 ipsum
837 1834 1009 1877 Iosephum
1034 1833 1094 1866 mi-

160 1870 495 1925 'ii'tffiffiiss'noi331iist111n1
521 1887 704 1930 generalem
728 1887 878 1930 specialis
904 1887 1009 1919 favore
1028 1897 1096 1928 gra-

162 1929 286 1975 }fflr'fnm
302 1923 347 1944 [Μ’
359 1941 422 1973 tiae
446 1939 601 1984 prosequi
626 1941 783 1980 volentes,
817 1945 849 1972 et
879 1951 896 1972 a
929 1938 1094 1982 quibusvis

357 1993 718 2034 excommunicationis,
735 1993 963 2036 suspensionis
993 1998 1025 2025 et
1052 1992 1096 2024 in-

359 2046 506 2086 terdicti,
531 2047 668 2090 aliisque
694 2046 927 2079 ecclesiasticis
962 2050 1096 2078 senten-

358 2099 428 2140 tiis,
451 2100 600 2132 censuris
626 2105 658 2132 et
686 2099 818 2142 poenis,
844 2110 861 2131 a
886 2098 955 2131 iure
980 2100 1029 2131 vel
1055 2098 1094 2131 ab

359 2152 500 2193 homine,
517 2153 627 2196 quavis
643 2152 812 2185 occasione
831 2153 879 2185 vel
898 2154 994 2185 causa
1010 2151 1092 2191 latis,

357 2205 383 2237 si
409 2205 524 2248 quibus
549 2206 798 2249 quomodolibet
829 2205 1002 2238 innodatae
1029 2205 1096 2237 exi-

357 2258 422 2297 stit,
458 2259 495 2290 ad
522 2258 670 2291 effectum
688 2259 905 2301 praesentium
932 2259 1097 2291 dumtaxat

357 2311 631 2353 consequendum,
651 2312 767 2344 harum
784 2312 867 2344 serie
891 2312 1096 2345 absolventes

358 2368 390 2396 et
414 2364 598 2396 absolutum
625 2364 692 2397 fore
712 2370 892 2405 censentes,
912 2364 1096 2398 huiusmodi

359 2416 651 2460 supplicationibus
675 2416 831 2457 inclinati,
846 2422 880 2449 ut
897 2418 1013 2450 notarii
1032 2429 1096 2450 mu-

358 2479 446 2509 nere,
466 2470 505 2502 ad
528 2468 676 2502 effectum
702 2474 809 2502 tamen
834 2470 872 2502 de
899 2481 962 2514 quo
990 2471 1096 2513 agitur

190 1208 308 1229 Posti-tatio

395 2541 405 2566 1
424 2539 494 2566 Edit..
510 2539 589 2566 Main.
606 2539 671 2575 legit
686 2540 883 2568 ecclesiasticis
902 2548 950 2575 pro
964 2541 1096 2569 ecclesia-

358 2584 442 2611 sticos
457 2584 495 2618 (a.
510 2584 559 2618 T.).

436 2637 513 2665 Bull.
535 2637 618 2664 Rom.
641 2652 672 2657 -—
697 2638 753 2667 Vol.
776 2637 868 2665 XVII.
1012 2637 1046 2666 86

1152 205 1180 227 ix
1205 205 1252 228 PP.
1780 195 1838 229 681

1144 258 1272 292 tainum,
1294 252 1380 294 fungi
1407 253 1507 295 possit
1523 253 1618 285 alius¹
1637 254 1807 296 religiosus
1833 264 1880 285 sa-

1891 205 1940 232 Αη.
1957 205 1984 231 tt,
2007 205 2075 233 teca

1118 311 1120 344 g
1141 304 1254 336 cordos
1272 306 1434 347 protessus
1453 305 1597 338 ciusdem
1620 305 1880 348 congregationis

1141 357 1260 399 pietate
1287 363 1319 390 et
1344 357 1405 391 fide
1431 359 1592 401 probatus,
1627 358 1812 401 specialiter
1842 359 1880 390 ab

1140 410 1261 442 eisdem
1293 411 1495 452 deputandus
1519 422 1536 443 a
1562 411 1678 454 quibus
1714 416 1880 444 enarratus

1141 463 1317 494 monachus
1343 464 1380 494 ad
1408 464 1616 496 assumendas
1634 463 1878 496 lusori-nationes

1140 515 1322 557 deputatur,
1338 516 1531 548 auctoritate
1550 517 1737 559 apostolica,
1765 522 1877 549 tenore

1139 567 1366 610 praesentium,
1385 568 1596 601 concedimus
1611 575 1642 601 et
1659 569 1875 611 indulgemus.

1182 620 1197 662 ἓ
1221 619 1252 651 li.
1281 619 1503 653 Dccernentes
1531 621 1662 653 easdem
1684 628 1876 664 praesentes
1901 633 2025 662 ,noctuam
2045 635 2072 654 ir-

1138 671 1263 703 litteras
1290 681 1421 715 semper
1445 672 1565 711 sirmas,
1590 673 1712 705 validas
1730 678 1760 705 et
1776 663 1960 706 &mea-mun..

1139 734 1190 755 ces
1209 723 1351 756 existere
1377 730 1408 756 et
1435 725 1513 764 sore,
1541 736 1683 767 suosque
1711 726 1876 768 plenarios

1139 781 1170 808 et
1194 777 1341 819 integros
1364 777 1500 810 effectus
1527 777 1639 810 sortiri
1657 782 1690 810 et
1715 778 1876 819 obtinere,

1138 840 1174 861 ac
1199 829 1272 870 illiS,
1293 830 1331 862 ad
1353 840 1435 873 quos
1458 835 1585 873 spectat
1603 836 1707 873 etpro
1726 835 1877 873 tempore

1115 888 1117 924 j!
1138 882 1411 925 quandocumque
1437 883 1610 926 spectabit,
1627 883 1659 915 in
1680 883 1830 916 omnibus
1846 888 1879 916 et

1138 946 1198 979 per
1222 936 1331 968 omnia
1355 936 1545 979 plenissime
1564 935 1746 978 suffragari,
1767 937 1877 979 sicque

1138 989 1170 1021 in
1195 988 1386 1032 praemissis
1413 999 1472 1031 per
1498 998 1722 1032 quoscumque
1755 988 1876 1021 iudices

1137 1042 1321 1074 ordinarios
1339 1047 1370 1074 et
1395 1041 1574 1084 delegatos,
1592 1042 1688 1074 etiam
1707 1052 1876 1074 causarum

1136 1095 1248 1138 palatii
1284 1094 1452 1138 apostolici
1481 1095 1656 1135 auditores,
1684 1094 1817 1126 iudicari
1844 1098 1876 1126 et

1139 1147 1265 1181 definiri
1291 1148 1411 1180 debere
1427 1175 1434 1188 ‚
1460 1158 1496 1180 ac
1520 1148 1646 1179 irritum
1672 1152 1703 1179 et
1726 1147 1823 1179 inane
1849 1146 1875 1179 si

1138 1211 1230 1233 secus
1255 1211 1354 1244 super
1379 1201 1430 1233 his
1451 1210 1468 1232 a
1489 1210 1662 1244 quoquam,
1690 1199 1800 1243 quavis
1820 1210 1875 1232 au-

1136 1254 1295 1293 ctoritate,
1322 1253 1463 1286 scienter
1486 1254 1536 1286 vel
1562 1252 1763 1295 ignoranter,
1797 1262 1875 1285 con-

1138 1307 1247 1349 tigerit
1272 1306 1432 1338 attentari.

1181 1359 1247 1402 3¹5.
1274 1359 1344 1391 Non
1370 1358 1574 1392 obstantibus
1607 1357 1810 1401 praemissis,
1839 1369 1875 1391 ac

1137 1411 1422 1444 constitutionibus
1452 1416 1484 1443 et
1511 1410 1772 1443 ordinationibus
1798 1422 1875 1454 apo-

1955 1366 2072 1392 Derogatto

1886 1395 2049 1414 contrariorum.

1114 1477 1116 1492 2
1137 1465 1278 1505 stolicis,
1306 1475 1444 1504 necnon,
1472 1469 1633 1507 quatenus
1659 1474 1739 1507 opus
1759 1464 1809 1503 sit,
1832 1464 1879 1497 di-

1138 1524 1206 1551 ctae
1238 1517 1500 1560 congregationis
1516 1544 1523 1555 ‚
1549 1517 1644 1549 etiam
1669 1517 1851 1549 iuramento
1869 1545 1876 1557 ,

1138 1570 1380 1603 confirmatione
1406 1570 1594 1612 apostolica,
1620 1571 1669 1602 vel
1695 1570 1804 1612 quavis
1827 1570 1879 1602 tir-

1139 1625 1247 1656 mitate
1273 1623 1335 1655 alia
1354 1622 1524 1662 roboratis,
1543 1622 1668 1654 statutis
1689 1627 1720 1654 et
1740 1633 1879 1655 consue-

1140 1677 1311 1715 tudinibus,
1334 1675 1511 1719 privilegiis
1529 1686 1670 1718 quoque,
1693 1676 1825 1708 indultis
1846 1680 1879 1708 et

1139 1729 1255 1762 litteris
1281 1729 1464 1772 apostolicis
1500 1728 1534 1760 in
1558 1728 1757 1761 contrarium
1783 1739 1878 1771 prae-

1116 1792 1117 1797 *
1139 1783 1314 1816 missorum
1340 1782 1587 1825 quomodolibet
1611 1781 1784 1821 concessis,
1800 1792 1877 1814 con-

1139 1835 1272 1868 firmatis
1305 1840 1337 1867 et
1367 1835 1546 1874 innovatis,
1574 1835 1691 1878 quibus
1727 1834 1877 1867 omnibus

1140 1894 1171 1922 et
1188 1889 1332 1931 singulis,
1356 1889 1486 1921 illorum
1505 1893 1635 1920 tenores
1652 1887 1878 1930 praesentibus

1140 1953 1197 1986 pro
1222 1943 1318 1986 plene
1350 1947 1381 1974 et
1413 1941 1611 1974 sufficienter
1645 1941 1807 1984 expressis
1842 1950 1879 1972 ac

1140 1996 1332 2028 adverbum
1356 1994 1488 2027 insertis
1515 1994 1680 2033 habentes,
1707 1992 1771 2026 illis
1798 1992 1877 2025 alias

1140 2048 1172 2079 in
1191 2058 1246 2080 suo
1267 2049 1385 2080 robore
1411 2047 1642 2090 permansuris,
1661 2047 1701 2078 ad
1725 2044 1878 2088 praemis-

1140 2111 1250 2133 sorum
1275 2099 1431 2140 effectum,
1452 2101 1513 2132 hac
1530 2099 1598 2132 vice
1617 2099 1788 2138 dumtaxat,
1808 2108 1879 2140 spe-

1139 2155 1265 2188 cialiter
1291 2159 1323 2187 et
1347 2164 1498 2197 expresse
1517 2153 1726 2194 derogamus3
1749 2151 1880 2184 ceteris-

1140 2218 1202 2251 que
1221 2207 1391 2240 contrariis
1409 2206 1678 2249 quibuscumque.

1182 2262 1197 2303 ξ
1228 2260 1259 2293 6.
1294 2260 1449 2293 Volumus
1482 2263 1589 2291 autem
1620 2262 1656 2289 ut
1689 2257 1878 2290 earumdem

1139 2312 1362 2357 praesentium
1382 2313 1564 2345 litterarum
1579 2310 1786 2353 transumptis
1797 2336 1804 2350 ‚
1822 2321 1879 2343 seu

1140 2366 1306 2409 exemplis,
1323 2365 1418 2398 etiam
1433 2364 1607 2408 impressis,
1630 2373 1727 2396 manu
1744 2363 1878 2396 alicuius

1139 2418 1255 2451 notarii
1282 2417 1403 2462 publici
1421 2417 1626 2460 subscriptis,
1646 2420 1676 2448 et
1694 2415 1802 2459 sigillo
1822 2415 1879 2448 ali-

1140 2471 1233 2504 cuius
1251 2481 1411 2514 personae
1432 2470 1464 2502 in
1482 2469 1636 2512 dignitate
1660 2468 1880 2502 ecelesiastica

1140 2524 1335 2557 constitutae
1352 2523 1494 2563 munitis,
1512 2523 1624 2555 eadem
1642 2532 1779 2566 prorsus
1798 2520 1878 2553 sides

1924 2262 2074 2289 Transumpto-

1889 2296 1935 2311 rum
1950 2289 2010 2310 tides.

1177 2586 1187 2612 1
1211 2584 1311 2612 Forsan
1331 2584 1440 2619 aliquis
1455 2592 1504 2608 nrn
1519 2585 1596 2611 oliv-s
1616 2582 1757 2614 tegendum
1773 2584 1810 2617 (a.
1827 2582 1878 2615 Τ.).
