2247 3208
231 288 283 314 An.
306 286 331 314 0,
355 286 421 314 1009
468 276 531 311 302

268 1191 413 1217 Exequutures

229 1217 325 1244 (1011111111,

276 2566 338 2587 filos
354 2565 424 2586 danda

239 2593 385 2619 transumptis.

425 335 585 369 clausulas
619 333 786 375 generales
812 330 897 363 idem
921 328 1158 371 importantes,

425 387 545 421 mentio
571 396 627 418 seu
657 384 786 428 quaevis
813 382 982 426 expressio
1012 380 1184 413 habenda»

425 445 479 472 aut
503 439 562 472 alia
587 438 694 480 aliqua
725 436 883 479 exquisita
908 435 1009 467 forma
1034 434 1073 466 ad
1099 433 1162 465 hoc

423 492 581 526 servanda
607 491 699 530 soret,
729 495 861 522 tenores
895 486 1092 526 huiusmodi,
1126 496 1184 548 ac¹

424 546 450 578 si
476 545 514 577 de
541 543 639 577 verbo
666 544 703 575 ad
729 542 863 575 verbum
880 568 888 582 ,
921 540 1001 573 nihil
1033 539 1184 582 penitusv

425 599 554 637 omisso,
581 603 612 630 et
636 598 739 629 forma
765 596 795 628 in
820 595 884 628 illis
912 594 1026 626 tradita
1051 593 1162 625 obser-

424 654 516 691 vata,
551 650 811 694 exprimerentur
846 653 877 681 et
913 647 1158 684 insererentur,

423 703 645 747 praesentibus
681 712 740 745 pro
773 702 867 744 plene
900 706 932 733 et
967 699 1163 733 sufficienter

423 756 585 800 expressis
604 760 635 788 et
655 754 784 787 insertis
806 754 976 793 habentes,
999 752 1063 785 illis
1083 752 1161 784 alias

422 810 454 841 in
480 820 537 841 suo
564 809 683 841 robore
702 806 935 851 permansuris,
955 805 994 838 ad
1011 804 1162 848 praemis-

421 872 529 895 sorum
554 860 719 899 effectum,
747 865 852 900 motu,
879 858 1013 892 scientia
1050 863 1081 890 et
1105 867 1162 900 po-

421 914 546 948 testatis
572 913 776 957 plenitudine
803 912 943 956 paribus,
971 912 1162 953 derogamus

422 973 453 1001 et
469 968 658 1010 derogatum
677 977 750 999 esse
771 972 802 998 et
819 965 953 1005 censeri,
975 964 1094 1007 illaque
1113 974 1163 996 ne-

422 1021 500 1054 mini
527 1021 679 1053 adversus
705 1024 893 1062 praesentes
913 1018 1035 1050 litteras
1053 1015 1163 1049 51111111-

424 1075 492 1117 gari
516 1075 678 1113 volumus,
698 1073 877 1114 ceterisque
902 1070 1071 1104 contrariis
1098 1069 1164 1113 qui·

424 1129 464 1160 bu
470 1139 501 1160 se
507 1138 558 1160 um
564 1138 624 1170 que
632 1153 637 1158 .

468 1181 482 1223 ξ
515 1179 545 1212 8.
580 1179 726 1212 Ceterum
762 1178 909 1211 volumus
947 1182 979 1209 et
1013 1187 1162 1220 expresse

424 1234 613 1267 mandaums
626 1238 660 1264 ut
673 1232 806 1265 eaedem
821 1236 1009 1274 praesentes
1024 1230 1162 1269 litterae,

425 1297 480 1319 seu
510 1296 618 1318 earum
654 1286 820 1328 exempla,
856 1283 952 1316 etiam
986 1283 1161 1326 impressa,

425 1338 632 1372 notificentur
668 1343 699 1370 et
731 1337 920 1369 intimentur
951 1335 1101 1368 omnibus
1133 1341 1164 1367 et

426 1392 562 1434 singulis
589 1390 764 1430 Ordinum,
791 1390 1091 1432 congregationum,
1116 1388 1164 1420 in-

427 1445 612 1477 stitutorum
645 1449 676 1475 et
712 1443 923 1482 societatum,
951 1442 1048 1474 etiam
1072 1441 1163 1481 lesu,

428 1497 613 1530 huiusmodi
642 1496 865 1540 superioribus
902 1495 1108 1537 generalibus
1133 1499 1165 1526 et

426 1549 692 1593 pizvciiratoribus
717 1548 1003 1591 generalibus‚.ad
1036 1548 1097 1579 hoc
1131 1552 1165 1578 ut

428 1614 540 1636 eorum
558 1608 589 1635 et
613 1602 853 1646 praedictorum
871 1601 1100 1643 religiosorum
1118 1600 1164 1632 eis

426 1655 603 1699 respective
636 1654 840 1687 subditorum
875 1644 1060 1686 noininibus
1094 1653 1164 1685 illas

427 1713 605 1752 acceptent,
620 1713 651 1740 et
665 1718 771 1740 earum
787 1707 934 1749 exempla
950 1705 1167 1738 transmittant

428 1762 468 1794 ad
493 1762 564 1794 illos
591 1772 662 1793 cum
688 1759 877 1792 arctissimis
898 1758 1081 1802 praeceptis
1102 1768 1166 1790 eas-

429 1815 501 1847 dem
527 1818 716 1858 praesentes
749 1813 872 1845 litteras
899 1817 930 1844 et
960 1812 992 1843 in
1017 1811 1062 1843 eis
1091 1821 1168 1843 cen-

428 1873 516 1901 tenta
541 1876 764 1910 quaecumque
798 1865 944 1909 plenarie
979 1869 1010 1897 et
1042 1864 1190 1906 11110010ι

430 1932 464 1954 ac
478 1932 564 1961 vere,
585 1920 715 1953 realiter
734 1925 765 1952 et
782 1929 854 1951 cum
872 1917 987 1951 effectu
1006 1928 1169 1960 exequen-

430 1974 460 2007 di
487 1980 516 2006 et
543 1972 747 2006 observandi.

473 2029 487 2069 ξ
511 2026 542 2059 O.
571 2027 613 2058 Ac
638 2026 771 2068 insuper
796 2023 993 2068 quibuslibet
1024 2024 1168 2056 locorum

429 2080 606 2114 Ordinariis
621 2088 798 2121 eorumque
817 2077 1017 2117 officialibus,
1043 2076 1171 2109 vicariis

430 2135 463 2168 in
489 2134 711 2178 spiritualibus
738 2132 958 2175 generalibus,
986 2143 1021 2164 ac
1045 2136 1171 2174 aposto-

430 2188 499 2222 licis
524 2193 554 2221 et
580 2187 810 2230 capitularibus
833 2186 958 2218 vicariis
982 2186 1122 2229 amplam
1142 2189 1172 2217 ct

431 2243 566 2275 liberam
591 2241 799 2274 concedimus
834 2244 866 2272 et
899 2239 1105 2282 impartimur
1130 2238 1172 2270 sa-

433 2296 583 2327 cultatem
601 2299 792 2337 praesentes
819 2292 941 2325 litteras
959 2292 991 2324 in
1017 2291 1095 2324 locis
1120 2302 1173 2324 eo-

1007 278 1187 303 BULLARIUM
1212 276 1362 301 ROMANUM

1205 324 1331 357 illarum
1349 324 1566 368 transumptis,
1581 335 1637 357 seu
1659 325 1823 368 exemplis,
1846 325 1942 358 etiam

1203 376 1379 419 impressis,
1396 387 1492 408 manu
1525 377 1657 409 alieuius
1681 377 1798 410 notarii
1820 377 1939 420 publici

1204 429 1401 472 subscriptis
1423 436 1454 462 et
1470 430 1577 472 sigillo
1603 441 1761 473 personae
1786 430 1818 462 in
1845 431 1941 464 eccle-

1204 481 1330 514 siastica
1369 482 1524 524 dignitate
1560 482 1754 515 constitutae
1792 483 1940 523 munitis,

1205 535 1352 567 eamdem
1370 545 1502 577 prorsus
1527 535 1559 567 in
1585 535 1703 568 iudicio
1721 541 1752 568 et
1769 541 1856 568 extra
1874 536 1941 568 ubi-

1182 601 1183 605 =
1205 597 1265 630 quc
1292 588 1436 619 locorum
1461 586 1557 620 sidem
1588 587 1711 627 haberi,
1738 599 1819 631 quae
1846 589 1940 621 habe-

1205 644 1293 671 retur
1322 639 1399 682 ipsis
1435 640 1660 683 praesentibus
1692 640 1806 673 litteris
1843 641 1866 673 si
1898 642 1942 674 so-

1204 698 1277 724 rcnt
1299 692 1460 725 exhibitae
1488 693 1536 724 vel
1564 697 1722 725 ostensae.

1248 745 1362 777 Datum
1389 745 1522 785 Romae,
1543 746 1627 788 apud
1646 745 1676 778 S.
1697 746 1827 778 Mariani
1846 747 1942 779 Maio-

1207 809 1284 838 rem,
1296 799 1356 831 sub
1373 801 1493 832 annulo
1511 799 1696 839 piscatoris,
1715 799 1766 832 die
1780 810 1843 833 xvxi
1862 800 1941 834 iunii

1205 861 1353 891 iinetxm
1378 851 1584 895 pontificatus
1606 852 1708 885 nostri
1732 863 1816 886 anno
1842 863 1877 886 11.

1242 913 1298 940 Dat.
1318 914 1360 941 die
1378 915 1406 941 17
1424 914 1488 941 iunii
1508 915 1586 949 1669,
1603 915 1698 950 pontif.
1714 923 1784 942 anno
1801 921 1829 942 11.

1519 1057 1621 1090 CXIII.

1206 1137 1389 1170 Declaratio
1435 1137 1522 1170 circa
1567 1138 1758 1171 solationem
1804 1138 1945 1172 decimae

1249 1190 1356 1233 quoad
1380 1190 1605 1223 ecclesiasticos
1625 1201 1799 1233 reynerum
1820 1196 1848 1223 el
1871 1202 1944 1234 pro·

1249 1244 1433 1276 nimiarum
1457 1255 1591 1277 coronae
1615 1245 1801 1287 Arayoni'ue
1819 1244 1838 1277 ¹.

1205 1324 1374 1351 Venerabili
1393 1324 1482 1351 fratri
1509 1324 1648 1351 federico
1668 1324 1857 1357 patriarchae
1880 1324 1946 1350 Ale-

1240 1367 1384 1394 xandrino
1398 1389 1404 1399 ,
1425 1371 1529 1394 nostro
1552 1371 1581 1395 et
1600 1368 1787 1401 apostolicae
1811 1367 1894 1395 Sedis
1914 1368 1945 1396 in

1240 1413 1340 1446 regnis
1361 1412 1570 1445 Hispaniarum
1589 1413 1716 1444 nuncio,

1415 1467 1549 1492 Clemens
1579 1467 1656 1499 Papa
1687 1466 1733 1492 lx.

1431 1536 1616 1563 Venerabilis
1631 1536 1725 1564 frater
1767 1570 1769 1572 ¹

1243 1580 1371 1608 salutem
1392 1583 1422 1607 et.
1442 1580 1641 1614 apostolicam
1661 1580 1911 1609 benedictionem.

1253 1652 1267 1694 ἓ
1292 1651 1322 1684 1.
1343 1651 1429 1684 Alias
1447 1651 1547 1683 felicis
1564 1651 1797 1684 recordationis
1812 1653 1948 1685 Alexan-

1210 1705 1266 1737 der
1284 1705 1342 1736 PP.
1362 1704 1410 1736 l'll
1429 1702 1662 1747 praedeeessor
1678 1709 1798 1744 noster,
1818 1705 1849 1737 in
1875 1706 1948 1738 sub-

1210 1757 1394 1789 ventionem
1421 1758 1523 1789 clarae
1546 1757 1723 1789 memoriae
1746 1757 1888 1801 Philippi
1911 1758 1947 1790 lV

1212 1811 1284 1842 dum
1318 1809 1395 1841 vixit
1419 1809 1641 1852 Hispaniarum
1666 1810 1751 1851 regis
1784 1810 1946 1851 catholici,

1211 1863 1325 1895 indixit
1350 1868 1382 1895 et
1406 1862 1560 1906 imposuit
1583 1873 1678 1894 unam
1699 1864 1800 1896 semel
1818 1863 1849 1895 in
1868 1863 1948 1896 duo-

1212 1916 1270 1948 bus
1292 1915 1383 1948 annis
1402 1920 1478 1947 tunc
1497 1914 1658 1957 proximis,
1682 1914 1811 1947 illorum
1831 1926 1950 1958 nempe

1213 1968 1340 2011 singulo
1354 1978 1412 2011 pro
1432 1968 1615 2007 medietate,
1629 1967 1878 2010 persolvendam
1897 1967 1951 2000 de-

1213 2021 1338 2062 cimam,
1365 2030 1446 2064 quae
1472 2020 1504 2052 in
1533 2024 1635 2053 totum
1658 2020 1695 2052 ad
1722 2030 1879 2052 sumniam
1897 2030 1950 2052 oc-

1215 2075 1434 2117 tingentorum
1460 2073 1598 2106 millium
1623 2074 1812 2106 ducatorum
1838 2084 1950 2106 monc-

1215 2134 1263 2161 11ιο
1289 2128 1463 2171 Hispaniae
1488 2128 1693 2167 ascenderet,
1728 2127 1813 2159 iuxta
1844 2131 1949 2159 taxam

1214 2194 1230 2213 a
1257 2186 1331 2213 tune
1356 2180 1512 2213 existente
1537 2191 1594 2213 suo
1620 2186 1651 2212 et
1676 2179 1880 2223 Apostolicae
1898 2179 1951 2212 Sc-

1216 2234 1263 2267 dis
1289 2235 1321 2267 in
1353 2233 1462 2276 regnis
1494 2233 1722 2276 Hispaniarum
1754 2232 1872 2265 nuncio
1907 2238 1952 2265 ta-

1218 2287 1364 2327 xandam,
1390 2286 1535 2319 omniurn
1561 2286 1728 2325 fruetuum,
1756 2285 1951 2327 reddituum,

433 2359 503 2381 rum
528 2347 701 2379 cuiuslibet
728 2346 905 2389 respective.
938 2344 1171 2377 iurisdictionis

433 2400 632 2445 publicandi,
660 2400 697 2431 ad
723 2400 785 2432 hoc
809 2404 844 2431 ut
867 2398 995 2431 illarum
1020 2398 1174 2440 ignoran-

434 2454 477 2486 tia
502 2453 633 2495 allegari
660 2457 799 2495 nequeat
823 2457 854 2484 et
878 2452 1017 2494 allegata
1040 2450 1173 2483 minime

435 2505 601 2546 suffragari
629 2505 753 2537 debeat.

481 2560 495 2602 ἓ
516 2558 565 2591 10.
585 2559 622 2590 Et
638 2557 711 2600 quia
737 2557 866 2590 dit‘ticile
885 2557 970 2590 soret
986 2561 1174 2600 praesentes

438 2611 563 2645 litteras
589 2610 763 2653 originales
788 2610 909 2653 ubique
932 2609 1057 2642 ostendi
1076 2613 1107 2641 et
1123 2620 1176 2652 pu-

440 2665 565 2706 blicari,
594 2665 738 2697 volumus
764 2663 886 2709 pariter
911 2668 942 2696 et
974 2663 1175 2704 decernimus

558 2759 571 2770 t

1216 2344 1451 2383 proventuum,
1487 2338 1623 2378 uirium,
1657 2338 1887 2371 obventionum
1921 2344 1953 2370 et

1217 2393 1510 2425 emolumentorum
1537 2396 1568 2424 et
1588 2391 1851 2424 distributionum
1878 2401 1954 2434 quo-

1217 2446 1411 2479 tidianarum
1438 2445 1580 2477 omnium
1605 2444 1812 2477 ecclesiarum
1832 2443 1953 2477 arehie-

1217 2499 1437 2542 piscopalium‚
1454 2498 1699 2541 episcopzriliurn,
1711 2497 1953 2539 collegiatarum

1194 2529 1198 2596 1
1218 2558 1249 2585 et
1273 2551 1517 2595 parochialium,
1535 2561 1661 2584 necnon
1685 2549 1954 2584 monasteriorum

1226 2708 1228 2710 Ι
1254 2669 1272 2711 1·
1288 2667 1324 2695 Ex
1346 2667 1452 2703 Regest.
1474 2666 1500 2694 in
1519 2667 1619 2694 Secret.
1643 2665 1718 2693 Brev,

1947 275 1998 301 An.
2021 275 2049 301 C.
2071 274 2136 301 11:139

2053 1658 2142 1679 Alexan-

1959 1684 1996 1705 ·ler
2005 1685 2040 1705 Vll
2056 1690 2142 1705 conci-5-

1958 1713 1985 1731 sit
2002 1712 2099 1737 Philippo
2115 1711 2140 1731 Ν

1967 1738 2127 1758 subventionem

1959 1764 2071 1790 quamdam
2113 1763 2140 1783 alr

1977 1790 2130 1810 ecclesiasticis

1959 1816 2088 1838 solvendam.
