2247 3208
154 194 204 220 An.
221 193 251 221 C.
272 193 339 221 ¹664

179 891 321 918 Supplicatio.

946 193 1064 217 Alit-lxx&
1071 194 1133 216 om
1156 194 1200 218 vll
1227 195 1274 217 Pr.

393 242 498 273 sancti
529 241 700 274 Francisci
730 241 767 273 <Ie
805 242 1012 274 Obseruantia
1042 251 1088 272 re-

392 294 607 336 formatorum
639 299 778 326 servetur
812 295 911 326 Breve
938 294 1084 325 (temen-

394 347 434 379 tis
464 346 547 379 I'III
571 347 656 378 circa
680 347 905 389 fundationem
931 356 1087 378 novorum

393 405 603 432 conventuum
620 400 761 432 aliorum
778 400 981 442 regyularimn
1003 398 1088 430 illen-

393 453 586 489 dicantizon,
614 453 660 485 ita
686 457 721 485 u!
748 463 811 486 non
834 453 934 496 possit
957 451 1088 494 procede?

394 506 433 538 ab
459 506 644 538 huiusmodi
668 506 875 548 fundationes
895 505 960 536 nisi
981 505 1017 536 in
1041 503 1088 535 di-

392 560 516 592 stantis}
547 559 660 591 saltem
695 559 840 602 quinque
873 558 1037 589 leucarum
1068 567 1086 589 a

393 613 596 645 conventibus
621 612 724 645 (lictae
743 611 931 655 provinciae
955 609 985 643 S.
1012 610 1087 643 An-

395 666 475 699 tonii
492 666 511 698 “.

541 753 707 781 Alexander
731 753 810 786 rapa
829 753 891 784 vn,

491 798 527 825 ad
546 798 679 824 futuram
698 797 743 824 rei
763 797 943 824 memoriam.

393 878 502 922 Nuper
525 888 584 921 pro
608 883 700 921 parte
727 877 919 910 dilectorum
946 876 1086 910 filiorum

350 931 484 964 fratrum
510 931 694 974 provinciae
720 931 751 963 S.
771 930 903 963 Antonii
928 930 960 962 in
986 940 1087 972 regno

349 985 570 1027 Portugalliae
601 983 728 1016 Ordinis
767 984 900 1015 fratrum
930 983 1087 1015 Minorum

350 1037 453 1070 sancti
477 1036 637 1070 Francisci
670 1037 709 1069 de
739 1036 951 1069 Observantia
975 1036 1089 1068 Refor-

349 1096 510 1123 matorum
544 1094 801 1132 nuncupatorum
840 1089 1087 1131 congregationi

351 1144 585 1177 venerabilium
600 1145 732 1176 fratrum
747 1148 934 1175 nostrorum
952 1142 982 1174 S.
998 1142 1034 1174 R.
1051 1142 1085 1174 E.

351 1197 564 1229 cardinalium
585 1195 725 1238 negotiis
743 1200 776 1227 et
792 1194 1088 1227 consultationibus

352 1249 580 1291 episcoporum
606 1254 637 1281 et
662 1248 858 1290 regularium
885 1248 1090 1290 praeposito-

351 1313 421 1334 rum
447 1302 614 1345 exposito‚·
631 1301 717 1344 qnod
744 1300 853 1333 dilecti
879 1301 1001 1343 pariter
1032 1300 1089 1333 filii

353 1355 467 1387 fratres
493 1354 679 1397 provinciae
712 1354 750 1386 de
777 1353 918 1386 Arabida
943 1353 1088 1386 eiusdem

351 1406 477 1439 Ordinis
504 1407 636 1438 fratrum
661 1406 820 1438 Minorum
839 1406 1087 1438 reformatorum

352 1464 531 1491 conventus
556 1459 589 1491 in
614 1459 694 1491 locis
720 1459 758 1491 de
784 1458 934 1492 Condexa
965 1458 1091 1491 Colum-

352 1512 491 1544 briensis
512 1517 544 1544 et
568 1512 606 1544 de
625 1511 725 1544 Cliam
742 1511 916 1554 parochiae
939 1511 969 1544 S.
994 1511 1091 1549 Quin-

354 1564 410 1596 tini
425 1564 686 1608 Ulyssiponensis
706 1564 889 1607 respective
904 1564 1091 1597 dioecesum

353 1617 392 1649 de
419 1628 503 1650 novo
530 1619 665 1650 fundare
684 1622 713 1649 et
733 1617 858 1659 eri-gere
877 1617 1091 1650 intendebant

353 1671 386 1703 in
411 1671 584 1703 maximum
617 1671 851 1714 praeiudicium
885 1676 916 1703 et
940 1672 1092 1703 damnum

354 1724 458 1757 dictae
483 1724 667 1767 provinciae
694 1725 724 1757 S.
753 1725 883 1757 Antonii
910 1736 990 1767 quae
1017 1735 1113 1774 eon-fl

1770 185 1826 217 Qtt

1130 241 1252 273 militer
1267 242 1452 284 prohiberi:
1471 242 1633 275 emanavit
1649 253 1664 274 a
1687 242 1770 274 dit-ta
1788 253 1864 274 vou-

1130 294 1319 335 gregatione
1345 295 1511 327 decretum
1535 295 1657 328 tenoris
1679 295 1731 338 qui
1756 295 1864 337 sequi-

1131 352 1190 384 tur,
1215 347 1386 379 videlicet:

1179 411 1191 429 α
1223 399 1320 431 Sacra
1350 401 1560 441 congregatio
1590 400 1866 433 eminentissimo-

1129 462 1198 483 rum
1217 452 1247 483 S.
1262 452 1342 484 RE.
1364 453 1723 495 eat-dimdiumnegotiis
1741 459 1771 486 et
1789 464 1866 487 con-

1129 503 1356 536 sultationibus
1371 504 1600 548 episcoporum
1616 512 1647 537 et.
1666 507 1865 548 regularium

1128 556 1331 598 praeposita,
1358 557 1489 589 attentis
1516 559 1668 597 narratis,
1694 570 1728 591 ac
1755 560 1866 592 audito

1128 608 1355 642 commissario
1381 610 1487 642 curiae
1513 610 1640 643 Ordinis
1668 611 1864 650 huiusmodi,

1129 661 1334 694 sanctissimo
1367 662 1499 695 domino
1536 668 1647 695 nostro
1678 670 1864 703 annuente,

1130 714 1273 747 decrevit
1306 720 1336 747 et
1372 715 1533 747 mandavit
1571 721 1606 748 ut
1643 716 1796 759 deinceps
1834 717 1865 748 in

1128 768 1275 809 praefata
1292 767 1460 810 provincia
1478 768 1508 800 S.
1530 769 1660 801 Antonii
1681 769 1772 811 regni
1792 769 1867 801 Por-

1130 820 1282 862 tugalliae
1293 826 1438 853 servetur
1452 826 1664 853 memoratum
1680 822 1779 854 Breve
1795 833 1867 854 sau-

1129 878 1197 905 ctae
1216 873 1392 905 memoriae
1419 873 1594 906 Clementis
1613 874 1675 906 1111
1697 874 1779 906 circa
1797 875 1866 907 fun-

1130 925 1294 958 dationem
1313 936 1471 959 novorum
1493 932 1710 959 conventuum
1728 927 1865 959 aliorum

1129 978 1327 1020 regularium
1357 978 1625 1019 Mendieantium,
1659 980 1700 1011 ita
1737 985 1771 1010 ut
1801 990 1867 1011 non

1130 1031 1232 1073 possit
1256 1031 1388 1074 procedi
1422 1032 1460 1064 ad
1495 1032 1681 1065 huiusmodi
1708 1032 1869 1064 fundatio-

1131 1093 1188 1115 nes
1226 1083 1286 1115 nisi
1323 1083 1355 1116 in
1388 1084 1539 1116 distantia
1576 1086 1689 1117 saltem
1724 1084 1867 1127 quinque

1130 1137 1293 1169 leucarum
1321 1148 1336 1169 a
1363 1138 1577 1170 conventibus
1609 1138 1713 1170 dictae
1739 1137 1870 1180 provin-

1131 1190 1199 1222 ciae
1233 1191 1263 1221 S.
1292 1190 1440 1230 Antonii·‚
1475 1196 1504 1222 et
1538 1191 1580 1222 ita
1613 1191 1728 1223 harum
1758 1190 1869 1232 vigore

1132 1242 1279 1274 decernit
1309 1248 1337 1273 et
1365 1244 1515 1282 inantlat3
1543 1243 1713 1275 contrariis
1738 1243 1871 1286 quibus-

1132 1305 1267 1338 cumque
1293 1305 1358 1327 non
1385 1296 1600 1328 obstantibus.

1177 1348 1309 1387 Romae,
1331 1359 1374 1381 xn
1401 1349 1584 1381 decembris
1609 1359 1763 1382 ninchni.

1382 1401 1420 1433 M.
1448 1401 1623 1434 cardinalis
1648 1402 1820 1435 GffiETTL‘s.

1187 1454 1221 1487 E.
1243 1454 1418 1498 episcopus
1432 1454 1682 1495 Camerinensis‚
1700 1461 1818 1487 secret.
1836 1467 1865 1487 n.

1176 1509 1190 1552 ξ
1219 1509 1246 1541 1.
1273 1508 1352 1542 Cum
1373 1514 1493 1549 autem,
1511 1509 1593 1540 sicut
1609 1508 1747 1552 praesnti
1773 1519 1871 1552 expo-

1132 1568 1247 1595 nentes
1272 1562 1367 1595 nobis
1400 1562 1536 1594 subinde
1563 1562 1682 1604 exponi
1708 1562 1867 1598 fecerunt,

1133 1615 1191 1658 ipsi
1219 1616 1386 1648 decretum
1412 1615 1617 1652 huiusmodi,
1651 1625 1709 1657 pro
1735 1614 1869 1646 firmiori

1133 1668 1220 1702 illius
1246 1668 1457 1701 subsistentia
1475 1673 1506 1701 et
1527 1667 1770 1706 observatione,
1796 1677 1872 1710 apo-

1135 1722 1267 1754 stolieae
1301 1721 1555 1754 confirmationis
1590 1726 1719 1753 nostrae
1752 1721 1870 1753 robore

355 1781 469 1809 ventus
493 1777 559 1810 illic
586 1777 707 1809 vicinos
745 1778 842 1809 ltaliet
869 1783 896 1809 et
925 1784 1094 1820 quaestua-
1111 1778 1115 1832 ἱ
1135 1774 1326 1807 communiri
1345 1784 1552 1817 summopere
1572 1774 1758 1806 desiderent
1776 1785 1782 1805 ·,
1802 1784 1871 1807 nos.

357 1829 463 1862 tiones
482 1829 602 1862 ibidem
619 1840 770 1862 exercere
789 1831 885 1869 solet,
908 1830 1095 1872 cupiebant-

357 1892 418 1924 que
440 1886 614 1924 propterea
630 1881 705 1913 dicti
721 1888 922 1924 exponentes
940 1883 1094 1925 quasdam

358 1935 460 1967 felicis
484 1934 722 1967 recordationis
744 1934 919 1967 Clementis
953 1935 1012 1967 Pr.
1032 1935 1093 1966 Ylll

358 1987 621 2030 praedecessoris
658 1988 761 2020 nostri
797 1988 826 2019 in
860 1988 954 2020 simili
995 1988 1095 2020 forma

359 2040 469 2073 Brevis
494 2040 618 2073 litteras
648 2051 706 2083 pro
732 2041 898 2083 provincia
930 2040 1096 2082 Carthagi-

360 2093 452 2125 nensi
478 2094 553 2126 dicti
578 2093 705 2126 Ordinis
732 2099 907 2132 emanatas,
934 2104 993 2136 per
1018 2104 1096 2136 quas

361 2147 504 2179 fundatio
530 2152 749 2179 conventuum
776 2147 1023 2179 Meinlicantium
1050 2147 1097 2178 in-

363 2205 409 2231 tra
434 2199 571 2242 spatium
597 2206 734 2242 quatuor
765 2201 815 2232 vel
852 2200 994 2243 quinque
1032 2201 1099 2232 leu-

363 2263 473 2284 carum
499 2263 515 2284 a
541 2253 753 2285 conventibus
786 2252 881 2285 liuius
911 2252 1097 2296 provinciae

362 2305 527 2348 prohibita
553 2306 628 2346 suit,
656 2306 696 2338 ad
727 2306 946 2349 supradictam
970 2305 1100 2349 provin-

363 2359 446 2391 ciam
477 2358 507 2392 S.
541 2359 672 2392 Antonii
706 2359 852 2399 extendi,
885 2364 916 2392 et
945 2359 1099 2402 praefatis

364 2412 515 2444 fratribus
539 2412 727 2455 provinciae
753 2413 792 2445 dc
819 2412 958 2445 Arabida
988 2413 1100 2445 funda-

365 2464 488 2498 tionem
523 2465 779 2508 supradictorum
812 2470 1026 2498 conventuum
1061 2465 1101 2497 si-

402 2583 413 2609 1
431 2581 468 2608 Ex
485 2581 591 2616 Regest.
608 2581 634 2608 in
650 2581 750 2608 Secret.
772 2580 853 2607 Brev.

1136 1828 1311 1871 specialem
1350 1827 1426 1870 ipsis
1462 1827 1700 1870 exponentibus
1736 1827 1873 1868 gratiam

1137 1882 1241 1915 faeere
1274 1882 1444 1919 volentes,
1480 1886 1511 1912 et
1543 1891 1657 1912 eorum
1692 1880 1874 1921 singulares¹

1136 1944 1294 1976 personas
1326 1944 1342 1966 a
1375 1932 1540 1976 quibusvis
1567 1932 1876 1965 excommunicatio-

1138 1987 1195 2023 nis,
1223 1985 1450 2029 suspensionis
1475 1991 1503 2017 et
1532 1985 1707 2023 interdicti,
1737 1985 1874 2027 aliisque

1139 2038 1369 2071 ecelesiasticis
1388 2038 1570 2077 sententiis,
1587 2038 1734 2071 censuris
1751 2044 1780 2070 et
1800 2048 1876 2080 poe-

1138 2093 1198 2131 nis,
1224 2104 1241 2124 a
1266 2093 1335 2124 iure
1361 2093 1411 2124 vel
1438 2093 1476 2124 ab
1507 2091 1656 2131 homine,
1686 2091 1797 2134 qumis
1824 2101 1876 2122 oc—

1139 2146 1271 2179 casione
1297 2147 1346 2179 vel
1373 2148 1465 2178 causa
1491 2145 1576 2185 latis,
1601 2145 1625 2177 si
1652 2145 1769 2188 quibus
1794 2154 1875 2187 quo-

1140 2200 1319 2232 modolibet
1345 2199 1518 2231 innodatae
1545 2198 1697 2236 existunt,
1725 2198 1764 2229 ad
1800 2196 1875 2229 effe-

1141 2258 1224 2285 ctum
1237 2251 1459 2295 praesentium
1481 2251 1646 2284 dumtaxat
1670 2260 1876 2293 consequen-

1142 2306 1218 2338 dum
1236 2332 1243 2344 ‚
1277 2306 1482 2338 absolventes
1526 2310 1557 2337 et
1599 2304 1763 2336 absolutas
1807 2303 1875 2335 sore

1141 2363 1314 2392 censentes
1330 2385 1337 2398 ,
1362 2357 1650 2402 supplicationibus
1683 2367 1795 2390 eorum
1820 2367 1878 2389 no-

1141 2412 1228 2445 mine
1253 2412 1347 2445 nobis
1369 2422 1467 2454 super
1492 2412 1553 2444 hoc
1578 2411 1746 2443 humiliter
1766 2420 1879 2453 porre-

1141 2465 1199 2498 ctis
1234 2464 1399 2505 inclinati,
1427 2465 1592 2497 decretum
1625 2463 1876 2507 praeinsertum,

1143 2517 1335 2551 auctoritate
1359 2517 1557 2561 apostolica,
1583 2522 1697 2550 tenore
1723 2526 1878 2560 praesen-

1143 2572 1231 2609 tium,
1244 2570 1470 2605 coutirmannts
1481 2576 1508 2603 et
1523 2571 1753 2613 appii-iluimus.
1765 2569 1875 2613 illique

1879 194 1967 220 amc.
1991 193 2056 219 1664

1904 411 2013 431 Decretum
2026 417 2058 431 sa-

1876 444 1928 467 sl'dt‘⁴
1945 443 2059 463 CAJ1)g[¹*ssd·

1877 468 1949 485 Hom?-

1952 1520 2065 1540 0101111114

1881 1546 1996 1567 decretum.
