2247 3208
245 207 294 234 An.
316 206 342 232 e.
366 205 430 232 1662
476 195 517 229 1⁶2

265 1617 409 1643 ‘transumptis

229 1644 285 1663 credi
301 1645 392 1663 mandat.

441 252 679 295 rogatoriarum
706 250 934 291 derogatoriis,
961 248 1098 290 aliisque
1124 248 1169 279 es-

440 304 643 336 iicaeioribus
660 329 667 342 ,
694 301 926 334 efficacissimis
963 305 994 333 et
1024 300 1166 332 insolitis

439 356 606 394 clausulis,
632 354 903 396 irritantibusque
921 358 953 385 et
969 353 1040 385 aliis
1055 352 1168 384 decre-

439 409 487 446 tis,
508 408 539 439 in
561 417 681 448 genere
699 408 749 439 vel
769 407 802 438 in
819 406 942 449 specie,
958 405 1055 436 etiam
1076 409 1166 436 motu

436 459 519 501 pari,
538 469 575 490 ac
596 459 692 490 etiam
710 457 996 495 consistorialiter,
1014 460 1070 487 aut
1086 455 1164 487 alias

437 511 695 553 quomodolibet,
722 511 818 543 etiam
837 509 962 542 iteratis
979 509 1116 548 vicibus,
1131 508 1164 540 in

436 563 636 595 contrarium
651 563 908 606 praemissorum
922 561 1101 600 concessis,
1113 571 1165 603 ap-

434 616 580 658 probatis
607 621 639 647 et
663 615 846 654 innovatis;
874 614 992 656 quibus
1011 613 1162 646 omnibus

435 673 466 700 ct
490 669 648 709 singulis,
681 668 806 699 etiamsi
832 677 892 709 pro
917 666 1050 698 illorum
1076 665 1164 697 suffi-

434 720 530 752 cienti
569 720 782 761 derogatione
816 719 854 751 de
887 718 950 750 illis
981 727 1162 759 eorumque

434 772 509 803 totis
535 772 704 803 tenoribus
731 771 895 813 specialis,
922 768 1086 812 specifica,
1109 779 1163 801 ex-

431 834 546 866 pressa
579 828 610 855 et
645 823 834 862 individua,
861 833 897 854 ac
932 822 971 854 de
996 822 1096 854 verbo
1122 821 1161 853 ad

431 877 578 916 verbum,
605 886 669 908 non
695 881 803 907 autem
821 879 893 918 'per
918 875 1081 907 clausulas
1107 884 1162 915 ge-

430 930 559 961 nerales
584 929 671 960 idem
696 928 925 971 importantes‚
952 926 1075 959 mentio
1101 936 1161 958 seu

431 981 562 1024 quaevis
588 981 650 1013 alia
674 981 841 1023 expressio
868 980 1018 1012 habenda
1043 983 1098 1011 aut
1128 989 1160 1010 a-

429 1034 518 1076 liqua
543 1033 605 1065 alia
630 1033 790 1077 exquisita
815 1033 918 1065 forma
943 1032 982 1064 ad
1007 1032 1070 1064 hoc
1091 1041 1160 1063 ser-

428 1086 531 1118 vanda
556 1086 662 1125 soret,
688 1085 820 1117 illorum
849 1091 1005 1124 tenores,
1038 1085 1157 1117 formas

429 1143 460 1170 et
484 1138 673 1170 occasiones
705 1138 934 1180 praesentibus
966 1147 1027 1180 pro
1060 1138 1158 1179 plene

428 1196 459 1223 et
483 1191 683 1223 sufficienter
707 1190 872 1233 expressis
888 1216 895 1229 ,
923 1190 1059 1222 servatis
1077 1216 1084 1229 ‚
1111 1189 1158 1221 in-

428 1243 524 1276 sertis
550 1247 582 1274 et
606 1241 801 1285 specificatis
827 1242 1010 1284 respective
1033 1242 1158 1273 haben-

428 1301 495 1335 tes,
521 1295 585 1327 illis
611 1295 690 1327 alias
715 1295 748 1326 in
773 1304 833 1326 suo
860 1295 980 1326 robore
1005 1304 1158 1337 perman-

426 1348 524 1387 suris,
551 1347 590 1379 ad
614 1347 871 1390 fuaemissorum
905 1346 1057 1379 effectum
1083 1356 1158 1389 spe—

426 1401 553 1433 cialiter
585 1405 615 1432 et
641 1409 795 1442 expresse
831 1410 868 1431 ac
900 1399 1092 1442 plenissime
1125 1404 1157 1431 et

425 1452 625 1495 amplissime
652 1452 848 1494 derogamus
865 1478 872 1491 ,
899 1462 936 1484 ac
962 1452 1155 1493 derogatum

425 1516 497 1538 esse
512 1506 678 1545 volumus,
695 1505 881 1548 ceterisque
898 1505 1071 1538 contrariis
1085 1505 1156 1548 qui-

424 1559 642 1601 buscumque.
1108 1564 1112 1570 ·

467 1611 535 1653 ἐξ).
561 1610 716 1643 Volumus
749 1615 859 1643 autem
894 1616 931 1642 ut
965 1611 1155 1643 earumdem

424 1664 647 1706 praesentium
686 1665 869 1697 litterarum
912 1665 1125 1707 transumptis
1145 1692 1153 1705 ,

425 1716 521 1748 etiam
545 1717 728 1759 impressis,
751 1728 847 1749 manu
873 1717 1009 1750 alicuius
1035 1718 1154 1750 notarii

424 1768 546 1810 publici
572 1768 779 1811 subscriptis,
806 1774 838 1801 et
862 1769 970 1811 sigillo
990 1779 1153 1812 personae

424 1820 455 1851 in
497 1820 718 1852 ecclesiastica
757 1821 914 1863 dignitate
955 1822 1153 1855 constitutae

423 1873 555 1905 munitis
572 1900 579 1913 ,
607 1874 719 1906 cadem
754 1885 892 1917 prorsus
924 1874 1005 1908 fides
1031 1875 1153 1918 ubique

423 1926 570 1957 locorum
610 1930 642 1957 et
676 1927 821 1967 gentium
864 1931 927 1960 tam
963 1927 995 1959 in
1031 1927 1152 1960 iudicio

424 1987 520 2019 quam
546 1983 635 2010 extra
658 1978 738 2011 illud
763 1979 970 2019 adhibeatur,
997 1990 1080 2022 quae
1104 1980 1154 2023 ip-

424 2029 538 2061 sismet
561 2031 790 2072 praesentibus
816 2030 1043 2071 adhiberetur,
1062 2033 1088 2064 si
1107 2032 1154 2065 so-

424 2086 497 2113 rent
522 2081 685 2114 exhibitae
712 2083 761 2115 vel
787 2088 951 2116 ostensae.

466 2133 580 2165 Datum
605 2134 739 2174 Romae,
766 2136 852 2178 apud
876 2136 906 2168 S.
934 2136 1064 2169 Mariam
1090 2137 1152 2170 Ma-

422 2185 537 2225 iorem,
565 2187 624 2218 sub
650 2189 770 2220 annulo
795 2188 968 2221 Piscatoris
995 2190 1046 2222 die
1074 2200 1151 2223 xv111

422 2238 534 2279 aprilis
559 2248 707 2279 nnetxn,
733 2239 941 2282 pontificatus
966 2242 1071 2274 nostri
1096 2253 1151 2275 an-

420 2299 462 2322 no
488 2300 556 2323 v111.

456 2351 514 2378 Dat.
530 2351 573 2379 die
589 2352 620 2379 18
635 2352 727 2388 aprilis
743 2354 819 2387 1662,
836 2354 931 2390 pontif.
948 2363 1016 2384 anno
1032 2362 1092 2383 vin.

1013 201 1191 224 BULLARIUM
1214 200 1364 224 ROMANUM

1500 247 1629 280 CCCXC.

1200 316 1352 350 Extensz‘o
1376 316 1492 349 statuti
1519 316 1670 359 Greqorii
1694 318 1764 358 XV,
1783 322 1819 350 ut
1840 327 1931 350 cano-

1242 371 1371 402 nicatus
1399 374 1427 402 et
1461 369 1660 412 praebendae
1687 371 1933 414 poenitentiarii

1243 422 1449 454 ecclesiarum
1472 422 1797 464 metropolitanarum
1821 427 1849 455 eL
1873 434 1927 455 ca-

1244 474 1458 513 thedralium,
1486 474 1521 506 in
1551 474 1791 516 Hispaniarum
1821 476 1931 517 reqnis

1242 526 1494 566 consistentium,
1515 526 1615 558 eidem
1635 525 1711 558 Secta·
1729 527 1931 569 Apostolicae

1241 578 1323 620 (non
1348 583 1453 611 lamen
1477 579 1603 611 ratione
1620 578 1721 610 obitus
1741 579 1829 621 0512th
1848 589 1931 611 eam-

1241 630 1324 673 dem)
1349 632 1511 671 reservati,
1533 631 1664 673 praevio
1685 641 1838 663 concursu
1857 642 1930 663 con-

1239 683 1320 724 ferre?
1343 683 1487 723 debeant,
1515 683 1557 715 ad
1589 683 1734 716 ccclesias
1764 683 1930 716 cathedra-

1242 734 1285 766 les
1309 739 1337 767 et
1361 735 1627 777 metropolitanas
1648 736 1853 778 principalns·
1873 736 1930 769 Ca-

1242 787 1392 827 talom'ae,
1420 787 1501 820 etcffl.

1386 865 1549 892 Alexander
1568 866 1647 898 Papa
1667 866 1732 899 vn,

1317 908 1352 935 ad
1371 911 1546 942 perpetuam
1565 909 1610 936 rei
1626 910 1807 936 memoriam.

1237 979 1299 1012 Pro
1338 980 1513 1011 commissa
1545 980 1639 1012 nobis
1673 980 1826 1012 divinitus
1858 991 1926 1013 om-

1193 1031 1283 1063 nium
1302 1032 1517 1064 ecclesiarum
1531 1033 1751 1065 sollicitudine
1766 1033 1799 1065 in
1816 1033 1848 1065 id
1868 1044 1925 1076 pe-

1194 1078 1307 1116 culiar'i
1333 1084 1441 1116 studio
1467 1084 1686 1117 incumbimus
1715 1090 1750 1116 ut
1778 1085 1925 1128 ipsarum

1193 1137 1426 1169 eccclesiarum
1457 1138 1653 1180 praesertim
1687 1138 1925 1171 cathedralium

1193 1194 1225 1220 et
1248 1189 1577 1231 metropolitanarum
1603 1189 1779 1229 beneficia,
1806 1191 1924 1233 quibus

1192 1241 1252 1273 fori
1270 1241 1516 1284 poenitentialis
1534 1252 1611 1274 cura
1629 1252 1754 1274 annexa
1772 1247 1832 1281 cst,
1851 1254 1926 1285 per-

1192 1294 1280 1326 sonis
1319 1294 1424 1336 dignis
1466 1300 1497 1326 et
1533 1295 1660 1327 idoneis
1698 1296 1923 1334 conserantur,

1192 1358 1274 1390 quae
1300 1348 1481 1381 iniunctum
1509 1347 1569 1379 sihi
1599 1348 1827 1389 gravissimum
1851 1359 1923 1381 mu-

1191 1411 1251 1432 nus
1269 1401 1308 1432 ad
1326 1400 1507 1432 animarum
1526 1401 1664 1433 salutem
1682 1401 1849 1433 fructuose
1870 1411 1922 1433 va-

1190 1453 1279 1485 leant
1303 1453 1496 1494 adimplere.

1234 1506 1248 1548 g
1278 1505 1310 1537 ll.
1343 1505 1479 1537 Nomine
1514 1505 1676 1548 siquidem
1702 1506 1863 1538 carissimi
1888 1506 1920 1539 in

1190 1558 1319 1591 Christo
1332 1557 1389 1590 filii
1407 1558 1511 1591 nostri
1526 1558 1668 1601 Philippi
1690 1559 1919 1601 Hispaniarum

1190 1611 1276 1653 regis
1302 1610 1454 1643 catholici
1480 1610 1573 1643 nobis
1599 1621 1706 1653 nuper
1735 1611 1919 1653 expositum

1189 1663 1250 1695 suit
1267 1663 1353 1706 quod
1368 1663 1446 1695 alias
1467 1663 1570 1696 felicis
1589 1663 1827 1696 recordationis
1843 1663 1921 1696 Gre-

1189 1715 1300 1758 gorius
1326 1715 1411 1758 Papa
1435 1715 1499 1755 XV,
1525 1715 1765 1758 praedecessor
1789 1720 1918 1754 noster,

1189 1769 1227 1800 ad
1252 1768 1354 1810 ipsius
1379 1767 1521 1810 Philippi
1540 1767 1627 1809 regis
1648 1767 1846 1807 instantiam,
1860 1778 1921 1810 per

1189 1821 1345 1864 quasdam
1371 1831 1445 1852 suas
1471 1821 1531 1852 sul)
1556 1820 1690 1862 plumbo
1709 1830 1793 1852 anno
1813 1820 1920 1852 Incar-

1188 1872 1387 1905 carnationis
1412 1871 1598 1904 Dominicac
1622 1871 1784 1911 mnoxxn',
1811 1871 1919 1904 idibus

1187 1925 1385 1965 novembris,
1402 1925 1570 1967 expeditas
1596 1924 1722 1957 litteras
1748 1925 1864 1956 statuit
1888 1930 1919 1956 et

1188 1978 1350 2010 ordinavit
1373 1982 1409 2009 ut
1434 1987 1470 2009 ex
1497 1981 1573 2008 tunc
1598 1976 1769 2019 perpetuis
1801 1976 1918 2007 suturis

1187 2029 1392 2073 temporibus
1419 2038 1532 2061 omncs
1552 2033 1583 2061 ct
1603 2028 1723 2070 singuli
1748 2028 1919 2060 canonica-

1188 2089 1237 2116 tus
1264 2088 1296 2116 et
1320 2083 1528 2126 praebendae
1563 2080 1808 2124 poenitentiarii
1841 2091 1919 2123 qua-

1186 2145 1401 2178 rumcumque
1433 2133 1762 2176 metropolitanarum
1800 2137 1831 2165 et
1867 2143 1918 2164 ca-

1186 2188 1384 2222 thedralium
1410 2187 1623 2220 ecclesiarum
1657 2187 1690 2218 in
1719 2186 1829 2228 regnis
1864 2186 1919 2218 Ili-

1186 2243 1374 2286 spaniarum
1389 2246 1465 2273 tunc
1483 2246 1514 2273 et
1530 2250 1590 2283 pro
1608 2245 1758 2282 tempore
1777 2239 1918 2271 existen-

1185 2294 1278 2333 tium,
1297 2298 1363 2325 tam
1389 2296 1523 2324 eatenus
1538 2290 1692 2329 instituti,
1712 2300 1809 2332 quam
1827 2289 1918 2321 dein-

1185 2356 1262 2388 ceps
1299 2344 1573 2387 quandocumque
1608 2352 1669 2385 pro
1706 2342 1916 2373 decretorum

1184 2398 1318 2432 Concilii
1342 2396 1522 2429 Tridentini
1548 2396 1792 2438 complemento
1823 2393 1917 2425 insti-

1186 2450 1321 2491 tuendi,
1348 2448 1622 2492 quotiescumque
1653 2447 1726 2480 illos
1743 2473 1750 2486 ,
1782 2445 1916 2489 quibus-

1220 2523 1231 2548 1
1253 2521 1291 2547 Ex
1309 2518 1420 2555 Regest.
1441 2519 1468 2545 in
1487 2518 1588 2545 Secret.
1608 2517 1685 2545 Brev.

1217 2566 1234 2592 2
1252 2564 1322 2592 Male
1342 2564 1406 2593 edit.
1427 2563 1506 2591 Main.
1528 2562 1592 2599 legit
1612 2561 1681 2595 1662
1701 2561 1739 2596 (n.
1760 2560 1809 2594 T.).

1947 201 1994 225 An.
2011 200 2041 226 G.
2063 199 2128 226 1662

1967 988 2081 1015 Expasiuo.

1963 1510 2105 1535 Supplicatit),
