2247 3208
894 208 1081 233 :trexmnssn
1105 210 1149 233 vn
1175 210 1222 233 rr.
1719 201 1788 235 ⁶205
1835 211 1881 238 An.
1904 206 1932 237 C.
1956 206 2023 238 1863

305 255 395 286 sueta
420 253 565 286 absolvas
590 258 623 287 et
646 255 789 288 totaliter
807 256 939 295 liberes,
964 256 1042 289 illis·
1126 258 1372 300 competentium
1399 268 1497 301 super
1520 258 1628 301 platea
1653 263 1728 291 ante
1758 258 1823 291 dic-

305 317 366 349 que
384 312 417 339 et
430 317 542 339 eorum
563 307 698 340 cuilibet
714 319 836 351 poenas
854 309 1039 341 huiusmodi
1129 313 1195 341 tam
1219 310 1386 342 ecclesiam
1398 309 1415 341 ⁴.

304 359 446 401 gratiose
463 359 608 392 remittas
633 366 665 393 et
688 362 862 401 condones,
882 373 919 395 ae
936 372 991 394 eos
1010 367 1041 393 et

305 421 415 444 eorum
447 412 625 455 quemlibet
649 413 681 445 in
714 414 883 457 pristinum
909 420 941 447 et
965 424 1040 446 eum

302 463 335 496 in
361 475 424 507 quo
449 470 621 508 antequam
642 466 754 498 eadem
774 466 949 509 praemissa
968 476 1041 498 eve-

303 516 412 549 nirent
443 518 689 560 quomodolibet
721 524 813 551 erant
842 524 960 550 statum
993 528 1041 550 re-

303 570 427 610 stituas,
455 581 595 614 reponas
613 577 646 604 et
662 571 854 614 reintegres;
877 581 936 603 nos
954 571 1039 603 enim

113 203 162 232 An.
180 203 209 232 C.
231 204 300 232 1663

1275 398 1440 425 Alexander
1461 399 1537 432 Papa
1557 400 1605 426 vn
1620 421 1626 432 ‚

1205 442 1241 468 ad
1261 445 1438 475 perpetuam
1458 443 1502 469 rei
1523 445 1702 471 memoriam.

1126 519 1185 563 §l.
1201 520 1287 552 Alias
1299 519 1309 537 ‘³
1323 521 1518 564 (postquam,
1538 523 1693 556 ecclesiae
1711 524 1742 557 S.
1759 524 1821 558 Ma-
1868 534 1957 555 Decreta
1972 535 2015 556 iam

1080 571 1148 604 riae
1172 572 1205 604 in
1231 573 1381 605 Rotunda
1405 574 1445 605 de
1472 574 1554 606 Urbe
1584 575 1749 619 ipsiusque
1775 562 1885 610 al-issis³
1920 562 2015 582 mmm*

1080 636 1150 657 mae
1186 625 1278 658 Urbis
1316 631 1445 659 nostrae
1483 627 1592 659 decori
1630 630 1819 662 consulendi

107 841 217 863 Contraria
228 842 289 864 tollit.

154 1156 216 1177 Fides
231 1158 287 1177 tran-

103 1185 240 1209 cumpton-um.

303 633 541 666 quamcumque
571 624 786 656 neeessariam
819 629 851 655 et
882 629 1040 666 opportu-

302 685 376 707 nam
395 675 451 708 tibi
466 677 504 708 ad
519 676 698 718 praemissa
713 676 908 715 facultatem,
923 676 1037 708 harum

301 727 396 767 serie,
411 728 599 761 auctoritate
618 727 796 770 praedicta,
817 727 990 760 tribuimus
1008 733 1039 761 et

301 781 521 823 impertimur.

344 834 359 875 ξ
383 832 415 865 3.
442 832 512 864 Non
538 832 742 865 obstantibus
772 832 973 875 apostolicis,
1000 844 1037 865 ae

299 885 333 918 in
372 886 608 918 universalibus
649 886 965 929 provineialibusque
1006 891 1037 917 et

298 939 507 982 synodalibus
532 939 679 972 conciliis
704 939 807 979 editis,
827 940 1036 982 generalibus

296 992 568 1034 velspeeialibus‚
592 992 880 1024 constitutionibus
900 998 932 1025 et
951 993 1037 1026 ordi-

297 1045 497 1085 nationibus,
514 1045 697 1088 eeterisque
715 1046 888 1078 contrariis
906 1046 1036 1088 quibus-

298 1109 448 1141 cumque.

341 1153 355 1195 ἓ
379 1153 410 1185 4.
438 1153 592 1185 Volumus
621 1157 728 1185 autem
759 1158 795 1185 ut
829 1153 971 1185 omnium
1004 1160 1036 1186 et

298 1206 500 1248 singulorum
524 1211 669 1238 aetorum
696 1205 881 1238 huiusmodi
903 1206 934 1237 in
961 1216 1035 1238 exe-

297 1257 486 1301 quutionem
511 1257 731 1300 praesentium
756 1257 935 1290 litterarum
960 1269 977 1290 a
1003 1263 1033 1291 te

297 1316 328 1343 et
351 1320 459 1342 coram
477 1314 507 1342 te
528 1309 708 1352 respective
730 1310 947 1351 gerendorum
965 1321 1035 1343 mo-

296 1363 441 1395 nimenta
476 1363 628 1395 conficias
670 1373 724 1395 seu
762 1363 877 1396 confici
918 1375 1032 1404 cures,

297 1426 435 1459 quorum
461 1417 610 1458 exempla
635 1416 825 1448 authentica
846 1421 910 1449 tam
928 1417 966 1449 ad
985 1428 1035 1450 se-

297 1468 469 1500 cretariam
502 1468 768 1510 congregationis
799 1469 1034 1501 venerabilium

298 1521 431 1553 fratrum
456 1525 637 1553 nostrorum
652 1527 780 1553 sanetae
800 1521 965 1554 Romanae
981 1522 1035 1554 Ee-

297 1572 415 1605 clesiae
441 1572 652 1605 cardinalium
670 1573 863 1605 immunitati
885 1574 1036 1606 eeclesia-

297 1625 396 1657 sticae
422 1631 453 1658 et
477 1625 704 1658 controversiis
724 1626 1033 1659 iurisdictionalilnis

296 1677 503 1721 praepositae
520 1704 527 1718 ,
561 1689 655 1720 quam
681 1678 719 1710 ad
745 1679 951 1711 cancellarias
983 1690 1035 1711 cu-

296 1729 415 1762 riarum
449 1730 775 1773 archiepiscopalium
805 1731 1034 1774 Neapolitanae

297 1774 329 1815 et
351 1783 598 1815 Beneventanae
625 1784 829 1823 transmittas,
857 1785 896 1817 ad
922 1784 984 1816 1100
1001 1790 1036 1816 ut

297 1835 416 1868 ibidem
438 1836 614 1878 respective
640 1837 678 1868 ad
696 1842 887 1879 perpetuam
906 1837 951 1869 rei
971 1848 1036 1869 me-

296 1888 435 1921 moriam
459 1894 706 1921 conserventur.

340 1942 452 1974 Datum
478 1942 623 1982 Romae,
651 1943 734 1985 apud
761 1943 791 1976 S.
819 1943 948 1976 Mariam
973 1944 1035 1976 Ma-

296 1995 422 2035 iorem,
449 1996 509 2027 sub
542 1997 663 2028 annulo
690 1996 883 2037 piscatoris,
918 1997 968 2029 die
998 2008 1034 2030 xx

297 2048 491 2090 septembris
516 2059 673 2089 MDCLxm,
701 2048 907 2092 pontificatus
932 2050 1032 2082 nostri

297 2111 383 2133 anno
410 2111 450 2134 lx.

331 2161 389 2189 Dat.
406 2162 449 2189 die
464 2163 499 2189 ⁹20
513 2163 677 2199 septembris
699 2164 776 2199 1663,
794 2164 889 2200 pontif.
912 2172 982 2192 anno
998 2171 1031 2191 ix.

609 2332 718 2367 CDLV.

295 2418 471 2462 Depulalio
495 2419 622 2452 domini
642 2420 821 2454 cardinalis
840 2422 957 2454 vicarii
978 2423 1033 2455 Ur-

342 2472 388 2503 bis
402 2476 429 2504 et
443 2472 585 2504 aliorum
602 2473 787 2506 insolidum
805 2474 840 2506 in
855 2479 1032 2507 executores
1051 2506 1053 2512 Α

337 2525 588 2567 privileyiorum
605 2525 745 2568 capituli
758 2530 786 2559 et
803 2528 1031 2560 canonicorum

341 2577 371 2609 S.
398 2577 523 2610 ‚isariae
551 2579 586 2611 in
612 2579 761 2611 Rolztmlri
790 2580 884 2612 Urbis
914 2581 1053 2629 eisdem>

1080 677 1202 718 studio,
1235 688 1347 710 omnes
1371 679 1469 711 aedes
1495 685 1526 711 et
1550 673 1696 714 aedilicia
1721 693 1819 725 quae-

1079 740 1215 773 cumque
1232 731 1370 773 porticui
1393 731 1536 765 eiusdem
1558 734 1712 766 ecclesiae
1732 735 1819 767 adia-

1079 788 1190 815 centes
1209 788 1240 815 et
1264 784 1455 823 adiacentia,
1473 796 1508 817 ac
1525 786 1564 818 ad
1583 786 1718 819 dilectos
1736 787 1818 821 tilios

1079 834 1255 877 capitulum
1275 841 1307 868 et
1323 837 1499 869 canonicos
1524 838 1681 871 ecclesiae
1707 840 1818 872 liuius-

1079 889 1166 920 modi
1193 894 1378 931 spectantes
1405 895 1437 922 et
1462 891 1658 933 spectantia,
1689 893 1817 935 penitus

1079 946 1111 973 et
1128 941 1271 973 funditus
1292 941 1373 973 dirui
1393 947 1425 974 et
1442 943 1602 983 demoliri,
1622 944 1815 989 illorumque

1078 994 1196 1026 rudera
1221 999 1252 1026 et
1276 1001 1424 1027 cementa
1449 995 1523 1028 inde
1549 998 1718 1039 asportari,
1743 1009 1817 1031 nee-

1078 1056 1143 1079 non
1169 1047 1380 1079 domunculas
1405 1047 1540 1089 ligneas,
1567 1049 1726 1089 tabernas,
1749 1061 1816 1083 sea-

1078 1110 1153 1132 mna
1178 1105 1210 1132 et
1234 1099 1376 1133 tabulata
1398 1111 1631 1144 quaecumque,
1649 1103 1681 1134 in
1707 1104 1815 1145 platea

1078 1152 1181 1185 dietae
1201 1153 1359 1185 ecclesiae
1375 1153 1557 1195 existentia,
1578 1154 1653 1187 inde
1672 1154 1813 1187 amoveri

1077 1210 1110 1236 et
1132 1205 1262 1247 penitus
1290 1205 1379 1245 tolli,
1406 1211 1528 1238 eertum
1553 1217 1630 1239 vero
1656 1208 1718 1240 loci
1744 1218 1815 1250 spa-

1076 1257 1153 1289 tium
1191 1257 1222 1289 in
1249 1259 1384 1291 formam
1419 1259 1587 1302 hemicycli
1614 1260 1814 1303 aliquantum

1076 1309 1223 1352 oblongi,
1250 1322 1286 1343 ac
1311 1312 1400 1344 labra
1426 1317 1458 1343 et
1481 1318 1671 1344 ornamenta
1697 1313 1812 1352 sontis,

1077 1363 1129 1406 qui
1155 1363 1187 1395 in
1212 1364 1393 1396 meditullio
1414 1364 1559 1396 eiusdem
1585 1366 1712 1407 plateae
1735 1366 1813 1397 situs

1077 1421 1135 1456 est,
1154 1417 1193 1449 ab
1219 1420 1256 1449 ea
1281 1423 1382 1459 parte,
1402 1429 1482 1461 quae
1506 1429 1617 1450 versus
1642 1419 1814 1451 ecelesiam

1075 1470 1106 1503 S.
1134 1470 1249 1503 Mariae
1276 1471 1482 1513 Magdalenae
1510 1472 1722 1514 protenditur,
1750 1483 1815 1504 am-

1076 1523 1208 1563 bientis,
1232 1534 1290 1566 pro
1316 1525 1514 1557 collocandis
1543 1525 1609 1557 illic
1637 1525 1816 1557 domuncu-

1077 1575 1114 1608 lis
1139 1586 1196 1607 seu
1222 1577 1365 1608 tabernis
1389 1577 1602 1616 mereatoriis‚
1631 1577 1813 1619 designari,

1076 1628 1187 1671 ibique
1226 1629 1438 1662 domunculas
1476 1640 1533 1661 seu
1569 1630 1720 1662 tabernas
1756 1630 1815 1662 hu-

1076 1681 1215 1714 iusmodi
1241 1682 1354 1719 locari.
1374 1682 1463 1714 illam
1489 1687 1597 1714 autem
1615 1682 1718 1715 dietae
1745 1684 1814 1725 pla-

1077 1740 1147 1768 teae
1173 1741 1311 1778 partem,
1332 1746 1413 1779 quae
1440 1737 1610 1769 eeclesiam
1638 1742 1670 1769 et
1690 1737 1812 1770 sontem

1076 1788 1262 1832 praedictos
1286 1790 1474 1831 interiacet,
1510 1801 1637 1823 necnon
1663 1791 1729 1823 vias
1755 1801 1813 1833 pu-

1076 1840 1176 1873 blicas
1195 1840 1227 1873 in
1245 1841 1314 1884 ipsa
1339 1843 1445 1885 platea
1470 1843 1721 1886 circumquaque
1747 1843 1813 1875 exi-

1076 1899 1199 1926 stentes
1224 1894 1382 1927 eiusmodi
1415 1895 1657 1938 impedimentis
1692 1896 1812 1928 liberas

1077 1952 1108 1979 et
1131 1957 1247 1979 vacuas
1273 1958 1441 1980 remanere
1467 1948 1664 1981 iusseramus
1680 1976 1687 1989 ,
1716 1949 1812 1981 haec-

1077 2010 1139 2043 que
1183 2000 1291 2033 omnia
1330 2011 1364 2033 re
1406 2001 1477 2044 ipsa
1515 2003 1555 2034 ab
1594 2001 1658 2035 illis
1694 2001 1810 2045 quibus

1076 2053 1160 2085 hane
1190 2064 1298 2087 euram
1331 2055 1523 2087 dederamus
1548 2055 1730 2088 executioni
1756 2055 1812 2088 de-

1075 2106 1225 2139 mandata
1250 2107 1394 2147 fuerant,
1419 2108 1500 2139 saeta
1525 2107 1620 2140 etiam
1646 2118 1705 2151 per
1730 2107 1811 2141 dile—

1075 2164 1143 2192 ctos
1169 2159 1253 2192 filios
1277 2160 1449 2201 magistros
1476 2160 1598 2193 viarum
1624 2161 1728 2193 dictae
1753 2160 1811 2193 Ur-

1074 2212 1123 2244 bis
1149 2214 1258 2245 exaeta
1282 2213 1426 2245 locorum
1458 2214 1586 2255 plateae
1619 2213 1807 2256 praefatae,

1075 2269 1139 2297 tam
1165 2274 1276 2297 eorum
1301 2275 1382 2307 quae
1405 2265 1507 2297 libera
1532 2270 1564 2297 et
1587 2276 1686 2298 vacua
1710 2276 1810 2298 rema-

1074 2328 1152 2350 nere
1168 2343 1175 2356 ,
1199 2328 1294 2360 quam
1319 2317 1449 2350 illorum
1474 2317 1507 2350 in
1532 2318 1647 2361 quibus
1674 2319 1810 2351 domun-

1074 2370 1165 2402 culae
1191 2380 1248 2402 seu
1273 2369 1427 2402 tabernae
1462 2370 1673 2403 mercatoriae
1699 2371 1811 2403 huius-

1074 2422 1161 2454 modi
1198 2421 1351 2454 collocari
1387 2423 1561 2463 deberent,
1589 2423 1810 2456 delineatione

1073 2485 1128 2507 seu
1147 2476 1267 2517 planta,
1291 2485 1374 2517 quae
1393 2475 1425 2507 in
1444 2475 1521 2508 actis
1540 2477 1729 2509 eorumdem
1749 2486 1810 2508 ma-

1110 2547 1118 2571 1
1138 2545 1175 2572 Ex
1192 2545 1297 2580 Regest.
1313 2546 1339 2571 in
1355 2545 1455 2573 Set-ret.
1472 2545 1547 2574 Brev.

1107 2590 1122 2616 ⁶2
1142 2589 1207 2616 Vide
1223 2597 1304 2625 supra
1319 2589 1408 2618 Const.
1425 2597 1551 2625 (mxxxvi,
1567 2599 1628 2626 pag.
1647 2591 1695 2618 159
1710 2591 1806 2626 (11.τ.),
