2247 3208
193 199 242 228 Αη.
259 199 288 228 C.
312 199 380 228 1068
426 192 490 226 642

391 249 569 282 stianorum
594 258 872 292 quorumcumque
892 247 1025 281 navibus
1053 252 1127 280 tem-

390 306 514 345 pestate
540 311 597 333 seu
622 300 654 332 in
680 305 895 333 transversum
921 299 969 341 (ut
991 300 1053 332 dici
1078 310 1128 332 so-

390 354 447 395 let)
473 353 595 385 iactatis
612 353 661 385 vel
680 353 908 395 quoquomodo
923 352 1126 394 naufragium

390 405 501 448 passis,
526 405 592 437 sive
619 405 650 437 in
674 405 752 448 ipsis
770 405 903 437 navibus
927 404 992 437 sive
1011 414 1048 437 ex
1067 404 1127 437 eis-

391 458 462 490 dem
488 457 589 489 eiecta
606 457 637 489 in
654 457 734 489 mari
758 458 808 490 vel
822 457 855 489 iu
869 457 977 490 littore
997 457 1128 489 inventa

390 510 622 552 cuiuscumque
648 510 775 551 generis
799 509 899 550 hona,
926 515 990 542 tam
1017 510 1049 542 in
1070 520 1128 543 no-

390 562 463 595 stris
480 562 637 606 Tyrrheni
655 566 688 595 et
704 562 869 603 Adriatici,
883 573 978 605 quam
996 561 1027 595 in
1045 568 1128 595 cete-

390 615 432 647 ris
450 615 680 656 cuiuscumque
705 615 801 647 maris
826 614 1013 657 regionibus
1031 619 1063 647 et
1082 614 1127 647 lit-

391 668 522 707 toribus,
541 668 765 710 surripuerint,
785 667 827 700 ita
843 673 878 699 ut
894 677 954 700 nec
971 668 1012 700 ob
1031 668 1127 710 quod-

391 729 527 763 cumque
554 720 769 763 privilegium,
790 720 1060 752 consuetudinem
1076 726 1128 752 aut

390 773 568 816 longissimi
602 778 633 805 et
668 772 934 805 immemorabilis
972 772 1127 815 temporis

390 825 630 869 possessionem
665 835 721 858 seu
754 825 850 858 alium
888 834 1126 868 quemcumque

390 883 593 922 praetextum
617 878 762 910 excusari
787 878 926 920 possint.

433 931 468 964 V.
495 931 572 964 Item
598 931 911 963 excommunicamus
938 936 969 963 et
994 930 1129 962 anathe-

390 984 579 1017 matizamus
597 993 719 1022 omnes,
736 983 789 1026 qui
805 983 835 1015 in
851 983 944 1015 terris
962 983 1027 1015 suis
1046 992 1128 1015 nova

391 1036 544 1080 pedagia,
569 1046 626 1068 seu
653 1035 817 1078 gabellas,
843 1040 1070 1078 praeterquam
1096 1035 1127 1067 in

392 1088 517 1121 casibus
542 1088 602 1120 sibi
639 1099 657 1120 a
680 1088 748 1120 iure
775 1098 832 1120 seu
857 1098 894 1120 ex
920 1087 1051 1131 speciali
1079 1087 1129 1120 Se-

392 1141 439 1173 dis
459 1140 665 1183 Apostolicae
691 1140 819 1173 licentia
835 1140 1007 1182 permissis,
1029 1140 1128 1183 impo-

392 1199 473 1226 nunt
496 1194 545 1226 vel
564 1198 689 1235 augent,
712 1203 767 1226 seu
793 1192 915 1236 imponi
941 1193 992 1226 vel
1016 1192 1128 1236 augeri

392 1246 556 1289 prohibita
581 1246 724 1289 exigunt.

435 1299 483 1332 VI.
510 1299 589 1332 Item
614 1299 926 1332 excommunicamus
946 1304 978 1331 et
1001 1299 1129 1331 anathe-

393 1352 581 1386 matizamus
618 1362 730 1385 omnes
771 1352 917 1385 falsarios
949 1352 1128 1384 litterarum

394 1405 664 1449 apostolicarum,
694 1405 791 1438 etiam
815 1405 848 1437 in
875 1402 975 1438 formai
997 1405 1127 1445 Brevis,

394 1469 430 1491 ac
451 1458 722 1501 supplicationum
747 1458 881 1501 gratiam
905 1459 954 1491 vel
975 1458 1128 1490 iustitiam

394 1511 660 1544 concernentium
692 1521 751 1554 per
787 1511 964 1543 Romanum
990 1509 1125 1542 Pontifi-

394 1575 474 1603 cem,
500 1565 548 1596 vel
574 1563 604 1596 S.
625 1563 661 1595 R.
684 1563 718 1596 E.
745 1563 1046 1602 vicecancellarios,
1073 1573 1128 1595 seu

394 1621 543 1658 gerentes
568 1616 652 1648 vices
678 1625 809 1655 eorum,
836 1620 890 1648 aut
914 1615 952 1647 de
977 1615 1128 1648 mandato

394 1668 539 1702 eiusdem
564 1668 697 1701 Romani
722 1668 885 1701 pontificis
910 1668 1127 1711 signatarum,

395 1732 521 1754 necnon
546 1722 627 1754 salso
654 1721 846 1754 fabricantes
864 1721 987 1754 litteras
1003 1727 1130 1764 aposto-

394 1774 494 1813 licas,
521 1774 618 1807 etiam
641 1775 674 1807 in
699 1775 801 1808 forma
832 1774 954 1815 Brevis,
982 1779 1012 1807 et
1036 1775 1130 1808 etiam

395 1826 474 1860 salso
491 1827 655 1869 signantes
673 1827 928 1871 supplicationes
942 1827 1130 1861 huiusmodi

394 1881 452 1913 sub
478 1880 606 1915 nomine
633 1880 770 1913 Romani
795 1879 956 1913 Pontificis
973 1907 981 1920 ,
1007 1890 1064 1913 seu
1088 1881 1132 1913 vi-

391 1933 628 1973 cecancellarii,
656 1938 710 1965 aut
730 1933 909 1976 gerentium
932 1933 1018 1967 vices
1043 1944 1131 1977 prae-

396 1986 565 2019 dictorum.

438 2040 500 2072 vll.
535 2039 613 2072 Item
646 2040 960 2073 excommunicamus
991 2045 1023 2073 et
1056 2051 1131 2073 ana-

395 2093 637 2127 thematizamus
670 2104 781 2126 omnes
816 2094 897 2134 illos
933 2094 988 2138 qui
1014 2094 1052 2127 ad
1078 2094 1131 2127 Sa-

396 2157 539 2186 racenos,
564 2146 681 2179 Turcas
698 2152 730 2180 et
746 2147 826 2180 alios
845 2146 1013 2181 christiani
1030 2147 1133 2180 nomi-

396 2199 445 2232 nis
482 2199 592 2232 hostes
627 2204 658 2232 et
690 2199 838 2232 inimicos
870 2200 920 2233 vel
951 2199 1131 2233 haereticos

396 2262 455 2296 per
486 2258 612 2285 nostras
645 2253 710 2286 sive
744 2253 841 2285 huius
875 2259 1004 2286 sanctae
1041 2253 1132 2286 Sedis

397 2305 573 2338 sententias
605 2316 758 2349 expresse
794 2311 826 2338 et
859 2306 1051 2339 nominatim
1076 2307 1133 2339 de-

397 2358 534 2390 claratos
550 2359 698 2392 deserunt
712 2370 767 2392 seu
785 2359 1006 2392 transmittunt
1020 2370 1131 2404 equos,

397 2420 499 2449 arma,
533 2411 673 2451 serrum,
706 2410 795 2445 filum
827 2412 919 2452 ferri,
953 2416 1130 2453 stamnum,

397 2463 588 2507 chalybem,
624 2464 797 2508 omniaque
833 2465 896 2498 alia
927 2465 1132 2498 metallorum

398 2526 528 2558 genera,
554 2522 650 2560 atque
676 2517 792 2550 bellica
826 2517 1062 2559 instrumenta,
1098 2518 1133 2550 li-

397 2570 556 2614 gnamina,
582 2580 748 2614 canapem,
775 2570 874 2610 funes,
902 2575 966 2603 tam
998 2581 1035 2604 ex
1062 2571 1131 2615 ipso

969 202 1047 225 BULL
1056 202 1148 224 mmm
1172 200 1322 225 ROMANUM

1170 257 1292 289 canape
1318 257 1415 290 quam
1435 248 1495 281 alia
1520 258 1718 292 quacumque
1748 247 1904 286 materia,

1171 303 1202 331 et
1226 298 1327 341 ipsam
1351 299 1528 340 materiam,
1553 301 1680 343 aliaque
1706 300 1904 340 huiusmodi,

1171 351 1287 393 quibus
1312 351 1507 384 christianos
1538 357 1569 384 et
1598 353 1775 386 catholicos
1801 353 1904 396 impu-

1170 407 1281 445 gnant,
1308 413 1434 436 necnon
1459 403 1543 443 illos,
1565 404 1619 447 qui
1636 415 1693 447 per
1710 416 1744 438 se
1757 407 1806 438 vel
1823 406 1903 438 alios

1171 455 1209 488 de
1236 456 1332 488 rebus
1353 461 1468 488 statum
1494 457 1690 489 christianae
1706 458 1904 500 reipublicae

1170 509 1450 549 concernentibus,
1476 509 1509 541 in
1529 509 1776 543 christianorum
1796 511 1905 552 perni-

1170 561 1252 593 ciem
1277 566 1309 593 et
1334 561 1495 601 damnum,
1522 562 1609 604 ipsos
1634 562 1750 595 Turcas
1772 568 1803 595 et
1820 561 1905 595 chri‘·

1171 612 1293 646 sti-anae
1318 614 1486 656 religionis
1515 614 1662 647 inimicos
1687 625 1813 648 necnon
1834 616 1905 648 hae-

1169 666 1286 699 reticos
1307 667 1338 699 in
1364 667 1516 700 damnum
1534 668 1712 701 catholicae
1737 668 1904 711 religionis

1170 719 1324 752 certiores
1349 719 1489 759 faciunt,
1524 720 1654 763 illisque
1687 721 1726 753 ad
1756 721 1787 753 id
1819 722 1906 754 auxi-

1171 771 1256 811 lium,
1269 772 1440 805 consilium
1449 774 1498 805 vel
1511 773 1653 806 savorem
1662 774 1906 816 quomodolibet

1170 829 1358 867 praestant3
1387 836 1451 858 non
1477 826 1678 859 obstantibus
1698 826 1906 870 quibuscum-

1171 887 1232 919 que
1257 876 1433 920 privilegiis
1455 878 1622 921 quibusvis
1642 879 1801 922 personis,
1818 879 1907 922 prin-

1171 929 1311 972 cipibus,
1331 930 1565 973 rebuspublicis
1591 941 1651 974 per
1668 942 1725 963 nos
1743 936 1774 963 et
1790 931 1906 965 Sedem

1171 981 1367 1023 praedictam
1386 982 1542 1015 hactenus
1561 983 1719 1017 concessis
1737 979 1775 1016 de
1795 984 1907 1016 huius-

1171 1034 1258 1066 modi
1273 1034 1494 1076 prohibitione
1509 1046 1694 1078 expressam
1708 1036 1906 1069 mentionem

1170 1096 1235 1118 non
1262 1086 1465 1124 facientibus.

1215 1139 1289 1172 VIII.
1317 1140 1395 1173 Item
1429 1141 1745 1175 excommunicamus
1777 1147 1808 1175 et
1832 1153 1908 1175 ana-

1171 1191 1415 1225 thematizamus
1459 1203 1571 1226 omnes
1603 1193 1818 1236 impedientes
1850 1205 1907 1228 seu

1170 1244 1361 1278 invadentes
1387 1256 1442 1279 eos
1467 1246 1521 1289 qui
1550 1246 1698 1279 victualia
1715 1257 1770 1280 seu
1789 1247 1850 1280 alia
1867 1248 1907 1281 ad

1170 1309 1265 1331 usum
1282 1298 1446 1332 Romanae
1468 1299 1574 1332 curiae
1602 1300 1787 1333 necessaria
1811 1301 1909 1334 addu-

1171 1356 1257 1391 cunt,
1281 1361 1316 1383 ac
1337 1351 1432 1384 etiam
1454 1362 1510 1385 eos
1529 1352 1592 1395 qui,
1616 1363 1655 1385 ne
1674 1353 1713 1385 ad
1731 1353 1909 1387 Romanam

1171 1403 1292 1436 curiam
1317 1404 1518 1437 adducantur
1541 1405 1591 1437 vel
1617 1404 1805 1445 afferantur,
1834 1417 1908 1450 pro-

1172 1456 1302 1496 hibent,
1330 1457 1510 1500 impediunt
1534 1468 1589 1490 seu
1616 1459 1824 1501 perturbant,
1850 1470 1907 1492 seu

1173 1509 1253 1541 haec
1270 1509 1424 1542 facientes
1439 1510 1617 1543 defendunt
1630 1521 1690 1554 per
1704 1521 1738 1544 se
1753 1513 1801 1545 vel
1816 1512 1907 1553 alios,

1172 1562 1400 1606 cuiuscumque
1427 1563 1548 1595 suerint
1573 1563 1717 1603 ordinis,
1748 1566 1908 1607 praeemi-

1172 1615 1324 1654 nentiae,
1350 1615 1545 1648 conditionis
1571 1620 1603 1648 et
1627 1621 1746 1656 status,
1783 1617 1908 1650 etiamsi

1173 1667 1368 1710 pontificali,
1395 1679 1451 1700 seu
1474 1668 1596 1711 regali,
1623 1674 1678 1701 aut
1701 1669 1762 1702 alia
1796 1670 1907 1713 quavis

1173 1720 1395 1753 ecclesiastica
1419 1721 1468 1753 vel
1493 1721 1658 1754 mundana
1681 1722 1910 1765 praefulgeant

1174 1773 1343 1816 dignitate.

1217 1826 1267 1859 IX.
1295 1826 1372 1860 Item
1394 1827 1710 1861 excommunicamus
1729 1833 1761 1861 et
1777 1829 1910 1863 anathe-

1173 1879 1360 1912 matizamus
1387 1890 1500 1913 omnes
1525 1880 1618 1921 illos,
1650 1880 1704 1924 qui
1729 1881 1768 1914 ad
1793 1880 1909 1915 Sedem

1174 1933 1389 1976 Apostolicam
1413 1933 1590 1974 venientes,
1607 1939 1638 1967 et
1655 1935 1847 1968 recedentes
1870 1935 1909 1968 ab

1174 1986 1305 2026 eadem,
1334 1988 1393 2019 sua
1417 1987 1467 2019 vel
1491 1986 1629 2020 aliorum
1660 1990 1758 2030 opera
1788 1987 1910 2020 interfi-

1174 2038 1272 2079 ciunt,
1298 2039 1455 2079 mutilant,
1482 2039 1635 2082 spoliant,
1661 2040 1803 2082 capiunt,
1830 2040 1910 2073 deti-

1174 2097 1266 2134 nent;
1292 2102 1420 2126 necnon
1444 2102 1557 2126 omnes
1581 2092 1666 2132 illos,
1692 2092 1756 2136 qui,
1782 2092 1910 2125 iurisdi-

1175 2145 1314 2179 ctionem
1334 2145 1533 2178 ordinariam
1550 2146 1600 2178 vel
1621 2145 1801 2188 delegatam
1819 2156 1836 2178 a
1852 2156 1910 2178 no-

1174 2198 1223 2231 bis
1248 2199 1299 2231 vel
1324 2198 1442 2232 nostris
1468 2197 1628 2231 iudicibus
1649 2208 1715 2231 non
1740 2198 1908 2237 habentes,

1175 2250 1264 2284 illam
1296 2249 1358 2283 sibi
1387 2255 1509 2283 temere
1538 2250 1763 2291 vendicantes,
1793 2250 1910 2284 similia

1175 2309 1286 2337 contra
1311 2308 1474 2337 morantes
1498 2302 1531 2336 in
1557 2303 1668 2337 eadem
1688 2304 1777 2336 curia
1790 2304 1910 2337 audent

1175 2361 1379 2401 perpetrare.

1219 2410 1256 2442 X.
1283 2409 1362 2444 Item
1387 2408 1701 2442 excommunicamus
1723 2414 1756 2442 et
1778 2408 1911 2442 anathe-

1176 2463 1360 2496 matizamus
1378 2473 1489 2495 omnes
1508 2461 1749 2502 interficientes,
1763 2461 1908 2497 mutilan-

1177 2521 1238 2556 tes,
1264 2517 1491 2555 vulnerantes,
1517 2515 1713 2554 detinentes,
1741 2514 1909 2558 capientes

1151 2597 1155 2607 ,
1176 2580 1233 2603 seu
1259 2568 1494 2615 depraedantes
1519 2567 1711 2611 romipetas,
1738 2577 1794 2600 seu
1819 2577 1912 2611 pere-

1914 198 1963 223 An.
1985 196 2040 223 (3.1
2064 197 2099 224 ‹38
