2247 3208
220 265 270 294 An.
290 265 317 294 C.
343 266 408 293 1668
455 257 518 291 790

415 327 452 348 ac
473 316 504 346 in
522 312 758 345 universalibus
778 310 925 343 conciliis
948 310 1057 348 editis,
1078 319 1150 352 spe-

415 367 550 401 cialibus
567 366 615 398 vel
630 364 845 407 generalibus,
862 362 1148 396 constitutionibus

415 425 447 453 et
469 418 735 457 ordinationibus,
754 427 879 449 necnon
897 416 1023 458 legibus
1049 415 1150 457 impe-

415 473 567 511 rialibus,
606 476 638 503 et
672 470 743 503 aliis
779 469 874 502 etiam
899 469 1148 512 municipalibus

415 531 479 558 tam
505 524 598 557 Urbis
624 533 718 566 quam
744 522 928 566 quarumvis
954 522 1089 554 aliarum
1106 522 1150 554 ci-

413 578 545 611 vitatum
570 580 601 608 et
624 576 770 609 locorum
787 575 820 607 in
838 574 953 618 quibus
978 575 1063 608 cives
1092 575 1150 607 ori-

414 629 528 673 ginarii
554 628 653 661 creati
690 633 785 668 sunt,
820 638 855 660 ac
892 627 1074 671 quarumvis
1099 638 1150 660 ec-

414 683 593 723 clesiarum,
619 682 901 722 monasteriorum,
933 681 1087 714 Ordinum
1120 686 1151 713 et

417 736 588 779 hospitalis
614 735 782 778 praedicti,
812 744 939 767 necnon
965 733 1149 777 quorumvis

414 789 627 831 collegiorum
645 792 677 820 et
693 788 871 821 officiorum
897 787 1000 820 dictae
1026 787 1147 826 curiae,

414 852 450 874 ac
474 851 657 884 regnorum,
676 840 924 883 provinciarum,
952 844 983 872 et
1004 838 1096 871 Urbis
1114 849 1150 871 ac

414 893 550 926 aliarum
575 892 737 925 civitatum
762 897 793 925 et
817 893 971 931 locorum,
998 902 1034 924 ac
1059 901 1150 934 prae-

414 947 518 980 dictae
543 956 699 986 camerae,
729 945 825 978 etiam
851 945 1052 984 iuramento,
1072 955 1149 977 con-

413 999 593 1032 firmatione
607 999 796 1042 apostolica,
813 1000 861 1031 vel
877 998 986 1041 quavis
1000 998 1148 1031 firmitate

413 1052 476 1086 alia
500 1052 679 1092 roboratis,
706 1051 830 1084 statutis
855 1057 887 1083 et
910 1050 1149 1084 consuetudini-

412 1105 490 1145 bus,
521 1105 771 1144 stabilimentis‚
795 1104 908 1137 usibus
941 1110 972 1137 et
1001 1103 1146 1143 naturis,

413 1157 540 1192 etiamsi
565 1159 604 1192 de
622 1158 686 1192 illis
703 1158 879 1197 servandis,
900 1162 931 1190 et
955 1168 1021 1190 non
1047 1157 1148 1200 impe-

412 1212 533 1244 trandis
548 1211 663 1245 litteris
681 1211 866 1254 apostolicis
885 1216 998 1243 contra
1016 1221 1064 1250 ea,
1087 1221 1149 1243 nec

413 1264 508 1297 etiam
533 1265 572 1297 ab
605 1265 667 1297 alio
699 1265 748 1297 vel
780 1264 851 1297 aliis
882 1264 1063 1306 impetratis
1096 1267 1149 1296 aut

412 1316 506 1349 aliis¹
533 1317 779 1360 quomodolibet
809 1316 970 1348 concessis
1001 1316 1145 1356 utendo,

412 1369 474 1412 ipsi
499 1369 679 1412 cappellani
705 1379 762 1412 per
779 1379 812 1401 se
829 1369 879 1401 vel
897 1378 1009 1400 eorum
1032 1379 1149 1411 procu-

412 1426 538 1455 ratores
554 1422 776 1465 praestiterint
797 1421 903 1454 forsan
925 1421 1080 1453 hactenus
1099 1421 1148 1453 vel

412 1474 446 1508 in
470 1480 636 1518 posterum
654 1484 708 1507 eos
726 1480 891 1517 praestare
909 1473 1086 1515 contigerit
1102 1473 1149 1505 iu-

411 1532 604 1566 ramentum,
619 1526 795 1570 privilegiis
815 1537 952 1570 quoque,
967 1525 1099 1558 indultis
1117 1530 1150 1558 et

412 1579 527 1614 litteris
541 1579 732 1622 apostolicis,
748 1579 839 1612 dictis
858 1578 1011 1619 ecclesiis,
1024 1589 1149 1611 monas-

412 1632 522 1673 teriis,
547 1632 720 1665 Ordinibus
754 1638 786 1665 et
816 1632 968 1675 hospitali
995 1631 1025 1664 S.
1056 1631 1149 1664 loan-

412 1685 462 1719 nis
500 1685 806 1728 Hierosolvmitani,
832 1685 1027 1728 illorumque
1056 1695 1149 1728 prae-

413 1738 536 1772 sulibus
561 1749 617 1771 seu
642 1738 968 1778 administratoribus,
996 1743 1028 1771 et
1052 1748 1149 1781 supe-

413 1791 554 1824 rioribus
579 1801 615 1823 ac
639 1790 799 1833 magistris
814 1817 821 1831 ‚
853 1790 1119 1834 praeceptoribus
1138 1817 1145 1831 ,

412 1844 582 1888 prioribus,
601 1843 757 1877 militibus
776 1843 873 1876 etiam
893 1843 1043 1884 antianis‚
1064 1845 1149 1887 capi-

412 1898 487 1932 tulis
512 1903 543 1931 et
567 1897 789 1938 conventibus,
809 1897 990 1930 civitatibus
1007 1902 1038 1930 et
1057 1897 1147 1938 locis,

413 1951 548 1994 aliisque
574 1949 724 1994 personis
755 1950 850 1983 etiam
882 1949 1147 1992 particularibus,

412 2014 540 2037 necnon
587 2003 846 2046 archiepiscopis
865 2029 872 2043 ,
917 2003 1078 2046 episcopis
1117 2008 1150 2035 et

413 2057 484 2090 aliis
511 2058 655 2090 locorum
680 2056 865 2096 Ordinariis,
888 2056 983 2089 etiam
1004 2056 1149 2089 eiusdem

413 2109 445 2143 S.
461 2110 498 2142 R.
518 2109 552 2142 E.
580 2109 808 2149 cardinalibus,
827 2120 862 2142 ac
880 2109 982 2141 dictae
1000 2119 1148 2141 camerae

414 2162 614 2202 officialibus,
627 2162 823 2205 illorumque
838 2162 994 2204 collegiis,
1011 2163 1069 2194 sub
1085 2162 1150 2205 qui-

413 2216 615 2259 buscumque
641 2216 810 2249 tenoribus
827 2221 857 2248 et
877 2216 1003 2256 formis,
1025 2226 1061 2248 ac
1077 2226 1149 2248 curn

414 2268 576 2312 quibusvis
594 2268 690 2301 etiam
716 2265 993 2311 derogatoffiarum
1015 2268 1150 2311 deroga-

415 2320 515 2361 toriiS,
541 2321 675 2364 aliisque
699 2320 941 2362 efficacioribus,
969 2320 1149 2354 efficacissi-

414 2373 474 2406 mis
499 2378 529 2405 et
554 2373 691 2406 insolitis
710 2374 868 2414 clausulis,
883 2373 1148 2416 irritantibusque

416 2430 448 2458 et
466 2425 537 2458 aliis
556 2425 700 2465 decretis,
719 2436 777 2469 per
798 2436 1016 2470 quoscumque
1034 2426 1150 2459 Roma-

415 2488 474 2511 nos
500 2477 671 2511 Pontifices
697 2479 966 2521 praedecessores
998 2484 1147 2519 nostros,

416 2540 453 2563 ac
476 2539 535 2563 nos
551 2534 583 2563 et
599 2529 714 2563 Sedem
738 2531 946 2574 praedictam,
962 2532 1058 2564 etiam
1076 2542 1151 2567 con-

452 2646 462 2672 1
485 2644 581 2672 Potius
601 2644 659 2680 lege
679 2643 754 2672 alitis
768 2652 816 2680 pro
831 2644 899 2672 alirs
913 2646 952 2679 (n.
968 2644 1017 2680 τ.).

1001 261 1182 288 BULLARIUM
1205 260 1356 286 ROMANUM

1193 309 1410 350 sistorialiter,
1428 315 1459 342 et
1480 311 1518 343 de
1537 312 1680 345 eiusdem
1697 313 1728 346 S.
1751 314 1787 347 R.
1808 314 1842 347 E.
1865 325 1929 348 car-

1193 363 1347 396 dinalium
1373 364 1519 404 consilio,
1538 375 1573 398 ac
1592 376 1652 409 per
1667 367 1799 400 modum
1821 368 1928 402 statuti

1193 420 1225 448 et
1250 416 1491 449 constitutionis
1518 422 1760 460 perpetuorum,
1779 429 1814 452 ac
1837 425 1926 454 motu

1193 474 1224 501 et
1249 468 1383 502 scientia
1407 469 1560 512 paribus,
1589 470 1693 513 deque
1729 473 1926 514 apostolicae

1192 521 1362 565 potestatis
1388 522 1602 564 plenitudine,
1629 533 1665 555 ac
1690 524 1728 556 ad
1753 523 1927 567 imperato-

1193 574 1248 613 ris,
1274 584 1310 607 ac
1334 584 1447 616 regum
1475 579 1507 607 et
1530 575 1728 618 reginamm,
1755 576 1870 610 ducum
1896 583 1926 611 et

1192 627 1429 667 marchionum,
1451 638 1486 660 ac
1510 628 1644 660 aliorum
1668 629 1850 672 principum
1879 631 1928 663 in-

1193 680 1350 720 stantiam,
1369 691 1424 712 sen
1442 681 1570 713 illorum
1589 682 1875 724 contemplatione,
1894 684 1927 716 in

1193 742 1313 774 genere
1337 734 1386 765 vel
1412 733 1539 776 specie,
1564 738 1617 766 aut
1646 733 1723 767 alias
1749 736 1927 777 quomodo-

1193 785 1271 818 libet
1299 786 1396 818 etiam
1431 786 1555 819 iteratis
1588 786 1710 819 vicibus
1744 788 1924 829 concessis,

1192 838 1389 871 confirmatis
1415 844 1446 872 et
1471 839 1638 879 innovatis,
1657 843 1689 872 et
1713 839 1926 883 imposterum

1192 891 1430 932 concedendis,
1455 891 1684 924 confirmandis
1718 897 1750 924 et
1773 887 1928 925 innovan-

1192 943 1251 982 dis,
1270 944 1395 976 etiamsi
1421 944 1453 975 in
1479 944 1515 976 iis
1536 954 1573 977 ac
1598 944 1724 976 statutis
1750 949 1781 977 et
1805 945 1927 978 stabili-

1191 996 1309 1029 mentis
1333 997 1506 1040 praedictis
1530 1002 1678 1030 caveatur
1702 1008 1852 1041 expresse
1877 1000 1926 1032 vel

1191 1049 1287 1082 tacite
1325 1050 1410 1092 quod
1442 1049 1536 1082 Urbis
1573 1050 1703 1082 nonnisi
1741 1050 1925 1092 originariis

1191 1102 1314 1135 civibus
1347 1102 1497 1135 Romanis
1533 1113 1568 1135 ac
1599 1103 1713 1135 civium
1738 1104 1928 1137 eorumdem

1191 1155 1275 1195 siliis,
1294 1155 1429 1189 aliarum
1446 1166 1522 1188 vero
1540 1156 1680 1199 partium
1693 1156 1849 1189 beneficia
1866 1157 1926 1190 nisi

1191 1219 1249 1252 per
1272 1219 1429 1252 personas
1459 1209 1605 1242 illustres
1639 1220 1697 1242 seu
1731 1210 1859 1243 nobiles
1892 1221 1928 1243 ac

1191 1262 1286 1294 ctiam
1310 1262 1504 1305 originarios
1529 1263 1613 1295 cives
1646 1268 1700 1296 aut
1731 1262 1808 1295 alias
1836 1269 1927 1296 certo

1190 1315 1287 1347 modo
1314 1315 1346 1347 in
1371 1315 1434 1348 illis
1459 1326 1612 1359 expresse
1637 1316 1837 1359 qualificatos
1870 1317 1927 1349 ob-

1192 1368 1285 1400 tineri
1312 1372 1365 1400 aut
1388 1368 1528 1401 conferri
1554 1368 1685 1412 possint,
1708 1374 1740 1401 et
1763 1369 1868 1402 nullus
1893 1369 1926 1401 in

1191 1421 1291 1453 civem
1316 1420 1409 1453 Urbis
1434 1427 1488 1453 aut
1511 1421 1694 1461 civitatum,
1722 1420 1926 1464 oppidorum,

1192 1478 1350 1505 terrarum
1369 1474 1558 1506 etlocorum
1576 1473 1764 1506 huiusmodi
1789 1474 1924 1514 admitti,

1192 1537 1249 1559 seu
1274 1526 1402 1559 illorum
1426 1526 1602 1570 privilegiis
1633 1526 1679 1559 uti
1704 1527 1829 1570 possit,
1865 1527 1925 1560 nisi

1192 1579 1279 1622 prius
1310 1579 1343 1611 in
1375 1579 1467 1612 dictis
1504 1579 1681 1611 civitatibus
1701 1605 1708 1619 ,
1740 1579 1869 1623 oppidis
1895 1585 1927 1613 et

1192 1632 1271 1665 locis
1288 1643 1348 1675 per
1364 1638 1487 1665 certum
1504 1637 1629 1675 tempus
1640 1631 1851 1673 «habitaverit,
1870 1643 1927 1665 seu

1192 1685 1288 1718 etiam
1311 1686 1344 1718 in
1369 1685 1433 1719 illis
1452 1686 1536 1718 bona
1555 1685 1651 1718 etiam
1667 1685 1794 1718 stabilia
1818 1685 1927 1719 forsan

1193 1739 1232 1771 ad
1257 1744 1379 1771 certum
1413 1739 1556 1772 valorem
1589 1738 1796 1771 ascendentia
1824 1739 1928 1782 possi-

1193 1792 1287 1830 deat,
1326 1792 1477 1835 quodque
1514 1791 1758 1835 praeceptoriae
1797 1797 1826 1825 et
1866 1792 1928 1826 alia

1192 1844 1351 1877 beneficia
1387 1855 1605 1888 quaecumque
1642 1844 1719 1877 dicti
1756 1845 1927 1888 hospitalis

1192 1897 1223 1930 S.
1243 1897 1371 1930 Ioannis
1396 1897 1680 1940 Hierosolymitani
1706 1902 1771 1930 tarn
1796 1908 1833 1930 ex
1858 1899 1928 1931 eius

1193 1951 1395 1983 institutione
1431 1961 1527 1994 quam
1564 1961 1599 1983 ex
1636 1950 1926 1984 stabilimentorum

1192 2003 1430 2046 praedictorum
1457 2003 1670 2046 dispositione
1694 2013 1758 2035 non
1789 2003 1822 2035 in
1854 2003 1928 2036 titu-

1193 2056 1257 2088 lum
1272 2061 1506 2098 perpetuorum
1523 2054 1758 2088 beneficiorum
1776 2055 1926 2096 conferri,

1192 2109 1247 2141 sed
1268 2109 1300 2141 in
1317 2109 1540 2141 commendam
1554 2109 1593 2141 ad
1607 2109 1701 2141 vitam
1723 2109 1927 2142 commenda-

1194 2161 1347 2194 tariorum
1373 2161 1595 2195 revocabiliter
1615 2162 1750 2195 concedi
1775 2162 1925 2202 debeant,

1193 2220 1225 2248 et
1248 2215 1293 2247 sic
1317 2215 1527 2258 pensionibus
1556 2214 1781 2247 ecclesiasticis
1805 2216 1929 2248 secula-

1192 2267 1281 2300 ribus
1306 2272 1360 2299 aut
1376 2267 1446 2300 aliis
1464 2267 1609 2311 personis
1626 2267 1801 2311 apostolica
1818 2272 1927 2300 aucto-

1192 2320 1285 2354 ritate
1310 2320 1513 2353 reservandis
1540 2320 1665 2363 gravari
1698 2330 1764 2353 non
1792 2320 1926 2363 possint,

1193 2373 1342 2416 quodque
1357 2373 1581 2406 stabilimentis
1597 2378 1628 2405 et
1641 2372 1818 2416 privilegiis
1835 2383 1928 2416 prae-

1192 2426 1284 2467 fatis,
1306 2426 1403 2459 etiam
1429 2426 1539 2469 vigore
1564 2426 1727 2460 clausulae
1752 2426 1927 2469 implicitae

1193 2479 1412 2522 derogationis
1422 2478 1576 2511 latissime
1587 2478 1819 2517 extendendae,
1831 2477 1928 2511 etiam

1193 2543 1251 2575 per
1276 2542 1494 2575 quascumque
1519 2531 1642 2564 litteras
1667 2530 1869 2574 apostolicas,
1896 2535 1929 2563 et

1194 2584 1319 2628 quasvis
1338 2585 1432 2617 ctiam
1455 2583 1734 2627 derogatoriarum
1760 2583 1929 2625 derogato-

1194 2637 1264 2678 rias,
1288 2635 1550 2680 efficacioresque
1576 2641 1608 2669 et
1630 2635 1775 2669 insolitas
1801 2636 1928 2670 clausu-

1934 268 1983 294 ΑΩ.
2003 267 2033 295 G.
2056 269 2123 296 ¹668
