2247 3208
167 222 222 250 λιι.
241 221 273 273 95
289 222 357 250 1668

362 271 617 315 quibuscumque
644 271 834 315 privilegiis,
869 272 1093 311 facultatibus,

358 324 632 367 exemptionibus,
659 325 932 364 immunitatibus,
965 325 1095 358 liberta-

358 376 452 416 tibus,
480 377 652 417 favoribus
680 379 790 421 gratiis
812 384 843 410 ct
860 379 1003 418 indultis,
1026 379 1096 421 qui-

355 429 415 462 bus
440 431 537 463 ceteri
569 442 682 464 omnes
715 432 830 464 notarii
857 432 970 471 nostri,
998 431 1093 463 etiam

357 483 396 516 de
422 493 556 516 numero
578 485 859 527 participantium,
886 494 1014 516 necnon
1043 494 1116 530 co--

356 535 449 568 mites
466 542 498 568 ct
511 537 634 569 nobiles
649 548 685 569 ac
702 537 785 571 cives
803 537 979 578 originarii,
998 537 1093 568 etiam

356 588 388 621 in
410 590 602 632 dignitatum
627 596 658 623 ct
681 590 913 623 beneficiormu
941 589 1094 622 ecclcsia-

357 641 514 674 sticoruin
540 648 571 674 et
602 643 791 674 secularium
825 642 920 674 etiam
950 652 985 673 cx
1021 652 1093 684 per-

355 694 443 726 sonis
468 694 685 727 Romanorum
712 694 962 736 originarioruin
978 705 1093 726 vacan-

354 747 433 779 tium
468 747 670 779 assecutione
703 752 734 779 et
767 746 939 786 exercitio,
965 752 1028 780 tan]
1062 747 1091 779 in

355 799 439 832 Urbe
455 809 549 842 quam
567 799 750 831 civitatibus
763 799 947 842 praedictiS,
963 810 998 831 ac
1012 800 1090 832 alias

354 853 473 896 ubique
499 853 642 885 locorum
667 857 699 885 et
716 853 869 895 gentium,
889 863 1017 886 necnon
1032 864 1091 885 scs-

353 906 480 938 sionum
507 910 538 937 et
564 910 790 945 conventuum,
808 911 950 947 utuntur,
969 907 1091 949 potiun-

353 963 405 989 tur
430 963 462 990 et
487 957 635 1000 gaudent,
658 968 694 990 ac
712 958 766 998 uti,
785 958 884 1001 potiri
902 964 934 991 et
949 959 1089 1001 gaudere

352 1016 505 1054 poterunt
533 1011 781 1053 quomodolibet
804 1011 836 1044 in
856 1012 1004 1049 futurum,
1025 1023 1089 1044 non

352 1065 457 1097 solum
481 1064 518 1096 ad
545 1063 672 1096 illorum
697 1063 804 1103 instar,
831 1065 886 1096 sed
908 1065 1091 1107 parifornii-

354 1122 402 1148 ter
434 1122 465 1148 et
490 1127 590 1159 aeque
616 1116 840 1159 principaliter
871 1128 907 1149 ac
937 1118 963 1150 si
995 1118 1090 1160 privi-

353 1169 453 1212 legia,
479 1169 660 1209 facultates,
697 1170 933 1213 exemptiones,
968 1171 1088 1213 gratiae

352 1228 383 1254 et
408 1222 533 1254 indulta
559 1233 617 1265 pro
644 1222 723 1265 ipsis
758 1228 964 1255 emanassent
996 1223 1088 1266 (citra

352 1279 460 1307 tamen
475 1274 696 1317 exeii‘iptioncs
712 1285 728 1306 a
741 1275 883 1307 Concilio
900 1275 1088 1308 Tridentino

351 1326 504 1366 sublatas,
524 1327 566 1358 ita
583 1332 617 1358 ut
633 1327 751 1359 nedum
771 1328 877 1370 quoad
898 1328 1086 1366 criminalia,

352 1379 408 1411 sed
434 1379 529 1411 etiam
555 1380 661 1421 quoad
688 1379 793 1412 civilia
817 1380 1008 1413 subiaceant
1032 1381 1088 1414 Or-

352 1431 498 1468 dinariis,
523 1442 559 1464 ac
583 1431 661 1464 citra
686 1432 853 1465 facultates
873 1433 1085 1475 legitimandi,

350 1484 388 1517 ad
416 1484 532 1526 gradus
558 1485 780 1527 promovendi,
808 1496 843 1517 ac
865 1486 1005 1518 notarios
1031 1497 1086 1519 seu

352 1538 544 1571 tabelliones
570 1539 723 1577 creandi,
752 1539 876 1582 aliaque
903 1540 1086 1573 huiusmodi

351 1590 518 1633 privilegia
547 1602 564 1623 a
593 1591 724 1624 notariis
759 1592 850 1624 Sedis
882 1593 1086 1635 Apostolicae

350 1649 382 1676 et
405 1644 577 1676 comitibus
602 1644 751 1687 palatinis
779 1650 966 1687 praetensa,
992 1646 1036 1678 ita
1053 1652 1087 1678 ut

350 1696 413 1728 illis
440 1707 536 1739 supra
561 1696 730 1729 memorati
748 1698 929 1740 cappellani
955 1698 1087 1731 familia-

352 1759 402 1781 res
427 1749 529 1782 nostri
556 1749 668 1781 nullibi
687 1749 732 1781 uti
749 1751 884 1789 valeant,
908 1762 943 1783 ac
961 1751 1086 1784 irritum

351 1807 381 1834 et
407 1802 502 1833 inane
530 1802 644 1834 existat
674 1802 699 1834 si
733 1813 824 1835 secus
858 1814 954 1846 super
987 1804 1037 1836 his
1069 1816 1086 1836 a

351 1865 520 1897 quoquam,
537 1855 646 1897 quavis
663 1855 863 1895 auctoritate,
883 1856 1025 1889 scienter
1037 1859 1085 1890 vel

349 1908 547 1950 ignoranter,
559 1908 729 1950 contigerit
739 1909 910 1949 attentari),
922 1910 976 1948 uti,
989 1910 1084 1952 potiri

350 1966 381 1993 et
405 1961 553 2003 gaudere,
580 1972 616 1993 ac
647 1961 680 1995 in
710 1962 858 1994 omnibus
890 1967 922 1994 et
951 1963 1085 2005 singulis

349 2013 541 2056 apostolicis,
561 2013 698 2056 aliisque
717 2014 844 2054 litteris,
864 2015 1084 2048 instrumentis

349 2071 381 2098 et
405 2066 571 2109 scripturis
602 2067 741 2109 publicis
771 2072 802 2100 et
831 2068 962 2110 privatis
996 2069 1085 2101 dein-

349 2129 424 2162 ceps
453 2130 563 2152 eorum
594 2120 723 2153 nomine
754 2121 981 2162 conficiendis,
1014 2134 1083 2155 sese

348 2173 502 2213 notarios,
530 2173 663 2206 comites
686 2179 717 2206 et
741 2174 877 2214 nobiles,
905 2186 940 2207 ac
967 2176 1006 2208 de
1027 2186 1084 2208 no-

348 2224 405 2257 bili
431 2236 549 2268 genere
571 2237 607 2259 ex
625 2233 761 2270 utroque
780 2234 912 2271 parente
930 2240 1084 2272 procrea-

349 2281 409 2316 tos,
435 2288 561 2311 necnon
594 2279 753 2312 Romanae
786 2286 817 2312 et
845 2281 979 2313 aliarum
1010 2282 1084 2314 civi-

348 2334 448 2362 tatum
473 2330 573 2371 cives,
599 2337 633 2364 ut
657 2333 800 2373 libuerit,
827 2334 1026 2374 inscribere,
1053 2341 1084 2368 et

346 2393 381 2416 se
406 2383 470 2416 illis
489 2384 695 2417 subscribere
713 2387 850 2425 valeant,
871 2398 907 2419 ac
925 2398 982 2430 pro
999 2388 1081 2421 veris

347 2442 379 2469 et
403 2447 468 2469 non
494 2437 575 2469 lictis
600 2438 741 2478 notariis,
767 2440 948 2480 comitibus,
968 2441 1084 2473 nobili-

345 2490 406 2522 bus
431 2496 462 2523 et
479 2490 598 2522 civibus
619 2491 811 2532 habeantur,
831 2492 987 2535 nihilque,
1008 2505 1084 2536 qua-

345 2544 516 2586 lecumque
541 2543 621 2576 illud
646 2544 755 2583 suerit,
779 2555 849 2576 cum
883 2545 920 2577 iis
953 2556 1082 2588 expres-—

345 2596 505 2637 sionibus,
532 2597 768 2640 sul‘neptitium,
790 2598 1007 2641 obreptitiuin,
1028 2605 1082 2632 aut

986 223 1128 247 CLEMENS
1153 225 1181 247 tx
1207 222 1255 247 PP.

1777 215 1841 248 715

1140 271 1426 311 invalidtun,·sed
1460 272 1538 306 illud
1573 272 1658 305 idem
1696 272 1805 305 cllicax
1844 273 1875 304 in

1139 324 1290 356 omnibus
1316 330 1347 357 et
1371 336 1428 367 per
1452 326 1561 358 omnia
1586 330 1773 366 censeatur,
1800 335 1874 358 con-

1139 377 1283 409 cedimus
1307 383 1339 409 01
1363 378 1581 421 indulgemus.

1182 430 1196 471 ἓ
1222 430 1252 462 ⁵2.
1280 431 1316 463 Et
1343 432 1474 474 insuper
1498 432 1582 471 illos,
1610 442 1787 474 eorumque
1820 432 1875 465 be-

1138 482 1253 515 neficia
1279 489 1310 515 et
1334 484 1436 516 officia
1462 485 1679 517 ecclesiastiea
1704 496 1875 527 quaecum-

1139 545 1212 576 que,
1238 542 1453 579 quotcumque
1472 542 1502 569 ct
1523 538 1784 580 qualiacumque,
1803 538 1874 570 illo-

1137 596 1208 618 rum
1222 587 1354 627 fructus,
1372 599 1422 620 res
1438 594 1469 621 01
1485 589 1563 626 iura,
1580 590 1772 633 uhimmupw
1791 592 1875 623 loco-

1136 648 1215 678 rum,
1239 639 1407 681 regionum
1426 646 1456 673 et
1473 642 1724 684 movinciarum,
1745 654 1873 675 necnon

1137 691 1167 723 111
1186 691 1280 730 Urbe,
1300 693 1489 734 civitatibus,
1509 695 1603 726 terris
1622 701 1653 727 et
1670 697 1748 728 locis
1767 696 1872 728 eidem

1136 743 1298 776 Romanae
1330 745 1491 778 Ecclesiae
1526 747 1663 780 mediate
1696 754 1726 781 et
1761 749 1873 781 imme-

1135 796 1218 829 diate
1254 797 1404 830 subiectis
1446 799 1681 840 consistentia,
1717 802 1872 844 praedia,

1135 850 1268 890 domos,
1293 851 1515 894 possessiones
1540 858 1571 884 et
1603 853 1687 885 bona
1717 854 1872 896 patrimo-

1134 903 1228 939 nalia,
1254 903 1378 947 aliaque
1407 906 1596 948 temporalia
1617 906 1748 939 mobilia
1767 913 1798 939 et
1815 908 1872 940 iin-

1133 955 1266 988 mobilia
1291 962 1322 989 et
1342 968 1374 989 se
1396 958 1565 998 moventia,
1585 969 1713 991 necnon
1730 961 1871 993 actiones

1134 1014 1164 1040 et
1179 1008 1249 1040 iura
1261 1010 1447 1052 praesentia
1459 1015 1491 1043 et
1508 1011 1622 1052 11111110,
1637 1013 1869 1056 cuiuscumque

1133 1061 1303 1103 qualitatis,
1330 1063 1516 1105 quantitatis
1543 1070 1573 1096 ct
1599 1071 1744 1106 naturae,
1767 1072 1797 1099 et
1817 1077 1871 1098 cu-

1133 1113 1230 1146 iusvis
1255 1115 1350 1148 etiam
1375 1116 1471 1148 annui
1498 1117 1614 1150 valoris
1639 1118 1772 1159 fructus,
1799 1120 1870 1152 red-

1133 1166 1216 1198 ditus
1241 1172 1273 1199 et
1297 1174 1473 1210 proventus
1507 1169 1692 1203 huiusmodi
1725 1171 1788 1203 sint
1820 1174 1868 1205 vel

1132 1218 1261 1259 suerint,
1289 1231 1323 1252 ac
1349 1221 1442 1253 etiam
1477 1233 1698 1266 quaecumque
1733 1224 1770 1256 ab
1806 1224 1869 1257 illis

1132 1273 1310 1313 vendenda,
1328 1284 1363 1306 ac
1382 1285 1442 1318 pro
1464 1275 1594 1308 illorum
1612 1277 1867 1321 familiarumque

1131 1335 1260 1358 suarum
1286 1327 1398 1359 usibus
1423 1329 1572 1369 emenda,
1599 1329 1637 1361 ab
1663 1331 1812 1363 omnibus
1839 1337 1869 1363 ct

1132 1379 1388 1423 quibuscumque
1417 1381 1557 1420 decimis,
1584 1383 1704 1425 quartis
1730 1385 1870 1417 011111111-

1132 1431 1192 1463 diis
1202 1433 1533 1474 partibus,subsidiis,
1550 1435 1645 1467 etiam
1659 1436 1866 1477 charitativis,

1131 1494 1258 1517 necnon
1285 1486 1507 1528 vectigalibus,
1538 1489 1702 1529 portoriis,
1728 1490 1867 1530 tributis,

1132 1537 1237 1577 datiis,
1266 1539 1421 1581 pedagiis,
1448 1541 1591 1572 collectis
1618 1546 1649 1573 et
1666 1553 1868 1586 quocumque

1131 1591 1194 1623 alio
1220 1592 1350 1625 nominc
1376 1593 1568 1636 nuncupatis
1587 1595 1735 1636 angariis,
1755 1607 1868 1638 peran-

1131 1644 1239 1685 gariis,
1274 1645 1454 1688 ceterisque
1489 1647 1644 1679 oneribus
1681 1654 1711 1680 et
1747 1650 1868 1681 contri-

1131 1696 1329 1737 butionibus,
1357 1703 1418 1730 lain
1445 1699 1574 1731 urbanis
1602 1710 1695 1743 quam
1723 1701 1865 1741 rusticis,

1131 1750 1303 1783 ordinariis
1329 1758 1360 1784 et
1384 1753 1655 1791 extraordinariis,
1678 1755 1818 1787 realibus
1837 1761 1868 1787 et

1130 1803 1356 1844 personalibus
1394 1810 1424 1836 et
1454 1805 1579 1844 mixtis,
1615 1805 1710 1838 etiam
1743 1806 1866 1839 ratione

1130 1855 1345 1889 munitionum
1371 1858 1535 1890 moenium
1562 1864 1593 1891 et
1618 1859 1776 1901 pontium,
1797 1870 1867 1902 por-

1130 1914 1231 1941 tarum
1256 1914 1288 1941 et
1312 1910 1546 1950 moliturarum,
1573 1917 1604 1943 et
1634 1912 1787 1944 mercium
1813 1923 1866 1944 cu-

1129 1962 1318 2006 iuscumque
1343 1963 1470 2005 generis
1495 1965 1650 1997 transitus
1675 1976 1732 1997 seu
1753 1977 1866 2008 passus

1129 2021 1160 2047 et
1185 2022 1329 2049 vecturae
1356 2018 1451 2049 etiarn
1480 2018 1512 2050 in
1545 2018 1631 2050 aliud
1666 2018 1865 2051 territorium

1129 2078 1184 2100 seu
1207 2069 1415 2112 provinciam,
1438 2072 1532 2109 terra,
1557 2071 1637 2102 mari
1663 2077 1693 2103 et
1717 2071 1863 2111 flumine,

1128 2132 1255 2154 necnon
1281 2133 1440 2165 equorum
1472 2129 1693 2163 mortuorum,
1725 2123 1866 2156 stabula-

1128 2175 1251 2207 tionum
1278 2176 1422 2215 militum,
1458 2176 1668 2209 institutionis
1698 2176 1864 2208 seminarii

1128 2229 1347 2268 ecclesiastici,
1364 2236 1417 2261 aut
1431 2240 1467 2261 ev
1481 2240 1680 2272 quacumque
1695 2230 1756 2261 alia
1767 2239 1866 2272 quan-

1129 2282 1243 2313 tumvis
1270 2282 1357 2324 gravi
1383 2288 1414 2314 et
1447 2283 1635 2325 gravissima
1666 2284 1760 2314 causa
1792 2283 1863 2324 (pro

1127 2335 1342 2368 subventione
1371 2342 1482 2368 contra
1518 2335 1667 2368 infideles
1700 2336 1864 2367 dumtaxat

1127 2389 1272 2431 excepta)
1294 2399 1380 2421 nunc
1399 2394 1430 2421 et
1450 2399 1508 2431 pro
1526 2395 1671 2431 tempore
1688 2389 1860 2431 impositis,

1126 2441 1169 2473 ita
1204 2441 1289 2484 ([11οἀ
1322 2441 1367 2474 1111
1402 2447 1432 2474 01
1464 2441 1600 2484 quilibet
1636 2452 1747 2473 eorum
1779 2440 1862 2473 nihil

1126 2494 1259 2526 omnino
1297 2494 1413 2526 horum
1451 2500 1504 2526 aut
1537 2494 1674 2526 aliorum
1706 2493 1862 2526 similium

1126 2547 1232 2578 subire
1259 2552 1437 2586 teneantur,
1457 2557 1516 2579 nec
1533 2558 1590 2590 per
1615 2557 1760 2579 camerae
1789 2556 1863 2588 apo-

1125 2601 1258 2633 stolicae
1286 2606 1337 2632 aut
1363 2601 1443 2634 alios
1469 2601 1705 2635 ‹··ommissa1·i0s
1731 2610 1785 2633 seu
1810 2609 1863 2631 ve-

1888 224 1937 250 An.
1959 223 1987 251 C.
2005 223 2072 252 1608

1913 444 2019 464 Beneficia
2035 449 2069 462 nn-

1886 470 1965 491 inniab
1974 470 2069 489 ommam

1887 497 1985 518 oneribus
1993 498 2070 517 unuin.
