2247 3208
144 212 194 239 An.
215 209 244 238 e.
260 209 329 237 1663

660 249 757 283 CDLl.

338 332 526 366 Declarutio
540 329 710 363 vellicatis
726 328 944 371 occupationis
969 326 1079 358 civita-

385 386 425 417 tis
449 383 686 418 Avenionvmis
711 383 843 424 eiusque
869 379 1026 412 territorii
1050 382 1078 409 et

382 438 554 470 comitatus
579 435 784 477 Venayssini,
811 444 848 466 ac
872 432 1018 464 omnium
1044 431 1077 461 in

382 491 476 523 cur-id
509 488 712 532 parlamenti
746 486 910 529 Aquensis
945 484 1078 525 eiusque

382 543 546 585 deputatis
576 546 605 573 et
633 540 711 572 aliis
741 539 997 582 quibuscumque
1024 545 1077 578 90-

383 600 506 629 storum
518 593 538 626 ¹.

535 664 699 692 Alexander
723 663 800 694 Papa
819 661 881 693 vn,

456 711 492 736 ad
516 711 691 741 perpetuam
709 706 754 732 rei
778 704 956 731 memoriam.

386 776 564 811 Pastoralis
590 774 707 812 officii,
734 774 822 817 quod
852 777 985 805 auctore
1010 771 1076 804 Deo

342 830 500 873 gerimus,
527 839 604 862 cura
628 827 725 860 animi
752 825 852 859 nostri
877 825 960 857 vires
988 835 1079 857 men-

342 884 449 926 tisque
475 881 649 916 consilium
675 890 713 913 eo
737 879 910 923 praecipue
944 888 1079 911 conver-

341 937 389 976 tit,
404 936 465 977 ut²,
483 936 558 968 dum
571 934 601 967 S.
611 934 648 966 R.
658 934 692 966 E.
704 932 862 975 Sedisque
872 931 1078 974 Apostolicae

341 989 412 1021 iura
440 988 560 1021 violata
590 991 760 1030 promptae
795 984 1011 1028 reparationis
1042 994 1079 1016 ac

342 1040 546 1073 defensionis
571 1038 724 1072 auxilium
748 1042 941 1080 exposcunt,
968 1036 1048 1069 nihil
1064 1047 1081 1068 a

342 1093 439 1126 nobis
465 1091 647 1125 desiderari
672 1091 840 1134 patiamur,
867 1100 930 1133 quo
956 1090 1010 1122 illa
1034 1089 1082 1121 in·

344 1150 429 1178 tacta
443 1150 475 1178 et
489 1145 613 1178 illibata
634 1144 733 1186 (51001
753 1143 862 1184 decet)
884 1151 1081 1175 conserven-

344 1203 405 1238 tur,
422 1203 455 1230 et
472 1197 663 1241 opportunis
682 1195 846 1235 subsidiis,
869 1195 895 1227 si
914 1205 994 1238 opus
1014 1195 1082 1226 sue-

293 1276 311 1292 „
344 1250 394 1291 rit,
419 1250 620 1282 muniantur.

389 1304 404 1345 ἓ
428 1302 460 1335 1.
487 1303 569 1335 Sane
596 1302 719 1334 dudum
744 1301 826 1333 haec
847 1305 957 1333 sancta
981 1299 1081 1332 Sedes

345 1355 534 1399 Apostolica
557 1354 805 1398 possessionem
830 1353 999 1386 comitatus
1024 1352 1083 1384 Ve-

346 1408 489 1453 nayssini
523 1418 558 1440 ac
595 1407 729 1439 civitatis
761 1412 793 1439 et
824 1405 976 1438 territorii
1003 1406 1084 1438 Ave-

346 1460 514 1494 nionensis
539 1466 728 1493 nostrorum
758 1461 822 1491 una
849 1469 921 1491 01101
955 1459 1019 1491 alto
1054 1463 1086 1490 et

346 1525 498 1558 supremo
529 1514 562 1546 111
594 1514 658 1546 11115
691 1512 833 1546 dominio
867 1523 904 1544 ex
930 1511 1083 1554 legitimis

347 1579 385 1600 ac
402 1567 580 1600 notissimis
600 1572 633 1600 et
649 1566 883 1610 antiquissimis
910 1566 1011 1598 titulis
1029 1576 1085 1597 na-

348 1627 406 1661 cta,
425 1621 481 1654 illa
505 1621 643 1653 subinde
660 1620 804 1664 plurium
829 1621 1013 1652 seculorum
1030 1619 1086 1651 de-

349 1685 445 1707 cursu
474 1675 533 1707 sub
558 1673 699 1717 plurium
730 1673 947 1706 Romanorum
977 1671 1086 1704 Ponti-

349 1726 446 1759 ficum
478 1727 770 1770 praedecessorum
806 1731 992 1758 nostrorum
1028 1734 1086 1757 00-

350 1784 484 1821 stroque
502 1779 660 1820 regimine
677 1789 779 1821 usque
802 1778 833 1810 in
852 1787 1009 1821 praesens
1027 1788 1084 1809 suo

350 1832 488 1875 imperio
514 1831 647 1874 pacifice
672 1831 836 1874 possedit,
863 1842 899 1863 ac
925 1830 1086 1864 civitatem

351 1884 486 1927 eiusque
518 1883 720 1917 territorium
744 1895 780 1916 ac
807 1883 993 1915 comitatum
1025 1883 1086 1914 hu-

350 1937 506 1977 iusmodi,
532 1938 669 1980 locaque
695 1936 759 1969 illis
785 1936 949 1974 subiecta,
974 1936 1014 1967 ab
1039 1935 1087 1966 in·

349 1989 535 2023 vasionibus
554 1994 587 2022 et
603 1989 831 2022 obsidionibus
847 1988 1087 2021 haereticorum

352 2048 384 2075 et
407 2042 561 2075 catholici
578 2042 717 2075 nominis
738 2041 881 2074 hostium
905 2041 1030 2084 pluries
1056 2046 1085 2073 et

352 2095 450 2127 armis
477 2100 510 2127 et
533 2095 714 2138 sumptibus
741 2105 777 2127 ex
806 2094 986 2126 visceribus
1015 2094 1089 2126 reli-

354 2158 435 2191 quae
451 2148 641 2191 temporalis
657 2148 802 2180 eiusdem
817 2147 848 2180 S.
859 2147 895 2179 R.
908 2147 942 2179 E.
960 2146 1090 2179 ditionis

355 2200 505 2241 redactis,
532 2201 659 2239 favente
678 2200 774 2233 etiam
799 2199 929 2245 saepius
949 2199 1090 2241 benigna

356 2261 470 2294 regum
504 2252 852 2285 christianissimorum
886 2252 1090 2291 assistentia,

165 2342 168 2345 Ι
190 2314 255 2335 Facta
273 2315 345 2335 contra
357 2304 476 2337 exemit
489 2309 520 2337 et
537 2304 754 2346 recuperavit.
771 2304 887 2337 Verum
905 2314 1093 2347 nuperorum

163 2347 196 2362 ’Ἦ
209 2343 340 2362 enarrantur.
357 2357 483 2400 ingenti
499 2356 755 2400 vehementique
771 2357 818 2399 (ut
835 2368 894 2400 par
914 2358 978 2399 est)
997 2356 1093 2389 animi

358 2412 473 2444 dolore
498 2410 692 2453 accepimus,
718 2415 880 2443 assertum
905 2415 1095 2453 procurato-

359 2474 429 2497 rem
446 2463 574 2506 regium
590 2463 623 2495 in
641 2462 731 2495 curia
755 2462 949 2505 parlamenti
967 2463 1096 2506 Aquen-

173 796 316 818 Prooemium.

165 1319 198 1340 lus
208 1318 271 1340 Sedis
281 1320 334 1345 Apo-

151 1345 248 1367 stottcae.

395 2535 407 2561 1
430 2533 467 2560 Ex
486 2534 597 2568 Regest.
619 2533 646 2560 in
666 2534 768 2560 Secret.
790 2532 866 2559 Brev.

394 2577 411 2603 Ξ
430 2577 500 2604 Male
515 2576 558 2604 ed.
574 2577 656 2604 Μαίη.
671 2576 735 2612 legit
750 2579 776 2604 et
791 2585 839 2612 pro
855 2579 886 2603 ut
901 2577 941 2611 (a.
958 2576 1006 2610 r.).

933 200 1121 223 ALEXANDER
1144 201 1189 223 ΥῙΙ
1214 201 1262 223 Pr.

1121 248 1163 279 sis
1192 248 1349 280 adversus
1382 247 1527 280 eamdem
1560 247 1709 279 Sanctam
1739 247 1856 279 Sedem

1121 310 1202 331 ausu
1218 299 1391 332 damnabili
1410 299 1525 342 egisse,
1547 299 1769 342 terminosque
1788 310 1857 331 ser-

1122 363 1212 385 vasse
1243 363 1279 384 ac
1312 353 1434 385 servari
1469 363 1608 393 00111550,
1642 358 1674 385 01
1698 353 1855 395 quaedam

1121 410 1245 438 asserta
1269 406 1349 445 iura,
1375 406 1554 448 scripturas
1581 412 1613 438 et
1636 406 1857 439 instrumenta

1121 458 1159 489 ad
1184 458 1414 490 celebrandam
1447 458 1622 490 violentam
1655 459 1857 491 invasionem

1120 516 1153 541 et
1166 510 1370 542 manifestam
1379 510 1627 553 usurpationem
1644 522 1857 545 coacervasse

1120 567 1153 594 et
1187 562 1373 594 exhibuisse
1402 573 1463 605 pro
1496 564 1700 605 assequenda
1735 567 1858 596 asserta

1119 615 1276 647 reunione
1291 615 1480 647 eorumdem
1495 614 1634 647 civitatis
1654 615 1859 648 [1110010000-

1120 667 1163 699 515
1196 673 1228 699 et
1252 668 1425 700 comitatus
1451 667 1641 711 Venayssini
1668 673 1857 700 nostrorum

1120 721 1159 753 ad
1186 721 1326 753 favorem
1349 731 1491 753 coronae
1511 721 1725 759 Frane0rum3
1754 721 1859 763 quini-

1120 784 1181 813 mo,
1196 784 1262 806 non
1279 773 1386 805 minus
1408 779 1529 805 temere
1549 779 1580 805 et
1602 773 1746 813 nulliter,
1762 784 1859 816 quam

1120 830 1277 858 attentate
1304 831 1336 858 et
1357 826 1487 865 iniuste,
1508 832 1669 858 arrestum
1692 825 1768 858 dicti
1789 837 1858 868 par·

1120 879 1254 911 lamenti
1280 889 1380 921 super
1405 880 1531 911 asserta
1558 879 1718 911 reunione
1746 879 1859 911 huius-

1120 932 1209 964 modi
1234 931 1421 971 extorsisse,
1448 931 1584 974 eiusque
1610 932 1723 973 vigore
1749 941 1857 963 asser-

1121 990 1187 1017 tum
1203 985 1350 1017 eiusdem
1368 984 1563 1026 parlamenti
1581 984 1779 1027 praesidem,
1797 994 1857 1016 seu

1121 1043 1302 1080 regentem,
1320 1037 1474 1080 illiusque
1497 1037 1665 1069 ministros
1684 1042 1716 1069 01
1740 1037 1857 1069 0111013-

1122 1092 1181 1130 les,
1205 1096 1348 1123 sanctam
1373 1089 1489 1122 Sedem
1515 1090 1736 1132 Apostolicam
1763 1100 1860 1132 prae-

1123 1144 1250 1182 dictam,
1267 1143 1379 1186 iniquo
1393 1143 1513 1175 iudicio
1528 1144 1700 1185 pulsatam,
1714 1154 1859 1182 curasse,

1124 1201 1281 1239 quantum
1296 1196 1327 1227 in
1342 1195 1421 1238 ipsis
1440 1196 1508 1233 suit,
1527 1196 1670 1235 civitate,
1691 1195 1859 1227 territorio

1124 1254 1156 1280 et
1180 1248 1337 1280 comitatu
1363 1247 1541 1290 praedictis
1572 1258 1607 1279 ac
1638 1258 1795 1290 supremo
1828 1247 1861 1279 in

1125 1302 1171 1333 eis
1198 1300 1343 1333 dominio
1377 1305 1408 1332 01
1439 1299 1667 1331 iurisdictione
1693 1299 1859 1341 spoliare,

1125 1359 1165 1393 et,
1187 1363 1227 1386 110
1249 1353 1327 1396 quid
1346 1353 1476 1385 deesset
1493 1352 1635 1394 improbi
1654 1352 1764 1394 operis
1779 1361 1863 1382 com-

1125 1407 1317 1448 plemento,
1345 1405 1499 1437 dilectum
1532 1403 1634 1435 silium
1671 1403 1702 1435 111
1736 1403 1862 1435 eisdem

1126 1459 1255 1491 civitate
1282 1463 1313 1490 et
1338 1457 1494 1490 comitatu
1525 1462 1674 1489 nostrum
1700 1462 1732 1488 et
1757 1456 1862 1488 dietae

1102 1542 1105 1552 ,
1125 1511 1216 1544 Sedis
1242 1511 1468 1553 vicelegatum,
1494 1515 1689 1552 ceterosque
1713 1509 1863 1541 eiusdem

1126 1565 1218 1597 Sedis
1243 1564 1365 1597 ibidem
1383 1563 1561 1595 existentes
1583 1562 1760 1602 ministros,
1788 1560 1864 1592 civi-

1127 1622 1191 1650 tate
1218 1622 1250 1649 et
1275 1617 1427 1649 comitatu
1454 1615 1630 1659 praedictis
1657 1625 1753 1646 manu
1779 1613 1864 1645 mili-

1127 1671 1187 1703 tari
1214 1669 1400 1713 expulisse,
1427 1680 1492 1701 non
1523 1678 1616 1700 500115
1651 1678 1686 1699 ac
1718 1667 1743 1699 si
1777 1667 1863 1698 Deus

1126 1724 1159 1756 in
1175 1723 1311 1756 brachio
1330 1721 1440 1754 vicarii
1458 1721 1518 1761 sui,
1537 1726 1700 1763 tamquam
1722 1720 1754 1751 in
1775 1719 1866 1761 virga

1127 1776 1253 1819 Moysis,
1281 1776 1319 1808 ad
1346 1774 1573 1807 defensionem
1598 1772 1763 1805 Ecclesiae
1785 1781 1864 1803 suae

1128 1834 1259 1862 sanctae
1286 1840 1359 1861 cum
1385 1833 1548 1871 potestate
1574 1829 1690 1868 magna
1709 1824 1866 1857 00011551-

1128 1887 1248 1923 steret,
1277 1892 1312 1914 ae.
1337 1881 1536 1924 posthabitis
1555 1879 1651 1912 etiam
1670 1878 1816 1911 censuris
1835 1882 1867 1909 et

1128 1935 1242 1978 poenis
1268 1944 1328 1978 per
1353 1944 1462 1966 sacros
1488 1943 1630 1965 canones
1651 1943 1686 1964 ac
1711 1931 1868 1963 constitu-

1129 1988 1234 2019 tiones
1248 1993 1281 2020 et
1295 1987 1419 2019 litteras
1438 1985 1647 2028 apostolicas,
1668 1983 1866 2027 praesertim

1130 2051 1147 2072 a
1165 2040 1268 2072 felicis
1287 2038 1525 2071 recordationis
1547 2036 1736 2069 Innocentio
1757 2036 1792 2067 Vl
1813 2036 1868 2068 de-

1130 2093 1211 2125 cimo
1231 2092 1384 2124 kalendas
1406 2091 1496 2129 iunii,
1514 2089 1720 2133 pontificatus
1739 2088 1788 2121 sui
1815 2098 1869 2120 an-

1131 2156 1173 2178 no
1199 2156 1251 2186 111,
1278 2144 1436 2187 Gregorio
1462 2144 1500 2175 xl
1525 2143 1631 2175 idibus
1664 2141 1866 2180 decembris,

1132 2197 1340 2241 pontificatus
1367 2197 1416 2229 sui
1444 2207 1529 2229 aimo
1551 2206 1590 2235 iv,
1616 2195 1753 2227 Martino
1770 2194 1792 2225 V
1812 2203 1869 2225 110-

1135 2251 1259 2283 decimo
1278 2250 1433 2283 kalendas
1452 2249 1577 2287 martii,
1595 2247 1802 2291 pontificatus
1820 2247 1868 2278 5111

1135 2314 1220 2336 anno
1245 2314 1299 2343 vu,
1325 2303 1469 2345 Eugenio
1492 2302 1526 2334 lv
1553 2301 1690 2343 aliisque
1716 2299 1869 2332 Romanis

1135 2356 1346 2389 Pontificibus
1394 2353 1707 2398 praedecessoribus
1751 2352 1870 2385 nostris

1137 2410 1254 2449 editas,
1292 2420 1328 2441 ac
1364 2408 1457 2440 annis
1491 2406 1626 2449 singulis
1661 2406 1711 2438 die
1744 2405 1870 2438 Coenae

1136 2461 1263 2494 Domini
1294 2461 1359 2503 legi
1391 2466 1423 2493 et
1452 2459 1613 2503 publicari
1640 2458 1768 2495 solitas,
1795 2467 1872 2489 0011-

1136 2520 1187 2547 tra
1210 2514 1415 2553 invadentes,
1443 2516 1650 2554 usurpantes,
1675 2516 1871 2553 occupantes

1137 2567 1187 2599 vel
1214 2566 1396 2599 detinentes
1417 2565 1449 2597 10
1471 2563 1580 2607 speeie
1607 2563 1793 2606 praedictos
1819 2573 1873 2596 co-

1751 190 1815 223 ’195
1862 199 1911 225 An.
1930 198 1959 225 C.
1984 197 2050 226 1663
