2247 3208
123 219 172 246 An.
188 218 217 245 C.
242 217 308 246 1663

152 1865 204 1887 Sixti
221 1865 237 1884 V
253 1866 308 1891 prio-

125 1897 159 1913 res
174 1892 264 1912 interae.

904 217 1091 240 ALi-txxxnitn
1116 217 1158 240 Vll
1186 217 1232 239 ΡΙ).

318 266 427 305 cessis,
453 265 652 298 confirmatis
678 270 709 297 et
733 264 911 304 innovatis3
940 265 1055 308 quibus

318 319 468 352 omnibus
508 323 540 350 et
574 318 730 360 singulis,
766 318 894 350 illorum
927 323 1055 350 tenores

318 371 541 415 praesentibus
572 382 631 414 pro
665 372 761 414 plene
794 375 827 403 et
862 369 1056 403 sufficienter

319 424 477 467 expressis
510 434 545 456 ac
579 424 617 456 dc
649 424 747 457 verbo
778 424 817 456 ad
841 423 975 455 verbum
1010 421 1057 454 in-

320 477 596 515 sertishabentes‚
613 477 676 510 illis
701 476 779 509 alias
805 476 838 508 in
864 487 920 508 suo
938 476 1054 508 robore

319 529 548 573 permansuris,
566 530 604 562 ad
623 529 875 572 praemissorum
898 527 1055 566 effectum,

320 584 379 616 hac
389 583 454 616 rice
470 583 640 621 dumtaxat,
656 581 838 624 specialiter
855 586 888 613 et
906 591 1055 623 expresse

321 637 532 678 derogamus3
563 635 750 678 ceterisque
782 634 956 667 contrariis
987 634 1057 676 qui-

319 689 538 731 buscumque.

364 741 476 773 Datum
502 740 638 779 Romae,
666 740 750 782 apud
779 739 809 772 S.
840 738 972 772 Mariam
994 739 1057 772 Ma-

319 795 434 833 iorem,
460 794 519 825 sub
544 793 665 825 annulo
690 792 877 832 piscatoris,
904 792 955 825 die
978 803 1056 826 xxm

320 846 431 889 aprilis
456 856 610 886 MDGLxui,
636 845 844 889 pontificatus
874 846 977 878 nostri
1003 857 1058 879 an-

321 909 365 932 no
391 909 432 932 lx.

354 960 417 988 Dat.
433 960 477 988 die
491 960 525 988 23
541 960 633 996 aprilis
655 960 732 993 1663,
753 960 848 996 pontif.
867 969 936 989 anno
952 968 989 988 lx.

597 1104 780 1138 CDXXXVI.

320 1186 485 1218 Liberatz'o
516 1185 643 1228 plateae
667 1185 704 1217 de
738 1184 888 1218 Rotunda
921 1184 1015 1217 Urbis
1039 1195 1059 1216 a

365 1238 506 1270 dominio
531 1237 671 1280 capituli
694 1242 723 1270 et
747 1237 977 1269 canonicorwn
1006 1247 1055 1269 ec-

365 1291 479 1324 clesiae
503 1291 535 1324 S.
572 1291 698 1323 Mariae
721 1291 757 1323 in
781 1290 933 1323 Rotunda
956 1289 1059 1322 dictae

368 1343 485 1383 Urbis,
519 1347 644 1386 excepto
676 1343 831 1386 loco-pro
863 1342 1059 1375 collocandis

366 1396 508 1429 tabernis
536 1395 737 1428 mercatorias
768 1395 957 1438 clesiqnalo,
987 1406 1059 1427 cum

365 1449 610 1491 confirmatione
628 1448 876 1492 privileyiorum
894 1448 989 1481 dictis
1012 1459 1060 1481 ca-

364 1502 471 1545 pitulo
488 1507 517 1535 et
535 1502 700 1535 canonicis
717 1512 776 1545 per
792 1502 952 1535 Romanos
973 1503 1059 1535 Pon-

368 1555 482 1597 tifices,
515 1555 707 1598 praesertim
735 1554 866 1587 Simiam
900 1553 922 1586 l'
944 1559 972 1587 et
1002 1555 1059 1587 Ur-

365 1607 486 1640 banum
511 1607 602 1647 VIII,
621 1618 837 1640 concessorum
862 1612 890 1640 et
907 1608 1061 1651 approba-

368 1660 505 1694 torum¹.

513 1742 681 1769 Alexander
702 1742 780 1776 Papa
800 1743 862 1776 vn,

446 1786 482 1813 ad
501 1789 677 1820 perpetuam
696 1786 740 1813 rei
760 1786 940 1814 memoriam.

367 1858 383 1901 ἓ
408 1857 439 1889 i.
466 1857 591 1892 Dudum
624 1868 683 1900 per
703 1857 804 1890 felicis
824 1858 1060 1890 recordationis

324 1910 446 1944 Sixtum
457 1910 576 1953 Papam
588 1911 610 1941 Y
620 1911 903 1953 praedecessorem
915 1917 1060 1944 nostrum

325 1968 464 2006 accepto,
485 1964 582 2006 quod,
600 1963 660 1996 etsi
678 1964 942 2007 archipresbyter
960 1970 991 1997 et
1010 1975 1061 1996 ca-

324 2016 465 2059 pitulum
485 2016 640 2049 ecclesiae
656 2017 690 2049 B.
710 2016 825 2049 Mariae
844 2017 1010 2049 Rotundae
1022 2017 1060 2049 de

324 2068 410 2101 Urbe
429 2068 468 2101 ab
489 2068 739 2101 immemorabili
762 2074 906 2111 tempore
925 2069 1061 2101 fuissent

326 2126 358 2154 et
378 2127 486 2155 essent
511 2121 631 2155 domini
657 2127 688 2154 et
715 2122 842 2164 patroni
873 2121 970 2154 totius
994 2123 1062 2165 pla-

326 2180 394 2208 teae
429 2175 461 2208 S.
501 2175 627 2207 Mariae
657 2174 827 2207 Rolumlae
860 2180 1059 2217 nuncupatae

326 2232 400 2261 ante
418 2228 619 2271 praedictam
637 2227 810 2261 ecclesiam
827 2228 1006 2269 existentis,
1029 2235 1061 2261 et

324 2280 358 2313 in
382 2280 514 2324 pacifica
538 2281 746 2323 possessione
768 2286 899 2314 eatenus
926 2282 1061 2314 fuissent

325 2333 456 2366 tenendi
482 2334 612 2373 bancos
637 2338 669 2365 et
692 2333 766 2366 illos
783 2335 922 2373 locandi,
938 2345 973 2367 ac
990 2346 1061 2378 pre-

325 2387 404 2420 tium
421 2387 497 2420 inde
522 2386 716 2429 proveniens
740 2387 953 2430 percipiendi,
973 2389 1059 2421 unde
1076 2401 1077 2405 ¹

324 2439 445 2472 nemini
471 2449 532 2472 nec
554 2438 652 2471 iudici
684 2449 743 2471 nec
770 2439 970 2481 magistratui
1008 2446 1061 2472 aut

324 2492 485 2536 superiori
509 2492 652 2526 licuisset
669 2503 728 2525 nec
751 2493 863 2525 liceret
879 2494 1060 2537 archipres-

324 2545 473 2589 byterum
494 2550 526 2578 et
542 2545 716 2588 capitulum
738 2545 919 2588 praedictos
939 2546 972 2578 in
989 2546 1077 2589 ipsa:

363 2609 373 2634 1
395 2607 434 2633 Ex
453 2606 560 2642 Regest.
580 2606 606 2633 in
627 2607 729 2633 Secret-
749 2606 823 2633 Brev.

1090 317 1272 355 locatarios,
1297 317 1469 360 quominus
1495 316 1629 349 banchis
1654 327 1690 348 ex
1716 317 1823 359 platea

1091 369 1262 411 praedictis
1287 369 1330 401 uti
1350 374 1492 412 possent,
1510 371 1693 408 molestare,
1710 373 1763 401 aut
1783 369 1822 401 ab

1090 421 1169 463 ipsis
1196 422 1357 454 locatariis
1383 427 1550 465 praetextu
1576 422 1679 454 dictae
1698 423 1822 464 plateae

1089 474 1211 516 aliquid
1229 474 1370 516 exigere,
1383 479 1493 517 petere
1509 476 1557 507 vel
1574 474 1718 517 recipere
1733 485 1740 514 ;
1757 474 1822 507 imo

1090 526 1176 559 soliti
1197 532 1314 567 essent,
1333 531 1397 559 tam
1422 527 1454 558 in
1480 526 1564 559 dicta
1588 528 1703 569 platea,
1727 537 1822 569 quam

1090 586 1178 612 extra
1202 584 1234 612 et
1257 590 1359 622 prope
1385 590 1455 612 eam
1482 580 1513 612 in
1538 580 1596 612 viis
1620 580 1757 622 publicis
1784 581 1823 612 ab

1090 632 1145 665 illa
1169 633 1207 665 ad
1233 632 1374 676 quinquo
1402 643 1520 665 cannas
1546 634 1594 665 vel
1620 633 1748 666 circiter
1777 632 1824 665 di-

1090 685 1257 725 stantibus,
1274 686 1404 725 fructus,
1424 686 1551 725 herhas,
1572 696 1700 729 panem,
1719 685 1823 728 pisces

1091 743 1123 771 et
1146 738 1209 771 alia
1233 743 1297 771 tam
1321 738 1539 771 comestibilia
1564 749 1658 781 quam
1682 738 1825 771 income-

1090 791 1209 824 stibilia
1225 792 1364 824 vendere
1382 791 1573 831 volentibus,
1592 791 1753 824 licentiam
1769 791 1825 824 de-

1091 854 1187 888 super
1215 845 1410 885 concedere3
1444 855 1479 877 ac
1505 855 1744 888 quoscumque,
1770 844 1822 888 qui

1091 908 1150 941 pro
1191 897 1351 931 eiectione
1386 898 1443 931 luti
1481 908 1516 931 ae
1547 898 1824 930 immunditiarum

1092 951 1194 984 dictae
1220 953 1345 994 plateae
1363 956 1464 984 ratam
1483 956 1608 995 partem
1632 952 1760 984 solvere
1776 962 1826 984 re-

1091 1010 1251 1044 cusarent,
1285 1015 1461 1048 omnesque
1487 1005 1520 1037 in
1546 1004 1733 1038 huiusmodi
1759 1005 1827 1048 pla-

1092 1058 1143 1090 tea
1167 1067 1202 1089 ac
1230 1057 1310 1090 lovis
1335 1057 1456 1096 vicinis,
1486 1057 1578 1090 dictis
1601 1058 1826 1101 archipresby-

1093 1114 1162 1142 tero
1177 1115 1207 1142 et
1220 1110 1360 1153 capitulo
1377 1110 1542 1150 subiectis,
1555 1111 1735 1143 vendentes
1748 1110 1825 1152 (illis

1093 1163 1256 1195 dumtaxat
1280 1163 1421 1205 exceptis
1454 1162 1507 1206 qui
1536 1163 1569 1195 in
1594 1162 1673 1196 locis
1698 1163 1827 1196 ordina-

1093 1216 1148 1247 riis
1173 1222 1205 1248 et
1223 1226 1284 1259 per
1305 1217 1436 1248 eosdem
1462 1216 1779 1259 archipresbyterum
1796 1221 1829 1249 et

1092 1269 1266 1312 capitulum
1303 1269 1461 1312 deputatis
1491 1270 1529 1302 de
1554 1280 1667 1302 eorum
1699 1270 1828 1303 licentia

1094 1326 1285 1361 manerent,
1312 1327 1365 1354 aut
1396 1322 1469 1355 illos
1495 1322 1528 1354 in
1553 1322 1702 1355 dominos
1736 1333 1828 1355 reco-

1094 1376 1313 1417 gnoscerent),
1328 1375 1401 1409 illos
1421 1386 1549 1419 quoque
1565 1375 1759 1415 habitantes,
1774 1376 1826 1419 qui

1093 1434 1166 1460 ante
1193 1438 1306 1461 eorum
1331 1429 1506 1471 apothecas
1524 1430 1644 1462 bancos
1669 1430 1753 1462 ultra
1773 1429 1828 1461 de-

1094 1481 1216 1522 bitum,
1244 1493 1300 1514 seu
1331 1482 1471 1515 tabulata
1495 1488 1526 1515 et
1550 1484 1696 1524 tabulas,
1731 1493 1829 1526 super

1095 1536 1210 1578 quibus
1229 1546 1280 1568 res
1295 1536 1483 1568 vendendae
1510 1537 1611 1571 teneri
1631 1542 1662 1569 et
1679 1536 1826 1570 exhiberi

1095 1590 1222 1628 solent,
1248 1599 1265 1621 a
1290 1588 1413 1631 pariete
1439 1589 1619 1631 apothecae
1644 1590 1727 1622 ultra
1751 1600 1829 1632 qua-

1095 1645 1167 1673 tuor
1190 1641 1315 1683 palmos
1336 1641 1491 1674 distantes
1511 1642 1681 1682 haberent,
1699 1647 1753 1675 aut
1769 1643 1828 1675 sub

1095 1694 1189 1727 dictis
1214 1695 1349 1727 banchis
1376 1699 1408 1727 et
1432 1695 1548 1728 tabulis
1574 1695 1704 1734 barilia,
1734 1696 1828 1735 tinas,

1094 1747 1157 1779 sive
1182 1752 1218 1779 ut
1241 1748 1335 1790 vulgo
1374 1747 1485 1780 dicunt
1511 1749 1631 1781 linozas
1648 1775 1655 1787 ,
1683 1748 1828 1792 aliasque

1094 1811 1146 1833 res
1168 1805 1327 1840 tenerent,
1346 1801 1384 1833 ad
1403 1801 1599 1834 solutionem
1617 1806 1649 1834 et
1666 1802 1829 1835 contribu-

1096 1853 1217 1886 tionem
1241 1853 1382 1886 debitam
1407 1864 1525 1896 cogere
1549 1860 1581 1887 et
1605 1856 1826 1898 compellere;

1095 1906 1306 1938 nihilominus
1342 1907 1490 1939 nonnulli
1525 1907 1620 1940 vicini
1658 1908 1771 1941 domos
1795 1908 1829 1940 in

1094 1960 1227 1992 circuitu
1251 1960 1398 1993 eiusdem
1418 1962 1545 2003 plateae
1571 1961 1777 2004 possidentes
1798 1966 1830 1994 et

1095 2014 1278 2046 habitantes
1305 2013 1524 2055 <nesciebatur
1548 2025 1611 2058 quo
1636 2015 1725 2058 iure)
1758 2015 1829 2048 abs-

1095 2078 1156 2110 que
1178 2067 1307 2100 licentia
1328 2066 1486 2100 dictorum
1507 2067 1778 2111 archipresbyteri
1798 2073 1829 2101 et

1094 2119 1224 2162 capituli
1250 2119 1336 2152 iuxta
1360 2130 1437 2153 suos
1458 2120 1598 2163 parietes
1624 2126 1656 2153 et
1680 2126 1753 2153 ante
1771 2131 1827 2153 eos

1095 2173 1221 2214 erigere
1253 2178 1537 2216 praesumpserant
1567 2173 1690 2206 bancos
1723 2174 1761 2206 ad
1794 2184 1829 2205 u-

1095 2236 1165 2257 sum
1191 2225 1328 2265 macelli,
1346 2231 1377 2259 et
1396 2237 1455 2269 pro
1474 2226 1650 2259 vendendis
1676 2226 1828 2270 piscibus,

1094 2289 1152 2322 pro
1179 2278 1294 2321 quibus
1319 2278 1415 2311 etiam
1439 2279 1561 2322 aliquid
1586 2279 1759 2323 praedictis
1779 2290 1828 2312 ar-

1094 2331 1340 2375 chipresbytero
1378 2337 1410 2364 et
1443 2329 1583 2375 capitulo
1618 2333 1744 2365 solvere
1778 2343 1826 2365 re-

1094 2386 1263 2425 cusabant,
1287 2385 1320 2418 in
1352 2396 1445 2428 grave
1477 2395 1589 2418 eorum
1614 2386 1765 2418 damnum
1797 2391 1829 2419 et

1094 2438 1350 2482 praeiudicium:
1369 2438 1438 2481 ipse
1463 2438 1567 2471 Sixtus
1593 2439 1828 2481 praedecessor

1094 2492 1202 2525 omnia
1237 2496 1268 2524 et
1298 2491 1422 2533 singula
1456 2491 1647 2534 privilegia,
1682 2490 1826 2531 indulta,

1093 2544 1351 2584 iurisdictiones,
1382 2544 1569 2583 libertates,
1597 2543 1826 2584 immunitates,

1094 2597 1328 2641 excmptioncs‚
1346 2598 1514 2630 facultates
1533 2602 1564 2631 et
1581 2597 1710 2641 gratias,
1726 2597 1826 2630 eccle-

1727 199 1790 234 159
1837 208 1882 234 An,
1901 206 1928 232 c.
1950 205 2019 232 1663

1072 275 1203 307 rorum
1239 274 1472 306 possessmne,
1506 264 1675 306 mitiusque
1711 271 1821 295 eorum
