2247 3208
208 198 257 226 Ατι.
275 196 302 224 C.
327 196 394 225 1066
440 187 504 222 4¹18

229 1150 324 1176 Explicat
335 1155 397 1176 quaer

232 1184 270 1196 11111.

245 1939 346 1959 lnlnnclin
365 1945 402 1962 μι-

219 1965 338 1986 blicabcms

263 2519 298 2539 Sic
328 2519 387 2539 faciei
399 2530 403 2532 >

222 2546 277 2566 dum.

402 245 468 278 ciae
484 244 657 283 faciendae,
668 243 865 285 iniungimus
877 241 1136 285 etpraecipimus

402 298 502 342 priori
522 296 664 339 generali
683 295 757 327 dicti
772 295 898 328 Ordinis
916 306 974 338 pro
990 300 1136 338 tempore

403 356 437 383 ut
461 350 605 382 nominet
637 354 668 380 et
692 348 863 380 constituat
891 347 1013 380 futuros
1037 347 1138 390 magi-

402 408 494 441 str05,
515 401 567 444 qui
586 401 735 443 repleant
755 400 874 432 dietum
895 410 1066 432 numerum
1088 400 1137 432 de·

402 455 527 487 narium
546 453 775 496 magistrorum
792 464 847 486 seu
864 454 1030 486 doctorum
1048 452 1139 486 theo-

402 507 552 549 logorum
578 507 608 538 in
635 506 715 539 dicta
742 505 919 548 provincia,
945 515 1010 538 non
1035 506 1138 538 solum

403 568 467 593 tres
487 560 581 593 modo
599 559 769 602 requisitos
788 564 820 591 et
835 563 982 590 vacantes
996 558 1035 591 ad
1053 568 1139 600 prae-

406 613 504 646 satum
524 622 694 645 numerum
712 611 878 644 denarium
903 611 1139 654 complendum,

407 666 470 709 qui,
498 675 556 708 pro
583 665 643 697 hac
669 664 770 707 prima
790 664 867 704 vice,
895 674 957 697 non
985 664 1141 706 requisita

407 719 509 751 dictae
528 717 712 760 provinciae
731 717 962 760 acceptatione,
982 717 1142 759 gaudeant

408 771 500 803 dictis
518 769 703 813 privilegiis,
721 779 834 801 verum
852 769 949 802 etiam
975 769 1139 812 perpetuis

406 823 520 857 suturis
542 822 752 866 temporibus,
772 822 1043 865 quandocumque
1059 823 1142 854 ultra

407 887 459 909 sex
485 886 610 909 menses
630 886 646 907 a
672 875 723 908 die
749 875 925 908 vacationis
951 874 1085 907 alIcuius
1105 885 1142 907 ex

407 929 558 973 praefatis
584 928 746 970 magistris
766 928 839 960 dicti
866 923 993 960 numeri
1019 927 1142 961 denarii

409 981 593 1014 distulerint
621 992 675 1012 seu
695 980 863 1012 omiserint
888 980 1142 1013 nominationem

410 1035 447 1067 ad
474 1035 606 1066 sormam
632 1033 819 1066 earumdem
844 1033 1026 1065 litterarum
1050 1041 1145 1075 prae-

410 1087 615 1119 insertarum.

455 1141 469 1182 g
493 1139 523 1171 5.
551 1138 640 1176 Quod
658 1143 763 1171 autem
788 1138 820 1170 in
839 1137 932 1170 dictis
951 1138 1073 1171 nostris
1100 1138 1146 1171 lit-

411 1193 486 1225 teris
513 1192 596 1224 inter
614 1191 674 1224 alia
692 1191 846 1234 requisita
864 1190 1047 1234 disponitur
1063 1191 1147 1224 circa

411 1257 467 1278 eos
486 1246 540 1288 qui
564 1255 624 1288 per
649 1244 842 1277 decennium
871 1244 1054 1277 concionati
1079 1244 1148 1278 sue-

410 1299 473 1331 rint
497 1299 530 1330 in
555 1297 844 1341 principalioribus
861 1297 1022 1337 ecclesiis,
1041 1298 1148 1331 decla-

411 1363 516 1385 ramus
546 1356 575 1384 et
602 1350 804 1393 disponimus
830 1349 967 1392 intelligi
995 1350 1034 1383 de
1060 1351 1149 1393 prin-

411 1404 621 1448 cipalioribus
646 1403 803 1442 ecelesiis,
822 1414 884 1435 non
906 1403 1012 1436 solum
1038 1404 1149 1436 cathe-

411 1457 575 1495 dralibus,
610 1466 718 1487 verum
752 1455 848 1487 etiam
885 1456 1148 1497 parochialibus,

412 1508 592 1550 collegiatis
612 1513 642 1540 et
664 1507 941 1547 conventualibus,
968 1514 998 1540 et
1021 1509 1150 1542 concio-

414 1572 468 1593 nes
495 1560 625 1592 habitae
652 1559 717 1591 sint
746 1570 804 1602 per
829 1560 1035 1601 decennium,
1062 1572 1150 1594 com-

414 1614 556 1657 putando
596 1618 659 1645 tam
700 1624 814 1645 cursus
855 1614 1150 1657 quadragesimales

414 1678 509 1710 quam
535 1667 689 1699 adventus
715 1667 860 1709 quolibet
885 1667 937 1700 die
969 1668 1056 1700 iuxta
1083 1679 1151 1701 mo-

412 1732 479 1753 rem
505 1720 626 1753 Galliae
653 1726 685 1754 et
709 1731 821 1753 cursus
855 1721 1068 1754 dominicales
1092 1732 1151 1765 per

412 1784 548 1812 annum,
575 1774 619 1805 ita
642 1779 677 1805 ut
701 1773 840 1816 quilibet
863 1784 899 1806 ex
926 1773 1018 1806 dictis
1045 1774 1149 1807 tribus

413 1826 560 1858 cursibus
586 1831 792 1869 computetur
817 1826 849 1858 in
875 1837 1010 1860 numero
1036 1827 1150 1860 decem

413 1889 571 1911 annorum
597 1879 764 1911 concionis
789 1879 979 1921 explendae.

457 1933 471 1975 ἓ
497 1932 528 1964 6.
556 1932 728 1964 Praeterea
752 1932 951 1974 iniungimus
977 1938 1009 1965 et
1032 1934 1151 1976 praeci-

414 1985 520 2027 pimus
544 1986 688 2028 praefato
709 1985 810 2028 priori
829 1985 973 2028 generali
994 1996 1053 2029 pro
1074 1991 1152 2019 tem-

414 2047 494 2080 pore
526 2037 652 2071 Ordinis
683 2038 890 2078 huiusmodi,
916 2043 952 2070 ut
977 2038 1011 2070 in
1035 2038 1151 2071 litteris

413 2091 652 2133 praesidentiae
672 2091 887 2134 capitulorum
904 2091 1151 2134 provincialium

415 2143 516 2175 (lictae
532 2143 718 2186 provintiae
737 2155 796 2186 pro
815 2149 961 2187 tempore
986 2144 1152 2177 mittendis

415 2196 598 2238 specificam
625 2202 653 2228 et
680 2207 867 2240 expressam
891 2197 1091 2230 mentionem
1107 2197 1152 2230 sa-

415 2249 478 2281 ciat
507 2250 720 2291 1111‘aesatarum
746 2255 929 2282 nostrarum
956 2250 1151 2290 litterarum,

415 2312 532 2344 casque
559 2303 675 2334 serrari
697 2303 805 2334 iubeat
825 2308 856 2335 et
881 2303 977 2335 saciat
1001 2303 1058 2335 sub
1075 2313 1152 2346 poe-

416 2355 464 2385 nis
498 2355 530 2386 in
561 2355 606 2386 eis
641 2356 820 2395 contentis,
855 2355 971 2398 quibus
1007 2354 1151 2387 effective

416 2407 566 2439 subiiciat
590 2408 845 2440 contradictores
870 2408 1008 2440 rebelles
1029 2414 1057 2440 et
1076 2418 1153 2441 con-

416 2465 556 2492 tumaces
583 2471 814 2504 quoscumque.

459 2515 473 2556 ξ,
499 2513 528 2545 7.
549 2513 694 2556 Denique
720 2514 907 2546 mandamus
932 2514 1073 2547 utnulla
1090 2515 1152 2547 alia

417 2566 600 2599 commissio
626 2567 812 2608 expediatur
840 2577 939 2609 super
964 2567 1148 2600 huiusmodi

982 195 1160 219 BULLARIUM
1185 193 1306 218 nomm
1314 195 1334 217 M

1917 190 1963 218 An.
1981 189 2009 218 C.
2033 189 2101 218 ines

1178 240 1310 282 negotio
1335 240 1367 273 in
1392 240 1628 283 praeiudicium
1653 246 1838 274 earumdem
1864 239 1914 273 lit-

1179 297 1320 326 terarum
1335 292 1617 336 praeinsertarum;
1632 304 1668 326 ae
1681 292 1819 336 proinde
1832 292 1917 326 circa

1178 346 1359 390 praemissa
1382 346 1491 379 onmia
1517 351 1548 378 et
1573 346 1699 388 singula
1724 346 1767 378 ita
1791 345 1859 378 fieri
1886 350 1918 377 et

1179 399 1344 433 observari
1362 399 1550 432 mandamus
1575 403 1605 431 et
1629 398 1844 442 praecipimus
1857 398 1935 431 sub*

1179 451 1351 496 praedictis
1377 452 1503 495 poenis.

1224 506 1239 548 ἓ
1263 504 1294 538 8.
1323 505 1540 538 Decernentes
1558 505 1642 548 ipsas
1664 508 1848 546 praesentes
1866 505 1915 537 lit·
1937 514 2063 544 -necreinm
2081 514 2109 537 1η

1181 563 1264 590 teras
1289 568 1415 601 semper
1440 557 1556 597 firmas
1574 557 1693 590 validas
1718 562 1748 589 et
1773 544 1998 590 efficaces¹'“³⁰⁵'

1181 611 1317 644 existere
1335 616 1366 643 et
1391 610 1467 650 sore,
1486 620 1623 653 suosque
1649 609 1810 652 plenarios
1825 614 1856 642 et
1874 609 1916 642 in·

1181 669 1288 706 tegros
1322 663 1451 696 effectus
1483 662 1590 696 sortiri
1623 668 1651 695 et
1689 662 1856 702 obtinere,
1884 672 1919 694 ae

1183 717 1263 757 illis,
1289 717 1326 749 ad
1361 726 1438 760 quos
1471 722 1591 759 spectat
1624 721 1654 749 et
1687 726 1744 759 pro
1776 720 1918 758 tempore

1183 770 1451 814 quandocumque
1477 769 1645 812 spectabit,
1665 769 1696 801 in
1721 767 1869 801 omnibus
1890 773 1919 799 et

1183 834 1241 866 per
1265 822 1371 855 omnia
1392 821 1578 865 plenissime
1603 820 1788 863 suffragari,
1812 820 1920 863 sicque

1184 876 1216 908 in
1241 874 1423 918 praemissis
1455 885 1512 917 per
1547 884 1766 917 quoscumque
1800 873 1920 905 iudices

1184 928 1363 961 ordinarios
1388 932 1419 960 et
1443 927 1619 969 delegatos,
1636 926 1731 958 etiam
1751 936 1918 958 causarum

1185 980 1295 1024 palatii
1320 980 1486 1023 apostolici
1518 979 1699 1019 auditores,
1726 979 1859 1011 iudicari
1890 984 1921 1011 et

1185 1033 1311 1067 definiri
1337 1033 1465 1071 debere,
1492 1042 1528 1064 ac
1553 1032 1679 1064 irritum
1704 1037 1735 1064 et
1761 1031 1866 1071 inane,
1894 1031 1919 1063 si

1186 1096 1276 1119 secus
1301 1096 1398 1129 super
1423 1085 1472 1117 his
1504 1095 1522 1117 a
1546 1095 1716 1128 quoquam,
1733 1084 1842 1128 quavis
1868 1095 1922 1116 au-

1187 1137 1341 1178 ctoritate,
1358 1138 1498 1170 scienter
1521 1138 1570 1170 vel
1596 1137 1797 1179 ignoranter,
1825 1136 1921 1169 conti-

1188 1191 1269 1235 gerit
1293 1190 1453 1224 attentari.

1232 1245 1246 1287 §
1271 1243 1302 1277 9.
1322 1243 1401 1282 Quia
1414 1253 1490 1276 vero
1507 1253 1544 1276 ex
1564 1243 1666 1275 tribus
1684 1241 1835 1286 praelatis
1853 1251 1924 1274 exe·
1973 1251 2117 1276 tanqum-„02

1189 1296 1354 1330 cutoribus
1379 1297 1560 1329 litterarum
1590 1300 1772 1328 nostrarum
1797 1277 2030 1338 praein-d⁰¹¹⁰m'

1190 1355 1349 1382 sertarum
1372 1349 1404 1381 in
1430 1349 1476 1381 eis
1502 1348 1675 1381 nominatis
1695 1347 1817 1391 primus
1842 1347 1926 1380 viam

1189 1403 1357 1435 universae
1378 1401 1482 1434 carnis
1508 1402 1671 1444 ingressus
1690 1406 1748 1441 est,
1766 1401 1925 1433 secundus

1190 1461 1295 1488 autem
1320 1455 1360 1488 ob
1385 1454 1516 1487 nimiam
1535 1464 1610 1486 suae
1629 1454 1785 1487 dioecesis
1807 1453 1927 1486 distan-

1191 1508 1267 1540 tiam
1290 1508 1339 1540 vix
1365 1508 1475 1540 adesse
1491 1512 1606 1550 potest,
1625 1512 1656 1539 et
1675 1507 1763 1540 solus
1781 1511 1928 1550 superest

1191 1561 1326 1602 tertius,
1352 1571 1470 1603 nempe
1500 1558 1695 1592 venerabilis
1724 1559 1822 1591 frater
1851 1559 1928 1591 Har-

1192 1614 1306 1647 duinns
1331 1624 1416 1645 nunc
1440 1611 1707 1655 archiepiscopus
1724 1611 1927 1651 Parisiensis,

1191 1666 1311 1700 idcirco
1338 1666 1444 1699 eidem
1477 1664 1643 1698 Harduino
1675 1664 1927 1708 archiepiscopo

1192 1732 1228 1753 ac
1246 1719 1483 1753 venerabilibus
1504 1719 1601 1751 etiam
1620 1718 1770 1751 fratribus
1787 1717 1928 1750 Henrico

1191 1773 1382 1807 Ebroicensi
1412 1777 1442 1805 et
1466 1772 1576 1805 Ioanni
1607 1771 1684 1804 olim
1699 1770 1928 1804 Condomiensi

1193 1826 1354 1870 episcopis
1386 1837 1444 1868 per
1475 1829 1665 1868 praesentes
1700 1824 1930 1857 committimus

1192 1879 1315 1923 pariter
1339 1884 1371 1911 et
1394 1879 1592 1918 mandamus,
1616 1883 1772 1921 quatenus
1790 1877 1861 1920 ipsi,
1878 1877 1928 1909 vel

1194 1933 1267 1972 duo,
1293 1937 1348 1965 aut
1373 1942 1455 1964 unus
1472 1941 1594 1971 eorum,
1612 1941 1670 1974 per
1687 1940 1730 1970 se,
1752 1931 1801 1963 vel
1819 1930 1928 1970 alium,

1193 1996 1250 2018 seu
1276 1985 1365 2025 alios
1387 1984 1517 2017 easdem
1535 1988 1725 2027 praesentes
1743 1994 1779 2016 ae
1803 1982 1932 2026 praein-

1193 2043 1294 2070 sertas
1315 2037 1438 2070 litteras
1465 2041 1497 2069 et
1521 2036 1553 2069 in
1578 2036 1624 2069 eis
1655 2040 1809 2069 contenta
1833 2045 1931 2078 quae-

1194 2100 1344 2133 cumque,
1372 2090 1426 2122 ubi
1452 2095 1483 2121 et
1507 2089 1635 2132 quando
1661 2099 1741 2131 opus
1767 2087 1873 2127 suerit,
1901 2092 1932 2120 et

1195 2143 1318 2187 quoties
1343 2153 1401 2186 pro
1422 2147 1513 2186 parte
1528 2141 1758 2184 magistrorum
1772 2140 1932 2184 praefato-

1195 2207 1278 2236 rum,
1297 2195 1501 2238 aliorumque
1516 2194 1549 2226 in
1569 2194 1754 2237 praemissis
1772 2193 1931 2226 interesse

1195 2248 1395 2287 habentium,
1413 2258 1469 2280 seu
1495 2247 1628 2280 alicuius
1646 2257 1771 2286 eorum,
1792 2246 1932 2288 desuper

1195 2302 1315 2335 suerint
1339 2301 1495 2344 requisiti,
1510 2300 1700 2333 solemniter
1717 2299 1931 2343 publicanteS,

1195 2355 1326 2397 illisque
1351 2354 1383 2386 in
1409 2353 1596 2397 praemissis
1621 2353 1757 2385 efficacis
1772 2351 1933 2384 defensio-

1195 2409 1244 2441 nis
1269 2407 1431 2451 praesidio
1457 2407 1657 2446 assistentes,
1685 2406 1801 2438 saciant
1824 2409 1933 2437 aucto-

1196 2462 1291 2494 ritate
1310 2462 1421 2493 nostra
1443 2460 1527 2504 ipsas
1544 2463 1732 2503 praesentes
1751 2468 1785 2490 ac
1805 2457 1934 2501 praein-

1195 2519 1296 2546 sertas
1307 2513 1429 2546 litteras
1440 2518 1469 2545 et
1481 2513 1513 2544 in
1525 2512 1570 2544 eis
1585 2516 1735 2544 contenta
1745 2510 1933 2543 huiusmodi

1195 2567 1234 2599 ab
1260 2566 1409 2600 omnibus
1427 2571 1458 2598 et
1480 2564 1629 2607 singulis,
1650 2565 1686 2597 ad
1710 2574 1788 2608 quos
1806 2568 1932 2607 spectat
