2247 3208
236 277 284 303 An.
307 275 422 305 eicco
469 264 532 299 838

427 323 500 358 lieri
535 322 673 360 calculo,
700 331 735 353 ex
760 318 961 362 proprietate
993 322 1024 349 et
1055 317 1189 358 grossa¹

428 387 486 409 seu
511 377 615 408 massa
640 373 714 405 dicti
733 371 870 414 collegii,
894 381 989 414 quam
1006 369 1086 402 nulli
1105 369 1166 401 hu-

428 438 545 471 cusque
560 427 737 469 obligatum
750 436 820 457 esse
833 423 1041 462 affirmarunt,
1053 422 1165 455 eadem

428 480 619 514 auctoritate
645 478 824 522 apostolica
849 477 894 510 eis
920 482 1073 518 utsupra
1090 486 1167 508 eon-

428 536 518 568 cessi‘i
532 539 563 566 et
576 532 738 571 attributa,
759 531 879 563 eisdem
897 530 991 562 modo
1010 534 1041 561 et
1063 529 1166 561 forma

428 592 463 619 ut
488 587 573 619 dicto
600 585 695 617 Monti
722 584 766 616 sic
792 588 828 616 ut
860 593 956 626 supra
984 592 1090 625 nuper
1118 592 1167 613 ex-

429 640 529 672 tincto
556 638 715 682 applicata
740 642 771 669 et
795 636 937 678 obligata
955 635 1167 678 reperieban-

429 698 491 732 tur,
510 692 724 733 assignarunt,
745 689 1004 733 appropriatum,
1024 688 1167 731 applica-

429 751 504 778 runt
529 751 560 777 et
581 745 800 786 obbligarunt‚
817 753 853 775 ac
871 753 929 785 per
946 741 1166 784 supradictum

431 798 595 832 dominum
620 798 795 835 Bavellum,
821 802 852 828 et
869 806 926 838 pro
947 800 1094 837 tempore
1113 794 1167 825 de-

430 852 607 896 putandum
635 849 877 893 depositarium,
905 849 943 881 de
968 847 1115 880 bimestri
1134 847 1166 878 in

430 905 581 938 bimestre
602 904 633 936 in
651 905 712 936 ane
733 902 906 936 cuiuslibet
926 901 1102 941 bimestris,
1122 900 1168 932 in-

431 958 580 1001 cipiendo
606 968 622 989 a
647 956 794 989 kalendis
821 955 898 987 iunii
925 954 1070 998 proxime
1095 964 1169 986 ven-

432 1011 503 1051 turi,
531 1011 569 1044 ad
604 1010 822 1054 supradictam
849 1014 950 1041 ratam
988 1017 1168 1040 annuorum

431 1071 594 1098 scutorum
609 1069 746 1107 quatuor
760 1073 817 1106 pro
832 1062 978 1105 quolibet
991 1062 1074 1100 loco,
1091 1059 1168 1093 solvi

432 1119 624 1151 mandarunt
654 1117 756 1150 libere
782 1120 814 1148 et
844 1116 964 1157 absque
990 1114 1056 1146 ulla
1081 1112 1169 1145 dimi-

432 1171 572 1212 nutione,
600 1171 769 1214 ipsumque
795 1168 935 1201 Mentem
952 1167 1104 1210 illiusque
1123 1166 1169 1198 su-

433 1231 521 1257 turos
546 1223 715 1256 inontistas
740 1222 771 1254 in
797 1221 940 1264 ipsorum
967 1225 998 1253 et
1023 1220 1097 1252 dicti
1120 1230 1169 1252 eo-

432 1288 506 1310 rum
546 1275 675 1318 collegii
718 1276 823 1307 locum
865 1273 970 1317 quoad
1010 1273 1168 1314 integram

434 1340 589 1363 summam
627 1327 826 1372 praedictam
864 1327 997 1369 eiusque
1034 1326 1169 1358 liberam

434 1383 701 1426 perceptionem,
728 1380 930 1413 exactionem
956 1384 987 1412 et
1015 1389 1171 1412 consecu-

435 1436 555 1469 tionem
582 1435 677 1467 etiam
702 1432 957 1466 irrevocabiliter
973 1436 1167 1475 posuerunt,

435 1476 674 1521 substituerunt
684 1492 714 1519 et
728 1487 954 1528 subrogarunt,
969 1496 1004 1517 ac
1019 1485 1057 1517 ab
1073 1485 1171 1518 omni-

435 1542 496 1573 bus
521 1541 665 1573 eiusdem
689 1539 819 1581 collegii
835 1550 893 1582 pro
908 1540 990 1572 dicta
1005 1540 1072 1570 rata
1086 1549 1172 1570 eino-

436 1595 588 1628 lumentis
613 1599 803 1637 separarunt
827 1599 858 1625 et
886 1593 1169 1633 &sumnila-arunt,

436 1659 472 1681 ac
496 1648 573 1681 alias
599 1647 632 1679 in
656 1646 806 1679 omnibus
831 1652 862 1678 et
885 1656 944 1689 per
961 1645 1069 1678 omnia
1087 1645 1171 1678 iuxta

437 1702 594 1734 dictarum
619 1701 795 1734 litterarum
828 1699 1077 1742 apostolicarum
1109 1699 1172 1731 sor-

437 1764 520 1786 mam
547 1754 780 1787 continentiam
807 1759 838 1785 et
863 1758 1025 1792 tenorem,
1051 1758 1082 1785 et
1107 1763 1171 1784 non

438 1808 527 1847 ati-as,
553 1812 625 1846 etc.⁷
652 1807 689 1839 de
715 1817 790 1849 quo,
817 1811 877 1838 etc.

483 1860 518 1892 Et
541 1861 684 1903 insuper,
704 1869 763 1902 pro
790 1858 937 1892 ulteriori
964 1859 1105 1901 ipsarum
1129 1858 1174 1891 lit-

441 1918 579 1945 terarum
612 1912 861 1955 apostolicarum
900 1911 1111 1951 executione,
1145 1918 1172 1944 et

439 1966 526 1998 iuxta
557 1966 683 1997 illarum
718 1966 872 2004 sormam,
906 1970 937 1997 ct
972 1976 1037 1998 non
1070 1966 1170 2002 alifis,

439 2019 659 2062 promiserunt
690 2019 819 2051 nomine
854 2018 927 2051 dicti
961 2019 1090 2060 collegii
1129 2019 1175 2051 di-

439 2078 525 2105 ctum
552 2072 688 2105 Mentem
715 2078 747 2104 ut
778 2083 875 2115 supra
906 2083 1009 2116 nuper
1035 2078 1175 2105 erectum

441 2125 523 2158 infra
560 2125 729 2158 duodecim
763 2136 864 2157 annos
898 2126 936 2158 ab
971 2126 1068 2158 liodie
1103 2137 1176 2169 pro-

441 2179 523 2211 xime
548 2184 697 2211 venturos
733 2177 939 2220 extinguere,
970 2179 1175 2222 pretiumque

442 2231 543 2274 ipsius
586 2231 699 2264 Montis
739 2232 975 2274 extinguendi,
1016 2232 1177 2268 montistis

442 2284 579 2317 reddere
616 2291 647 2316 et
682 2285 852 2317 restituere
892 2285 943 2317 liic
982 2285 1101 2319 Romae
1140 2286 1177 2319 li-

442 2338 532 2377 bere,
558 2343 631 2377 ete..
657 2338 750 2377 alias,
778 2343 852 2377 etc„
879 2338 975 2371 etiam
1001 2340 1039 2371 ad
1070 2339 1177 2372 onmia

444 2390 559 2423 damna
583 2390 621 2422 de
648 2390 773 2432 quibus,
805 2396 865 2423 etc.
896 2390 996 2423 lidem
1029 2391 1177 2424 illustris-

444 2443 515 2475 simi
555 2442 675 2475 domini
712 2443 878 2475 secretarii
916 2444 1083 2486 apostolici
1125 2456 1178 2477 su-

444 2495 579 2539 pradicti
602 2507 714 2528 eorum
739 2497 909 2538 collegium
935 2497 1019 2529 illius
1043 2498 1127 2530 bona
1148 2503 1179 2530 et

445 2558 581 2581 massam
607 2559 661 2580 seu
689 2559 845 2590 grossam,
874 2561 908 2581 ac
944 2550 1177 2592 proprietatem

446 2607 478 2634 et
502 2602 622 2634 fructus
647 2601 680 2633 in
698 2602 843 2644 ampliori
863 2603 963 2635 forma
980 2604 1176 2636 reverendae

446 2665 588 2688 camerae
614 2654 808 2698 apostolicae
834 2665 904 2686 cuin
931 2656 1035 2687 solitis
1055 2657 1178 2689 clausu-

1012 268 1191 292 nttLL-›mtt'ltt
1216 267 1367 292 ROMANUM

1209 315 1258 355 lis,
1277 320 1351 356 etc.,
1365 315 1453 355 citra,
1470 321 1543 356 etc„
1563 328 1627 350 non
1645 324 1750 353 autem
1770 331 1838 354 sese
1857 321 1944 365 ipsos

1210 379 1386 413 eorumque
1413 370 1583 411 haeredes,
1610 377 1664 405 aut
1686 372 1771 406 hona
1797 375 1945 419 propria,

1210 421 1249 454 de
1268 433 1341 465 quo,
1361 428 1434 462 etc„
1453 423 1648 466 obligarunt,
1663 430 1736 465 ete„
1752 427 1945 471 cuicumque

1210 475 1433 518 appellationi,
1459 481 1532 517 etc„
1557 478 1800 519 renunciarunt,
1823 485 1897 519 etc.,
1916 485 1948 513 et

1210 527 1242 559 in
1272 529 1457 561 mandatum
1489 530 1691 563 executivum
1722 532 1832 572 unica,
1865 537 1946 574 etc.,

1210 587 1457 621 consenserunt,
1482 588 1555 623 ete,
1581 588 1612 616 et
1636 583 1681 617 sic
1695 584 1787 617 tactis
1808 586 1948 628 pectori-

1963 273 2011 300 An.
2029 273 2057 300 G.
2081 271 2146 301 ¹669

1211 634 1270 666 hus
1285 639 1316 666 et
1333 635 1505 677 seripturis
1520 637 1697 679 respective
1712 637 1868 678 iurarunt,
1883 644 1944 672 etc.
1988 645 1993 649 ⁴

1210 686 1315 730 Super
1336 688 1452 731 quibus
1475 689 1624 722 omnibus
1651 695 1683 722 et
1703 690 1839 733 singulis
1856 701 1948 734 prae-

1210 740 1316 773 missis
1340 741 1476 784 petitum
1508 743 1567 775 suit
1598 754 1615 775 a
1648 754 1698 776 me
1729 745 1843 777 eodem
1875 755 1948 788 cap-

1210 794 1341 836 pellano
1367 795 1541 829 secretario
1567 801 1598 829 et
1623 797 1759 837 notario,
1784 802 1820 829 ut
1847 807 1948 830 unum

1210 848 1259 879 v'el
1285 848 1376 890 plura
1401 848 1565 891 publicum
1601 860 1656 882 seu
1689 849 1819 892 publica
1851 848 1949 883 confi-

1212 910 1317 932 cerem
1335 905 1431 944 atque
1452 902 1613 934 traderem
1628 901 1876 935 instrumentum
1889 912 1948 935 seu

1212 952 1434 994 instrumenta,
1453 960 1550 997 prout
1567 966 1648 998 opus
1671 956 1774 995 suerit,
1794 961 1825 988 et
1845 954 1948 999 requi-

1212 1005 1290 1038 situs
1318 1017 1386 1039 ero.
1415 1008 1527 1040 Actum
1552 1008 1673 1042 Romae
1697 1008 1729 1041 in
1755 1008 1950 1042 cancellaria

1211 1060 1389 1102 apostolica
1422 1060 1454 1092 in
1487 1061 1590 1094 banco
1623 1061 1677 1094 ubi
1709 1061 1951 1094 abbreviatores

1213 1114 1251 1145 de
1287 1112 1401 1145 maiori
1435 1113 1578 1146 residere
1612 1119 1643 1146 et
1678 1113 1949 1156 congregationes

1212 1166 1368 1198 celebrari
1395 1166 1518 1204 solent,
1552 1166 1776 1210 praesentibus
1809 1166 1948 1205 ibidem,

1213 1219 1416 1252 audientibus
1454 1225 1485 1252 et
1520 1220 1779 1263 intelligentibus
1813 1219 1952 1253 dominis

1214 1273 1354 1306 Antonio
1380 1273 1476 1305 Maria
1494 1273 1672 1312 Lanciano,
1695 1272 1761 1306 lilio
1789 1272 1951 1316 quondam

1214 1326 1343 1359 Antonii
1358 1327 1397 1359 de
1412 1326 1516 1359 Monte
1530 1325 1647 1364 Caelio,
1666 1325 1852 1358 Tiburtinae
1869 1325 1952 1358 dioe-

1213 1379 1304 1419 cesis,
1335 1385 1366 1412 et
1393 1380 1515 1412 Thoma
1543 1380 1694 1423 Philippo
1727 1379 1852 1419 Pontio,
1885 1378 1951 1411 silio

1215 1433 1336 1466 domini
1373 1433 1503 1465 Antonii
1542 1433 1705 1473 Romano,
1744 1432 1878 1465 testibus
1914 1431 1953 1464 ad

1214 1486 1390 1529 praemissa
1407 1485 1515 1518 omnia
1539 1491 1569 1518 et
1594 1485 1723 1527 singula
1748 1485 1880 1525 vocatis,
1900 1485 1952 1517 ha-

1214 1539 1288 1572 bitis
1313 1545 1407 1582 atque
1444 1539 1576 1581 rogatis.
1616 1539 1682 1582 Ego
1718 1539 1854 1571 Ioannes
1886 1537 1951 1581 Spi-

1215 1603 1291 1625 nosa
1315 1592 1450 1625 vicarius
1468 1593 1686 1635 cappellanus,
1706 1591 1900 1624 secretarius
1921 1595 1952 1623 et

1215 1645 1359 1679 notarius
1384 1645 1581 1688 apostolicus
1607 1645 1638 1677 in
1664 1644 1808 1677 archivio
1835 1644 1952 1677 Roma-

1216 1710 1327 1732 manae
1353 1697 1461 1730 curiae
1487 1697 1683 1741 descriptus,
1707 1698 1745 1730 de
1763 1696 1951 1740 praemissis

1216 1758 1357 1795 rogatus,
1389 1762 1546 1795 praesens
1583 1751 1834 1784 instrumentum
1878 1750 1954 1784 sub-

1216 1807 1327 1850 scripsi
1353 1811 1384 1839 et
1408 1805 1567 1849 publicavi
1592 1804 1772 1848 requisitus,
1799 1809 1862 1838 etc.
1890 1816 1903 1835 »

1261 1861 1275 1904 ξ
1299 1859 1330 1892 Ξ.
1358 1859 1435 1891 Cum
1459 1863 1579 1898 autem,
1607 1858 1687 1890 sicut
1711 1858 1823 1890 eadem
1854 1868 1953 1902 expo-

1217 1913 1290 1945 sitio
1316 1913 1542 1955 subiungebat,
1570 1911 1645 1944 dicti
1667 1917 1867 1954 exponentes
1893 1921 1952 1944 nn-

1219 1977 1307 1999 mero
1318 1965 1629 2009 (piadringentorum
1639 1964 1872 2007 spiinquaginta
1879 1970 1951 1998 octo

1218 2021 1381 2058 locorum,
1396 2019 1433 2051 ad
1450 2028 1545 2061 quem
1565 2018 1779 2050 dictusnovus
1791 2017 1879 2051 Mons
1895 2029 1954 2062 per

1219 2072 1437 2116 praeinsertas
1474 2077 1600 2104 nostras
1635 2071 1759 2104 litteras
1784 2071 1954 2105 restrictus

1220 2131 1307 2165 erat,
1335 2131 1399 2157 tres
1430 2130 1558 2168 quartas
1589 2130 1696 2168 partes
1730 2124 1860 2157 alterius
1891 2124 1954 2157 loci

1219 2178 1332 2211 similis
1352 2187 1449 2220 super
1466 2177 1658 2214 addiderint,
1679 2182 1713 2208 ut
1736 2187 1841 2223 *novus
1865 2177 1954 2209 Mons

1221 2230 1404 2264 huiusmodi
1430 2240 1500 2262 cum
1525 2229 1658 2272 antiquo
1680 2229 1819 2263 extincto
1837 2236 1868 2263 et
1886 2240 1958 2273 sup·

1220 2295 1334 2329 presso
1350 2289 1596 2326 exaequaretur,
1612 2282 1740 2326 ipsique
1758 2289 1957 2326 expetentes

1221 2339 1412 2381 praeniissa,
1440 2348 1502 2380 quo
1527 2336 1649 2369 firmius
1674 2337 1852 2378 subistant,
1879 2348 1957 2380 apc-

1221 2391 1353 2424 stolicae
1379 2390 1632 2423 confirmationis
1657 2395 1785 2423 nostrae
1818 2390 1956 2433 patroci—

1199 2445 1274 2478 .nio
1299 2443 1493 2478 communiri
1519 2454 1721 2486 summopere
1753 2443 1954 2477 desiderent:

1222 2509 1291 2536 nos,
1306 2497 1517 2540 singularium
1533 2507 1607 2538 erga
1625 2506 1683 2529 nos
1702 2502 1731 2529 et
1749 2496 1864 2529 Sedem
1878 2497 1957 2539 Apo-

1222 2551 1369 2584 stolicam
1395 2550 1469 2583 fidei
1497 2555 1528 2583 et.
1547 2549 1735 2588 devotionis,
1756 2549 1957 2593 aliorumque

1221 2603 1450 2647 multiplicium
1475 2603 1671 2643 meritorum,
1695 2601 1809 2645 quibus
1828 2603 1958 2635 eosdem

1222 2662 1420 2699 exponentes
1446 2655 1609 2699 praeditos
1635 2665 1703 2687 esse
1729 2655 1886 2696 novimus,
1915 2656 1948 2689 in

2003 1874 2083 1904 petitur
2097 1879 2149 1895 eon-

1964 1904 2036 1922 matio.
