2247 3208
207 284 257 312 An.
278 284 306 312 C.
328 284 395 312 1668

266 1768 381 1789 Contrarits

197 1794 292 1820 derogat.

441 273 505 307 742

404 328 670 373 dispositionibus
700 336 843 369 unquam
875 323 1133 367 comprehendi,

402 388 456 416 aut
480 381 733 424 comprehensas
757 377 902 417 censeri,
926 377 983 409 sed
1008 385 1136 419 semper

401 437 439 468 ab
464 434 528 467 illis
555 438 720 476 exceptas,
740 437 779 472 et,
802 430 926 475 quoties
951 430 1025 462 illae
1051 439 1136 461 ema-

401 489 531 527 nabunt,
550 486 644 519 toties
669 487 702 518 in
727 484 899 528 pristinum
926 489 958 516 et
981 482 1137 516 validissi-

400 552 486 574 mum
511 545 625 573 statum
649 539 823 578 restitutas,
840 537 998 580 repositas
1020 541 1051 570 et
1070 536 1136 579 ple-

400 593 487 626 narie
513 593 739 635 reintegratus,
760 602 796 624 ac
821 591 917 624 etiam
943 590 1002 623 sub
1027 594 1135 633 poste-

399 646 477 679 riori
504 646 577 678 data
601 656 659 689 per
683 645 846 688 praefatos
872 645 985 677 ducem
1004 648 1036 675 et
1052 653 1136 675 rem-

398 700 561 743 publicam
601 699 871 742 quandocumque
908 696 1056 739 eligenda
1096 695 1134 727 de

398 762 482 785 novo
505 761 674 785 concessas
699 751 847 794 intelligi,
865 758 1004 792 suosque
1023 749 1135 792 plena-

397 805 463 838 rios
492 810 523 838 et
545 805 688 848 integros
713 804 842 837 effectus
868 803 973 837 sortiri
998 808 1030 835 et
1053 802 1135 835 ohti-

397 869 496 897 nere,
524 868 559 891 ac
593 848 712 891 eisd'em
747 857 817 890 duci
843 862 875 890 et
899 855 1108 899 Reipublicae
1124 882 1132 895 ,

397 922 433 944 ac
454 912 533 952 aliis,
561 912 599 944 ad
620 921 700 954 quos
718 916 841 954 spectat
860 915 891 943 et
911 920 968 953 pro
985 915 1133 952 tempore

397 964 563 1007 spectabit,
582 965 614 997 in
633 964 779 997 omnibus
804 969 835 996 et
859 974 916 1006 per
940 963 1049 996 omnia
1066 963 1134 1005 ple-

397 1017 530 1050 nissime
556 1016 743 1060 suffragari,
769 1018 881 1059 sicque
896 1016 928 1048 in
945 1015 1132 1058 praemissis

390 1063 454 1113 ‘per
475 1081 700 1113 quoscumque
732 1070 856 1102 iudices
890 1068 1075 1101 ordinarios
1101 1074 1133 1101 et

396 1123 573 1165 delegatos,
594 1122 692 1155 etiam
714 1133 886 1157 causarum
916 1122 1027 1165 palatii
1056 1132 1132 1164 apo-

395 1175 504 1208 stolici
536 1175 724 1215 auditores,
755 1186 791 1208 ac
816 1175 847 1209 S.
867 1172 903 1207 R.
926 1175 960 1207 Ε.
989 1175 1132 1207 cardina-

394 1229 452 1269 les,
485 1229 581 1261 etiam
609 1229 647 1262 de
680 1230 783 1262 latere
809 1230 935 1271 legatos
952 1256 959 1269 ,
986 1230 1021 1262 et
1041 1229 1131 1262 Sedis

394 1281 579 1324 praedictae
593 1282 739 1322 nuncios,
752 1283 871 1315 aliosve
886 1283 1047 1325 quoslibet
1060 1294 1131 1325 qua-

394 1344 530 1377 cumque
556 1336 810 1378 praeeminentia
832 1341 862 1368 et
879 1340 1039 1378 potestate
1061 1336 1131 1368 sun-

394 1393 507 1430 gentes
528 1393 558 1421 et
587 1389 760 1429 functuros,
787 1389 916 1421 sublata
942 1389 989 1421 eis
1015 1394 1046 1422 et
1078 1400 1131 1422 eo-

394 1451 465 1473 rum
491 1441 627 1474 cuilibet
652 1442 765 1485 quavis
790 1442 886 1475 aliter
911 1442 1076 1475 iudicandi
1098 1447 1130 1475 et

393 1493 632 1537 interpretandi
662 1495 814 1527 facultate
851 1501 883 1528 et
917 1496 1128 1537 auctoritate,

393 1546 531 1580 iudicari
558 1553 589 1580 et
615 1547 742 1580 deliniri
770 1549 908 1589 debere,
935 1560 971 1581 ac
999 1548 1130 1582 irritum

393 1599 536 1632 etinane
563 1600 588 1633 si
607 1611 701 1633 secus
723 1612 824 1644 super
846 1602 896 1634 his
917 1613 933 1634 a
952 1613 1127 1646 quoquam,
1150 1613 1152 1625 ¹

393 1653 506 1695 quavis
539 1655 752 1694 auctoritate,
786 1655 929 1687 scienter
959 1657 1007 1688 vel
1039 1656 1131 1697 igno-

393 1711 513 1747 ranter,
541 1708 718 1750 contigerit
742 1709 907 1741 attentari.

416 1761 450 1804 ξ
474 1760 505 1793 6.
533 1761 602 1793 Non
630 1761 846 1802 obstantibus,
871 1767 1029 1805 quatenus
1049 1773 1128 1806 opus·

392 1812 441 1852 sit,
461 1814 499 1846 de
525 1813 595 1846 iure
611 1815 757 1856 quaesito
776 1826 840 1847 non
864 1816 1016 1855 tollendo,
1037 1827 1071 1848 ac
1090 1816 1128 1849 de

393 1866 603 1909 exprimendo
621 1877 696 1899 roro
714 1868 822 1899 valore
848 1867 880 1899 in
898 1868 1057 1900 similibus
1075 1880 1129 1912 ap-

391 1918 641 1961 plicationibus,
666 1920 793 1963 illisque
826 1921 1063 1954 committendis
1090 1922 1128 1954 ad

392 1978 513 2014 partes,
533 1972 651 2005 vocatis
671 1984 807 2016 quorum
825 1974 968 2014 interest,
991 1975 1127 2017 aliisque

391 2025 509 2057 nostris
527 2030 558 2056 et
580 2026 790 2058 cancellariae
816 2028 1010 2069 apostolicae
1036 2038 1126 2069 regu-

391 2075 438 2116 liS,
458 2087 585 2110 necnon
611 2078 712 2111 felicis
739 2079 973 2112 recordationis
994 2079 1082 2112 Pauli
1104 2080 1127 2112 ΙΙ

391 2133 423 2161 et
437 2129 572 2162 aliorum
592 2130 808 2165 Romanorum
831 2131 1020 2164 Pontificum
1037 2143 1128 2175 prae-

392 2182 597 2216 decessorum
626 2190 810 2217 nostrorum
837 2186 875 2217 de
900 2186 995 2217 rebus
1021 2186 1129 2219 Eccle-

390 2236 455 2268 siae
474 2247 536 2269 non
554 2237 744 2276 alienandis,
765 2249 800 2270 ac
818 2239 944 2271 illarum
961 2239 1128 2272 alienatio-

390 2289 484 2320 nibus
502 2290 753 2331 committendis,
773 2291 908 2334 aliisque
930 2292 1125 2334 apostolicis,

391 2341 476 2374 acin
501 2342 733 2375 universalilnis
758 2344 1074 2387 1»revincialihusque
1097 2350 1129 2377 et

391 2394 600 2437 synodalibus
622 2396 764 2428 conciliis
790 2396 902 2436 editis,
923 2398 1127 2439 generalibus

391 2448 441 2480 vel
459 2447 662 2490 specialibus,
685 2449 971 2482 constitutionibus
989 2455 1020 2482 et
1041 2451 1128 2483 ordi-

391 2500 588 2541 nationibus,
612 2513 648 2533 ac
673 2502 822 2535 omnibus
847 2508 878 2535 et
903 2503 1037 2545 singulis
1064 2503 1126 2535 illis

392 2563 472 2596 quae
492 2553 523 2585 in
548 2554 722 2596 praedictis
748 2554 863 2587 litteris
888 2555 1045 2587 voluimus
1064 2567 1127 2588 non
1148 2577 1149 2593 2

392 2606 540 2645 obstare,
562 2616 684 2639 necnon
711 2607 939 2647 ecclesiarum,
966 2614 1127 2640 monaste-

391 2659 515 2692 riorum
541 2666 571 2692 et
597 2660 740 2692 locorum
766 2660 892 2703 piorum
920 2661 1126 2702 huiusmodi,

981 275 1162 300 BULLARIUM
1186 273 1338 297 ROMANUM

1180 322 1277 354 etiarn
1297 321 1488 361 iuramento,
1512 321 1757 355 confirmatione
1782 326 1915 366 aposto-

1180 374 1252 415 lice,
1277 375 1328 407 vel
1354 374 1463 417 quavis
1488 373 1637 407 firmitate
1657 374 1719 407 alia
1741 374 1912 416 roboratis,

1179 427 1306 461 statutis
1331 432 1363 460 et
1394 427 1704 467 consuetudinibus,
1735 427 1914 471 privilegiis

1180 490 1322 524 quoque,
1348 480 1482 513 indultis
1499 484 1532 513 et
1547 480 1661 513 litteris
1679 479 1866 523 apostolicis
1881 480 1914 513 in

1179 533 1377 566 contrarium
1394 533 1649 576 praemissorum
1669 533 1915 576 quomodolibet

1178 587 1350 626 concessis,
1376 585 1570 620 confirmatis
1596 591 1628 619 et
1646 586 1817 628 innovatis;
1843 586 1913 631 qui-

1178 640 1237 672 hus
1262 640 1412 673 omnibus
1426 646 1457 673 et
1470 639 1617 683 singulis,
1635 640 1765 673 illorum
1783 644 1913 673 tenores

1178 693 1400 736 praesentibus
1432 704 1492 736 pro
1523 695 1621 737 plene
1652 698 1684 726 et
1715 693 1915 727 sufficienter

1178 746 1339 789 expressis
1365 757 1402 780 ac
1417 747 1455 780 de
1469 747 1568 780 verbo
1582 747 1621 779 ad
1635 747 1767 779 verbum
1783 746 1914 780 insertis

1179 799 1344 840 habentes,
1369 799 1434 832 illis
1460 799 1538 833 alias
1561 800 1594 832 in
1618 809 1675 833 suo
1698 800 1816 834 robore
1840 810 1914 844 per-

1177 852 1347 892 mansuris,
1362 853 1400 885 ad
1413 853 1666 896 praemissorum
1683 852 1839 893 effectum,
1854 852 1915 886 hac

1175 904 1245 938 vice
1281 905 1462 946 dumtaxat,
1489 906 1674 949 specialiter
1698 917 1734 939 ex
1760 916 1913 950 expresse

1177 957 1370 999 derogamus
1380 969 1388 998 ;
1404 958 1584 1002 ceterisque
1603 958 1771 992 contrariis
1785 959 1914 1002 quibus-

1176 1020 1323 1054 cumque.
1630 1038 1633 1042 .
1711 1006 1713 1011 '

1219 1064 1333 1096 Datum
1357 1064 1489 1104 Romae,
1508 1066 1593 1108 apud
1610 1065 1642 1098 S.
1664 1064 1795 1098 Mariam
1816 1065 1914 1098 Maio-

1177 1128 1265 1157 rem,
1288 1119 1347 1151 sub
1377 1120 1497 1152 annulo
1520 1118 1704 1158 Piscatoris,
1725 1118 1776 1152 die
1793 1129 1838 1152 vu
1859 1119 1912 1152 de-

1176 1172 1311 1205 cembris
1347 1182 1512 1206 MDCvam
1526 1199 1533 1213 ,
1564 1171 1771 1216 pontificatus
1807 1171 1912 1205 nostri

1175 1235 1260 1257 anno
1280 1235 1315 1258 11.

1209 1287 1267 1314 Dat.
1284 1287 1327 1315 die
1343 1287 1357 1314 7
1371 1287 1522 1317 decembris
1540 1288 1617 1324 1668,
1633 1288 1730 1324 pontif.
1747 1296 1819 1317 anno
1833 1294 1862 1316 u.

1460 1432 1620 1466 LXXXIX.

1175 1510 1385 1553 Confirmatio
1399 1511 1617 1554 quorumdam
1631 1511 1827 1545 decretorum
1843 1522 1911 1546 oon-

1215 1564 1413 1607 yreqatiom‘s
1430 1564 1468 1597 de
1484 1564 1705 1607 Propayandd
1724 1565 1755 1598 F
1756 1565 1806 1597 ide
1826 1566 1911 1598 circa

1216 1617 1363 1649 studium
1389 1617 1522 1660 linquae
1547 1618 1697 1651 arabicae
1722 1623 1750 1651 et
1781 1622 1907 1651 contro-

1216 1670 1397 1702 versiarum
1429 1671 1466 1702 in
1507 1675 1664 1704 conventu
1698 1671 1730 1704 S.
1760 1672 1853 1704 Petri
1875 1672 1911 1704 in

1216 1722 1322 1754 Monte
1341 1723 1449 1755 Aureo
1470 1722 1507 1755 de
1526 1723 1607 1756 Urbe
1623 1724 1815 1757 institutum
1828 1733 1912 1756 ema-

1216 1779 1371 1808 natorum
1385 1775 1405 1808 ¹.

1383 1855 1516 1883 Clemens
1543 1856 1622 1890 Papa
1641 1857 1696 1890 lx,

1295 1901 1330 1927 ad
1351 1905 1525 1935 perpetuam
1545 1903 1590 1928 rei
1610 1902 1790 1929 memoriam.

1216 1972 1333 2004 Crediti
1357 1973 1449 2005 nobis
1472 1972 1604 2006 caelitus
1622 1973 1815 2006 sacrosancti
1837 1983 1911 2016 apo-

1172 2025 1306 2058 stolatus
1332 2025 1428 2058 officii
1454 2026 1535 2058 ratio
1562 2026 1667 2068 exigit,
1687 2030 1721 2057 ut
1734 2025 1808 2066 illis,
1828 2036 1909 2068 quae

1172 2088 1230 2120 pro
1250 2078 1334 2111 l'elici
1360 2079 1540 2111 studiorum
1558 2078 1753 2110 christianae
1779 2068 1910 2120 religio·—

1172 2131 1220 2163 nis
1235 2132 1460 2173 propagandae
1475 2131 1717 2173 catholicaeque
1731 2130 1804 2162 fidei
1822 2135 1910 2162 tuen-

1172 2184 1229 2216 dae
1248 2184 1384 2217 consilio
1404 2184 1568 2227 sapienter
1585 2183 1807 2216 institutorum
1827 2188 1910 2216 statu

1172 2244 1266 2280 atque
1293 2248 1468 2280 progressu
1486 2238 1618 2281 provide
1644 2238 1818 2270 constituta
1839 2248 1909 2270 esse

1172 2296 1358 2331 noscuntur,
1377 2302 1439 2333 quo
1458 2291 1578 2323 firmius
1599 2291 1776 2324 subsistant
1796 2295 1827 2323 et
1844 2300 1909 2322 ser-

1171 2349 1284 2375 ventur
1321 2344 1479 2384 exat-ssus,
1517 2344 1686 2386 apostolici
1721 2343 1908 2376 muniminis

1171 2397 1386 2438 adiungamus
1411 2397 1608 2429 firmitatem.

1171 2567 1241 2587 runi
1267 2556 1297 2587 S.
1327 2556 1362 2587 lt.
1390 2556 1423 2588 E.
1445 2555 1655 2588 cardinalium
1673 2553 1817 2597 negociis
1837 2553 1907 2587 l'ro-

1208 2672 1216 2696 1
1236 2669 1274 2696 Ex
1291 2670 1396 2705 Regest.
1413 2671 1440 2696 in
1456 2670 1555 2697 Secret.
1573 2668 1650 2696 Brev-

1923 272 1973 300 ΑΒ.
1995 272 2024 301 C.
2041 272 2110 301 1668

1948 1977 2069 1998 Exordium.

1215 2451 1228 2493 ξ
1256 2450 1284 2482 rl.
1310 2450 1395 2482 Alias
1415 2449 1574 2493 siquiden]
1593 2455 1782 2482 emanarunt
1795 2460 1812 2481 a
1830 2459 1906 2481 con-
1920 2450 2037 2502 grpfflfffi
2052 2458 2104 2471 Μ’·

1148 2517 1149 2523 1
1171 2503 1358 2545 gregatione
1377 2503 1613 2535 rcnerabilium
1633 2503 1763 2535 fratrum
1782 2508 1908 2533 nostro-
1920 2493 2058 2550 {Jgjsifflssfflffl
2068 2503 2102 2524 Μ·
