2247 3208
194 215 243 239 ιιι..
266 213 380 240 c.10‹5
425 203 488 237 392

248 276 373 300 zamram
428 261 442 302 ἓ
460 260 489 291 9..
518 259 593 291 Cum
612 262 725 293 autem,
746 256 823 288 sicut
841 254 1035 297 accepimus,
1051 263 1120 285 con·
1140 254 1142 260 '

191 303 283 321 eiu-ilem
312 306 336 320 οι
339 301 373 321 ll-

385 311 529 354 gregatio
559 320 606 352 pl
600 310 701 341 ιιεΙιιῑι
732 308 930 349 (multotum
962 316 1142 338 annorum

385 361 584 406 experientia
610 365 775 403 comperto
798 360 880 402 quod
903 370 939 391 ex
961 368 1121 390 memora-

384 421 416 447 to
442 415 522 447 ooth
528 414 579 456 gio
604 413 636 445 iu
661 413 788 445 civitate
807 410 1056 451 Ravennatensi,
1084 394 1142 442 ut

386 464 738 511 p1·aese1·tui,eiec¹‚to
760 465 903 497 modicus
929 474 985 497 seu
1012 464 1118 496 nullus

384 521 505 552 fructus
524 519 723 563 provenerit)
738 517 911 561 collegium
930 518 1043 560 ipsum,
1063 527 1120 549 no-

383 573 430 605 bis
445 571 673 611 annuentibus,
684 571 953 614 supprimendum
970 581 1040 603 esse
1051 580 1119 602 cen-

382 625 504 664 suerit,
529 625 571 657 ita
603 624 724 657 scilicet
750 629 785 656 ut
808 624 879 666 ipsa
910 622 1119 665 congregatio

381 678 467 710 illius
506 677 665 710 desectum
706 676 835 709 uberius
875 682 970 719 atque
1008 675 1118 708 utilius

380 730 560 773 maiorique
585 741 656 762 cum
675 728 836 772 praefatae
859 728 998 761 nationis
1017 728 1119 761 Maro-

381 783 518 815 nitarum
545 782 714 815 commodo
739 783 902 824 supplere,
922 793 958 814 ac
978 782 1119 823 desuper

381 836 571 878 providere,
598 835 740 878 dictique
777 834 907 866 Victorii
944 833 1117 866 intentioni

381 888 575 920 fructuosius
609 888 832 920 obsecundare
866 887 980 919 debeat
1016 890 1141 945 retra-l

380 941 439 973 ctis
465 941 583 974 Romae
603 941 748 974 eiusdem
767 940 894 982 collegii
913 940 1007 973 bonis
1025 945 1056 972 et
1073 950 1118 972 re-

381 994 451 1031 bus,
479 993 683 1036 venditisque
707 993 793 1026 illius
819 993 913 1025 honis
938 992 1117 1031 stabilibus,

381 1051 413 1078 et
436 1046 563 1079 illorum
589 1046 693 1089 pretio
711 1046 742 1079 in
767 1056 818 1078 res
843 1046 972 1078 maioris
997 1045 1117 1077 fructus

380 1110 475 1142 quam
500 1100 585 1132 bona
611 1099 739 1132 stabilia
754 1099 784 1131 in
800 1099 863 1131 illis
890 1099 1034 1141 partibus
1047 1099 1118 1131 red-

381 1152 458 1184 dant
482 1152 549 1194 (ubi
576 1153 691 1185 domus
708 1152 798 1184 valde
817 1152 944 1184 modica
962 1151 1117 1193 pensione

380 1206 509 1245 elocari,
536 1210 567 1237 et
592 1205 738 1237 redditus
755 1209 962 1236 terrenorum
980 1203 1032 1236 vili
1050 1214 1118 1246 pre-

381 1258 424 1291 tio
444 1257 605 1290 aestimari
620 1257 739 1299 solent>
754 1267 910 1289 converso
929 1261 960 1288 et
976 1261 1116 1298 erogato,

381 1311 466 1342 unde
493 1310 604 1342 eadem
637 1309 844 1352 congregatio
880 1309 1035 1341 maiorem
1061 1319 1118 1340 nu-

380 1373 504 1395 merum
541 1363 746 1395 alumnorum
780 1361 881 1393 dit-tae
918 1361 1059 1393 nationis
1085 1360 1117 1392 in

380 1415 520 1458 collegio
546 1414 675 1447 Urbano
702 1415 739 1447 de
766 1414 978 1457 Propaganda
1012 1414 1088 1446 Fide
1108 1440 1115 1453 ‚

380 1470 429 1501 vel
456 1469 541 1509 alibi,
567 1473 664 1511 prout
687 1467 782 1500 nobis
801 1472 832 1499 et
855 1467 917 1509 ipsi
946 1477 1118 1509 congrega-

381 1521 460 1554 tioni
488 1521 703 1564 opportunius
729 1520 909 1558 videbitur,
938 1524 1117 1553 sustentare

380 1573 515 1617 poterit;
543 1579 575 1605 et
599 1578 773 1616 propterea
792 1572 874 1605 dicta
896 1572 1116 1614 congregatio,

380 1632 454 1670 post
479 1627 575 1659 saetas
612 1626 774 1659 mediante
811 1625 986 1657 venerabili
1023 1625 1117 1656 fratre

380 1679 625 1722 archiepiscopo
659 1679 894 1711 Ravennatensi
920 1679 1035 1710 multas
1060 1688 1118 1720 pu-

380 1732 480 1764 blicas
516 1731 720 1774 privatasque
758 1731 941 1773 diligentias
965 1741 1024 1773 pro
1057 1730 1118 1762 eis-

381 1785 454 1817 dem
479 1785 573 1817 bonis
592 1784 761 1816 stabilibus
781 1786 898 1827 quanta
917 1783 1029 1815 maiori
1050 1782 1117 1816 fieri

380 1843 492 1881 posset
514 1837 651 1870 utilitate
668 1837 858 1876 vendendis,
887 1837 1017 1869 tandem
1034 1847 1119 1868 com-

380 1890 502 1923 miserit
529 1891 647 1923 dilecto
673 1890 738 1923 filio
764 1895 875 1922 nostro
900 1889 1008 1921 Caelio
1035 1889 1140 1927 eius-5

381 1943 454 1975 (leui
478 1943 508 1975 S.
531 1942 566 1975 R.
588 1942 619 1975 E.
654 1943 846 1986 presbytero
872 1941 1026 1973 cardinali
1053 1941 1120 1973 Pic-

381 1996 564 2029 colomineo
590 2001 785 2039 nuncupato,
802 2000 912 2027 nostro
935 1995 1119 2037 ethposto-

381 2050 461 2082 licae
487 2049 579 2083 Sedis
598 2049 628 2081 in
651 2049 816 2092 provincia
834 2048 1069 2082 Romandiolae
1087 2053 1119 2080 et

382 2103 556 2135 exarchatu
576 2103 695 2135 nostris
713 2102 884 2135 Ravennae
903 2101 942 2133 de
960 2102 1060 2133 latere
1080 2102 1119 2133 le-

382 2161 476 2197 gato,
504 2161 538 2187 ut
569 2155 697 2197 negotio
731 2154 917 2187 huiusmodi
943 2159 1117 2185 extremam

382 2218 510 2240 manum
535 2213 722 2251 apponeret,
749 2209 899 2239 concessa
921 2206 948 2239 ei
970 2206 1117 2238 facultate

381 2261 541 2292 vendendi
568 2261 698 2294 domum
724 2259 798 2292 dicti
817 2259 942 2301 collegii
962 2269 1034 2291 cum
1052 2258 1119 2290 eius

383 2313 521 2345 ccclesia
557 2324 612 2345 seu
645 2313 793 2356 cappella
829 2312 886 2344 sub
917 2311 1118 2345 invocatione

383 2366 413 2398 S.
441 2365 603 2408 Ephrem,
630 2375 756 2398 necnon
789 2366 866 2398 duas
898 2364 1119 2408 possessiones

383 2418 590 2461 supradictas⁷
617 2420 716 2460 eaque
743 2428 842 2462 super
865 2429 900 2451 re
924 2418 1121 2450 instrumen-

385 2476 451 2503 tum
477 2471 664 2504 celebrandi
697 2471 736 2503 ad
769 2471 908 2503 savorem
945 2470 1050 2503 dilecti
1085 2470 1120 2502 si-

383 2523 417 2558 lii
443 2523 625 2566 Pandulphi
643 2523 782 2556 Fantutii
801 2523 932 2555 maioris
949 2521 1116 2563 oblatoris,
1139 2523 1141 2551 l

420 2587 429 2608 4
455 2584 519 2611 Male
535 2585 576 2611 ed.
595 2584 670 2610 Main.
690 2584 754 2618 legit
769 2587 862 2611 erecta
877 2586 914 2618 (R.
931 2585 978 2618 T.).

970 207 1146 229 nittffllt'n
1173 205 1322 230 nomnen

1162 253 1324 285 mediante
1363 255 1485 287 summa
1516 264 1568 286 sex
1604 254 1738 287 millium
1774 258 1806 286 et
1842 254 1898 286 du-

1163 310 1329 337 centoium
1365 311 1527 339 scutorum
1564 312 1711 340 monetae
1743 317 1896 340 romanae

1140 369 1222 417 pei
1246 369 1318 391 eum
1344 359 1382 391 ad
1408 360 1523 392 almam
1541 359 1658 392 Urbem
1677 365 1821 393 nostiam
1839 362 1897 393 sua

1162 411 1310 453 impensa
1334 412 1590 451 transmittenda,
1617 418 1648 444 et
1667 423 1737 445 cum
1754 413 1825 446 aliis
1847 424 1897 456 pa-

1162 464 1219 496 ctis
1246 464 1307 506 ipsi
1333 464 1439 497 Caelio
1465 465 1619 497 caidinali
1637 465 1808 505 henevisis,
1828 466 1896 508 ipse

1161 527 1238 549 vero
1264 516 1388 550 Caelius
1413 518 1587 550 cardinalis
1613 523 1813 550 contractum
1839 519 1897 550 hu-

1163 569 1299 601 iusmodi
1326 569 1533 609 concluserit,
1558 574 1589 602 et
1610 570 1739 603 domum
1764 581 1835 602 cum
1853 581 1897 602 ec-

1162 622 1281 661 clesia,
1309 633 1345 654 ac
1375 622 1453 654 duas
1482 622 1705 665 possessiones
1723 623 1897 665 praefatas,

1162 685 1233 707 cum
1257 674 1407 707 omnibus
1441 674 1570 707 illarum
1596 675 1773 717 respective
1799 686 1898 708 mem-

1161 727 1237 766 bris,
1251 727 1376 760 iuribus
1394 733 1425 759 et
1444 727 1657 770 pertinentiis
1672 738 1732 771 per
1746 728 1898 760 dilectum

1161 779 1260 812 filium
1287 781 1561 812 l'ocumtenentem
1586 790 1680 813 suum
1700 780 1733 812 in
1751 780 1898 813 civilibus

1162 833 1345 875 generalem
1371 832 1476 865 eidem
1500 831 1693 875 pandulpho
1719 833 1824 876 pretio
1843 844 1895 865 sex

1161 885 1298 918 millium
1322 890 1354 917 et
1378 885 1589 918 ducentorum
1604 890 1767 919 scutorum
1793 895 1897 918 monc-

1161 943 1210 970 tae
1237 938 1423 971 huiusmodi
1436 938 1531 971 vendi
1546 939 1717 978 curaverit,
1733 944 1897 971 reservato

1162 996 1267 1023 tamen
1293 991 1440 1033 desuper,
1461 996 1618 1033 quatenus
1638 1001 1717 1033 opus
1736 991 1827 1030 soret,
1846 1001 1898 1023 no-

1161 1048 1226 1075 stro
1252 1049 1284 1075 et
1308 1043 1411 1075 dictae
1429 1042 1520 1075 Sedis
1539 1042 1756 1086 beneplacito,
1773 1053 1898 1076 conces-

1160 1098 1258 1139 saque
1286 1095 1423 1139 emptori
1457 1095 1604 1128 facultate
1630 1096 1897 1138 apprehendendi

1161 1147 1396 1190 possessionem
1420 1145 1581 1178 bonorum
1607 1146 1829 1186 venditorum,
1863 1157 1899 1178 ac

1161 1199 1355 1243 impetrandi
1381 1210 1398 1231 a
1423 1198 1516 1231 nobis
1544 1199 1704 1231 indultum
1737 1198 1898 1231 retinendi

1161 1251 1329 1284 ecclesiam
1355 1262 1411 1284 seu
1436 1252 1615 1294 cappellam
1636 1251 1834 1294 praedictam
1860 1251 1898 1283 ad

1160 1315 1254 1337 usum
1279 1304 1413 1337 oratorii
1434 1304 1572 1347 privati,
1597 1315 1653 1337 seu
1680 1304 1768 1337 illam
1793 1304 1899 1347 prosa-

1161 1358 1228 1390 nari
1255 1357 1411 1397 faciendi,
1439 1359 1540 1400 eaque
1568 1358 1737 1400 profanata
1762 1356 1896 1397 utendi,

1161 1422 1286 1444 necnon
1322 1411 1493 1444 reservatis
1517 1411 1555 1442 ad
1582 1411 1724 1443 savorem
1754 1410 1898 1442 eiusdem

1160 1463 1421 1506 congregationis
1446 1463 1612 1497 nonnullis
1639 1463 1780 1503 iuribus,
1806 1473 1898 1505 rega-

1160 1517 1211 1550 liis
1236 1522 1267 1549 et
1291 1517 1362 1549 aliis
1375 1517 1471 1549 rebus
1486 1527 1543 1559 per
1560 1516 1739 1559 praefatum
1754 1515 1896 1548 Caelium

1160 1569 1356 1602 cardinalem
1380 1580 1434 1602 seu
1452 1569 1521 1602 eius
1536 1569 1708 1612 deputatos
1726 1568 1899 1601 aestiman-

1161 1623 1218 1662 dis,
1245 1633 1281 1655 ex
1308 1622 1423 1665 quibus
1448 1621 1572 1664 aliquot
1589 1621 1776 1654 centenaria
1796 1626 1900 1653 scuto-

1161 1687 1230 1708 rum
1256 1676 1380 1719 parium
1416 1675 1519 1708 dictae
1556 1674 1802 1717 congregationi
1827 1685 1900 1717 pro-

1160 1734 1295 1761 ventura
1319 1734 1500 1771 sperantur,
1516 1738 1550 1760 ac
1563 1738 1634 1759 cum
1651 1732 1744 1769 pacto
1772 1737 1901 1770 expres-

1161 1792 1195 1814 so
1221 1783 1307 1825 quod
1334 1781 1403 1824 ipsa
1427 1780 1637 1823 congregatio
1668 1780 1700 1812 in
1722 1784 1792 1812 actu
1817 1789 1900 1811 rece-

1161 1835 1281 1878 ptionis
1306 1834 1381 1867 dicti
1414 1833 1509 1877 pretii
1542 1832 1762 1865 venditionem
1787 1831 1900 1864 huius·
1938 1832 1940 1835 ’

1160 1887 1246 1920 modi
1273 1887 1430 1919 ratiticare
1456 1886 1606 1924 deberet,
1643 1891 1675 1917 et
1699 1885 1776 1918 alias
1801 1888 1901 1928 prout

1160 1940 1290 1972 uberius
1306 1940 1338 1972 in
1352 1939 1484 1983 publico
1511 1939 1651 1982 desuper
1671 1938 1833 1970 celebrato
1854 1936 1901 1969 in-

1161 1998 1338 2025 strumento
1366 1992 1487 2025 tenoris
1514 1992 1567 2035 qui
1593 1991 1762 2034 sequitur,
1790 1989 1901 2023 videli-

1162 2052 1231 2079 cet:

1161 2124 1254 2165 (Heio
1278 2123 1426 2166 sequitur
1451 2126 1540 2154 tenor
1564 2121 1775 2154 instrumenti
1790 2119 1900 2153 vendi-

1207 2177 1304 2209 tionis
1333 2175 1523 2208 huiusmodi
1546 2175 1653 2217 rogati
1678 2184 1736 2217 per
1764 2173 1900 2206 Benedi-

1204 2234 1291 2262 clmn
1307 2229 1473 2261 notarium
1487 2227 1656 2271 publicum
1675 2228 1901 2260 Ravennatem

1204 2293 1269 2314 sem
1294 2282 1346 2314 die
1371 2291 1426 2314 vul
1452 2281 1571 2324 aprilis
1596 2282 1750 2322 MDCva)·,

1205 2363 1219 2405 ἓ
1244 2361 1275 2395 3.
1311 2361 1452 2404 Cumque
1489 2364 1667 2393 memorata
1691 2358 1899 2401 congtegatio

1139 2469 1240 2501 ιίιει
1265 2473 1376 2500 nostio
1402 2472 1433 2499 et
1456 2467 1546 2500 Sedis
1565 2476 1613 2509 pl
1605 2466 1726 2498 ΓιεΓιῑιιε
1747 2465 1901 2507 benepla-

1162 2521 1243 2561 cito,
1278 2519 1486 2552 ratificaverit
1498 2545 1505 2558 ‚
1536 2518 1716 2561 dictamque
1745 2526 1900 2549 summam

1162 2584 1217 2606 sex
1235 2573 1371 2605 millium
1386 2578 1417 2604 et
1430 2572 1643 2604 ducentorum
1657 2575 1821 2603 scutorum
1838 2579 1902 2603 mo-

1903 205 1953 231 Αιι.
1974 203 2004 231 C.
2023 203 2088 230 ¹605

1980 2363 2095 2386 confirmat

1910 2389 2005 2411 Pontifex
2032 2392 2094 2414 {tout

1161 2415 1409 2447 instrumentum
1433 2413 1682 2456 pmcinsmtum,
1703 2416 1829 2444 selvato
1846 2421 1900 2454 pa·
1911 2415 1931 2437 in
1948 2416 2040 2438 rubnca.
