2247 3208
214 213 263 238 An.
285 211 313 238 C.
332 211 398 237 1668

226 1918 347 1939 Exordium.

1035 214 1178 237 CLEMENS
1202 216 1231 238 lx
1257 217 1303 238 ΡΡ.

410 259 491 291 niliil
516 259 645 302 penitus
681 260 802 293 omisso
836 267 865 292 et
900 261 1000 293 fornia
1028 262 1057 293 in
1084 261 1147 294 illis

410 312 524 344 tradita
550 312 721 344 observata
753 313 865 345 inserti
899 314 1029 352 forent,
1057 325 1148 357 prae-

408 365 553 398 sentibus
589 375 648 408 pro
685 367 780 408 plene
807 372 838 398 et
863 366 1059 399 sufficienter
1095 378 1147 399 ex-

408 417 530 461 pressis
560 428 596 450 ac
628 418 667 451 ad
697 420 829 451 verbum
864 419 992 452 insertis
1025 419 1146 452 liaben-

408 471 544 507 tes.illis
564 470 642 504 alias
670 471 701 504 in
727 483 784 505 suo
811 473 929 505 robore
954 483 1145 515 permansu-

407 525 459 565 ris,
481 525 520 557 ad
546 525 795 568 praemissorum
821 524 978 565 effectum,
1000 526 1059 557 liae
1077 525 1143 558 vice

405 579 588 618 dumtaxat,
615 578 796 621 specialiter
816 584 846 610 et
872 589 1023 621 expresse
1051 579 1144 611 dero-

404 641 526 673 gamus,
552 631 671 674 illaque
697 631 850 663 adversus
875 631 1054 674 praemissa
1079 632 1143 663 snt*-

405 683 520 726 l'ragari
552 685 641 716 nullo
677 684 773 716 modo
804 694 897 726 posse
931 694 987 716 seu
1021 684 1141 716 debere

403 737 630 776 decernimus,
658 736 840 779 ceterisque
875 736 1042 769 contrariis
1073 737 1141 779 qui-

404 791 614 833 liuscumquc.

445 844 558 876 Datum
575 843 706 883 Romae,
734 844 817 886 apud
843 844 874 876 S.
902 844 1052 883 Petrum,
1080 845 1138 877 suh

400 897 519 929 annulo
532 895 712 936 Piscatoris,
726 896 776 928 (lie
796 907 825 929 1x
839 897 949 939 aprilis
963 907 1138 938 iinctxvui,

399 949 606 993 pontificatus
626 950 727 983 nostri
743 960 828 982 anno
850 960 870 982 1.

434 1013 493 1041 Dat.
514 1013 558 1040 die
576 1013 593 1040 9
612 1012 704 1048 aprilis
729 1012 804 1046 1668,
825 1012 920 1048 pontis.
937 1020 1006 1040 anno
1022 1019 1039 1040 ι.

731 1154 803 1187 LIV.

399 1229 610 1272 Confirmatio
635 1230 912 1273 iurzssspacronams
937 1234 964 1262 et
987 1239 1136 1272 praesen-

442 1283 536 1316 tandi
560 1283 601 1316 ad
625 1283 790 1315 ecclesium
814 1283 987 1316 Elnensem
1008 1293 1043 1314 ac
1074 1293 1135 1315 mo-

440 1337 585 1369 nasteria
608 1337 847 1369 consistorialia
871 1337 905 1368 in
929 1336 1134 1368 comitatibus

439 1390 674 1423 Ruscinonensi
697 1393 725 1422 et
747 1389 971 1431 Conslztcnlino
992 1393 1019 1421 el
1041 1393 1134 1432 parte

441 1443 605 1480 Cerdanae
628 1453 736 1476 versus
761 1442 906 1476 Galliam
927 1442 1134 1474 consistentia

438 1507 497 1540 pro
520 1506 593 1540 reye
617 1496 891 1529 christianissimo
916 1499 943 1527 el
973 1505 1130 1528 successo—

439 1549 555 1583 ribus'.

397 1629 554 1657 Carissimo
579 1629 609 1656 in
634 1629 749 1657 Christo
772 1629 831 1656 filio
851 1632 953 1656 nostro
973 1629 1130 1662 Ludovi00,

492 1675 669 1702 Francorum
688 1675 751 1708 reqi
771 1674 1033 1707 christianissimo,

612 1727 745 1755 Clemens
767 1727 844 1761 Papa
866 1727 910 1754 IX.

500 1798 657 1826 Carissimo
673 1799 704 1825 in
720 1798 835 1825 christo
851 1798 893 1824 fili
913 1800 1025 1831 noster,

430 1844 559 1872 salutem
579 1847 610 1871 et
630 1843 825 1878 apostolicam
845 1842 1093 1870 benedictionem.

438 1907 452 1949 ξ
478 1906 507 1939 ’1.
531 1906 701 1939 Praeclara
718 1905 894 1938 maiestatis
914 1910 986 1937 tuae.
1006 1915 1041 1938 ac
1060 1916 1130 1949 pro-

394 1959 579 2002 genitorum
604 1963 634 1991 et
666 1958 821 1991 maiorum
859 1964 985 1991 tuorum
1016 1969 1129 2001 regum

393 2013 745 2052 ‹-hristianissimorum,
761 2012 943 2055 principum
956 2013 1053 2054 longe
1069 2014 1131 2045 cla-

393 2066 604 2107 rissimorum,
631 2066 981 2108 invictissimorunique
1013 2065 1129 2098 Cln‘isti

392 2120 606 2160 athletarum,
633 2129 669 2151 ac
693 2118 899 2161 egregiorum
928 2118 1019 2151 Sedis
1045 2118 1130 2161 Apo-

392 2173 524 2205 stolicae
547 2173 714 2212 cultorum,
734 2171 909 2215 promerita
927 2171 1068 2213 exigunt,
1095 2181 1129 2203 ac

393 2225 587 2268 praecipuus
603 2251 610 2265 ‚
647 2235 709 2268 quo
747 2225 893 2257 eamdem
928 2224 1128 2256 maiestatem

395 2282 488 2317 tuam,
508 2274 598 2310 fili'ali
616 2288 692 2321 erga
709 2288 768 2310 nos
791 2282 822 2310 et
847 2278 994 2310 eamdem
1012 2276 1127 2310 Sedcni

393 2331 598 2364 observantia
623 2341 659 2364 ac
683 2332 816 2375 pietate,
832 2332 1033 2364 orthodoxae
1055 2331 1127 2363 fidei

391 2384 633 2417 conservandae
653 2388 684 2415 et
700 2384 930 2426 propagandae
943 2385 1023 2424 zelo,
1042 2383 1128 2416 aliis-

391 2448 452 2480 que
477 2447 554 2480 rege
579 2437 847 2469 christianissimo
873 2437 978 2479 dignis
1002 2437 1127 2469 virtuti-

390 2491 449 2524 bus
475 2496 570 2534 atque
595 2490 765 2523 decoribus
792 2490 1014 2533 multipliciter
1039 2501 1128 2533 prae-

391 2544 581 2586 fulgentem,
596 2544 835 2587 prosequimur,
852 2548 1004 2586 paternae
1023 2544 1128 2576 chari-

428 2607 439 2632 1
457 2605 495 2633 Ex
511 2605 618 2639 Regest.
637 2605 663 2631 in
679 2605 780 2632 Secret.
798 2605 932 2632 Brevium.

478 2660 557 2688 Ball.
574 2660 657 2687 Rom.
678 2674 711 2679 —
735 2660 793 2688 Vol.
814 2659 906 2687 XVII.
1053 2658 1086 2686 82

1193 263 1262 294 tatis
1288 263 1418 296 allectus
1447 276 1503 297 nos
1530 273 1624 309 urget
1655 274 1752 312 atque
1780 270 1925 312 impellit,

1192 322 1223 347 nt
1260 317 1315 349 tibi
1351 319 1477 362 tuisque
1515 322 1758 354 successoribus
1795 324 1925 365 regibus

1189 369 1466 404 christianissimis
1492 373 1656 406 luculenta
1673 375 1854 416 pontificiae
1874 388 1925 409 no-

1189 426 1273 454 strae
1292 423 1500 466 benignitatis
1518 425 1602 458 dona
1620 427 1812 468 largiamur,
1834 428 1925 461 tirum

1188 484 1242 516 spe
1268 480 1361 517 atque
1394 476 1509 509 fiducia
1535 478 1566 510 in
1593 479 1727 512 Domino
1753 481 1823 512 l'reti
1858 482 1923 513 sere

1187 532 1219 558 ut
1245 533 1306 559 tani
1335 534 1365 559 tu
1391 540 1485 571 quani
1521 541 1723 564 successores
1757 533 1799 565 tui
1830 544 1922 575 reges

1187 580 1330 621 praefati,
1352 581 1419 612 viae
1439 587 1680 617 antecessorum
1706 596 1816 628 recum
1835 588 1922 619 vesti-

1186 632 1244 674 giis
1271 633 1444 675 impressae
1470 635 1688 674 inhaerentes,
1717 641 1852 681 populos
1878 640 1923 672 di-

1186 685 1263 717 tioni
1289 691 1411 719 vestrae
1443 688 1584 720 creditos
1609 690 1640 721 in
1673 690 1733 723 tide
1765 692 1921 724 catholica

1184 748 1219 769 ac
1242 742 1350 770 vetere
1378 750 1453 781 erga
1479 740 1595 773 Seduni
1621 743 1816 784 praedictam
1843 744 1920 777 obe—

1183 790 1305 823 dientia
1341 793 1507 825 continere
1534 794 1602 836 pari
1629 796 1723 827 lande
1749 798 1916 836 conaturi,

1183 845 1494 888 constitutionesque
1521 848 1718 889 apostolicas
1737 849 1767 880 in
1795 850 1920 881 univer-

1182 897 1223 928 sis
1248 897 1399 930 dominiis
1418 899 1533 932 vestris
1553 900 1679 933 debitae
1698 912 1827 944 semper
1848 913 1920 935 exe-

1181 951 1300 983 cutioni
1326 953 1473 985 mandari
1506 963 1541 985 ac
1565 953 1655 985 Sedis
1687 954 1833 987 eiusdem
1861 955 1919 988 lio-

1180 1014 1293 1036 norem
1319 1010 1349 1037 et
1374 1006 1596 1039 auctoritatsun
1622 1007 1764 1040 illibatos
1789 1018 1919 1041 conser-

1179 1058 1245 1089 vari
1263 1058 1349 1090 omni
1368 1059 1474 1091 studio
1497 1059 1565 1092 sitis
1585 1061 1739 1093 curaturi.
1767 1061 1917 1095 Volentes

1179 1110 1285 1152 itaque
1312 1111 1387 1150 tibi,
1414 1111 1467 1154 qui
1494 1112 1541 1154 (ut
1567 1113 1764 1156 accepimus)
1790 1114 1916 1147 univer-

1179 1174 1249 1195 sum
1275 1164 1456 1196 comitatum
1477 1171 1509 1198 et
1527 1165 1678 1198 vicariam
1700 1166 1918 1200 Ruscinonen-

1178 1227 1256 1256 sem,
1283 1217 1468 1250 comitatum
1494 1223 1524 1250 et
1550 1219 1698 1251 vicariam
1719 1219 1918 1253 Confluenti-

1179 1280 1251 1301 nam
1278 1271 1433 1312 (exceptis
1458 1271 1496 1303 iis
1522 1272 1621 1310 locis,
1646 1282 1731 1314 quae
1761 1272 1794 1304 in
1820 1273 1916 1316 Pyre-

1178 1332 1314 1354 neorum
1339 1328 1429 1365 parte
1456 1323 1643 1367 Hispaniam
1667 1330 1833 1367 spectante
1856 1326 1917 1358 sita

1178 1385 1246 1407 esse
1274 1376 1412 1408 indicata
1437 1377 1522 1419 sunt)
1550 1377 1689 1420 itemque
1715 1383 1840 1421 partein
1862 1390 1916 1411 co-

1177 1429 1306 1460 mitatus
1331 1428 1502 1469 Cerdanae,
1529 1440 1624 1472 quam
1649 1430 1681 1462 in
1707 1436 1796 1474 parte
1822 1432 1915 1475 Pyre-

1176 1492 1313 1514 neorum
1348 1482 1481 1515 Galliam
1516 1488 1681 1525 spectante
1718 1484 1810 1516 sitam
1843 1495 1913 1518 esse

1176 1535 1298 1577 pariter
1319 1535 1495 1567 iudicatum
1522 1535 1588 1575 suit,
1617 1536 1779 1579 regiones,
1804 1537 1911 1576 urbes,

1175 1587 1303 1630 oppida,
1329 1589 1472 1627 castella,
1492 1598 1528 1621 ex
1551 1588 1666 1631 quibus
1692 1589 1829 1622 vicariae
1850 1589 1913 1621 Ru-

1175 1640 1378 1673 scinonensis
1404 1646 1434 1673 et
1454 1640 1695 1679 Confluentina,
1722 1647 1752 1675 et
1777 1652 1813 1674 ea
1838 1653 1910 1686 pars

1175 1693 1343 1725 comitatus
1367 1692 1530 1726 Cerdanae
1544 1694 1594 1726 de
1620 1705 1683 1737 qua
1700 1705 1773 1727 mox
1792 1695 1911 1727 dictum

1175 1751 1240 1785 est,
1269 1751 1441 1787 constant,
1469 1757 1578 1779 earum
1604 1747 1828 1787 accessiones,
1856 1759 1911 1791 ap-

1174 1798 1327 1842 pendices
1352 1804 1383 1830 et
1407 1798 1554 1831 adiuncta
1581 1799 1619 1832 de
1649 1800 1812 1842 praesenti
1839 1811 1912 1843 pos-

1173 1853 1258 1884 sides
1286 1857 1316 1884 et
1342 1862 1399 1895 per
1424 1857 1524 1884 totum
1543 1863 1660 1885 annum
1678 1863 1815 1886 nnchvi
1841 1864 1910 1896 pos-

1174 1905 1306 1946 sedisti,
1339 1905 1466 1948 tuisque
1503 1906 1744 1938 successoribus
1780 1906 1909 1949 regi-bus

1816 213 1880 245 6249
1927 223 1976 251 An.
1996 223 2022 249 c.
2044 225 2108 250 teos

2002 1916 2105 1938 Concedit

1920 1942 1952 1962 ins
1967 1946 2105 1968 praesentan-

1174 1959 1369 1991 Francorum
1394 1958 1679 1998 christianissimis,
1705 1970 1767 2002 quo
1787 1960 1940 2001 regi-amas
1957 1972 2016 1994 prout
2035 1970 2056 1991 iu
2069 1975 2104 1992 ru·

1891 2012 1896 2017 .
1920 1996 1986 2016 brica.

1173 2011 1433 2044 benevolentiam
1459 2021 1535 2054 erga
1552 2022 1709 2054 personas
1733 2012 1909 2045 benemeri-

1175 2070 1219 2097 tas
1246 2064 1400 2106 vulvisque
1422 2069 1527 2106 gratas
1546 2070 1577 2096 et
1593 2070 1740 2107 acceptas
1759 2076 1907 2098 exercere

1174 2117 1315 2153 valeatis,
1328 2117 1460 2159 gratiam
1477 2117 1578 2150 facere
1597 2117 1783 2160 specialem,
1795 2128 1829 2150 ac
1843 2129 1909 2162 spe-

1172 2176 1279 2203 rantes
1307 2176 1335 2202 te
1364 2180 1399 2202 ae
1424 2170 1498 2203 illos
1517 2170 1549 2202 in
1570 2170 1774 2203 nominandis
1795 2172 1834 2204 ad
1860 2182 1910 2204 ec-

1172 2224 1304 2257 clesiam
1329 2223 1503 2255 Elnensem
1529 2228 1560 2256 et
1584 2224 1781 2257 monasteria
1806 2225 1909 2258 consi-

1172 2276 1315 2310 storialia
1330 2277 1414 2308 intra
1430 2275 1509 2309 fines
1527 2276 1685 2310 ditionum
1711 2283 1742 2310 et
1766 2278 1909 2311 locorum

1171 2329 1409 2373 praedictorum
1441 2341 1458 2363 a
1494 2334 1522 2363 te
1559 2335 1593 2363 ut
1624 2331 1808 2374 praefertur
1834 2343 1909 2375 pos-

1171 2394 1335 2417 sessorum
1360 2384 1571 2417 consistentia
1596 2385 1756 2428 personis,
1772 2396 1853 2428 quae
1868 2386 1910 2419 vi-

1172 2443 1220 2470 tae
1238 2437 1431 2480 integritate,
1446 2437 1617 2481 religione,
1635 2437 1696 2470 tide
1715 2442 1747 2470 et
1764 2438 1909 2471 doctrina

1170 2495 1342 2535 praestent,
1369 2501 1406 2523 ac
1431 2491 1624 2534 episcopalis
1649 2491 1791 2524 muneris
1816 2502 1908 2534 prae-

1171 2544 1313 2587 rogativa
1328 2544 1505 2587 respective
1520 2544 1635 2587 dignae
1654 2544 1727 2584 sint,
1747 2555 1906 2577 summum

1147 2626 1150 2636 ,
1170 2597 1310 2631 studium
1323 2607 1542 2641 summamque
1557 2597 1759 2641 diligentiam
1776 2608 1905 2641 semper
