2247 3208
233 211 282 238 ln,
301 211 328 237 Γ..
350 211 413 238 1667

255 1429 379 1451 Poslulalto.

240 2375 352 2396 confirmat
362 2375 411 2396 Pon-

231 2405 279 2422 nter
299 2406 320 2423 ut
344 2408 363 2423 tn
379 2409 412 2422 ru·
443 2422 447 2426 ,

231 2430 297 2450 buca.

461 202 526 237 2194

426 271 492 293 rem
506 287 513 300 ,
552 261 612 293 sub
644 260 767 293 annulo
799 259 973 292 Piscatoris
986 285 993 298 ,
1028 259 1080 292 die
1115 269 1161 291 ΧΠ

424 313 528 346 martii
553 311 942 356 tinetxvu,pontiticatus
974 311 1079 344 nostri
1105 306 1183 344 ati-¹

424 375 465 398 no
489 375 544 399 χιι.

458 425 515 453 Dat.
533 425 576 453 die
593 426 625 453 12
640 426 730 453 martii
746 425 826 459 1667,
841 426 935 461 pontis.
952 433 1021 453 anno
1036 431 1083 452 xu.

729 567 845 599 Dtht.

424 646 633 687 Confirmatio
657 646 771 678 statuti
785 645 927 678 civitatis
946 644 1159 678 Avenionen-

465 700 508 732 sis
531 710 568 732 ac
594 699 832 732 constitutioni-'s
854 699 966 730 Leonis
984 697 1022 737 X,
1047 698 1158 738 quibus
1178 720 1180 731 .

465 756 606 791 cavetur,
624 756 660 784 ul
676 761 790 784 causas
808 755 1029 789 mercatoaeum,
1049 761 1158 782 eorum
1178 775 1180 778 ,

466 808 567 837 artem
581 808 810 842 concernentes,
822 804 918 836 iudex
930 804 1070 835 ret-uiuat
1083 803 1157 835 duo·
1178 819 1180 845 ‚1

465 867 538 889 rum
562 857 753 889 relatoritus
777 857 880 888 electis
898 867 915 888 α
936 855 1103 897 ι“ιἐεἰ69αίι)
1120 865 1158 886 eoe
1178 875 1180 896 ÷

1002 211 1187 236 ‘BULLARIUM
1211 211 1362 235 ROMAM'M

1951 211 2000 238 Ὰη.
2015 211 2045 238 C.
2061 211 2130 238 tes?

1203 258 1333 291 stolicae
1349 258 1598 291 confirmationis
1615 265 1744 292 nostrae
1759 258 1938 302 patrocinio

1202 310 1393 344 communiri
1420 321 1623 353 summopere
1643 312 1844 345 desiderent:
1865 321 1934 351 nos,

1202 363 1377 406 specialem
1394 362 1473 405 ipsis
1491 363 1727 406 exponentibus
1745 364 1878 406 gratiam
1892 364 1937 397 fa-

1201 425 1273 452 cere
1297 416 1452 454 volentes,
1479 420 1639 448 eteorum
1663 416 1842 458 singulares
1862 427 1937 460 per-

1202 477 1298 500 sonas
1329 478 1346 500 a
1383 467 1548 510 quibusvis
1572 468 1912 502 excommunicationis
1928 496 1935 509 ,

1201 519 1428 562 suspensionis
1452 525 1483 552 et
1507 519 1692 560 interdicti,
1726 519 1862 563 aliisque
1887 531 1938 553 ec·

1201 572 1389 605 clesiasticis
1407 572 1586 612 sententiis,
1605 573 1749 605 censuris
1767 577 1799 605 et
1815 573 1935 616 poenis,

1201 634 1219 656 a
1242 624 1313 657 iure
1337 625 1386 657 vel
1412 625 1450 657 ab
1477 624 1618 663 homine,
1638 624 1750 667 quavis
1771 625 1937 659 occasione

1201 677 1252 709 vel
1277 679 1372 709 causa
1397 676 1479 715 latis,
1504 676 1529 708 si
1556 676 1671 719 quibus
1694 676 1938 720 quomodolibet

1201 729 1376 762 innodatae
1402 729 1563 769 existunt,
1599 729 1636 762 ad
1673 728 1819 762 effectum
1845 740 1938 772 prae-

1200 781 1338 814 sentium
1357 783 1521 815 dumtaxat
1537 782 1805 825 consequendum
1824 782 1937 815 harum

1201 835 1300 867 sserie
1326 836 1527 868 absolventes
1548 841 1580 867 et
1600 835 1760 867 absolutas
1781 835 1847 868 sore
1865 845 1938 868 cen-

465 921 505 953 qzt
532 914 604 942 tuor
623 909 864 948 mereatoritttv,
884 919 960 950 quos
985 907 1154 940 consilium
1178 927 1180 935 ι

466 963 605 995 eiusdem
629 962 769 994 civitatis
799 961 974 1004 qufmnnis
1003 960 1158 1002 deputare

464 1015 553 1054 solet,
577 1019 606 1047 et
630 1014 762 1046 subinde
784 1013 957 1047 secuudum
979 1023 1085 1045 corum
1111 1023 1158 1044 re-

465 1068 619 1101 tattonem
656 1067 794 1106 iudicet,
837 1070 933 1109 utque
970 1067 1004 1098 iit
1041 1066 1180 1098 eisdem}

465 1121 570 1153 causis
595 1120 632 1152 cle
655 1120 733 1152 bono
759 1123 786 1152 et
812 1130 910 1162 aequo
943 1119 1155 1160 procedatur,

466 1177 557 1216 atque
581 1174 678 1206 eliam
707 1174 742 1204 z'n
771 1172 984 1205 tribunali‘uts
1005 1171 1158 1214 ραν-[γον-

464 1227 558 1258 miter
578 1226 711 1268 procedi
734 1230 760 1258 ee
785 1226 927 1258 itt-alicam*
953 1224 1058 1256 debeat
1076 1223 1094 1255 ¹.

614 1305 777 1332 Alexander
802 1305 881 1338 Papa
901 1305 964 1335 vn,

560 1350 597 1376 ad
617 1350 751 1376 futuram
775 1349 818 1375 rei
839 1349 1017 1375 memoriam.

467 1421 481 1463 ἓ
507 1420 538 1452 1.
565 1419 686 1463 Exponi
712 1419 804 1451 nobis
826 1429 928 1462 nuper
946 1419 1091 1450 fecerunt
1116 1418 1157 1450 di-

424 1473 497 1506 lecti
523 1473 578 1505 tilii
605 1472 818 1505 communitas
851 1478 883 1504 et
908 1471 1056 1504 homines
1081 1472 1156 1504 civi-

423 1526 495 1559 tatis
528 1531 655 1558 nostrae
693 1524 927 1557 Avenionensis
947 1552 954 1564 ,
989 1525 1071 1567 quod
1101 1535 1157 1567 per

422 1584 540 1612 statuta
565 1579 669 1612 dictae
694 1578 852 1617 civitatis,
878 1577 1002 1609 rubrica
1032 1587 1097 1618 xn,
1125 1582 1157 1610 et

423 1632 591 1675 quamdam
628 1631 731 1664 felicis
766 1629 1000 1663 recordationis
1040 1630 1155 1663 Leonis

422 1684 525 1727 Papae
558 1684 582 1716 X
613 1683 869 1727 praedecessoris
902 1683 1001 1715 nostri
1039 1683 1157 1716 consti-

423 1737 581 1770 tutionem
617 1741 745 1769 cavetur
781 1746 934 1779 expresse
972 1742 1003 1767 ut
1044 1746 1156 1768 causas

424 1795 648 1828 mercatorum,
667 1799 775 1821 eorum
793 1794 893 1820 artem
910 1793 1154 1827 concernentes

423 1841 518 1875 iudex
537 1841 679 1874 remittat
692 1841 817 1874 duobus
835 1840 1028 1873 relatoribus
1043 1841 1156 1873 electis

423 1905 440 1926 a
463 1894 642 1936 vicelegato
668 1904 703 1926 ex
731 1898 869 1936 quatuor
901 1893 1154 1933 mercatoribus,

423 1957 503 1989 quos
529 1946 697 1979 consilium
728 1945 870 1978 eiusdem
899 1945 1156 1987 civitatis‘quot-

422 2000 513 2033 annis
540 1999 690 2043 deputari
714 2000 813 2038 solet,
834 2004 865 2030 et
885 1998 1021 2031 subinde
1048 2008 1156 2031 secun-

422 2052 497 2085 dum
523 2063 634 2085 eorum
659 2051 851 2084 relationem
882 2051 1022 2090 iudicet,
1057 2056 1155 2094 utque

420 2106 453 2137 in
470 2104 593 2137 eisdem
618 2104 723 2136 causis
749 2104 787 2137 de
813 2105 899 2136 bono
916 2109 948 2136 et
963 2114 1066 2146 aequo
1083 2114 1157 2147 pro-

421 2158 570 2197 cedatur,
605 2162 700 2200 atque
741 2157 836 2189 etiam
872 2157 904 2188 in
944 2157 1155 2189 tribunalibus

422 2210 648 2243 ecclesiasticis
672 2209 891 2252 parisormiter
908 2209 1039 2252 procedi
1059 2214 1089 2242 et
1110 2210 1157 2241 iu-

422 2262 520 2295 dicari
542 2263 667 2302 debeat,
685 2264 808 2295 remota
828 2262 915 2295 omni
934 2262 1155 2305 appellatione

425 2321 453 2347 vt
480 2326 623 2348 recursu.

468 2370 482 2411 ξ
506 2368 537 2401 Ξ.
564 2368 641 2401 Cum
666 2374 786 2407 autem,
814 2368 897 2401 sicut
920 2369 1032 2402 eadem
1059 2379 1156 2412 expo·

424 2421 497 2454 sitio
522 2420 747 2462 subiungebat,
774 2420 847 2453 dicti
874 2425 1074 2464 exponentes
1096 2426 1158 2453 sta-

425 2480 524 2506 tutum
541 2478 572 2504 ct
589 2472 853 2504 constitutionem
877 2472 1071 2510 huiusmodi,
1094 2484 1156 2516 quo
1176 2433 1180 2507 Ι

424 2525 544 2558 firmius
557 2524 707 2556 subsistat
721 2530 749 2556 ct
761 2530 904 2557 servetur
918 2525 1066 2565 exactius,
1082 2535 1159 2568 apo-

459 2588 470 2613 1
490 2586 525 2612 Ex
543 2585 647 2620 Regest.
666 2585 691 2610 in
708 2584 807 2611 Secret.
833 2585 963 2612 Breviuui.

1179 903 1180 906 ¹
1201 893 1324 928 sentes,
1350 888 1639 931 supplicationibus
1664 898 1775 920 eorum
1807 887 1936 921 nomine

1178 939 1180 958 ¹
1201 941 1294 973 nobis
1320 951 1416 983 super
1440 941 1501 973 hoc
1526 941 1692 973 humiliter
1711 940 1869 983 porrectis
1894 939 1936 972 in-

1177 983 1180 1028 l
1200 994 1327 1034 atinati,
1353 1004 1448 1036 supra
1472 1003 1656 1036 expressam
1685 992 1935 1035 dispositionem

1178 1031 1392 1078 ¹statutorum
1419 1046 1522 1078 dictae
1552 1044 1688 1078 civitatis
1717 1050 1748 1077 et
1781 1044 1937 1077 constitu-

1178 1097 1180 1135 ἓ
1202 1098 1295 1130 tionis
1311 1098 1429 1130 Leonis
1454 1097 1723 1141 praedecessoris,
1746 1095 1935 1129 auctoritate

1201 1150 1398 1193 apostolica,
1425 1155 1537 1182 tenore
1561 1149 1793 1192 praesentium,
1822 1148 1938 1186 confirf

1200 1213 1321 1235 mamus
1347 1209 1379 1235 et
1403 1203 1640 1246 approbamus,
1667 1201 1780 1245 illique
1807 1201 1936 1235 inviola-

1199 1255 1272 1288 bilis
1299 1256 1497 1299 apostolicae
1523 1254 1682 1287 firmitatis
1703 1255 1803 1288 robur
1827 1253 1936 1287 adiici-

1200 1319 1279 1349 mus,
1307 1319 1340 1341 ac
1365 1318 1476 1341 omnes
1502 1313 1533 1340 et
1554 1307 1701 1350 singulos
1719 1307 1797 1339 iuris
1817 1313 1848 1340 et
1861 1307 1934 1340 sacti

1201 1361 1364 1401 desectus,
1392 1361 1417 1393 si
1443 1361 1496 1403 qui
1524 1361 1663 1402 desuper
1691 1359 1934 1403 quomodolibet

1199 1414 1443 1452 intervenerint,
1471 1414 1673 1456 supplemus.

1242 1468 1256 1510 ξ
1280 1467 1310 1501 3.
1339 1468 1558 1500 Decet-nentes
1585 1466 1717 1498 easdem
1742 1471 1934 1509 praesentes

1199 1521 1322 1554 litteras
1349 1530 1478 1563 semper
1502 1519 1629 1558 firmas,
1665 1518 1786 1551 validas
1813 1524 1845 1551 et
1869 1518 1936 1551 effi-

1199 1584 1290 1606 caces
1323 1574 1462 1606 existere
1488 1578 1519 1605 et
1544 1573 1630 1613 sore,
1659 1582 1798 1615 suosque
1824 1572 1936 1615 plena-

1199 1628 1263 1660 rios
1290 1632 1321 1659 et
1345 1627 1488 1669 integros
1515 1625 1645 1659 effectus
1671 1625 1778 1658 sortiri
1804 1630 1836 1658 et
1860 1625 1938 1658 ohti—

1199 1690 1290 1719 nere,
1311 1689 1347 1711 ac
1367 1679 1405 1711 ab
1431 1679 1506 1719 illis,
1534 1679 1571 1711 ad
1590 1689 1670 1721 quos
1690 1682 1814 1720 spectat
1831 1682 1863 1710 et
1879 1688 1937 1720 pro

1198 1739 1344 1775 tempore
1369 1732 1545 1776 spectabit,
1572 1730 1803 1764 inviolabiliter
1827 1731 1938 1764 obser—

1198 1785 1283 1825 vari,
1318 1785 1429 1827 sicque
1462 1784 1495 1817 in
1529 1784 1717 1827 praemissis
1750 1794 1810 1827 per
1842 1793 1938 1826 quos-

1198 1848 1336 1880 cumque
1354 1836 1477 1869 iudices
1502 1836 1684 1869 ordinarios
1701 1864 1708 1876 ,
1744 1836 1840 1868 etiam
1864 1846 1937 1868 cau-

1197 1901 1306 1923 sarum
1332 1890 1443 1933 palatii
1469 1890 1639 1933 apostolici
1666 1889 1840 1929 auditores,
1856 1888 1938 1921 iudi-

1197 1943 1261 1975 cari
1281 1948 1312 1975 et.
1324 1942 1450 1975 definiri
1466 1943 1598 1983 debere,
1610 1954 1645 1975 ac
1658 1942 1784 1974 irritum
1794 1947 1826 1974 et
1838 1942 1935 1974 inane

1198 1996 1223 2027 si
1249 2006 1341 2028 secus
1368 1996 1539 2038 superbis
1573 2007 1589 2028 a
1618 2006 1792 2039 quoquam,
1821 1994 1934 2038 quavis

1197 2049 1386 2081 auctoritate
1407 2075 1414 2089 ‚
1456 2048 1598 2081 scienter
1630 2049 1679 2081 vel
1720 2047 1932 2090 ignoranter,

1197 2101 1369 2144 contigerit
1393 2101 1556 2133 attentari.

1241 2155 1255 2197 ἓ
1279 2154 1310 2186 4.
1338 2153 1405 2187 Nou
1431 2153 1631 2186 obstantibus
1652 2152 1935 2186 constitutionibus

1199 2212 1230 2239 et
1243 2207 1500 2239 ordinationibus
1514 2206 1708 2249 apostolicis,
1724 2216 1768 2245 ac,
1780 2211 1935 2249 quatenus

1197 2270 1277 2302 opus
1302 2259 1351 2298 sit,
1374 2259 1444 2291 aliis
1469 2259 1633 2302 quibusvis
1658 2259 1794 2292 civitatis
1815 2259 1936 2302 praesa-

1199 2317 1269 2352 tae‚
1310 2312 1408 2344 etiam
1448 2311 1647 2351 iuramento,
1688 2311 1935 2344 confirmatione

1198 2365 1385 2408 apostolica,
1413 2365 1460 2397 vel
1486 2365 1598 2408 quavis
1624 2364 1778 2397 firmitate
1796 2364 1859 2397 alia
1883 2374 1936 2396 ro-

1198 2419 1332 2458 boratis,
1354 2419 1481 2451 statutis
1494 2423 1527 2451 vet
1552 2419 1855 2459 consuetudinibus,
1871 2417 1938 2462 pri-

1199 2473 1325 2515 vilegiis
1349 2484 1486 2516 quoque,
1513 2474 1646 2505 indultis
1663 2478 1694 2505 et
1718 2473 1835 2505 litteris
1859 2482 1938 2515 :ipo-

1199 2525 1322 2557 stolicis
1365 2526 1396 2557 iu
1438 2526 1637 2558 contrarium
1679 2525 1936 2568 praemissorum

1200 2578 1447 2620 quomodolibet
1471 2578 1652 2619 concessis,
1684 2577 1881 2610 consu-matis
1905 2581 1940 2611 et

1975 1478 2085 1498 neerei-..21
2103 1478 2129 1497 tt·

1947 1504 2019 1524 citans.

2018 2159 2130 2184 [lucontio

1946 2189 2026 2208 conlui
2034 2193 2107 2207 tutum.

2235 2039 2247 2078 s)
2236 1992 2247 2032 nw

2235 2387 2247 2403 Γ
2239 2362 2242 2370 -
2235 2240 2247 2354 taff-*m
