2247 3208
199 223 244 248 Αη,
265 223 292 249 C.
319 223 383 249 ifo7

431 214 494 246 atr.

391 270 577 303 huiusmodi
615 269 868 310 designandam3
903 269 1074 312 quodque,
1102 268 1126 299 si

390 326 567 355 conventus
594 321 780 353 huiusmodi
808 321 931 364 aliquas
958 332 995 353 ex
1018 331 1129 363 supra-

391 375 485 408 dictis
503 374 595 406 terris
619 384 675 405 seu
694 373 953 415 possessionibus
979 373 1129 415 cuiquam

390 438 448 469 pro
458 426 629 458 medietate
643 426 868 468 responsionis
885 426 1043 457 fructuum
1058 435 1130 457 con-

390 479 532 518 cesserit,
560 478 703 511 decimae
729 489 747 511 a
771 478 1048 521 partecipantibus
1065 487 1130 509 me-

391 532 541 564 dietatem
567 532 724 563 fructuum
751 530 936 563 huiusmodi
962 529 1130 572 integrali—

390 589 440 617 ter
454 584 513 627 ipsi
529 583 778 626 archiepiscopo
793 584 967 622 solvantur,
979 582 1128 625 dictoque

391 637 564 670 conventui
579 636 722 668 decimae
734 646 846 668 eorum
859 635 1042 667 medietatis
1052 639 1130 666 ·tan-

391 695 457 722 tum
481 689 692 732 proveniant,
713 699 749 721 ex
769 688 864 720 terris
888 698 963 719 vero
982 697 1036 720 seu
1057 697 1130 730 pos-

391 742 586 775 sessionibus
607 741 639 773 in
665 741 758 773 dictis
781 740 928 772 terminis
947 744 978 772 et
996 739 1129 772 decima-

390 794 493 828 tibus¹
516 794 711 833 huiusmodi,
732 803 807 836 quas
829 793 932 825 dictus
950 798 1127 825 conventus

391 849 423 881 in
448 858 582 881 censum
606 851 800 890 perpetuum
818 846 975 878 hactenus
996 855 1130 877 conces-

390 902 433 934 sit
457 906 488 934 et
512 901 545 932 in
575 905 741 943 posterum
775 899 956 937 concedet,
986 897 1128 929 decimae

391 955 477 987 dicto
503 953 752 995 archiepiscopo
778 950 981 993 integraliter
1005 951 1130 982 solvan-

390 1012 452 1047 tur,
470 1006 612 1048 exceptis
624 1011 732 1037 tamen
747 1015 783 1036 ex
797 1003 861 1036 illis
879 1003 1018 1045 quodam
1032 1002 1129 1034 horto

390 1060 442 1093 del
466 1059 567 1092 Perat
599 1062 786 1099 nuncupato
812 1061 844 1088 ct
869 1055 1004 1098 quadam
1036 1055 1130 1087 vinca

390 1125 407 1146 a
430 1114 550 1146 Ioanne
575 1111 688 1144 Garzia
713 1110 751 1142 ad
777 1119 933 1152 praesens
951 1108 1081 1141 obtenta
1100 1112 1131 1139 et

390 1167 422 1199 in
459 1168 530 1199 loco
556 1166 594 1197 de
620 1163 764 1206 Lupiana
800 1161 966 1200 existente,
994 1170 1131 1203 qnorum

393 1218 537 1251 decimae
574 1217 660 1249 dieto
686 1214 858 1247 conventui
883 1213 961 1246 solvi
988 1213 1128 1251 debent,

391 1272 553 1314 quodque,
573 1268 599 1301 si
618 1274 777 1300 terrarum
803 1277 860 1299 seu
889 1265 1130 1310 possessionum

390 1322 576 1357 huiusmodi
615 1321 647 1353 in
685 1330 817 1353 censum
854 1324 1071 1362 perpetuum,
1096 1321 1132 1348 ut

390 1377 582 1421 praefertur,
608 1384 834 1408 concessarum
853 1378 884 1405 et
908 1373 941 1404 in
966 1377 1130 1415 posterum

391 1429 687 1468 comedendarum,
710 1426 851 1469 exceptis
878 1426 973 1458 horto
992 1430 1023 1457 ct
1039 1424 1133 1456 vinea

391 1482 578 1527 praedietis,
594 1481 704 1524 quavis
722 1481 760 1513 de
779 1482 876 1513 causa
893 1478 1060 1512 concessio
1078 1478 1132 1510 hu-

392 1535 532 1568 iusmodi
560 1535 591 1567 in
617 1535 757 1566 savorem
775 1533 852 1565 dicti
870 1536 1050 1564 conventus
1068 1541 1132 1563 ces-

392 1588 565 1627 saverit,et
589 1587 660 1619 illas
685 1590 862 1619 conventus
890 1583 1073 1617 huiusmodi
1099 1583 1131 1615 in

392 1641 534 1673 affictum
559 1640 730 1679 concedet,
758 1638 902 1671 decimae
921 1636 1036 1669 exinde
1063 1646 1133 1679 pro-

392 1694 561 1726 venientes
593 1703 652 1736 pro
684 1691 858 1724 medietate
885 1689 1132 1732 archiepiscopo

393 1753 424 1780 et
448 1747 622 1780 conventui
646 1745 821 1789 praedictis
847 1745 1025 1784 solvantur,
1045 1748 1085 1782 et,
1107 1742 1132 1774 si

393 1802 499 1840 denuo
526 1811 587 1844 per
611 1805 807 1832 conventum
832 1799 940 1842 aliqua
965 1797 1026 1830 alia
1058 1807 1134 1829 con-

393 1854 497 1887 cessio
523 1859 682 1897 perpetuo
707 1852 781 1893 fiet,
807 1857 881 1884 tunc
906 1851 1047 1883 decimae
1074 1851 1134 1882 liu-

393 1907 533 1940 iusmodi
560 1906 766 1949 integraliter
789 1904 1036 1947 archiepiscopo
1061 1914 1134 1946 pcr-

394 1962 572 1999 solvantur;
600 1960 626 1991 si
651 1969 726 1991 vero
760 1958 866 1990 dictus
901 1962 1076 1989 conventus
1102 1957 1133 1988 in

394 2014 537 2046 futurum
563 2012 686 2055 aliquas
711 2012 788 2044 alias
807 2016 909 2043 terras
934 2021 990 2042 seu
1013 2020 1134 2053 posses-

395 2067 505 2099 siones
531 2066 562 2098 in
589 2064 782 2108 supradictis
808 2063 903 2097 terris
933 2068 965 2095 et
994 2063 1135 2095 deeima-

393 2120 480 2153 libus
508 2130 543 2152 ex
571 2118 789 2162 emptionibus
808 2128 862 2150 seu
877 2116 1135 2149 haereditatibus

395 2178 451 2205 aut
474 2172 589 2214 legatis
612 2172 674 2215 piis
701 2173 751 2204 vel
777 2171 853 2203 alias
888 2169 1136 2213 quomodolibet

396 2225 593 2268 acquisierit,
610 2224 752 2256 decimae
770 2223 884 2256 exinde
896 2222 1133 2266 provenientes,

396 2278 472 2311 licet
497 2283 602 2310 terrae
617 2288 672 2309 seu
694 2277 916 2320 possessiones
938 2275 1135 2315 huiusmodi,

398 2331 443 2363 sic
468 2330 653 2373 acquisitae,
685 2329 825 2373 propriis
851 2329 926 2362 dicti
960 2334 1136 2361 conventus

399 2383 548 2426 expensis
573 2388 729 2415 curentur
753 2388 784 2415 et
809 2384 966 2421 colantur,
983 2382 1069 2414 dicto
1088 2392 1137 2414 ar-

399 2435 610 2478 chiepiscopo
646 2435 850 2477 integraliter
884 2436 1134 2478 persolvantur·‚

401 2488 541 2521 decimae
568 2498 710 2530 quoquc,
742 2499 777 2520 ex
800 2488 953 2519 fructibus
979 2487 1134 2520 olivarum

399 2541 433 2575 in
459 2540 602 2573 [ciminis
635 2541 673 2572 de
707 2540 829 2573 Pitrilla
853 2546 885 2572 et.
908 2541 1051 2589 Lupiana
1076 2540 1137 2573 exi-

436 2605 447 2630 1
464 2604 546 2629 Paulo
563 2605 622 2628 ante
639 2601 825 2627 decimalibus
843 2603 939 2637 legitur
952 2608 981 2636 tn
1008 2603 1056 2635 T.).

985 222 1161 245 rt'Llflxtnt‘M
1188 221 1335 245 nonnum

1172 269 1323 301 stentium
1350 273 1380 300 et
1405 270 1443 301 ad
1469 270 1673 302 medictatem
1695 282 1710 303 a
1729 270 1814 303 dicto
1835 280 1909 302 con-

1172 325 1269 353 ventu
1294 326 1330 353 ut
1352 322 1534 364 praefertur
1551 333 1776 355 concessarum
1794 333 1907 365 prove-

1172 373 1307 413 nientes,
1322 373 1361 405 ad
1382 374 1531 406 eumdem
1549 374 1829 417 archiepiscopum
1851 385 1908 418 pro

1172 436 1255 457 anno
1274 426 1422 468 proxime
1442 426 1618 468 praeterito
1635 432 1793 468 spectent,
1813 432 1909 470 prout

1171 478 1318 520 superius
1344 478 1463 510 dictum
1482 479 1557 518 suit,
1582 479 1750 522 dictusque
1775 490 1909 512 conven-

1173 536 1228 569 tus,
1256 531 1381 563 ratione
1401 531 1559 563 fructuum
1577 542 1634 574 per
1654 542 1726 563 eum
1748 532 1779 563 in
1802 533 1909 564 termi-

1172 583 1220 615 nis
1235 584 1273 616 de
1292 583 1415 616 Pitrilla
1434 584 1619 626 ctLupiana
1633 594 1650 616 a
1668 584 1718 616 die
1743 584 1908 627 inceptae¹

1172 647 1268 680 super
1291 637 1519 679 praesentibus
1552 637 1614 669 litis
1646 647 1746 679 usque
1771 637 1810 669 ad
1835 648 1910 669 con-

1172 689 1300 721 cordiae
1332 689 1517 721 huiusmodi
1555 689 1804 721 transactionem
1837 700 1910 732 per-

1172 747 1352 784 ceptorum,
1368 742 1473 774 eidem
1491 741 1735 784 archiepiscopo
1753 752 1909 774 summam

1173 794 1309 826 duorum
1334 794 1471 827 millium
1507 794 1662 837 regalium
1696 799 1842 826 monetae
1869 794 1909 827 de

1172 847 1285 879 Vellon
1309 847 1342 878 in
1369 846 1419 879 die
1456 847 1539 879 sesto
1571 845 1746 879 Nativitatis
1782 847 1909 879 Domini

1172 899 1274 932 nostri
1299 900 1369 932 Iesu
1390 899 1507 932 Christi
1524 900 1598 932 anni
1616 900 1763 942 proxime
1780 900 1908 933 venturi

1172 953 1205 984 in
1230 953 1352 995 oppido
1378 953 1416 985 de
1443 953 1551 985 Aleala
1569 953 1607 985 de
1628 953 1780 992 Ilenares,
1800 963 1835 984 ac
1852 963 1909 996 po-

1173 1010 1287 1038 testate
1312 1005 1440 1038 Ioannis
1465 1005 1666 1047 Canpuznno,
1692 1005 1809 1037 iurium
1835 1005 1911 1038 dicti

1173 1058 1285 1101 oppidi
1303 1057 1490 1100 receptoris,
1502 1058 1644 1100 propriis
1659 1058 1840 1100 sumptibus
1851 1059 1910 1091 sub

1173 1112 1277 1153 poena
1297 1116 1524 1143 sexcentorum
1550 1110 1828 1153 morapetinorum
1849 1121 1910 1154 pro

1173 1164 1289 1197 salario
1317 1163 1507 1206 quotidiano
1525 1168 1588 1196 tam
1606 1164 1726 1201 eundo,
1743 1164 1859 1196 stando
1877 1170 1908 1197 et

1173 1217 1339 1249 redeundo
1365 1227 1524 1260 personae
1542 1227 1600 1259 pro
1618 1216 1783 1249 exactione
1801 1217 1911 1249 huius-

1174 1270 1260 1302 modi
1285 1270 1548 1302 transmittendae
1566 1269 1772 1312 assignando,
1788 1271 1912 1313 persol-

1173 1333 1248 1355 vere
1273 1322 1388 1355 debeat
1412 1327 1443 1354 et
1467 1327 1623 1361 teneatur,
1643 1333 1678 1354 ac
1698 1322 1755 1354 sub
1773 1323 1912 1354 nonnul-

1174 1375 1212 1408 lis
1234 1375 1306 1408 >aliis
1332 1375 1431 1418 pactis
1457 1380 1488 1407 et
1512 1374 1789 1414 ordinationibus,
1815 1375 1911 1407 licitis

1175 1434 1282 1461 tamen
1307 1434 1339 1461 et
1363 1428 1516 1468 honestis,
1532 1433 1630 1471 prout
1646 1428 1677 1460 in
1694 1427 1910 1461 instrumento

1175 1492 1233 1524 per
1266 1486 1336 1513 acta
1374 1479 1520 1523 Gregorii
1545 1480 1595 1512 dcl
1621 1480 1765 1519 Castulo,
1792 1480 1911 1513 notarii

1175 1534 1295 1577 publici
1309 1533 1475 1577 apostolici
1500 1533 1629 1565 illarum
1647 1533 1793 1575 partium,
1817 1533 1912 1565 desu-

1176 1598 1234 1630 per
1258 1588 1409 1620 consecto
1433 1586 1560 1630 plenius
1593 1586 1710 1618 dicitur
1735 1586 1907 1618 contineri.

1220 1641 1234 1683 g
1258 1639 1288 1672 ⁶2.
1316 1639 1393 1672 Cum
1419 1644 1542 1679 antem,
1569 1639 1652 1670 sicut
1676 1639 1789 1671 eadem
1814 1649 1911 1681 expo-

1176 1693 1250 1725 sitio
1275 1691 1504 1734 subiungebat,
1531 1696 1733 1734 exponentes
1754 1691 1910 1734 praedicti

1176 1745 1372 1788 praemissa,
1406 1755 1464 1788 pro
1488 1743 1622 1776 firmiori
1653 1744 1783 1777 illorum
1809 1744 1912 1776 subsi—

1177 1798 1295 1831 stentia
1311 1826 1318 1839 ,
1346 1797 1540 1840 apostolicae
1577 1796 1829 1830 confirmationis
1855 1807 1912 1829 no-

1177 1856 1264 1884 strae
1290 1849 1471 1894 patrocinio
1497 1849 1687 1882 communiri
1702 1860 1911 1892 summopere

1178 1903 1383 1937 desiderent:
1408 1913 1479 1942 nos,
1504 1902 1678 1945 specialem
1702 1901 1782 1945 ipsis
1814 1912 1912 1944 expo-

1177 1956 1326 1990 nentibus
1352 1955 1486 1998 gratiam
1504 1955 1610 1988 facere
1629 1955 1786 1995 volentes,
1811 1954 1911 1987 dicto-

1177 2020 1311 2053 rumque
1337 2008 1456 2053 prioris
1494 2013 1526 2041 et
1562 2009 1695 2040 fratrum
1733 2007 1911 2050 singulares

1177 2074 1362 2107 personasa
1380 2061 1545 2105 quibusvis
1555 2060 1909 2101 excommunicationis,

1179 2116 1402 2160 suspensionis
1428 2120 1459 2147 et
1482 2114 1667 2155 interdicti,
1700 2113 1836 2157 aliisque
1863 2124 1915 2146 ec-

1179 2169 1370 2202 clesiasticis
1385 2167 1565 2207 sententiis,
1579 2166 1725 2199 censuris
1739 2172 1770 2199 et
1786 2166 1912 2209 poenis,

1179 2235 1196 2256 a
1220 2223 1288 2255 iure
1312 2223 1362 2254 vel
1388 2222 1427 2254 ab
1453 2221 1597 2261 homine,
1619 2219 1726 2263 quavis
1745 2219 1914 2252 occasione

1178 2276 1227 2308 vel
1253 2276 1346 2307 causa
1370 2274 1454 2314 latis,
1480 2273 1505 2306 si
1532 2273 1646 2316 quibus
1668 2272 1915 2315 quomodolibet

1178 2328 1354 2361 innodatae
1381 2327 1538 2365 existunt,
1576 2326 1613 2358 ad
1652 2324 1800 2358 effectum
1826 2335 1917 2368 prae-

1180 2380 1318 2413 sentium
1336 2381 1499 2413 dumtaxat
1511 2379 1786 2421 consequendum,
1800 2378 1915 2410 harum

1180 2435 1265 2467 serie
1291 2434 1492 2466 absolventes
1517 2437 1549 2465 et
1573 2433 1736 2464 absolutas
1758 2431 1824 2463 sore
1841 2440 1915 2462 cen-

1180 2492 1308 2527 sentes,
1335 2485 1623 2529 supplicationibus
1645 2494 1755 2517 eorum
1781 2483 1914 2515 nomine

1180 2540 1273 2573 nobis
1298 2550 1394 2582 super
1421 2540 1481 2571 hoc
1508 2537 1672 2570 humiliter
1691 2535 1848 2579 porrectis
1867 2535 1915 2568 in-

1217 2603 1224 2627 ¹
1250 2600 1287 2627 Ed
1317 2600 1392 2627 Mam.
1411 2599 1490 2626 hahet
1507 2600 1618 2634 inu-Idu
1638 2603 1674 2631 (ss.
1693 2599 1742 2629 T.).

1916 221 1962 248 An.
1976 221 2008 247 <Cr
2035 222 2098 247 roffi

1933 1647 2045 1668 Confirmat
2054 1648 2107 1668 Pon·

1923 1674 1971 1694 tifex
2000 1677 2061 1699 prout
2085 1675 2105 1695 in

1923 1700 2016 1722 rubi-lcii.
