2247 3208
139 180 188 205 An.
206 177 234 205 C.
259 177 325 205 1666

167 450 242 470 Votum
261 449 323 474 virgi-

139 478 212 498 nitatis
228 478 304 496 unusn-

151 2089 282 2119 ,Sacerdouo
292 2091 320 2112 in*

137 2119 235 2141 signitur.

931 176 1118 199 Attjxmutjn
1142 176 1184 198 vlt
1213 176 1259 198 PP-

314 225 465 269 -pictatis
491 224 742 256 exercitanwnta
769 224 956 261 exhilwlmt,
982 234 1075 266 prac-

334 278 444 324 sertim
468 289 518 316 ea,
538 288 620 321 quae
641 277 678 309 ad
701 278 821 309 cnlttnn
847 277 989 309 eiusdem
1005 276 1075 309 Dei-

334 342 432 375 parae
459 330 690 374 pertinebant,
713 331 794 363 adeo
823 335 876 369 nt,
904 335 977 361 ante
1004 329 1074 361 cius

335 385 545 417 simulacrum
567 411 574 423 ,
605 385 691 427 quod
724 384 755 416 in
793 384 872 417 aede
898 383 929 414 S.
957 382 1073 414 Mariae

335 437 531 470 Graecorum
557 437 683 476 colitur,
711 438 860 480 supplex,
887 440 992 467 votum
1018 445 1075 477 pc-

337 501 436 523 renne
452 490 646 533 virginitatis
660 489 903 532 nuncupaverit.
919 489 984 520 lloc
999 493 1073 519 roto

335 545 433 578 veluti
457 545 635 587 pharmaco
662 542 794 575 salutari
821 543 1005 581 rdboratus,
1034 540 1073 572 ad

335 597 622 641 iurisprudentiam
667 595 900 638 capessendam
942 593 1074 626 accessit

335 650 509 688 Patavium,
524 649 579 682 ubi
594 658 657 681 non
673 658 769 680 unam
782 645 878 679 sensit
899 646 962 678 voti
979 656 1074 688 opem

336 703 436 736 elusis
462 702 586 735 artibus
604 701 838 733 nonnullorum
864 698 1074 742 condiscipu-
1093 711 1095 723 ι

336 757 455 794 lorum,
482 755 535 797 qui
560 764 620 797 per
644 752 880 796 impudentiam
906 752 951 784 illi
978 752 1074 784 obtu-

335 810 440 841 lerant
475 807 712 851 impudicarnm
753 806 926 838 mulierum
963 805 1074 837 illece-

334 862 421 900 bras,
442 870 534 904 quas,
564 864 596 892 et
621 859 719 892 saliva
744 859 774 891 in
804 858 929 891 illarum
958 858 1072 890 faciem

334 913 492 952 coniecta,
505 918 535 946 et
548 917 657 946 mente
672 917 861 945 constanter
871 916 1073 954 repugnante

334 966 464 1001 deiecit.

335 1021 469 1053 Romam
494 1030 527 1052 se
553 1019 701 1058 contulit,
719 1023 755 1050 ut
779 1018 931 1061 antiquae
957 1017 1000 1050 ibi
1029 1017 1074 1049 vi-

335 1073 440 1116 gentis
466 1073 597 1116 pietatis
631 1072 766 1114 vestigia
798 1076 1071 1114 recognosceret,

335 1131 431 1170 atque
459 1127 549 1159 novis
575 1126 718 1159 moribus
745 1125 951 1168 exprimeret,
970 1130 999 1157 et
1018 1135 1073 1157 na-

335 1185 406 1213 ctus
432 1190 492 1223 par
516 1189 593 1212 suae
618 1179 768 1221 religioni
810 1190 845 1210 ac
883 1177 956 1210 fidei
984 1178 1074 1210 thea-

334 1239 419 1266 trum
437 1260 444 1273 ,
469 1233 565 1266 traxit
589 1243 605 1265 e
632 1234 723 1265 caelo
756 1231 983 1264 incredibilem
1009 1231 1074 1274 spi—

334 1287 431 1319 ritum
465 1286 504 1319 ad
538 1284 769 1329 perficiendam
805 1284 892 1318 omni
919 1296 956 1317 ex
982 1289 1073 1327 parte

333 1341 452 1373 molem
466 1339 646 1372 sanctitatis
663 1339 703 1372 ab
721 1338 857 1371 infantia
874 1338 1071 1377 inchoatam,

334 1398 366 1426 et
388 1393 422 1425 in
445 1392 622 1425 iuventutis
648 1397 739 1425 aestu
773 1402 837 1424 non
874 1391 974 1424 modo
999 1401 1073 1424 con-

334 1450 507 1486 servatam,
527 1445 583 1478 sed
609 1450 748 1478 auctam.

378 1498 449 1542 §le
481 1498 582 1541 Igitur
615 1498 664 1530 sui
698 1502 730 1531 et
760 1498 870 1531 mnndi
904 1498 1008 1531 victor
1041 1499 1073 1530 in

334 1551 471 1595 patriam
496 1551 707 1594 remigravit,
738 1555 773 1583 ut
798 1551 923 1583 fructus
947 1551 1095 1594 legeret*¹

334 1605 484 1639 litterarii
509 1605 649 1638 laboris:
668 1616 726 1638 nec
747 1616 837 1648 spem
864 1605 989 1644 fefellit,
1020 1609 1073 1637 aut

334 1669 444 1699 suam,
471 1663 527 1692 aut
551 1659 692 1691 civium:
718 1663 806 1691 certe
831 1658 1016 1699 Granerius,
1041 1658 1073 1691 id

335 1711 490 1754 temporis
515 1711 689 1755 episcopus
714 1711 922 1752 Genevensis,
938 1722 976 1744 eo
997 1722 1074 1744 con-

335 1769 460 1807 specto,
484 1763 571 1798 illic¹
597 1764 785 1807 praesensit
809 1774 946 1796 messem
977 1775 1073 1807 quam

335 1817 405 1849 eius
435 1817 595 1850 adventus
621 1816 789 1857 afferebam
816 1817 1073 1860 exclamavitque

335 1870 492 1910 divinans,
517 1880 584 1903 non
614 1869 683 1902 sine
710 1869 828 1912 gaudio
850 1897 856 1909 ,
891 1870 1013 1903 hahere
1039 1861 1094 1902 sei

334 1923 397 1955 iam
422 1933 643 1963 successorem
668 1934 773 1955 suum.
794 1923 905 1956 Statim
923 1923 951 1955 ei
970 1924 1075 1966 patuit
1093 1911 1095 1954 l

335 1976 418 2010 liber
443 1987 600 2025 campus,
627 1976 911 2020 amplissimusque
941 1977 980 2010 ad
1005 1977 1094 2009 ani-=

1093 2026 1094 2038 ¹
1115 2029 1261 2073 quotidie
1286 2029 1364 2068 ibat,
1392 2032 1426 2059 ut.
1450 2027 1494 2059 ibi
1521 2025 1731 2064 sacrificaret,
1758 2030 1856 2068 atque

1092 2084 1094 2089 ’
1115 2082 1229 2115 eadem
1255 2081 1294 2113 de
1321 2081 1418 2113 causa
1439 2080 1559 2112 ssumcn
1573 2078 1746 2110 Druentiae
1766 2077 1856 2109 traii-

333 2041 402 2063 mas
427 2031 639 2070 excolendas,
662 2041 727 2074 quo
753 2036 868 2074 sponte
895 2031 1070 2063 serebatur.

332 2083 491 2125 Quamvis,
517 2083 604 2117 enim
622 2088 656 2116 ut
669 2083 797 2127 parenti
820 2084 1071 2126 obsequeretur,

334 2137 562 2170 advocatorum
587 2147 813 2180 supremorum
831 2141 940 2180 partes
965 2147 1074 2169 susce-

333 2195 438 2233 perat,
457 2201 529 2223 mox
554 2191 609 2223 ubi
635 2191 735 2222 sensit
759 2201 792 2222 sc
811 2191 848 2222 ad
868 2190 997 2233 nuptias
1015 2200 1073 2233 per

331 2248 441 2276 votum
467 2244 632 2276 abdicatas
656 2244 773 2281 vocari,
800 2243 918 2276 abiecit
943 2248 1072 2276 senato-

333 2295 414 2328 riam
434 2301 551 2338 togam,
567 2301 599 2328 et
612 2296 797 2329 sacerdotio
811 2307 869 2339 per
894 2306 1007 2329 omnes
1022 2307 1071 2328 sa-

332 2349 376 2381 cri
393 2348 518 2381 ordinis
543 2349 662 2390 gradus
687 2349 844 2390 initiatus,
860 2349 996 2381 maioris
1020 2360 1072 2381 ec-

331 2402 452 2434 clesiae
467 2402 675 2445 praepositus
702 2402 833 2435 Annesii
859 2403 1070 2435 renunciatus

331 2459 393 2487 cst.
412 2455 494 2487 Illud
513 2465 647 2498 semper
663 2454 696 2487 in
714 2465 769 2488 ore
788 2460 820 2487 et
840 2461 949 2488 mente
975 2466 1070 2498 repc-

331 2511 416 2546 tens,
441 2519 453 2538 a
468 2506 629 2550 Quicquid
643 2518 701 2551 pro
720 2508 911 2540 aeternitate
929 2496 994 2541 no‘n
1009 2513 1067 2549 est,

366 2570 378 2595 1
402 2568 501 2595 Forsan
521 2568 597 2596 illico
617 2577 665 2605 pro
686 2570 746 2596 illic
765 2569 910 2604 legendum
929 2570 967 2604 (n.
981 2570 1034 2604 Τ.).

401 2622 480 2652 Bull.
498 2624 577 2650 Rom.
593 2638 625 2642 —
646 2623 706 2651 Vol.
721 2623 814 2650 XVII.
960 2623 995 2652 55

504 966 659 999 Absoluto
685 965 867 998 studiorum
895 964 1071 1003 curriculo,
1092 997 1093 1004 ,

1117 223 1241 255 vanitas
1261 228 1307 255 est
1322 235 1349 260 n,
1366 233 1461 255 omne
1481 222 1619 255 studium
1637 223 1794 255 convertit
1816 223 1853 254 ad

1118 276 1346 308 aeternitatem
1373 276 1490 319 ubiqu„¹
1513 277 1688 314 serendam,
1709 275 1854 308 instituta

1118 329 1275 362 societate
1302 329 1531 361 Sanctissimae
1553 329 1664 363 Crucis
1687 331 1724 361 dc
1744 330 1857 372 poeni-

1118 381 1267 419 tentibus,
1295 381 1442 414 adductis
1469 382 1507 414 ad
1531 382 1693 415 Ecclesiae
1719 383 1856 415 catholi-

1116 444 1171 466 cae
1190 435 1347 476 gremium
1373 434 1478 477 magni
1506 436 1644 467 nominis
1673 436 1854 473 haereticis,

1117 491 1147 519 et
1165 492 1337 531 praeterea
1357 492 1485 530 sumpto
1505 487 1603 519 divini
1624 488 1713 520 verbi
1737 489 1854 530 gladio,

1116 549 1181 581 quo
1206 544 1346 571 armatus
1387 550 1423 571 ac
1455 544 1586 582 potens,
1620 540 1775 583 episcopo
1809 541 1856 572 iu-

1116 593 1226 631 bente,
1244 592 1380 624 adorsus
1394 598 1443 624 est
1459 592 1621 625 haeresim
1637 593 1854 625 Calvinianain

1116 644 1146 676 in
1167 644 1443 677 Caballicensibus
1474 645 1608 688 aliisque
1628 645 1771 678 tinitinns
1798 658 1855 688 po-

1116 698 1199 740 pulis
1226 703 1441 740 grassantem.
1470 698 1661 731 Incredibile
1684 699 1768 730 dictu
1794 705 1853 737 est,

1116 761 1179 794 quo
1198 750 1294 783 animi
1312 751 1442 789 ardore,
1464 762 1526 793 qua
1543 751 1685 793 pectoris
1708 757 1855 784 constan-

1117 804 1166 841 tia.
1197 815 1259 847 qua
1284 805 1400 837 mentis
1427 804 1616 843 alacritate,
1644 816 1738 847 quam
1764 804 1853 837 lirina

1116 858 1147 890 in
1173 857 1273 890 Deum
1299 857 1430 897 fiducia,
1454 868 1550 900 quam
1577 857 1712 889 robusta
1731 857 1761 888 in
1780 867 1855 900 pro-

1116 912 1233 944 ximum
1259 911 1420 943 charitate
1447 910 1642 954 pugnaverit
1666 921 1702 943 ac
1726 910 1849 943 vicerit.

1115 965 1236 998 Ferunt
1254 976 1328 997 eum
1354 975 1390 997 ex
1409 965 1529 998 vertici·
1548 964 1631 997 arcis
1650 964 1854 1006 Mlingianac

1115 1018 1291 1060 aliquando
1318 1017 1530 1060 conspexisse
1558 1027 1724 1049 enormem
1743 1016 1855 1049 catho-

1092 1078 1094 1087 ’
1116 1071 1196 1104 licae
1215 1069 1384 1113 religionis
1411 1074 1564 1111 stragem,
1585 1080 1680 1112 qnam
1699 1069 1854 1101 subiectis·

1092 1131 1094 1140 ¹
1115 1126 1237 1158 circum
1257 1124 1351 1157 terris
1369 1123 1512 1156 haeresis
1535 1123 1693 1162 cdidcrat,
1712 1134 1747 1154 ac
1768 1128 1855 1155 tanto

1115 1179 1212 1211 fuisse
1226 1177 1355 1221 pietatis
1369 1177 1478 1209 studio
1493 1175 1659 1218 agitatum,
1678 1180 1721 1215 ut,
1734 1175 1854 1208 emisso

1093 1241 1094 1258 l
1115 1232 1223 1265 cordis
1249 1230 1409 1263 altissimo
1435 1229 1594 1272 suspirio,
1620 1239 1685 1261 non
1711 1229 1857 1272 potuerit

1115 1284 1174 1318 sibi
1197 1290 1378 1327 temperare
1396 1283 1473 1326 quin
1496 1293 1568 1315 mox
1587 1281 1768 1320 Tononum,
1787 1281 1856 1314 eius

1115 1337 1300 1382 provinciae
1326 1341 1431 1380 caput,
1460 1346 1492 1369 se
1517 1334 1706 1373 contulerim
1729 1334 1854 1377 ibique,

1115 1396 1223 1424 erecto
1249 1390 1395 1423 veritatis
1427 1389 1557 1429 vexillo,
1584 1399 1642 1432 per
1667 1387 1856 1431 patientiam

1093 1471 1094 1475 ,
1116 1451 1147 1478 et
1171 1444 1353 1478 doctrinam
1378 1442 1530 1476 omnibus
1556 1441 1664 1475 onmia
1690 1441 1792 1473 factus
1812 1441 1856 1473 ia-

1115 1503 1243 1531 centem
1268 1497 1463 1540 religionem
1493 1495 1668 1535 sustinuit,
1696 1499 1728 1527 et
1754 1494 1853 1527 domi-

1115 1556 1245 1585 nantem
1274 1550 1473 1594 impietatem
1508 1548 1605 1591 sregit
1641 1559 1677 1580 ac
1713 1547 1856 1585 deiecit,

1116 1604 1207 1649 quasi
1232 1605 1314 1637 alter
1344 1603 1455 1636 David.
1484 1602 1545 1635 Sed
1577 1601 1657 1634 illud
1683 1601 1714 1633 in
1741 1600 1854 1644 primis

1115 1658 1247 1701 egregie
1272 1657 1384 1700 gessit,
1413 1655 1499 1699 quod
1526 1665 1688 1698 nusquam
1712 1664 1773 1686 nec
1798 1664 1857 1685 un-

1116 1722 1213 1756 quam
1240 1710 1406 1754 negotium
1431 1709 1505 1741 snlei
1532 1707 1767 1751 desperaverit,
1799 1707 1855 1739 scd

1115 1765 1219 1798 maior
1249 1764 1442 1802 laboribus,
1476 1761 1709 1805 impedimenta
1735 1759 1855 1799 onmia,

1115 1818 1139 1850 si
1170 1828 1236 1850 non
1260 1821 1389 1860 poterat
1412 1815 1552 1853 tollere,
1579 1814 1628 1846 vcl
1669 1812 1858 1855 effingicbat

1115 1873 1163 1905 rel
1181 1870 1344 1904 eludebat.
1364 1869 1552 1901 Prohibitus
1577 1866 1700 1900 Tononi
1730 1877 1857 1899 sacrum

1115 1922 1296 1961 conticere,
1329 1923 1361 1954 in
1399 1932 1506 1954 arcem
1540 1920 1756 1962 Allingianam
1792 1929 1857 1951 me-

1116 1981 1272 2009 moratam
1296 1980 1434 2018 quatuor
1459 1973 1652 2006 milliaribus
1679 1973 1856 2005 distantem

1114 2136 1221 2169 ciebat.
1247 2133 1384 2176 singulis
1410 2133 1526 2165 diebus
1550 2142 1610 2175 per
1640 2131 1763 2163 trabem
1789 2131 1857 2173 gla-

1114 2188 1161 2221 cie
1188 2192 1372 2221 concrctam
1399 2186 1547 2219 manibus
1584 2195 1620 2217 ac
1645 2183 1784 2227 pedibus
1810 2194 1855 2216 re-

1115 2252 1206 2285 pens.
1222 2240 1362 2273 Venatus
1386 2238 1567 2278 calumniiS,
1581 2242 1613 2270 et
1630 2237 1749 2280 ubique
1776 2241 1856 2269 tam>

1114 2306 1212 2338 quam
1236 2294 1385 2338 publicae
1411 2292 1528 2336 quictis
1559 2291 1786 2335 perturbator,
1805 2301 1855 2322 se-

1114 2349 1230 2381 ductor
1254 2347 1468 2391 populorum,
1505 2351 1536 2378 ct
1568 2345 1663 2388 plane
1689 2342 1854 2376 veneticus

1114 2402 1345 2441 conclamatus,
1363 2400 1452 2432 nullo
1478 2398 1629 2432 infai'niac
1647 2403 1748 2437 metu,
1764 2397 1854 2429 nullo

1114 2454 1303 2487 insidiarum
1327 2452 1484 2495 strepitu,
1511 2452 1602 2484 nullo
1626 2451 1709 2483 vitae
1741 2449 1854 2482 discri-

1112 2508 1198 2540 mine
1236 2506 1352 2539 adduci
1387 2505 1494 2549 potuit
1529 2510 1563 2537 nt
1595 2509 1752 2537 tentatam
1779 2503 1853 2535 sulci

1111 2560 1293 2594 catholicae
1319 2558 1561 2593 restitutionem
1592 2557 1700 2601 aliqua
1726 2556 1852 2589 ratione

1755 165 1819 197 4:353
1865 173 1912 200 Aa.
1931 175 1957 200 (⁷2.
1985 174 2048 201 titti‘t

1891 710 1967 729 Contra
2006 717 2010 728 ι

1865 739 1943 756 reticos
1953 737 2001 756 adm
2009 743 2048 755 xus.
