2247 3208
111 223 160 253 'An
178 225 207 253 C.
230 224 298 253 1666

298 273 413 316 Iusque
439 273 554 305 cellam
580 272 676 305 etiam
702 278 801 306 noctu
827 272 870 305 ita
894 273 1033 311 claudat,

297 325 374 368 quin
391 336 407 358 a
421 325 594 369 superiore
612 326 715 369 possit
730 326 861 369 aperiri.
882 325 927 358 Sit
941 325 1036 358 etiam

295 378 328 410 in
364 378 448 411 ostio
483 378 629 411 foramen
666 379 807 422 pendula
840 379 889 411 vol
925 378 1034 410 ductili

297 432 404 464 tabula
429 437 633 475 coopertum.
653 432 765 463 Vestiti
792 431 954 464 dormiant
971 441 1036 462 om-

296 496 353 518 nes
380 496 450 518 011111
476 496 574 528 parvo
599 486 726 529 caputio
752 486 836 518 albo.
864 484 1035 516 Lectister-

295 539 349 571 nia
375 539 551 571 secundum
576 540 720 581 regulam
737 538 769 570 in
787 538 833 570 015
860 537 1035 580 disponan-

296 596 360 632 tur,
381 597 413 624 et
436 592 606 635 suppellex
630 591 701 624 talis
721 591 771 630 sit,
789 595 822 622 ut
840 590 935 622 statui
958 600 1034 632 pan·

296 645 443 688 pertatis,
471 655 565 687 quani
598 644 734 687 professi
761 647 835 675 sunt
859 642 1031 682 monachi,

296 697 486 730 conveniat:
512 696 594 730 1111111
620 696 772 739 superflui
798 697 831 728 in
857 697 893 728 ea
919 695 966 735 sit,
987 695 1034 727 ni-

296 751 342 784 hil
368 750 463 783 etiam
488 750 520 782 111
546 752 582 782 ea
606 749 780 782 necessarii
807 749 898 782 desit.

427 813 513 842 Circa
535 815 623 850 caput
645 812 782 841 XXVIII
804 811 842 840 De
865 812 906 840 leis

365 862 412 900 qui
433 862 543 900 saepius
564 862 678 890 correcli
703 871 754 889 uon
777 861 966 890 enzmislanlmz

338 920 387 943 xx.
419 909 638 945 Observentur
667 919 778 941 sacrae
809 908 1033 950 congregatio-

295 963 344 996 nis
369 962 498 995 concilii
524 963 653 995 decreta
678 963 716 994 de
741 961 943 1004 regularibus
961 971 1034 1003 apo-

294 1015 385 1049 statis
412 1020 443 1048 et
467 1015 597 1055 eiectis,
624 1021 656 1048 et
679 1015 767 1047 iuxta
792 1015 846 1048 illa
872 1015 1034 1046 dumtaxat

294 1069 535 1111 incorrigibiles
569 1079 584 1101 e
622 1068 824 1101 monasteriis
849 1074 880 1101 et
914 1067 1032 1101 Ordine

295 1121 477 1155 eiiciantur.

383 1183 469 1212 Circa
491 1184 580 1220 caput
601 1183 708 1210 xxxi
734 1181 770 1210 Dr·
792 1181 946 1209 cellerario.

339 1241 402 1263 xxl.
427 1230 673 1262 Administratio
691 1231 849 1262 bonorum
876 1235 1035 1271 tempora-

296 1282 384 1323 lium,
411 1283 588 1315 secundum
614 1282 747 1315 Concilii
774 1282 953 1321 Tridentini
981 1281 1035 1313 dc-

295 1341 429 1375 cretum,
455 1335 508 1368 fiat
534 1346 592 1379 per
610 1335 774 1372 officiales,
793 1340 889 1378 prout
913 1334 1035 1367 scilicet

296 1389 342 1422 eis
368 1389 545 1422 iniunxerit
564 1389 675 1427 aleaS,
695 1389 733 1421 ad
755 1393 865 1420 nutum
883 1388 1035 1420 amovim-

296 1443 356 1483 les,
385 1443 430 1475 sie
454 1448 489 1474 ut
514 1443 553 1475 de
579 1442 728 1475 omnibus
762 1441 902 1484 receptis
929 1446 961 1473 et
985 1451 1036 1473 ex-

295 1496 405 1539 pensis
431 1506 538 1529 coram
564 1496 680 1528 abbate
710 1505 766 1526 seu
800 1494 967 1537 superiore
1005 1499 1035 1526 et

254 1568 261 1575 x
297 1550 480 1583 senioribus
499 1550 610 1582 domus
627 1548 758 1581 fidelem
776 1552 947 1580 teneantur
964 1548 1036 1580 red-

298 1603 376 1636 dere
400 1603 578 1635 rationem:
598 1601 753 1645 pecuniae
770 1611 846 1633 vero
865 1610 978 1633 omnes
997 1601 1035 1632 ab

297 1666 362 1688 11110
381 1655 528 1688 bursario
554 1665 612 1698 per
637 1654 786 1686 abbatem
808 1658 864 1684 aut
891 1653 1037 1695 superio-

298 1718 367 1741 rem
400 1708 439 1740 de
471 1707 606 1741 consilio
643 1707 805 1739 seniorum
841 1705 1037 1738 stabiliendo

300 1766 472 1794 serventur
497 1761 529 1793 in
555 1762 628 1792 arca
661 1760 720 1792 sub
753 1759 854 1791 trihus
879 1759 1037 1798 0101113115,

301 1825 436 1858 quarum
460 1825 523 1846 una
548 1814 633 1857 apud
669 1813 819 1845 abbatem
854 1817 908 1844 aut
940 1823 1061 1855 511110-Ἰ

301 1867 422 1900 riorem
448 1872 594 1905 maneat,
626 1867 720 1899 aliam
745 1866 905 1898 custodiat
930 1865 1039 1898 senior

303 1920 428 1960 domus,
445 1920 573 1952 tertiam
590 1929 665 1951 vero
681 1919 751 1962 ipse
769 1918 946 1951 bursarius.
965 1918 1040 1950 Nul-

303 1973 351 2005 lus
370 1983 407 2005 ex
428 1972 648 2016 superioribus
673 1972 816 2004 locorum
841 1971 1041 2003 administra-

304 2025 425 2058 tionem
450 2026 610 2058 bonorum
629 2051 636 2065 ,
661 2029 714 2056 aut
750 2025 884 2057 aliarum
910 2034 1040 2063 rerum,

304 2078 645 2122 dispensationemque
670 2077 882 2120 pecuniarum
916 2083 946 2109 et
970 2078 1043 2109 red-

305 2131 426 2165 dituum
463 2131 511 2163 sui
548 2136 745 2170 conventus,
779 2131 876 2162 etiam
910 2131 1041 2162 nomine

305 2190 489 2224 conventus,
504 2194 563 2227 per
577 2183 721 2226 seipsum
740 2183 861 2215 habere
880 2194 936 2216 seu
952 2194 1043 2216 exer-

306 2247 379 2270 cere
404 2237 522 2280 possit,
545 2238 601 2270 sed
618 2238 800 2270 universum
826 2237 857 2269 id
880 2247 961 2269 onus
988 2237 1043 2269 tri-

306 2291 366 2323 bus
392 2290 543 2322 fratribus
569 2290 715 2323 eiusdem
742 2296 917 2322 conventus
947 2301 964 2322 a
990 2301 1044 2332 ge-

307 2343 408 2376 nerali
440 2344 485 2375 ita
514 2343 746 2383 demandetur,
771 2349 806 2374 ut
828 2353 911 2375 unus
936 2344 1043 2376 rerum

309 2403 340 2429 et
363 2397 544 2436 bonorum,
569 2396 820 2439 reddituumque
845 2397 1045 2439 colligendo-

309 2461 400 2490 rum,
425 2461 461 2483 ac
494 2450 726 2492 exigendorum
763 2460 873 2481 curam
900 2450 1016 2482 haheat
1035 2477 1042 2490 ,

309 2503 391 2536 alter
415 2508 576 2546 tamquam
603 2502 817 2545 depositarius
835 2502 988 2545 pecunias
1010 2513 1045 2534 ac

310 2562 417 2589 cetera
446 2557 485 2589 ab
510 2557 566 2588 illo
601 2557 736 2588 collecta
773 2561 803 2587 et
833 2561 941 2587 exacta
967 2556 1045 2587 fide-

311 2609 385 2642 liter
410 2614 561 2649 assonet,
590 2610 679 2649 alius,
702 2609 740 2641 de
768 2608 909 2651 pecuniis
935 2619 969 2640 :2c
995 2619 1044 2641 re·
1065 2635 1067 2638 .

894 224 1081 248 Atilzxxxmiu
1105 225 1148 248 vti
1175 225 1221 247 ΓΡ.

1720 210 1784 246 &⁷45

1082 272 1141 303 hus
1166 284 1183 304 11
1209 271 1403 314 depositario
1429 270 1579 313 acceptis,
1603 270 1762 313 superiori
1787 275 1819 303 01

1080 325 1235 356 fratribus
1261 334 1296 356 ac
1322 323 1491 356 couventui
1517 323 1668 355 universo
1693 323 1733 356 de
1762 333 1819 355 ne-

1079 377 1228 409 cessariis
1248 404 1255 417 ,
1291 377 1464 409 mandante
1496 381 1602 408 tamen
1628 376 1696 419 ipso
1723 385 1819 419 supe-

1078 429 1171 467 riore,
1192 439 1256 461 non
1276 430 1452 461 secundum
1474 428 1643 471 proprium
1658 427 1817 468 affectum,

1077 482 1133 513 sed
1160 481 1247 513 iuxta
1272 481 1439 513 eharitatis
1462 481 1621 522 regulam,
1638 480 1736 512 veluti
1761 481 1818 512 bo-

1077 545 1135 566 nus
1171 534 1378 576 dispensator
1410 533 1600 576 provideat,
1635 533 1817 565 officiorum

1077 586 1263 619 huiusmodi
1277 586 1467 618 confusione
1482 585 1611 628 penitus
1629 585 1812 618 interdieta.

1076 651 1161 681 Oirea
1176 652 1265 688 eaput
1280 650 1420 678 XXXIII
1436 648 1466 677 Si
1483 649 1547 687 qvid
1561 648 1672 677 debean!
1691 647 1818 677 monachi

1303 697 1451 736 presulum
1474 697 1579 725 habere.

1120 756 1194 778 xxii.
1222 746 1418 778 Observctur
1441 745 1560 787 ubique
1588 744 1651 776 vita
1674 754 1817 776 commu-

1076 798 1125 830 nis
1150 799 1235 830 iuxta
1260 798 1392 831 Concilii
1419 796 1618 835 Tridentini,
1645 795 1815 828 Benedicti

1077 851 1180 893 Papae
1206 851 1257 882 Xll
1291 855 1323 882 et
1353 849 1527 882 Clementis
1563 849 1623 880 vll]
1662 849 1814 880 decreta:

1076 914 1135 936 uec
1167 903 1316 947 cuiquam
1347 902 1544 944 regularium
1576 906 1639 933 tam
1669 901 1815 933 virorum

1077 968 1173 1000 quam
1199 950 1370 988 mulierum
1396 955 1471 987 dicti
1497 954 1626 987 Ordinis
1645 953 1741 985 liceat
1759 952 1817 984 ali-

1077 1021 1138 1053 qua
1163 1010 1245 1042 1101111
1274 1014 1436 1051 tamquam
1461 1006 1614 1050 propria,
1640 1011 1695 1038 aut
1717 1005 1814 1038 etiam

1077 1063 1207 1095 nomine
1226 1067 1414 1101 conventus,
1435 1060 1603 1103 possidere
1621 1059 1669 1091 vel
1689 1063 1813 1097 tenere,

1077 1127 1135 1149 uec
1162 1117 1207 1147 fas
1234 1115 1275 1147 sit.
1301 1113 1525 1157 superioribus
1552 1111 1646 1144 alicui
1671 1110 1815 1153 regulari

1077 1169 1255 1201 concedere
1280 1167 1366 1199 bona
1384 1166 1521 1205 stabilia,
1540 1170 1593 1197 aut
1608 1164 1687 1197 certi
1713 1162 1812 1203 bladi,

1077 1222 1180 1264 panis,
1198 1221 1261 1252 111111
1280 1222 1329 1252 1101
1347 1219 1503 1262 pecuniae
1526 1217 1702 1261 pensiones
1726 1216 1814 1254 dare,

1077 1275 1173 1307 etiam
1200 1278 1369 1316 przictextu
1401 1276 1624 1304 contractuum
1660 1269 1814 1301 initorum

1077 1329 1127 1360 vel
1153 1327 1370 1358 ineundorum
1404 1325 1490 1356 inter
1521 1324 1698 1356 monachos
1731 1332 1818 1354 coin-

1078 1381 1183 1412 111111115
1211 1385 1241 1411 et
1267 1378 1437 1411 strictioris
1464 1376 1711 1415 observantiae,
1734 1385 1817 1417 quos

1078 1433 1299 1466 sanctissimus
1344 1431 1494 1464 dominus
1534 1434 1646 1461 noster
1681 1429 1816 1460 Alexan-

1079 1486 1134 1518 der
1152 1485 1200 1517 Vll
1219 1484 1389 1517 declararit
1408 1494 1466 1526 per
1490 1493 1563 1514 suas
1581 1482 1613 1513 111
1632 1482 1734 1514 forma
1748 1480 1820 1512 ssre⁴

1078 1539 1123 1571 vis
1148 1539 1271 1571 litteras
1296 1538 1335 1570 de
1355 1537 1405 1569 dic
1431 1537 1541 1568 octava
1566 1534 1686 1567 mensis
1712 1532 1819 1565 martii

1079 1593 1154 1625 anni
1180 1602 1285 1625 MDCLx
1310 1592 1434 1631 nullos,
1461 1589 1595 1627 irritos,
1620 1587 1760 1626 illicitos,
1789 1592 1821 1618 et

1080 1644 1265 1689 paupertati
1303 1642 1480 1685 religiosae
1517 1639 1696 1673 contrarios
1717 1650 1724 1679 ;
1762 1640 1819 1671 sed

1080 1707 1186 1739 onmia
1211 1705 1361 1738 omnibus
1389 1704 1455 1736 sint
1479 1702 1672 1741 communia,
1693 1706 1725 1734 et
1746 1702 1822 1734 den-

1082 1767 1131 1794 tur
1156 1760 1331 1802 unicuique
1358 1758 1537 1791 seeundum
1563 1756 1721 1799 cuiusque
1754 1764 1822 1788 mo-

1082 1814 1216 1847 nasterii
1243 1814 1418 1851 facultates,
1437 1811 1608 1854 regionum
1634 1809 1819 1853 qualitatCS,

1084 1868 1192 1900 omnia
1217 1865 1400 1898 necessaria
1433 1869 1500 1896 tum
1532 1864 1572 1896 ad
1604 1863 1721 1895 victum
1754 1867 1823 1894 tum

1085 1921 1122 1953 ad
1148 1920 1310 1957 vestitum,
1331 1918 1394 1950 sive
1421 1928 1512 1956 sano,
1538 1917 1601 1949 sive
1627 1908 1734 1958 aegro,
1756 1915 1821 1947 sive

1084 1973 1163 2011 seni7
1184 1972 1248 2004 sive
1274 1970 1395 2009 iuveni,
1415 1969 1484 2001 51110
1509 1969 1574 2001 ulla
1608 1977 1822 2011 personaram

1085 2025 1285 2068 acceptione,
1306 2029 1337 2055 01
1356 2022 1466 2055 habita
1483 2027 1606 2054 tantum
1626 2021 1751 2054 ratione
1769 2030 1824 2052 ne-

1085 2078 1256 2111 cessitatis.

1095 2138 1181 2166 Circa
1204 2138 1292 2174 caput
1312 2135 1451 2163 XXXIX
1472 2132 1510 2162 De
1532 2135 1661 2162 mensurii
1683 2132 1813 2161 ciborum.

1128 2195 1216 2218 xxui.
1236 2183 1293 2221 Qui
1310 2182 1539 2215 abstinentiam
1557 2193 1573 2214 a
1590 2181 1741 2214 carnibus
1758 2190 1825 2213 am*

1087 2238 1171 2281 plexi
1196 2242 1277 2276 suut,
1297 2242 1349 2268 aut
1374 2236 1406 2267 in
1431 2240 1601 2278 posterum
1626 2234 1826 2276 amplecten-

1088 2297 1160 2329 tur,
1186 2291 1273 2323 illam
1300 2294 1409 2321 exacte
1443 2288 1623 2327 retineant,
1650 2293 1680 2319 et
1704 2286 1824 2319 nemini

1088 2344 1217 2376 illorum
1243 2343 1338 2375 liceat
1364 2342 1401 2373 ad
1429 2351 1634 2373 communem
1652 2340 1751 2382 ipsius
1769 2339 1825 2372 Or-

1065 2423 1067 2427 ,
1088 2397 1171 2429 dinis
1196 2395 1431 2428 observantiam
1457 2394 1608 2433 transire,
1640 2393 1701 2425 nisi
1726 2392 1825 2435 petita

1087 2454 1119 2481 et
1143 2449 1274 2481 obtenta
1300 2447 1451 2479 facultate
1478 2456 1494 2478 a
1519 2456 1645 2477 summo
1671 2444 1825 2477 Pontifice

1088 2513 1146 2545 pro
1171 2507 1317 2543 tempore
1344 2499 1511 2538 existente,
1532 2504 1586 2530 aut
1610 2498 1725 2530 saltem
1743 2507 1760 2529 a
1777 2507 1826 2528 ca-

1088 2555 1188 2598 pitulo
1214 2552 1367 2595 generali,
1392 2553 1452 2590 vel,
1476 2561 1514 2584 eo
1539 2555 1694 2590 cessante,
1713 2549 1752 2582 ab
1770 2549 1826 2580 al)-

1088 2608 1157 2641 batc
1183 2605 1401 2640 Cistcrcicnsi.
1421 2604 1503 2637 Nulli
1527 2603 1622 2636 etiam
1644 2601 1822 2636 communis

1831 222 1878 248 Au.
1892 219 1921 248 C.
1947 218 2012 248 ¹666
