2247 3208
78 191 128 217 An.
148 190 178 219 C.
195 191 263 219 1666

137 2406 249 2428 Confirmat

67 2433 169 2456 Pontifex.

857 196 1043 235 Atramenti
1067 197 1111 221 vn
1137 197 1184 222 rt».

267 250 300 273 se
334 240 372 272 ab
404 251 488 273 anno
519 250 624 275 nincxv
660 242 705 275 uti
744 244 918 286 cappuccio
953 255 1031 277 seu¹

266 296 439 333 mezzetta‚
466 293 554 326 iuxta
579 295 848 328 consuetudinem
872 297 1007 329 aliarum

266 345 480 378 ecclesiarum
506 347 742 381 cathedralium
762 348 838 381 dicti
856 349 960 391 regni,
975 354 1008 381 et

265 397 354 441 quod
379 399 529 432 canonici
555 400 651 433 medii
679 407 710 434 et
734 401 902 434 terzenarii
924 401 1007 434 obti-

266 456 406 483 nuerunt
431 452 547 484 eodem
566 459 708 496 tempore
723 464 740 486 a
757 454 896 497 capitulo
915 465 1006 486 usum

266 509 444 536 mozzettae
469 504 590 547 absque
615 506 807 548 cappuccio,
836 511 871 538 ut
896 505 1007 538 distin-

265 562 443 597 guerentur
466 556 499 589 in
524 558 663 590 vestibus
689 568 706 589 a
726 559 888 591 canonicis
907 565 938 591 et
958 559 1005 591 di-

264 609 440 650 gnitatibus
465 610 551 642 iuxta
576 610 810 653 praescriptum
842 621 1005 643 caeremo—

264 661 356 694 nialis
382 662 530 701 romani,
556 663 622 702 sed,
641 673 713 695 cum
731 669 844 705 postea
862 664 900 696 de
918 674 1003 696 anno

263 723 395 754 Mncxvi,
418 725 484 747 non
509 714 789 757 acquiescentibus
813 716 929 749 mediis
953 726 1004 749 ca-

263 767 388 799 nonicis
414 773 445 799 et
469 767 668 807 terzenariis,
689 768 891 801 obtinuerint
910 779 927 801 a
952 780 1003 802 ca-

262 820 366 862 pitulo
384 821 553 862 aequalem
570 820 715 853 habitum
733 831 802 853 cum
820 821 890 854 aliis
907 832 1002 855 cano-

261 871 343 904 nicis
365 877 397 904 et
421 871 646 914 dignitatibus,
666 873 772 906 denuo
790 873 888 906 iidem
905 884 1002 907 cano-

262 924 325 956 nici
339 930 369 957 et
388 924 559 967 dignitates
574 925 768 959 iusteterunt
785 937 802 960 a
819 929 908 960 sacra
925 938 1002 961 con-

261 978 451 1020 gregatione
478 979 648 1011 declarari:

304 1040 326 1063 1.
355 1031 403 1063 An
427 1031 542 1063 mediis
568 1032 733 1064 canonicis
759 1038 789 1065 et
813 1033 1000 1066 terzenariis

261 1082 355 1115 liceat
379 1083 425 1115 uti
450 1083 483 1115 in
508 1084 609 1116 choro
634 1090 665 1117 et
691 1084 762 1117 aliis
784 1085 1000 1118 functionibus

260 1135 489 1174 ecclesiasticis
514 1137 640 1179 aequali
660 1137 771 1170 habitu
790 1148 860 1170 cum
878 1138 999 1171 eisdem

260 1189 427 1221 canonicis
453 1194 484 1221 et
510 1189 745 1231 dignitatibus?

305 1252 339 1275 11.
367 1242 415 1273 An
447 1242 622 1285 capitulum
652 1244 795 1285 potuerit
830 1243 998 1285 indulgere

260 1294 433 1337 praedictis
452 1294 565 1326 mediis
581 1295 745 1328 canonicis
764 1301 795 1327 et
812 1296 998 1328 terzenariis

260 1352 295 1378 ut
319 1347 446 1389 aequali
472 1347 582 1379 habitu
610 1358 682 1379 cum
708 1348 873 1380 canonicis
897 1353 927 1380 et
954 1348 999 1380 di-

259 1399 434 1440 gnitatibus
460 1399 636 1432 incedant?

303 1451 340 1484 Et
370 1462 459 1484 sacra
495 1453 608 1485 eadem
644 1454 853 1496 congregatio
891 1454 996 1496 quoad

259 1505 399 1548 primum
423 1505 610 1548 respondit:
645 1516 710 1538 non
737 1507 833 1539 licere
859 1507 995 1546 mediis,

258 1557 411 1598 utaiunt,
430 1559 594 1591 canonicis
612 1569 716 1601 neque
744 1558 931 1592 terzenariis
952 1560 997 1592 uti
1019 1572 1020 1578 ¹

1019 1611 1192 1651 *tempore
1230 1609 1411 1651 spectabit,
1439 1609 1628 1651 plenissime
1665 1608 1779 1641 sull'ra-

259 1610 292 1643 in
317 1610 418 1643 choro
444 1616 476 1643 et
500 1611 569 1643 aliis
596 1611 812 1644 functionibus
846 1612 998 1645 ecclesia-

259 1662 346 1695 sticis
372 1663 501 1706 aequali
538 1664 651 1696 habitu
677 1675 749 1696 cum
775 1664 941 1696 canonicis
967 1671 997 1697 et

259 1715 479 1758 dignitatibus,
507 1717 569 1749 hoc
594 1722 642 1749 est
661 1722 820 1749 mozzetta
834 1728 905 1749 cum
926 1728 999 1760 cap-

259 1769 382 1811 puccio‚
409 1769 477 1802 sine
510 1769 634 1802 indulto
671 1770 866 1812 apostolic0;
892 1771 996 1813 quoad

258 1821 455 1854 secundum:
474 1832 537 1855 non
563 1823 690 1854 licuisse
709 1834 768 1855 nec
789 1823 886 1856 licere
903 1833 998 1856 cano-

259 1874 338 1906 nicis
374 1880 405 1907 et
441 1875 583 1918 capitulo
624 1875 856 1918 Colymbriensi
893 1876 1019 1912 indul—¹

1018 1934 1019 1938 ¹
1039 1934 1099 1966 per
1121 1924 1170 1955 liis
1196 1935 1213 1956 a
1239 1935 1412 1967 quoquam,
1432 1924 1544 1967 quavis
1568 1923 1776 1963 auctoritate,

259 1938 333 1969 gere
370 1927 522 1970 praefatis
557 1928 720 1960 canonicis
756 1939 862 1971 neque
896 1934 997 1961 tei-ze-

258 1980 356 2013 nariis
382 1986 416 2012 ut
441 1981 566 2023 possint
590 1983 746 2013 mozzetta
761 1992 832 2013 cum
858 1992 997 2024 cappuc-

258 2033 306 2065 cio
332 2034 381 2065 vel
406 2033 532 2076 aequali
553 2033 664 2065 habitu
684 2044 756 2066 cum
782 2034 948 2066 canonicis
966 2042 997 2068 et

259 2085 468 2126 dignitatibus
486 2085 519 2117 in
539 2085 755 2118 functionibus
773 2086 996 2118 ecclesiasticis

259 2136 421 2169 incedere.

302 2189 367 2222 Hac
393 2191 444 2222 die
468 2200 486 2223 x
510 2190 620 2233 aprilis
645 2200 795 2224 nnetxvi.

346 2242 385 2274 M.
402 2243 500 2285 episc
515 2243 699 2276 Sabinensis
717 2244 802 2276 card.
823 2243 993 2278 Gmmrus.

479 2296 704 2329 Bssnxfflnmus
721 2297 878 2337 Casinus,

288 2357 397 2381 sacrae
414 2348 532 2380 rituum
553 2350 811 2391 congregationis
832 2356 946 2382 secret.
964 2363 993 2382 ».

303 2401 318 2443 ἓ
342 2400 373 2433 ⁶2.
401 2400 479 2433 Cum
504 2406 622 2440 autem,
642 2401 726 2434 sicut
751 2412 810 2444 pro
836 2407 926 2444 parte
946 2413 996 2434 ca-

261 2453 454 2486 nonicorum
495 2459 527 2486 et
563 2454 736 2496 dignitates
778 2455 995 2487 obtinentium

260 2506 482 2549 praefatorum
495 2506 589 2538 nobis
603 2517 707 2550 nuper
723 2507 907 2550 expositum
928 2508 994 2547 suit,

262 2559 324 2601 ipsi
356 2559 520 2592 decretum
553 2559 752 2599 huiusmodi,
780 2569 842 2602 quo
875 2559 996 2592 firmius

1052 245 1212 285 subsistat,
1240 247 1438 289 apostolicae
1464 248 1715 281 contirirationis
1737 260 1793 282 no-

1052 302 1134 329 strae
1159 298 1341 340 patrocinio
1367 299 1558 332 communiri
1590 310 1792 343 summopere

1052 348 1250 381 desiderent:
1264 360 1333 389 nOS,
1349 351 1524 393 specialem
1538 352 1614 395 ipsis
1628 363 1793 395 exponen·

1051 401 1137 433 tibus
1163 402 1297 444 gratiam
1320 403 1426 435 facere
1452 405 1610 443 volentes,
1625 410 1658 437 et
1677 415 1791 438 eorum

1049 453 1231 495 singulares
1258 464 1416 496 personas
1436 466 1453 487 a
1468 456 1637 498 quibusvis
1661 468 1790 490 excom-

1050 506 1296 546 municationis,
1313 508 1542 550 suspensionis
1559 514 1590 541 et
1611 509 1788 550 interdicti,

1049 558 1190 601 aliisque
1213 559 1446 592 ecclesiasticis
1477 561 1659 601 sententiis,
1677 573 1790 595 censu-

1049 610 1092 642 ris
1121 615 1154 642 et
1177 611 1294 653 poenis
1311 637 1318 651 ,
1346 622 1363 643 a
1388 612 1458 645 iure
1485 614 1534 645 vel
1566 614 1605 645 ab
1632 614 1787 654 homine,

1049 662 1163 705 quavis
1181 663 1355 695 occasione
1382 664 1431 696 vel
1450 667 1548 697 causa
1568 665 1653 704 latis,
1672 666 1699 698 si
1718 666 1789 709 qui·

1046 715 1105 747 bus
1122 715 1372 758 quomodolibet
1387 716 1561 749 innodatae
1576 718 1727 757 existunt,
1747 718 1787 751 ad

1048 766 1203 800 effectum
1228 769 1454 811 praesentium
1480 770 1650 802 dumtaxat
1672 781 1788 803 conse-

1048 820 1224 862 quendum,
1252 821 1368 853 harum
1400 822 1486 854 serie
1518 822 1727 855 absolventes
1755 828 1787 855 et

1045 873 1212 905 absolutas
1247 873 1316 905 sore
1346 879 1538 913 censentes,
1572 874 1786 917 supplicatio-

1046 925 1141 958 nibus
1169 936 1282 958 eorum
1307 926 1438 959 nomine
1468 927 1563 959 nobis
1596 937 1696 970 super
1722 928 1784 961 hoc

1047 977 1213 1010 humiliter
1238 978 1401 1021 porrectis
1426 978 1593 1017 inclinati,
1621 979 1785 1012 decretum

1045 1030 1290 1072 praeinsertum,
1313 1030 1504 1063 auctoritate
1523 1030 1717 1074 apostolica,
1736 1037 1784 1065 te-

1046 1092 1126 1114 nore
1148 1083 1386 1125 praesentium,
1413 1084 1629 1126 approbamus
1655 1089 1687 1116 et
1712 1094 1784 1117 con-

1045 1135 1227 1173 firmamus,
1254 1135 1382 1178 illisque
1410 1136 1603 1169 inviolabilis
1628 1137 1783 1179 apostoli-

1044 1197 1098 1219 cae
1117 1187 1273 1220 firmitatis
1299 1189 1398 1220 robur
1422 1189 1607 1229 adiicimns3
1626 1191 1712 1222 salva
1736 1195 1781 1221 ta-

1043 1250 1118 1272 men
1150 1251 1281 1282 semper
1314 1241 1345 1272 in
1374 1242 1558 1283 praemissis
1590 1242 1781 1274 auctoritate

1042 1292 1207 1334 praefatae
1234 1294 1497 1336 congregationis
1522 1294 1748 1327 cardinalium.

1085 1346 1099 1387 g
1125 1345 1155 1378 3.
1185 1346 1406 1379 Decernentes
1436 1348 1568 1379 eusdem
1584 1353 1779 1390 praesentes
1822 1362 1931 1383 rit-emtum
1948 1369 1974 1383 u-

1791 1392 1862 1408 Maus.

1042 1397 1179 1437 litteras,
1201 1410 1332 1442 semper
1357 1399 1479 1439 firmas,
1510 1400 1632 1432 validas
1656 1406 1685 1432 et
1713 1400 1780 1432 esti-

1041 1461 1134 1483 caces
1165 1451 1305 1483 existere
1334 1457 1363 1485 et
1398 1452 1492 1491 sore,
1530 1463 1675 1495 suosque
1712 1453 1782 1495 plc-

1041 1503 1151 1535 narios
1179 1509 1209 1535 et
1230 1504 1376 1545 integros
1399 1503 1531 1536 ell'ectus
1550 1504 1660 1536 sortiri
1679 1509 1711 1536 et
1729 1504 1781 1536 ob-

1042 1555 1158 1595 tinere,
1185 1567 1220 1588 ac
1246 1556 1320 1596 illis,
1341 1557 1380 1588 ad
1406 1567 1488 1599 quos
1514 1562 1642 1600 spectat
1666 1562 1698 1589 ct
1719 1567 1779 1599 pro

1041 1661 1128 1702 gari,
1163 1661 1276 1704 sicque
1312 1662 1343 1693 in
1380 1661 1570 1704 praemissis
1598 1672 1657 1704 per
1682 1672 1779 1704 quos-

1040 1723 1176 1756 cumque
1212 1713 1337 1746 iudices
1370 1714 1555 1746 ordinarios
1582 1719 1615 1746 et
1646 1714 1778 1756 delega-

1040 1772 1110 1805 tos,
1145 1765 1243 1798 etiam
1276 1777 1449 1798 causarum
1475 1766 1587 1810 palatii
1619 1767 1777 1809 apostoli-

1040 1819 1067 1850 ci
1094 1818 1277 1858 auditores,
1314 1819 1450 1851 iudicari
1487 1824 1519 1851 et
1551 1818 1680 1851 definiri
1714 1819 1772 1851 de-

1039 1872 1128 1910 bere,
1147 1882 1184 1904 ac
1209 1872 1338 1903 irritum
1367 1877 1399 1904 et
1425 1873 1522 1904 inane
1545 1871 1571 1903 si
1601 1881 1695 1903 secus
1724 1881 1778 1903 su-

1040 1977 1182 2009 scienter
1214 1979 1263 2009 vel
1290 1976 1701 2019 ignoranterscontigerit
1732 1982 1778 2008 at-

1041 2030 1170 2062 tentari.

1083 2084 1097 2126 ξ
1122 2083 1151 2115 4.
1169 2082 1239 2115 Non
1257 2084 1463 2116 obstantibus
1482 2083 1774 2116 constitutionibus
1799 2095 1969 2120 nemmem,

1785 2122 1903 2142 trau-iorum.

1040 2142 1072 2168 et
1088 2136 1350 2169 ordinationibus
1370 2137 1567 2179 apostolicis,
1590 2136 1774 2179 ceterisque

1039 2189 1211 2221 contrariis
1234 2190 1509 2232 quibuscumque.

1082 2242 1193 2274 Datum
1225 2242 1363 2282 Romae,
1391 2243 1474 2286 apud
1505 2242 1536 2275 S.
1564 2243 1692 2275 Mariam
1717 2243 1778 2275 Ma-

1039 2295 1159 2335 iorem,
1186 2296 1245 2328 sub
1271 2297 1390 2328 annulo
1416 2295 1599 2336 Piscatori&
1623 2295 1674 2328 die
1699 2306 1776 2329 xvut

1017 2348 1163 2390 raugusti
1187 2357 1338 2388 iinctxw,
1365 2348 1570 2391 pontificatus
1596 2348 1698 2381 nostri
1723 2359 1778 2380 an-

1038 2412 1079 2434 no
1101 2413 1157 2434 xli.

1073 2463 1131 2490 Dat.
1148 2463 1190 2490 die
1210 2463 1240 2490 18
1255 2463 1362 2498 augusti
1379 2464 1456 2497 1666,
1474 2464 1571 2499 pontii.
1595 2472 1663 2492 anno
1684 2470 1726 2491 xu.

1648 191 1650 193 ’
1680 192 1744 225 409
1790 202 1838 228 An.
1859 201 1886 228 C.
1905 200 1979 228 -Πϋό
