2247 3208
138 258 186 282 An.
208 257 235 282 C.
257 257 320 283 uis—,8

171 317 316 337 visitationem

141 344 316 364 innuant-norant

130 370 242 389 comment
258 372 280 390 ut
296 377 315 389 un

130 396 224 417 rubum.

162 2323 247 2345 Poenae
269 2331 318 2345 con-

136 2354 166 2371 tra
196 2351 318 2373 inobedien-

135 2380 174 2399 tes.

958 254 1101 278 CLEMENS
1127 256 1154 278 {X
1180 255 1226 278 PP.

330 314 469 343 necnon,
497 303 699 346 evangelicae
726 308 757 335 et
786 302 982 346 apostolicae
1009 303 1065 335 do-

328 357 449 389 ctrinae
475 367 704 399 sacrorumque
725 367 884 389 canonum
911 362 942 389 et
966 366 1065 398 gene-

327 410 441 442 ralium
476 410 685 442 conciliorum
717 415 746 442 et
781 410 973 453 pracsertim
998 409 1064 441 Tri-

327 462 449 495 dentini
477 462 614 495 decretis
647 474 682 495 ac
713 467 898 495 sam-torum
934 461 1064 494 patrum

327 515 555 548 traditionibus
591 520 623 547 ct
662 515 864 557 regularibus
905 514 1063 547 dictorum

327 569 598 601 monasteriorum
638 567 792 600 institutis
833 566 1033 599 inhaerendo
1054 593 1061 606 ,

328 631 549 664 qua-*euinque
582 620 836 659 reformatione,
865 619 1061 658 mutatione,

327 673 531 706 correctione
548 699 555 713 ,
588 672 817 711 renovatione,
843 684 877 705 ac
904 672 1000 704 etiam
1025 683 1062 704 ex

326 727 454 768 integro
481 726 622 759 editione
648 725 794 767 indigere
820 725 1061 767 cognoveritis,

327 779 521 817 reformetis,
542 779 681 817 mutetis,
707 778 885 820 corrigatis,
913 784 942 811 et
967 778 1063 811 etiam

327 833 366 865 de
392 842 476 865 novo
502 831 657 869 condatis,
677 831 815 870 condita,
844 831 941 863 sacris
967 842 1064 863 cano-

327 885 423 917 nibus
449 890 477 916 et
500 884 632 916 Concilii
659 884 837 917 Tridentini
864 883 1000 916 decretis
1033 889 1064 916 et

324 937 528 980 regularibus
552 937 710 969 dictorum
731 938 1001 971 monasteriorum
1020 938 1064 969 in-

325 990 445 1023 stitutis
480 999 543 1023 non
569 991 804 1033 repugnantia,
841 990 1060 1031 confirmetis,

326 1043 443 1075 abusus
469 1054 689 1086 quoscumque
728 1043 864 1086 tollatis,
895 1043 1063 1087 pristinam

326 1096 482 1139 regularis
508 1097 732 1129 observantiae
753 1108 898 1129 normam
917 1102 949 1130 et
975 1097 1063 1130 disci·

327 1149 457 1192 plinani,
477 1160 511 1181 ac
538 1150 802 1182 reformationem
821 1156 852 1182 et
868 1140 1076 1191 clatssuramj

326 1213 453 1236 necnon
480 1204 580 1236 bonas
613 1214 647 1235 ac
681 1204 862 1236 laudabiles
891 1209 1063 1237 consuetu-

327 1256 435 1296 dines,
461 1257 566 1289 modis
591 1257 744 1299 congruis
771 1256 967 1295 restituatis,
997 1268 1063 1290 mo-

327 1309 507 1352 nialesque,
535 1310 800 1342 reformationem
826 1315 857 1342 et
882 1311 1063 1342 clausuram

327 1363 498 1396 admittere.
524 1369 724 1402 recusantes,
742 1364 781 1395 ad
804 1363 1063 1396 reformationem

327 1422 359 1448 et
372 1417 552 1448 clausuram
570 1415 753 1448 huiusmodi
774 1415 975 1458 recipiendas
995 1426 1064 1448 mo-

326 1469 439 1509 neatis,
465 1479 530 1501 non
555 1474 661 1501 autem
687 1469 830 1511 cogatis,
860 1480 965 1512 neque
992 1480 1064 1512 pro-

326 1528 437 1566 pterea
463 1522 654 1565 expellatis,
687 1523 743 1555 sed
777 1522 808 1554 in
841 1528 1007 1566 posterum
1032 1523 1063 1555 in

327 1575 404 1620 ipsis
430 1575 635 1608 monasteriis
661 1576 766 1608 nullas
791 1575 869 1608 alias
894 1576 1062 1616 moniales,

327 1629 389 1662 nisi
415 1629 504 1673 prins
535 1628 608 1662 illae
636 1624 899 1661 reformaiionem
924 1635 955 1661 ct
979 1630 1065 1662 elau-

329 1693 439 1715 suram
473 1681 657 1714 huiusmodi
694 1692 727 1714 se
765 1687 947 1715 servaturas
983 1693 1062 1725 pro-

328 1736 467 1775 mittant,
493 1735 594 1778 rccipi
620 1735 838 1778 prohibeatis,
865 1746 899 1767 ac
926 1736 1065 1778 denique

329 1789 436 1822 omnia
461 1794 493 1821 et
509 1788 643 1830 singula,
663 1798 743 1831 quae
763 1788 919 1820 dictorum
938 1800 1066 1822 monas-

329 1841 485 1875 teriorum
524 1841 762 1880 visitationem,
801 1841 1062 1882 correctionem,

330 1906 365 1927 ac
392 1894 424 1927 in
448 1894 512 1927 illis
530 1894 772 1926 reformationis
790 1899 821 1927 et
838 1896 1004 1927 clausurae
1023 1895 1066 1928 in-

329 1946 567 1980 troductionem
587 1946 830 1990 quomodolibet
850 1954 1064 1988 concernunt,

331 2001 463 2041 faciatis,
491 2001 614 2039 dicatis,
640 2001 757 2043 geratis
783 2006 814 2033 et
838 2003 1063 2045 exequamini,

328 2065 425 2097 super
451 2054 565 2097 quibus
596 2054 744 2087 omnibus
777 2060 809 2087 et
833 2054 968 2097 singulis
993 2057 1063 2098 ple·

328 2118 413 2148 nam,
438 2107 573 2141 liberam
599 2112 630 2140 et
655 2108 795 2150 amplam
824 2108 1011 2141 &cultatem
1037 2114 1068 2141 et

329 2160 576 2201 anethi-itatem,
604 2161 687 2193 dicta
713 2162 903 2194 auctoritate
919 2188 926 2201 ‚
953 2168 1066 2195 tenore

329 2214 562 2257 praesentium,
575 2214 664 2247 vobis
681 2214 888 2247 concedimus
903 2219 934 2247 et
950 2214 1068 2258 imper-

329 2266 436 2299 timui:

373 2320 388 2362 g
413 2319 443 2351 Q,
471 2319 658 2352 Mandantes
678 2320 1016 2362 proptereaomnibus
1038 2326 1069 2354 et

329 2372 465 2415 singulis
485 2372 645 2404 dictorum
663 2372 933 2405 monasteriorum
949 2373 1069 2406 monia-

329 2426 412 2459 libus
440 2431 470 2458 et
500 2424 722 2468 superioribus
755 2424 1007 2468 quibuscumque
1035 2432 1069 2459 ut

327 2478 417 2512 vobis
436 2478 587 2511 omnibus
613 2483 645 2510 et
669 2477 806 2520 singulis
832 2477 865 2509 in
882 2478 1066 2520 praemissis

327 2537 477 2574 prompte
502 2535 639 2575 pareant
664 2535 695 2563 et
717 2530 880 2570 obediant,
898 2536 1068 2575 vestraque

1108 308 1230 342 curent,
1249 301 1394 344 alioquin
1408 301 1600 333 sententiam
1614 300 1678 332 sive
1693 310 1843 343 poenam,

1108 365 1203 397 quam
1227 355 1287 387 rite
1313 353 1450 387 tuleritis
1479 364 1534 386 seu
1556 352 1731 386 statueritis
1748 353 1780 385 in
1802 363 1847 385 re-

1107 407 1225 447 belles,
1251 413 1352 440 ratam
1379 407 1585 447 habebimus,
1613 412 1643 439 ct
1675 406 1844 447 faciemus,

1107 449 1394 499 auctore-Domino,
1414 471 1515 503 usque
1534 461 1572 493 ad
1594 460 1846 492 satisfactionem

1106 514 1301 555 condignam
1328 513 1556 547 inviolabiliter
1578 514 1754 546 observari.

1150 566 1164 608 g
1187 565 1219 598 3.
1247 565 1400 598 Volumus
1435 571 1612 604 autemut,
1641 566 1666 598 si
1697 565 1846 608 graviora

1106 619 1137 651 in
1157 618 1338 651 visitatione
1366 619 1549 651 huiusmodi
1577 619 1773 662 repereritis,
1793 629 1843 658 ea,

1107 682 1258 704 nencnon
1284 672 1531 704 informationes
1550 682 1661 704 onmes
1682 671 1714 704 in
1740 664 1845 704 buius-

1107 725 1193 757 modi
1212 725 1395 758 visitatione
1414 724 1592 763 sumendas,
1606 725 1664 756 sub
1678 724 1791 756 vestris
1806 724 1845 756 si-

1107 778 1191 821 gillis
1207 778 1340 817 clausas,
1354 778 1393 810 ad
1412 788 1469 809 nos
1488 777 1726 820 quamprimum
1744 782 1845 808 trans-

1107 831 1234 864 mittere
1260 830 1386 869 curetis,
1405 836 1440 862 ut
1458 830 1545 873 quod
1563 830 1595 862 in
1613 830 1676 862 illis
1702 836 1845 862 statuen-

1106 885 1182 917 dum
1207 884 1255 923 sit,
1274 885 1398 917 matura
1422 883 1660 916 consultatione
1687 882 1842 921 adbibita,

1107 938 1331 970 decernamus.

1149 991 1163 1033 ξ
1187 990 1219 1022 4.
1245 989 1315 1023 Non
1348 990 1557 1023 obstantibus
1579 987 1781 1032 apostolicis,
1808 998 1844 1020 ac

1107 1043 1138 1076 in
1179 1043 1415 1076 universalibus
1457 1041 1773 1086 provincialibusque
1814 1046 1846 1073 et

1106 1096 1314 1140 synodalibus
1340 1095 1483 1129 conciliis
1509 1095 1614 1133 editis,
1638 1093 1845 1137 generalibus

1106 1151 1155 1183 vel
1180 1150 1396 1193 specialibus,
1423 1148 1704 1182 constitutionibus
1737 1152 1768 1180 et
1793 1157 1845 1179 or-

1106 1203 1342 1242 dinationibus,
1368 1214 1403 1235 ac
1428 1201 1712 1240 monasteriorum,
1738 1205 1769 1232 et
1794 1200 1846 1233 Or-

1107 1257 1190 1290 dinis
1221 1257 1310 1290 cuius
1344 1256 1482 1296 fuerint,
1515 1255 1609 1288 etiam
1641 1254 1844 1294 iuramento,

1106 1310 1350 1343 confirmatione
1376 1308 1571 1352 apostolica,
1589 1309 1640 1341 vel
1667 1307 1779 1350 quavis
1797 1306 1846 1338 fir-

1107 1363 1218 1395 mitate
1244 1362 1306 1395 alia
1326 1361 1500 1401 roboratis,
1513 1361 1643 1394 statutis
1659 1365 1690 1392 et
1705 1369 1847 1392 consue-

1108 1416 1289 1456 tudinibus,
1319 1415 1500 1459 privilegiis
1534 1424 1681 1457 quoque,
1709 1413 1845 1445 indultis

1108 1475 1140 1501 et
1165 1469 1283 1501 litteris
1309 1468 1512 1511 apostolicis,
1534 1467 1656 1500 eisdem
1683 1471 1846 1499 monaste-

1107 1523 1171 1563 riis,
1187 1523 1380 1564 illorumque
1398 1520 1630 1564 superioribus
1650 1518 1846 1552 monialibus

1109 1582 1141 1609 et
1165 1575 1313 1619 personis
1339 1574 1608 1618 quibuscumque,
1635 1572 1693 1605 sub
1720 1571 1848 1615 quibus-

1109 1639 1246 1672 cumque
1280 1627 1444 1660 tenoribus
1478 1632 1508 1659 et
1538 1625 1646 1659 formis
1667 1651 1674 1665 ,
1701 1635 1737 1657 ac
1774 1634 1845 1656 cum

1110 1682 1272 1726 quilmsvis
1302 1680 1452 1714 clausulis
1478 1686 1509 1712 et
1534 1679 1685 1718 decretis,
1713 1678 1745 1710 in
1771 1687 1848 1709 con-

1110 1736 1245 1768 trarium
1291 1734 1549 1778 praemissorum
1598 1731 1849 1775 quomodolibet.

1110 1789 1289 1828 concessis,
1309 1786 1508 1820 confirmatis
1529 1791 1561 1818 et
1581 1784 1765 1823 innovatis,
1782 1783 1849 1826 qui-

1109 1845 1170 1875 bus
1188 1841 1339 1875 omnibus
1356 1846 1388 1873 et
1409 1839 1557 1882 singulis,
1573 1848 1688 1871 eorum
1703 1836 1849 1870 omnium

1111 1902 1244 1930 tenores
1270 1894 1503 1939 praesentibus
1528 1903 1588 1936 pro
1606 1893 1703 1935 plene
1727 1896 1759 1923 et
1785 1890 1850 1921 suf-

1110 1950 1259 1983 ficienter
1291 1947 1456 1991 expressi:-
1483 1951 1514 1978 et
1534 1946 1573 1978 ad
1591 1945 1726 1977 verbum
1747 1944 1849 1975 inser-

1112 2004 1149 2035 tis
1175 2002 1354 2041 babentes,
1382 2000 1446 2033 illis
1472 1999 1551 2032 alias
1578 1998 1610 2030 in
1636 2007 1695 2029 suo
1727 1997 1848 2028 robore

1110 2056 1328 2100 permnsuris,
1348 2055 1409 2087 hac
1433 2054 1501 2086 vice
1528 2053 1706 2089 dumtaxat,
1724 2051 1850 2093 specia-

1111 2111 1186 2143 liter
1203 2115 1235 2142 et
1256 2118 1411 2151 expresse
1431 2107 1641 2148 derogamus,
1661 2103 1850 2146 ceterisque

1111 2162 1284 2196 contrariis
1310 2161 1588 2204 quilmseunique.

1155 2216 1270 2248 Datum
1302 2214 1433 2252 Romae,
1460 2211 1546 2254 apud
1571 2211 1602 2244 S.
1631 2210 1760 2243 Mariam
1790 2210 1851 2242 Ma-

1111 2270 1224 2309 iorem,
1239 2268 1298 2301 sub
1323 2267 1444 2299 annulo
1462 2264 1648 2304 piscat-oris,
1669 2263 1720 2296 die
1736 2274 1746 2297 1
1764 2267 1852 2296 octo-

1110 2324 1177 2356 bris
1190 2331 1368 2359 itinetxvin,
1384 2318 1589 2362 pontificatus
1602 2316 1703 2350 nostri
1719 2326 1851 2350 annon.

1146 2384 1205 2411 Dat.
1222 2383 1267 2410 die
1288 2383 1299 2409 1
1322 2381 1443 2409 octobris
1461 2380 1538 2412 tofis,
1555 2379 1655 2414 pontif.
1675 2387 1722 2406 an.
1743 2384 1771 2407 11.

1406 2513 1552 2548 LXXXII.

328 2585 470 2618 salubria
497 2585 620 2617 monita
652 2590 683 2617 et
716 2583 868 2616 mandata
893 2584 1069 2628 suscipiant
1114 2588 1276 2623 Concessio
1307 2586 1590 2627 inclulqentmrum
1616 2595 1675 2628 pro
1700 2583 1852 2623 christifi-

329 2638 497 2671 humiliter
526 2644 558 2671 et
589 2637 762 2670 efficaciter
787 2635 967 2680 adimplere
993 2649 1068 2682 pro-

419 2701 498 2731 Bull.
516 2702 598 2730 Rom.
619 2716 652 2721 —-
679 2703 736 2729 l'ol.
758 2701 848 2730 XVII.
993 2704 1028 2732 92

1157 2641 1283 2675 deliba-s
1304 2642 1423 2676 Italiac
1447 2641 1594 2674 (livinum
1619 2650 1709 2683 opem
1730 2637 1849 2680 emplo-

1740 242 1802 275 720
1849 251 1900 279 An.
1920 252 1947 278 c.
1968 252 2033 279 1668

1924 1000 2040 1023 normano

1856 1030 2019 1049 contrarioiunt.
