2247 3208
112 248 166 274 An.
183 245 212 273 C.
236 243 303 273 ¹668

140 727 272 757 Innocentius
282 727 298 747 X

114 756 224 774 constituit
249 759 299 773 con·

115 783 266 807 greg-tunneni.

307 293 614 338 praedecessoribus
639 294 758 326 nostris
776 293 907 336 provide
926 291 1043 324 eonsti-

306 352 373 380 tuta
398 357 468 380 esse
495 353 676 385 noscuntur,
704 345 874 389 apostolici
896 345 1044 378 munimi-

306 402 354 434 nis
381 400 479 434 nostri
505 400 668 443 praesidio
694 401 898 439 roboremus,
918 404 947 431 et
966 398 1043 431 alias

309 455 449 497 desuper
473 453 709 495 provideamus,
729 453 810 485 sicut
835 452 872 484 ad
898 451 1044 493 omnipo-

309 507 403 540 tentis
428 506 483 539 Dei
514 506 657 549 gloriam,
673 505 838 548 religionis
863 505 1044 536 incremen-

309 566 385 599 tum,
404 570 439 592 ac
464 559 663 602 spiritualem
688 558 828 591 fidelium
850 555 1045 589 aedificatio-

308 623 382 645 nem
406 612 578 645 salubriter
605 612 636 644 in
661 611 797 643 Domino
823 609 974 652 expedire
1000 618 1045 640 ar-

308 665 478 698 bitramur.

353 719 367 761 g
392 718 422 750 i.
449 717 526 751 Cum
552 718 658 759 itaque
680 716 800 749 dudum
819 714 921 747 felicis
937 724 1045 746 recor-

311 770 448 804 dationis
474 769 679 802 Innocentius
705 768 790 810 Papa
808 767 831 799 X
854 766 1046 810 praedeces-

309 835 363 856 sor
383 821 790 863 nostercongregationem
813 820 1044 852 nonnullorum

309 876 339 909 S.
370 876 406 908 R.
435 875 469 908 E.
501 873 715 907 cardinalium
740 884 777 905 ac
803 872 965 905 Romanae
992 882 1046 904 cu-

308 928 373 960 riae
389 928 606 970 praelatorum
620 936 716 969 super
741 930 825 957 statu
850 924 1046 966 regularium

308 980 496 1020 instituerit,
517 980 645 1023 ipsique
671 978 917 1020 congregationi
937 977 981 1009 sic
1001 977 1047 1009 in-

309 1034 436 1067 stitutae
462 1033 545 1066 intra
571 1033 651 1065 fines
678 1032 786 1065 ltaliae
812 1037 843 1064 et
868 1031 1045 1063 insularum

310 1087 528 1120 adiacentium
563 1085 753 1128 designandi
797 1096 831 1117 ac
869 1084 1046 1127 deputandi

310 1151 368 1184 pro
394 1140 601 1173 novitiatibus
619 1145 649 1172 et
674 1138 881 1181 professoriis
909 1148 1048 1170 conven-

312 1200 370 1233 tus,
396 1193 604 1232 monasteria,
621 1192 757 1234 collegia
779 1203 813 1224 ac
836 1192 949 1224 domos
969 1201 1049 1234 quo-

312 1256 521 1288 rumcumque
547 1246 778 1278 monachorum
798 1256 833 1276 ae
851 1243 1049 1286 regularium

312 1300 454 1333 virorum
466 1298 605 1332 cuiusvis
617 1298 754 1337 Ordinis,
768 1297 773 1312 ¹
787 1297 1047 1335 Mendicantium,

313 1351 593 1395 congregationis,
629 1350 793 1383 societatis
826 1355 857 1382 et
889 1349 1048 1388 instituti,

313 1405 408 1438 etiarn
434 1403 618 1437 necessario
645 1402 861 1446 exprimendi,
889 1407 920 1434 et
942 1402 1051 1433 huius-

313 1456 401 1490 modi
426 1456 599 1489 novitiatus
625 1461 653 1488 et
681 1455 877 1498 professoria
894 1455 1049 1494 mutandi,

313 1509 537 1548 transferendi,
554 1508 774 1552 suspendendi
785 1507 795 1523 ²
807 1513 839 1540 et
853 1508 1051 1550 supprimen-

314 1563 358 1603 di,
377 1567 474 1606 prout
488 1562 609 1595 utilitas
627 1567 659 1595 et
678 1561 855 1594 necessitas
872 1561 1053 1604 postularet

315 1622 346 1648 et
371 1616 529 1658 exigeret,
550 1614 644 1647 dandi
664 1614 810 1647 licentias
831 1614 1052 1656 superioribus

315 1668 527 1711 regularibus,
547 1668 585 1701 ad
607 1677 685 1710 quos
703 1666 853 1710 pertinet,
874 1666 1052 1709 recipiendi

315 1721 347 1754 in
372 1720 579 1753 novitiatibus
598 1720 643 1752 sic
667 1720 828 1762 deputatis
855 1719 990 1752 novitios
1014 1720 1052 1752 ad

316 1773 462 1807 habitum
487 1778 518 1805 et
534 1772 774 1816 professionem
800 1772 857 1805 sub
883 1772 1003 1814 regulis
1023 1778 1054 1804 et

316 1826 461 1860 formulis
488 1826 526 1858 ab
554 1826 667 1858 eadem
702 1825 952 1867 congregatione
989 1825 1052 1857 iam

316 1880 524 1924 praescriptis
549 1889 603 1911 seu
629 1878 911 1922 praescribendis,
939 1877 1054 1920 praefi-

316 1933 413 1975 gendi
429 1943 485 1965 seu
505 1931 632 1964 taxandi
647 1922 816 1963 numerum
831 1931 1054 1973 religiosorum

316 1986 348 2018 in
367 1985 502 2028 singulis
521 1984 742 2024 conventibus,
763 1984 978 2023 monasteriis,
996 1985 1055 2017 col-

317 2039 409 2082 legiis
443 2043 475 2071 et
507 2038 654 2071 domibus
682 2037 879 2079 regularium
900 2037 1053 2077 virorum,

318 2194 462 2229 eiusdem
483 2196 663 2229 innocentii
682 2195 953 2239 praedecessoris,
972 2206 1054 2238 quae

318 2249 432 2292 incipit
447 2249 701 2288 Insa-iurandm,
719 2254 794 2289 etc.,
812 2250 931 2282 editam
949 2249 1054 2281 idibus

319 2301 475 2339 octobris,
502 2312 585 2334 anno
610 2302 843 2334 Incarnationis
868 2302 1055 2335 Dominicae

317 2363 443 2393 MDCLII,
463 2354 672 2397 pontificatus
692 2356 739 2387 sui
765 2366 850 2388 anno
869 2366 909 2395 ix,
929 2366 1056 2388 necnon

319 2406 419 2450 ipsius
445 2406 622 2439 Innocentii
655 2408 918 2449 praedecessoris
945 2409 1057 2441 decre-

318 2464 403 2499 tum,
431 2460 517 2503 quod
542 2460 656 2504 incipit
683 2460 722 2493 Ut
747 2461 782 2493 in
808 2461 950 2504 parvz's⁸‚
978 2467 1055 2501 etc.,

356 2540 367 2564 1
386 2538 450 2565 Heic
466 2538 560 2565 deesse
576 2538 680 2565 videtur
698 2547 744 2566 vox
760 2540 847 2566 etiam
865 2545 902 2571 (a.
920 2540 968 2573 T.).

353 2583 370 2609 2
391 2582 460 2609 Edit.
478 2583 556 2610 Maia.
572 2584 635 2618 legit
650 2585 786 2618 suspendi
800 2585 837 2617 (n.
855 2585 902 2618 T.).

354 2627 370 2655 3
391 2627 460 2654 Edit.
478 2628 560 2654 Main.
578 2627 642 2663 legit
659 2629 760 2662 pravis
775 2636 814 2662 tn.
833 2631 880 2664 Γ).

933 244 1074 268 CLEMENS
1100 244 1129 268 IX
1153 244 1201 267 PP.

1085 291 1206 324 editum
1232 291 1282 323 dic
1307 302 1324 324 x
1350 291 1501 323 februarii
1528 300 1656 329 uncuv,
1683 296 1712 322 et
1739 290 1818 322 deci·

1086 344 1183 376 dendi
1220 344 1458 377 controversias
1491 350 1697 387 emergentes
1724 343 1819 382 inde,

1086 408 1121 428 ac
1145 397 1272 429 demum
1298 396 1508 440 promovendi
1542 397 1765 429 executionem
1790 402 1823 429 et

1086 449 1323 481 observantiam
1338 450 1540 483 decretorum
1556 449 1750 482 recolendae
1761 459 1822 481 nie-

1086 502 1210 534 moriae
1229 502 1401 534 Clementis
1422 503 1526 545 Papae
1548 503 1610 534 Vlll
1635 503 1822 545 praedeces-

1086 554 1166 587 soris
1193 555 1314 597 pariter
1338 557 1438 588 nostri
1472 566 1569 597 super
1593 555 1820 588 reformatione

1086 608 1296 649 regularium,
1323 613 1353 639 et
1379 608 1582 650 potissimum
1616 618 1697 650 quae
1722 607 1821 650 perti-

1087 664 1165 692 nent
1197 660 1236 691 ad
1266 659 1503 692 institutionem
1533 666 1564 692 et
1594 660 1820 692 educationem

1087 712 1300 751 novitiorum,
1334 718 1365 745 et
1397 713 1428 744 in
1463 713 1647 755 praemissis
1673 713 1822 745 omnibus

1088 765 1184 797 etiam
1214 765 1328 808 poenis
1355 771 1386 798 et
1411 766 1556 797 censuris
1594 765 1822 798 ecclesiasticis

1088 818 1285 861 procedendi
1312 819 1477 851 facultates
1503 818 1710 850 attribuerit:

1131 874 1145 914 ᾗ
1169 871 1200 904 2.
1228 871 1302 911 Nos,
1329 872 1571 904 considerantes
1596 870 1823 913 congregatio-

1089 935 1161 957 nem
1181 925 1377 967 praedictam
1396 930 1525 956 strenue
1543 924 1673 966 quidem
1692 929 1723 956 et
1748 923 1824 956 fide-

1090 978 1162 1010 liter
1198 990 1232 1010 ac
1257 989 1373 1020 magno
1400 988 1469 1010 cum
1496 978 1599 1009 fructu
1624 977 1656 1009 in
1681 976 1825 1009 Ecclesia

1718 232 1782 264 <555
1828 241 1876 265 An.
1899 239 1925 265 C.
1946 239 2011 265 1668

1856 880 1885 900 De
1895 880 2016 900 decremen-

1835 909 1854 935 [ᾳ
1870 910 1997 931 υοιιῇτυμιι.
2007 917 2017 922 -

1835 939 1866 954 nis
1882 936 1985 959 queriturv

1090 1032 1143 1063 Dei
1170 1032 1324 1063 liactcnus
1350 1031 1522 1070 laborasse,
1542 1031 1597 1063 sed
1618 1040 1654 1062 ex
1680 1029 1826 1062 cardina·
1855 1033 1867 1035 ”

1090 1085 1172 1117 libus
1198 1085 1483 1127 congregationem
1507 1085 1609 1127 ipsam
1626 1084 1828 1117 constituen-

1091 1139 1186 1177 tibus,
1213 1139 1252 1170 de
1279 1148 1416 1180 quormn
1442 1148 1575 1169 numero
1598 1142 1770 1180 antequam
1788 1136 1826 1168 ad

1091 1191 1231 1234 supremi
1259 1192 1456 1233 apostolatus
1483 1190 1607 1233 apicem
1633 1189 1739 1222 divina
1765 1189 1828 1221 dis-

1091 1244 1250 1287 positione
1285 1252 1540 1282 assmiieiemur,
1574 1252 1716 1281 eramus,
1742 1243 1827 1274 solos

1092 1298 1130 1329 de
1156 1296 1318 1339 praesenti
1344 1306 1516 1338 superesse
1538 1294 1740 1327 venerabiles
1767 1295 1828 1327 fra-

1092 1355 1156 1382 tres
1182 1355 1310 1382 nostros
1331 1348 1475 1380 Martium
1494 1348 1702 1380 Portuensern
1720 1347 1829 1380 Ginet-

1092 1410 1158 1436 tum
1184 1414 1218 1434 ac
1246 1401 1427 1435 [ldericum
1459 1401 1682 1439 Tusculanum,
1709 1400 1826 1443 episco

1092 1468 1160 1499 pos,
1188 1456 1390 1498 Carpineum,
1418 1460 1449 1487 et
1475 1455 1626 1487 dilectum
1651 1452 1753 1486 filiuni
1772 1464 1830 1486 no-

1093 1516 1194 1542 strum
1226 1509 1412 1541 Marcellum
1441 1507 1666 1550 presbyterum
1688 1507 1718 1539 S.
1739 1507 1775 1539 R.
1792 1506 1827 1538 E.

1093 1563 1274 1595 cardinales
1311 1560 1569 1593 Sanctacrucium
1606 1564 1827 1602 nuncupatos;

1095 1627 1130 1648 ex
1150 1615 1302 1658 praelatis
1321 1620 1426 1646 antem
1446 1614 1622 1646 nonnullos
1640 1612 1772 1655 quidem
1791 1612 1830 1644 ad

1094 1669 1311 1701 cardinalatus
1339 1668 1496 1700 honorem
1523 1671 1691 1709 promotos
1718 1665 1828 1705 fuisse,

1095 1722 1174 1755 alios
1199 1732 1274 1754 vero
1300 1721 1339 1753 ab
1364 1720 1514 1752 humanis
1541 1719 1732 1758 decessisse,
1760 1719 1830 1751 solo

1095 1775 1268 1818 superstite
1284 1774 1401 1806 dilecto
1420 1773 1485 1806 filio
1503 1773 1655 1815 magistro
1669 1772 1832 1815 Prospero

1096 1829 1246 1870 Fagnano
1265 1829 1295 1859 in
1314 1829 1450 1870 utraque
1475 1826 1637 1868 signatura
1663 1826 1769 1858 nostra
1786 1836 1833 1857 re-

1097 1881 1289 1919 ferendario,
1312 1880 1365 1923 qui
1391 1880 1536 1912 eiusdem
1568 1878 1831 1921 congregationis

1096 1934 1289 1967 secretarius
1306 1932 1429 1965 existit:
1452 1933 1541 1971 alios,
1563 1937 1627 1964 tum
1642 1931 1831 1969 cardinales,

1098 1994 1163 2020 tum
1190 1988 1361 2030 praelatos,
1384 1985 1552 2028 sapientia,
1577 1983 1756 2027 prudentia,
1776 1984 1833 2016 do-

1076 2071 1078 2080 ,
1098 2041 1208 2077 ctrina,
1226 2039 1391 2077 charitate,
1413 2038 1598 2080 integritate
1617 2043 1649 2070 et
1665 2036 1833 2079 religionis

317 2101 454 2134 eumque
490 2101 549 2134 pro
581 2091 678 2123 modo
704 2091 889 2122 reddituum
915 2090 1054 2132 augendi
1076 2093 1078 2095 ’

317 2149 348 2176 et
372 2143 550 2183 minuendi,
582 2143 764 2186 exequendi
794 2143 1055 2175 constitutionem
1077 2163 1078 2168 ,

1097 2095 1166 2126 zelo
1193 2093 1308 2125 eximie
1340 2091 1519 2134 praeditos,
1546 2091 1578 2122 in
1609 2090 1727 2122 dictam
1758 2100 1835 2121 con-

1099 2146 1323 2189 gregationem
1348 2144 1530 2177 censuimus
1549 2144 1581 2175 in
1600 2143 1735 2176 Domino
1761 2153 1835 2176 coo-

1099 2199 1248 2243 piandos.

1143 2253 1156 2295 ἓ
1181 2252 1211 2285 3.
1239 2251 1322 2284 Motu
1342 2251 1447 2293 itaque
1468 2250 1614 2293 proprio,
1634 2260 1669 2282 ac
1689 2260 1727 2282 ex
1748 2250 1836 2281 certa

1100 2305 1236 2338 scientia
1262 2309 1293 2336 et
1309 2305 1431 2335 matura
1453 2302 1687 2335 deliberatione
1704 2302 1835 2342 nostris,

1101 2359 1206 2400 deque
1224 2356 1417 2399 apostolicae
1434 2355 1604 2398 potestatis
1619 2355 1834 2398 plenitudine,

1101 2411 1299 2454 praedictam
1324 2409 1610 2451 congregationem
1628 2407 1839 2440 cardinalium

1102 2470 1132 2496 et
1152 2465 1371 2507 praelatorum
1403 2473 1419 2494 a
1447 2466 1623 2494 memorato
1651 2460 1839 2493 Innocentio

1103 2518 1352 2560 p1·aedec‹1=ssore
1383 2516 1579 2553 institutam,
1608 2525 1785 2556 omnesque
1810 2519 1842 2546 et

1104 2568 1246 2609 singulas
1262 2567 1426 2599 facultates
1441 2566 1503 2598 illis
1517 2565 1694 2603 attributas,
1707 2570 1742 2596 ut
1754 2574 1841 2606 prae-

1106 2622 1218 2659 fertur,
1241 2625 1352 2651 tenore
1379 2617 1597 2661 praesentium
1624 2616 1839 2659 approbamus

1881 2252 2030 2276 Coum-emtio-

1848 2284 1893 2298 nem
1912 2278 2031 2302 praefatam

1848 2311 1864 2325 cz
1875 2305 1957 2324 nlirmat
1968 2307 1986 2324 ut
1999 2310 2030 2323 ro-

1850 2334 1939 2355 tuli-grat
1984 2331 2031 2351 Clo-

1849 2364 1913 2378 ltin-tl*-
