2247 3208
154 200 206 231 An.
228 201 256 229 C.
277 201 348 229 1668

347 250 456 294 grinos
481 252 519 285 ad
545 251 663 285 Urbem
697 254 791 285 causa
824 252 1005 286 devotionis
1030 263 1089 285 seu

345 304 621 348 peregrinationis
646 306 847 345 accedentes,
865 311 895 338 et
917 305 947 338 in
966 307 1003 338 ea
1022 316 1089 338 mo-

346 362 457 391 rantes
482 359 533 391 vel
559 358 598 390 ab
624 358 694 401 ipsa
715 359 914 398 recedentes,
936 358 1017 391 etin
1036 359 1088 392 his

347 410 460 443 dantes
485 411 648 450 auxilium,
668 412 839 445 consilium
859 413 909 445 vel
929 412 1083 444 savorem.

392 464 443 496 xl.
471 464 548 498 Item
574 465 889 497 excommunicamus
907 465 1089 497 etanathe-

346 517 536 550 matizarnus
551 527 664 550 omnes
683 517 914 550 interficientes
941 517 1087 550 mutilan-

347 573 408 609 tes,
422 570 641 609 vulnerantes,
653 569 887 612 percutientes,
905 569 1084 612 capientes,

348 627 573 663 carcerantes,
609 622 815 661 detinentes,
844 622 894 654 vel
921 621 1087 654 hostiliter

347 675 557 718 insequentes
581 674 611 707 S.
632 674 668 707 R.
687 673 721 706 E.
742 674 931 714 cardinales,
950 674 1087 717 patriar-

347 728 438 766 chas,
466 727 739 771 archiepiscopos,
765 727 953 771 episcopos,
979 727 1087 760 Sedis-

348 792 409 824 qne
442 780 644 823 Apostolicae
682 781 808 823 legatos
842 781 893 813 vel
926 780 1085 819 nuncios,

348 839 401 866 aut
427 844 482 866 cos
507 843 524 865 a
548 834 614 866 suis
636 833 839 866 dioecesibus
854 860 861 872 ,
886 832 1062 866 territoriis
1079 860 1086 873 ,

349 887 447 920 terris
473 897 529 919 seu
555 886 706 919 dominiis
732 885 924 925 efficientes,
959 896 1087 918 necnon

349 949 387 972 ea
411 939 602 972 mandantes
635 940 683 971 vel
714 943 784 970 rata
815 938 997 978 habentes,
1030 948 1087 970 seu

347 997 549 1036 praestantes
575 991 606 1023 in
633 991 678 1024 eis
710 991 883 1031 auxilium,
915 990 1086 1024 consilium

347 1047 397 1079 vel
424 1046 578 1078 savorem.

393 1099 457 1131 Xll.
478 1099 557 1132 Item
572 1099 888 1132 excommunicamus
907 1103 938 1131 et
956 1098 1089 1131 anathe-

349 1151 534 1184 matizamus
560 1162 674 1185 omnes
700 1152 789 1191 illos,
817 1152 881 1194 qui,
900 1161 958 1194 per
975 1161 1018 1189 se,
1037 1151 1086 1183 vel

349 1215 410 1248 per
433 1205 525 1245 alios,
553 1216 709 1248 personas
731 1205 967 1238 ecclesiasticas
992 1215 1088 1247 quas-

349 1268 487 1301 cumque
513 1259 563 1290 vel
590 1259 754 1290 seculares
780 1258 818 1290 ad
840 1257 1017 1290 Romanam
1036 1267 1089 1289 cu-

348 1309 429 1342 riam
463 1320 563 1352 super
591 1320 704 1342 eorum
739 1310 845 1342 causis
881 1315 913 1342 et
947 1309 1086 1352 negotiis

348 1368 568 1401 recurrentes,
596 1374 631 1395 ac
657 1362 711 1396 illa
725 1363 757 1395 in
774 1363 886 1395 eadem
912 1363 999 1395 curia
1014 1373 1088 1405 pro-

348 1421 525 1459 sequentes
540 1421 593 1447 aut
609 1421 836 1458 procurantes,
862 1416 1085 1458 negociorum-

348 1479 410 1511 que
436 1474 589 1511 gestores,
606 1469 786 1507 advocatos,
805 1473 1038 1511 procuratores
1057 1474 1088 1501 et

348 1526 496 1564 agentes,
522 1532 576 1554 scu
595 1521 691 1553 etiam
711 1522 876 1554 auditores
894 1522 941 1553 vel
964 1521 1088 1553 iudices

349 1584 448 1617 super
473 1573 566 1606 dictis
591 1574 694 1606 causis
730 1575 778 1607 vel
812 1573 956 1615 negociis
988 1574 1088 1616 depu-

349 1631 445 1666 tatos,
473 1627 642 1659 occasione
669 1637 836 1658 causarum
863 1627 910 1658 vel
936 1626 1088 1668 negocio-

349 1689 421 1711 rum
447 1679 633 1712 huiusmodi
667 1680 839 1719 occidunt,
869 1690 926 1712 scu
957 1689 1087 1722 quoquo

349 1732 446 1765 modo
471 1732 676 1775 percutiunt,
702 1732 796 1765 bonis
822 1733 983 1776 spoliant,
1014 1743 1086 1771 seu,

348 1795 408 1828 per
433 1795 465 1817 se
491 1786 540 1818 vel
566 1795 624 1828 per
649 1785 748 1825 alios,
780 1785 901 1818 directe
932 1786 981 1817 vel
1007 1786 1088 1818 indi-

348 1843 460 1877 recte,
494 1837 612 1870 delicta
645 1838 829 1871 huiusmodi
860 1839 1085 1878 committere,

350 1891 465 1933 exequi
490 1892 541 1923 vel
559 1901 746 1934 procurare,
772 1897 827 1923 aut
844 1891 875 1923 in
894 1891 1014 1923 eisdem
1034 1902 1088 1923 au-

350 1943 470 1984 xilium,
497 1943 669 1976 eonsilium
688 1945 738 1976 vel
757 1944 897 1976 savorem
923 1950 1087 1987 praestare

349 2006 417 2029 non
443 2001 604 2036 verentur,
620 1997 848 2040 cuiuscumque
866 1997 1089 2040 praeeminen-

351 2049 414 2081 tiae
440 2055 472 2082 et
497 2049 663 2091 dignitatis
691 2050 821 2081 suerint.

394 2101 473 2133 XIII.
502 2101 578 2134 Item
610 2102 923 2134 exconununicanuls
956 2107 986 2135 et
1014 2105 1110 2135 ana-⁴

352 2154 600 2187 thetnatizamus
622 2165 735 2187 onmes
761 2160 823 2187 tam
850 2155 1088 2188 ecclesiasticos

353 2216 449 2249 quam
474 2208 635 2239 seculares
660 2208 890 2250 cuiuscumque
910 2207 1086 2250 dignitatis,

353 2258 417 2301 qui,
440 2264 666 2302 praetexentes
685 2260 828 2292 frivolam
850 2261 1021 2302 quamdam
1039 2271 1091 2304 ap-

351 2312 562 2355 pellationem
581 2324 597 2344 a
611 2313 793 2354 gravamine
818 2314 867 2346 vel
893 2313 998 2345 sutura
1016 2324 1090 2346 exe-

353 2365 508 2408 quutione
527 2364 706 2398 litterarum
725 2366 976 2408 apostolicarum
995 2367 1089 2399 etiam

351 2417 386 2449 in
413 2417 514 2450 forma
540 2417 647 2450 Brevis
674 2423 737 2450 tam
762 2418 899 2460 gratiam
923 2429 1018 2461 quam
1043 2419 1090 2450 iu-

353 2469 474 2502 stitiam
500 2470 787 2509 concernentium,
815 2481 940 2503 necnon
967 2471 1111 2503 citatio-¹

354 2533 442 2563 num,
468 2524 710 2563 inhibitionum,
738 2530 997 2567 sequestrorum,
1024 2530 1111 2558 mo-'

354 2576 556 2616 nitoriorum,
572 2587 784 2620 processuum
800 2577 1090 2621 exequutorialium

985 204 1127 229 CLEMENS
1151 207 1181 230 lx
1205 206 1253 230 PP.

1691 237 1694 241 ἡ
1771 194 1834 227 ota

1136 259 1168 286 et
1191 254 1329 287 aliorum
1352 255 1556 287 decretorum
1572 265 1587 287 a
1602 253 1694 287 nobis
1716 253 1872 285 ctaSede

1134 307 1316 349 praedicta,
1344 318 1400 340 seu
1426 308 1553 350 legatis,
1581 307 1724 346 nunciis,
1752 306 1875 349 praesi-

1134 359 1287 391 dentibus
1312 360 1422 403 palatii
1449 360 1550 393 nostri
1577 366 1609 393 ct
1630 369 1776 393 camerae
1794 369 1873 401 apo-

1135 409 1267 444 stelicae
1294 413 1507 451 auditoribus,
1528 413 1767 449 commissariis,
1788 412 1874 445 aliis-

1133 473 1194 505 que
1228 464 1387 497 iudicibus
1424 471 1456 497 et
1491 465 1649 508 delegatis
1685 464 1872 508 apostolicis

1132 521 1355 549 emanatorum
1382 523 1411 549 et
1438 528 1518 560 quae
1545 529 1601 561 pro
1621 524 1766 561 tempore
1786 529 1873 550 ema-

1131 569 1292 609 naverint,
1319 575 1373 602 aut
1397 571 1488 609 alias,
1509 571 1546 603 ad
1573 572 1678 603 curias
1704 573 1869 604 seculares

1131 626 1163 653 et
1188 621 1303 654 laicam
1327 628 1523 664 potestatem
1548 629 1736 663 recurrunt,
1766 630 1795 656 et
1830 624 1870 655 ab

1132 675 1179 711 ea,
1205 673 1347 706 instante
1374 675 1469 707 etiam
1492 675 1558 708 fsci
1585 681 1793 718 procuratore
1820 676 1869 708 vel

1131 725 1307 765 advocato,
1333 727 1568 770 appellationes
1596 728 1778 760 huiusmodi
1816 728 1870 760 ad-

1130 778 1223 817 mitti,
1238 789 1274 811 ac
1289 778 1425 819 litteras,
1446 780 1626 819 citationes,
1645 780 1867 820 inhibitiones,

1130 836 1321 874 sequestra,
1354 832 1531 865 monitoria
1555 838 1586 865 et
1611 833 1672 866 alia
1703 833 1869 876 praedicta

1131 884 1200 927 capi
1227 889 1259 917 et
1284 884 1416 918 retineri
1443 885 1571 926 faciunt,
1599 887 1691 929 quive
1717 886 1772 919 illa
1798 887 1869 918 sim-

1130 937 1259 980 pliciter
1290 939 1340 971 vel
1376 938 1446 971 sine
1472 949 1582 972 eorum
1607 939 1812 983 beneplacito
1839 945 1869 971 et

1130 1000 1291 1024 consensu
1328 993 1378 1025 vel
1404 991 1549 1025 examine
1577 992 1786 1036 exequutioni
1814 993 1869 1025 de-

1130 1044 1290 1084 mandari,
1317 1049 1383 1084 aut,
1411 1055 1451 1077 ne
1476 1045 1667 1079 tabelliones
1694 1052 1725 1078 et
1749 1045 1867 1078 notarii

1130 1107 1228 1140 super
1253 1097 1438 1131 huiusmodi
1464 1098 1643 1131 litterarum
1675 1104 1704 1131 et
1737 1109 1868 1141 proces-

1130 1160 1224 1182 suum
1251 1151 1469 1193 exequutione
1501 1151 1714 1183 instrumenta
1733 1153 1781 1184 vel
1800 1157 1870 1183 acta

1130 1202 1299 1243 conficere,
1327 1208 1380 1235 aut
1404 1204 1549 1236 confecta
1575 1204 1681 1246 parti,
1707 1204 1795 1235 cuius
1822 1204 1869 1235 in-

1131 1260 1240 1295 terest,
1267 1255 1393 1288 tradere
1419 1256 1578 1295 debeant,
1605 1256 1786 1299 impediunt
1817 1257 1867 1288 vel

1130 1307 1319 1350 prohibent,
1343 1319 1379 1341 ac
1405 1308 1500 1341 etiam
1527 1315 1646 1352 partes,
1673 1319 1728 1341 seu
1755 1319 1867 1341 eorum

1130 1366 1275 1403 agentes,
1302 1361 1571 1404 consanguineos,
1589 1361 1712 1401 affines,
1737 1361 1869 1394 familia-

1130 1423 1204 1453 res,
1231 1414 1397 1454 notarios,
1426 1420 1641 1457 exequutores
1675 1419 1705 1447 et
1738 1415 1869 1446 subexe-

1131 1472 1285 1509 quutores
1311 1466 1505 1505 litterarum,
1533 1467 1738 1507 citationum,
1766 1467 1869 1499 moni-

1131 1519 1286 1552 toriorum
1317 1525 1349 1552 et
1382 1521 1520 1553 aliorum
1545 1521 1783 1563 praedictorum
1818 1531 1869 1552 ca-

1130 1572 1232 1615 piunt,
1251 1573 1444 1615 percutiunt,
1472 1573 1654 1611 vulnerant,
1682 1578 1864 1610 carcerant,

1132 1624 1287 1664 detinent,
1315 1635 1351 1657 ex
1377 1625 1572 1665 civitatibus,
1599 1625 1678 1658 locis
1704 1630 1734 1657 et
1759 1625 1868 1666 regnis

1131 1677 1273 1717 eiiciunt,
1299 1678 1394 1710 bonis
1419 1678 1573 1721 spoliant,
1587 1677 1866 1721 perterrefaciunt,

1131 1731 1318 1763 concutiunt
1343 1737 1375 1763 et
1400 1731 1649 1770 comminantur,
1682 1741 1741 1774 per
1765 1741 1797 1763 se
1820 1731 1867 1763 rel

1131 1783 1230 1816 alium
1245 1794 1302 1817 seu
1318 1784 1409 1823 alios,
1424 1784 1552 1827 publice
1567 1786 1615 1817 vel
1630 1785 1763 1823 occulte,
1776 1784 1867 1827 quive

1131 1838 1208 1870 alias
1236 1837 1489 1881 quibuscumque
1514 1837 1675 1881 personis,
1694 1837 1725 1869 in
1747 1847 1866 1879 *genere

1130 1891 1178 1923 vel
1205 1891 1236 1923 in
1262 1891 1387 1933 specie,
1413 1902 1453 1923 ne
1479 1901 1537 1933 pro
1563 1890 1727 1933 quibusvis
1753 1900 1866 1922 eorum

1130 1943 1275 1986 negociis
1311 1944 1551 1987 prosequendis
1585 1954 1641 1975 seu
1673 1943 1782 1985 gratiis
1819 1944 1866 1975 rel

1131 1996 1246 2029 litteris
1260 1997 1471 2040 impetrandis
1491 1998 1528 2030 ad
1548 1997 1724 2029 Romanam
1746 1996 1867 2028 curiam

1132 2051 1311 2090 accedant,
1339 2055 1392 2082 aut
1416 2060 1583 2082 recursum
1609 2049 1749 2082 habeant
1771 2076 1777 2087 ‚
1812 2059 1868 2081 seu

1132 2103 1251 2145 gratias
1277 2103 1363 2145 ipsas
1388 2103 1439 2135 vel
1470 2103 1594 2135 litteras
1627 2113 1644 2134 a
1677 2101 1761 2134 dicta
1786 2101 1867 2133 Sede

1131 2155 1325 2197 impetrent,
1351 2165 1406 2187 seu
1432 2154 1612 2197 impetratis
1638 2160 1791 2193 utantur,
1824 2153 1870 2185 di-

1132 2213 1220 2240 recte
1244 2208 1294 2240 vel
1320 2207 1475 2240 indirecte
1501 2207 1695 2250 prohibere,
1726 2212 1868 2239 statuere

1133 2272 1190 2294 seu
1217 2261 1391 2299 mandare,
1416 2262 1464 2293 vel
1490 2271 1542 2293 eas
1567 2261 1648 2303 apud
1676 2271 1707 2292 se
1734 2266 1783 2292 aut
1813 2271 1870 2292 no-

1134 2315 1231 2347 tarios
1258 2325 1315 2347 seu
1341 2314 1533 2347 tabelliones
1558 2315 1606 2346 vet
1633 2314 1711 2346 alias
1736 2325 1786 2355 qu.
1803 2324 1869 2345 mo-

1133 2368 1258 2400 dolibet
1282 2367 1423 2400 retinere
1450 2372 1673 2410 praesumunt.

1176 2420 1252 2453 XIV.
1279 2421 1356 2453 ltem
1383 2420 1700 2453 excommunicamus
1734 2425 1763 2451 et
1796 2429 1870 2452 ana-

1135 2474 1378 2506 thematizamus
1403 2484 1514 2506 omnes
1549 2478 1580 2505 et
1605 2473 1768 2515 singulos,
1798 2473 1868 2514 qui,

1135 2537 1193 2568 per
1218 2537 1251 2558 se
1278 2527 1326 2558 rel
1353 2527 1443 2565 alios,
1470 2526 1659 2559 auctoritate
1677 2525 1808 2568 propria
1834 2535 1868 2556 ac

1134 2578 1171 2610 de
1200 2578 1291 2617 sacto,
1319 2588 1594 2621 quarumcumque
1627 2577 1869 2620 exemptionum

1882 202 1933 228 An.
1955 200 1983 228 C.
2004 199 2069 228 ([3ΐὲ
