2247 3208
918 208 1105 232 ALEXANDER
1128 209 1172 232 vn
1198 209 1244 232 [Ψ.
1303 243 1305 245 ¹
1737 201 1800 234 02:3ss
1847 210 1894 236 An.
1912 209 1929 235 C
1962 208 2026 235 ¹664

318 255 523 299 impugnari,
549 255 693 297 infringi,
720 256 901 295 retraetari,
926 256 956 288 in
984 267 1056 288 eou-
1098 262 1130 289 et
1154 256 1277 297 formis
1308 266 1344 290 ac
1369 267 1441 290 cum
1468 257 1635 301 quibusvis
1661 258 1755 290 etiam
1781 259 1836 290 de-

316 308 513 341 troversiam
550 309 718 350 revocari,
753 315 805 341 aut
830 310 869 342 ad
897 309 1053 342 terminos
1098 309 1336 352 rogatoriarum
1362 310 1741 354 derogatoriis,aliisque
1768 311 1835 343 elli-

313 361 393 393 iuris
424 362 560 402 reduci,
585 373 641 394 seu
677 363 832 395 adversus
866 363 920 395 illa
947 362 1054 405 aperi-
1096 361 1287 402 caciorihus,
1304 362 1538 396 efficacissimis
1554 364 1737 397 etinsolitis
1753 366 1834 398 clau-

315 413 437 447 titionis
464 414 547 454 oris,
569 415 785 447 restitutionis
811 415 842 447 in
876 415 1051 457 integrum,
1095 415 1185 454 sulis,
1218 415 1487 458 irritantibusque
1514 422 1545 449 et
1569 417 1639 449 aliis
1665 417 1806 449 decretis
1823 445 1830 459 ,

313 467 441 500 aliudve
460 468 688 511 quodcumque
708 468 798 506 iuris,
821 468 893 500 l'aeti
916 469 965 500 vel
985 478 1051 509 ‹gra-
1071 510 1072 513 ,
1094 467 1125 499 in
1152 477 1274 509 genere
1307 468 1357 500 vel
1384 468 1416 500 in
1442 468 1551 511 specie
1566 495 1573 507 ‚
1611 469 1707 501 etiam
1743 475 1832 503 motu

312 520 375 553 tiae
396 520 575 553 remedium
594 521 773 564 impetrari,
794 526 847 553 aut
866 520 1050 563 impetrato,
1094 520 1173 562 pari,
1196 531 1232 553 ac
1257 520 1354 553 etiam
1380 521 1663 561 consistorialiter,
1682 528 1735 555 aut
1752 524 1830 556 alias

312 584 370 608 seu
391 574 489 606 etiam
514 579 626 614 motu,
657 573 791 606 seientia
824 579 855 605 et
880 573 1049 616 potestatis
1093 573 1352 615 quomodolibet,
1379 573 1475 606 etiam
1501 573 1624 606 iteratis
1647 575 1778 615 vicibus,
1797 576 1830 608 in

312 627 515 670 plenitudine
551 627 686 670 paribus
722 636 903 665 concesso,
939 636 1050 668 quein-
1068 640 1071 675 ,-
1092 625 1292 658 eontrarium
1331 626 1589 669 praemissorum
1637 628 1803 660 concessis
1821 655 1828 668 ‚

311 679 397 723 piam
410 680 442 712 in
456 679 576 712 iudicio
597 680 646 711 vel
673 684 762 711 extra
788 678 868 711 illud
884 678 928 710 uti
944 689 999 709 seu
1015 688 1048 710 se
1068 678 1070 698 ='
1091 677 1301 719 confirmatis,
1322 684 1354 711 et
1378 679 1562 719 innovatis,
1592 680 1707 723 quihus
1726 681 1830 713 omni-

310 733 420 766 iuvare
433 742 551 776 posse3
571 732 628 765 sed
645 731 732 774 ipsas
749 735 941 774 praesentes
964 731 1049 763 litte·
1068 764 1069 777 χ
1091 732 1149 764 bus
1177 737 1208 764 et
1225 731 1371 774 singulis,
1391 733 1517 764 etiamsi
1536 744 1596 776 pro
1615 733 1745 765 illorum
1767 734 1831 766 sus-

310 797 362 819 ras
388 791 420 819 et
442 786 475 818 in
501 785 547 818 eis
573 789 727 818 contenta
753 784 942 817 huiusmodi
969 795 1048 817 scm-
1067 782 1070 826 !
1090 785 1187 817 cienti
1225 786 1438 828 derogatione
1477 787 1516 819 de
1550 787 1612 819 illis
1647 798 1828 830 eorumque

308 850 369 883 per
392 838 505 879 firma,
531 838 637 871 valida
670 843 702 870 et
727 838 869 870 efficacia
907 838 1046 871 existere
1067 832 1069 860 ἶ
1090 839 1164 872 totis
1195 839 1366 872 tenoribus
1397 840 1559 883 specialis,
1592 840 1755 883 specifica,
1780 852 1829 873 ex-

308 897 340 925 et
364 892 448 932 sore,
483 902 625 934 suosque
650 891 818 935 plenarios
844 896 876 923 et
900 891 1046 933 integros
1067 895 1068 938 J
1088 903 1205 936 pressa
1223 898 1254 925 et
1271 893 1446 931 individua,
1462 905 1497 926 ac
1517 894 1556 926 de
1572 895 1673 926 verbo
1695 895 1734 926 ad
1758 905 1828 926 ver-

308 945 440 979 effectus
455 945 565 978 sortiri
581 950 613 978 et
629 945 790 984 obtinere,
808 946 898 978 acab
916 945 990 986 illis,
1006 945 1045 978 ad
1066 966 1067 990 t
1087 947 1174 987 bum,
1202 957 1268 979 non
1296 952 1402 979 autem
1424 958 1483 990 per
1504 949 1666 980 clausulas
1688 958 1827 990 genera-

307 1009 388 1042 quos
413 1004 537 1042 spectat
554 1004 586 1031 et
605 1009 665 1042 pro
695 1005 843 1042 tempore
870 999 1042 1042 spectabit,
1066 994 1067 1014 ¹
1087 1001 1134 1032 les
1149 999 1236 1032 idem
1255 1000 1481 1043 importantes,
1502 1000 1625 1033 mentio
1650 1012 1705 1033 seu
1729 1011 1828 1044 quae-

123 208 178 236 An.
195 207 224 236 C.
248 207 315 236 1664

129 1857 247 1880 Contrariis
255 1859 291 1880 de·

103 1888 175 1912 Υΰς-ιῑ.

306 1051 541 1085 inviolabiliter
568 1057 600 1084 et
630 1052 823 1085 inconcusse
854 1052 1043 1091 observari,
1065 1065 1066 1068 ¹

306 1105 431 1148 sicque,
449 1110 481 1138 et
504 1115 571 1138 non
592 1105 696 1146 aliter,
715 1105 746 1137 in
768 1105 958 1148 praemissis
984 1116 1045 1149 per
1063 1117 1065 1153 ]

305 1169 528 1202 quoscumque
559 1158 682 1191 iudices
708 1159 893 1192 ordinarios
913 1164 944 1190 et
961 1159 1045 1191 dele-

306 1217 407 1254 gatos,
427 1212 524 1245 etiam
542 1222 712 1245 causarum
738 1212 848 1255 palatii
870 1212 1041 1255 apostolici
1063 1247 1064 1254 ἵ

305 1264 489 1305 auditores,
521 1264 733 1308 eiusdemque
759 1265 789 1298 S.
818 1265 853 1298 R.
881 1265 916 1298 E.
940 1266 1044 1298 cardi-

1086 1053 1133 1085 vis
1168 1053 1231 1086 alia
1265 1054 1434 1096 expressio
1462 1054 1611 1086 habenda
1640 1059 1693 1086 aut
1717 1053 1827 1097 aliqua

1086 1107 1149 1140 alia
1175 1106 1335 1150 exquisita
1368 1107 1472 1139 forma
1504 1107 1542 1139 ad
1577 1107 1640 1139 hoc
1666 1108 1827 1140 servanda

1086 1160 1180 1199 foret,
1199 1165 1332 1192 tenores
1352 1160 1548 1199 huiusmodi,
1569 1171 1603 1193 ac
1622 1160 1648 1192 si
1661 1161 1705 1195 ale
1724 1161 1825 1193 verbo

1085 1214 1125 1246 ad
1150 1213 1304 1253 verbum,
1333 1214 1415 1245 nihil
1451 1214 1580 1256 penitus
1618 1214 1759 1253 omisso,
1789 1225 1826 1247 ae

1085 1267 1189 1299 forma
1214 1266 1246 1299 in
1271 1266 1334 1299 illis
1361 1266 1477 1299 tradita
1502 1267 1690 1306 observata,
1718 1267 1825 1310 expri-

304 1319 406 1359 nales,
424 1319 585 1352 etiam-de
610 1319 711 1352 latere
736 1320 876 1362 legatos,
909 1325 941 1352 et.
966 1319 1042 1352 dicti
1062 1317 1064 1337 ¹¹
1084 1324 1255 1353 merentur
1279 1325 1311 1352 et
1335 1320 1571 1359 insererentur,
1593 1319 1824 1362 praesentibus

303 1371 435 1414 collegii
460 1377 678 1415 protectores,
696 1383 732 1405 ac
753 1372 833 1405 alios
860 1372 1041 1415 quoslibet,
1083 1384 1144 1417 pro
1177 1374 1276 1416 plene
1310 1378 1339 1405 et
1367 1372 1568 1405 sufficienter
1602 1371 1766 1415 expressis
1793 1377 1825 1404 et

303 1436 506 1469 quacumque
531 1426 722 1459 auctoritate
741 1431 773 1459 et
797 1431 958 1469 potestate
978 1426 1042 1458 sun·
1062 1429 1063 1446 ³
1084 1427 1214 1460 insertis
1242 1427 1412 1465 habentes
1439 1426 1502 1459 illis
1528 1425 1606 1458 alias
1633 1425 1663 1457 in
1689 1436 1747 1458 suo
1772 1435 1825 1458 ro-

302 1484 417 1521 gentes
445 1484 477 1512 et
501 1480 688 1520 suncturos,
715 1480 840 1513 sublata
861 1480 907 1513 eis
936 1485 968 1513 et
988 1490 1042 1513 eo-
1062 1488 1063 1527 J
1083 1481 1163 1513 bore
1190 1480 1428 1523 permansuris,
1447 1480 1486 1512 ad
1505 1478 1762 1522 praemissorum
1781 1478 1825 1511 el*-

302 1542 373 1565 1'um
399 1533 534 1566 cuilibet
558 1533 668 1577 quavis
702 1534 796 1566 aliter
820 1534 985 1566 iudicandi
1011 1532 1063 1567 et*

301 1585 537 1629 interpretandi
573 1587 724 1620 facultate
761 1593 793 1620 et
826 1576 1064 1627 a11e101·itate‚l

301 1638 437 1672 iudicari
459 1646 491 1673 et
515 1639 642 1673 definiri
662 1641 794 1681 debere,
813 1652 848 1674 ac
866 1641 991 1674 irritum
1011 1646 1042 1674 et

302 1692 397 1726 inane
434 1693 461 1726 si
493 1704 587 1727 secus
612 1705 713 1738 super
738 1695 788 1727 his
819 1706 835 1727 a
861 1706 1038 1738 quoquam,

303 1746 415 1789 quavis
442 1748 644 1787 auctoritate,
660 1748 804 1781 scienter
821 1750 871 1782 vel
893 1749 1041 1791 ignoran-

303 1805 361 1839 ter,
389 1800 565 1843 contigerit
589 1801 751 1835 attentari.

345 1853 360 1895 ἓ
383 1852 415 1886 3.
438 1853 508 1886 Non
526 1855 730 1887 obstantibus
746 1855 899 1898 praefatis
918 1855 1041 1898 Grego-

303 1907 341 1939 rii
359 1907 622 1950 praedecessoris
649 1908 775 1949 litteris,
794 1909 931 1952 aliisque
950 1919 1042 1952 prae-

302 1960 424 2000 missis,
437 1971 576 2001 necnon,
591 1967 750 2004 quatenus
765 1973 848 2006 opus
865 1963 915 2002 sit,
930 1965 1041 1997 nostra

303 2019 334 2046 et
365 2015 581 2048 cancellariae
615 2016 815 2059 apostolieae
852 2018 964 2059 regula
1001 2018 1040 2050 de

303 2077 368 2100 non
387 2068 534 2100 tollendo
551 2067 620 2101 iure
639 2069 794 2112 quaesito,
815 2069 952 2113 aliisque
971 2081 1043 2103 eon-

303 2120 526 2154 stitutionibus
545 2126 576 2154 et
592 2122 864 2161 ordinationiluis,
881 2134 916 2155 ac
943 2123 1044 2157 dieto-

305 2184 374 2206 rum
399 2174 530 2217 collegii
555 2180 587 2207 et
610 2175 801 2215 Societatis,
829 2176 941 2209 aliisve
975 2178 1044 2220 qni-

303 2226 455 2266 buslibet‚
471 2228 568 2260 etiam
588 2228 780 2269 iuramento,
796 2229 1042 2263 confirmatione

303 2281 494 2324 apostoliea,
512 2282 562 2314 vel
587 2283 697 2325 quavis
722 2281 874 2315 firmitate
906 2284 969 2316 alia
993 2295 1044 2317 ro—

302 2333 449 2374 boratis,
493 2335 619 2367 statutis
662 2340 694 2367 et
730 2337 1041 2378 consuetudinibus,

302 2386 398 2419 etiam
418 2387 744 2428 immemorabililnis,
761 2389 941 2432 privilegiis
966 2401 1044 2433 quo-

302 2450 373 2482 qne,
396 2439 529 2473 indultis
552 2446 584 2473 et
602 2440 717 2474 litteris
740 2442 928 2484 apostolicis
945 2443 1042 2476 etiam

302 2492 425 2525 eisdem
449 2493 590 2536 collegio
612 2499 644 2527 et
663 2493 825 2535 Societati‚
844 2495 1043 2539 illorumque

303 2546 531 2589 superioribus
564 2552 597 2580 et
629 2547 782 2590 personis
820 2547 1042 2591 quibuslibet,

302 2599 362 2631 sub
389 2598 651 2643 quibuscumque
672 2601 847 2633 verborum
874 2601 1041 2634 tenoribus

409 2661 485 2688 Bull.
502 2661 582 2690 Rom.
598 2677 634 2682 —
652 2663 709 2690 Vol.
726 2663 816 2691 XVII.
961 2664 996 2691 30

1083 1535 1212 1574 fectum,
1241 1535 1302 1567 hac
1326 1534 1395 1567 vice
1423 1534 1600 1574 dumtaxat,
1634 1533 1825 1576 specialiter

1083 1594 1115 1621 et
1135 1598 1290 1632 expresse
1318 1588 1525 1630 derogainus;
1543 1587 1727 1630 ceterisque
1746 1597 1825 1619 con-

1084 1641 1192 1675 trariis
1219 1642 1488 1685 quibuscumque.

1127 1695 1141 1737 g
1169 1694 1201 1727 4.
1232 1694 1386 1728 Volumus
1420 1699 1528 1727 autem
1559 1698 1594 1726 ut
1632 1694 1823 1726 earumdem
1834 1699 2020 1748 ,.u,ff¹,}³,¹‚¹{',?j”¹'‘⁰'

1083 1747 1309 1792 praesentium
1354 1748 1536 1780 litterarum
1584 1746 1797 1789 transumptis
1816 1774 1823 1787 ,

1084 1802 1181 1835 etiam
1207 1801 1391 1845 impressis,
1422 1811 1519 1833 manu
1545 1800 1679 1833 alieuius
1705 1799 1823 1832 notarii

1083 1855 1206 1899 publici
1225 1855 1429 1898 subscriptis,
1441 1859 1473 1887 et
1487 1854 1596 1896 sigillo
1614 1863 1776 1897 personae
1792 1852 1823 1885 in

1085 1908 1309 1942 ecelesiastica
1343 1908 1498 1950 dignitate
1535 1907 1730 1940 constitutae
1756 1917 1824 1938 mu-

1084 1962 1171 2001 nitis,
1189 1962 1303 1995 eadem
1327 1972 1463 2004 prorsus
1481 1960 1561 1993 fides
1587 1960 1708 2003 ubique
1735 1961 1824 1993 loco-

1085 2027 1155 2048 rum
1181 2021 1213 2048 et
1237 2015 1381 2058 gentium
1419 2020 1482 2047 tam
1514 2014 1547 2047 in
1579 2014 1699 2047 iudicio
1725 2025 1823 2057 quam

1085 2074 1175 2102 extra
1200 2069 1278 2101 illud
1308 2068 1523 2107 adhibeatur,
1555 2078 1637 2110 quae
1674 2067 1824 2110 ipsismet

1085 2122 1312 2166 praesentibus
1330 2121 1408 2164 ipsis
1427 2121 1648 2161 adhiberetur,
1671 2119 1697 2152 si
1716 2120 1824 2153 forent

1086 2175 1250 2209 exhibitae
1274 2175 1325 2207 vel
1351 2179 1517 2206 ostensae.

1130 2229 1245 2261 Datum
1270 2227 1406 2268 Romae,
1433 2227 1520 2270 apud
1546 2228 1576 2259 S.
1604 2226 1736 2259 Mariam
1762 2226 1827 2259 M„

1085 2282 1208 2321 iorem,
1237 2282 1295 2314 sub
1329 2281 1450 2313 annulo
1484 2280 1682 2321 piscatoris,
1715 2280 1766 2312 die
1795 2289 1824 2312 ιν

1086 2335 1191 2369 martii
1216 2344 1377 2376 MDCLXIV,
1405 2333 1612 2378 pontificatus
1639 2333 1742 2366 nostri
1769 2344 1826 2366 an-

1086 2400 1128 2423 no
1155 2399 1196 2423 lx.

1121 2451 1182 2479 Dat.
1199 2450 1244 2478 die
1260 2449 1276 2476 4
1290 2449 1382 2477 martii
1399 2449 1476 2483 1654,
1497 2448 1595 2485 pontif.
1617 2456 1662 2476 an.
1678 2455 1716 2476 tx.
