2247 3208
251 224 301 252 An.
321 223 346 249 e
373 224 437 251 1662
483 216 525 249 64

251 813 358 833 Contraria
371 813 430 832 ΙυΙΙΗ.

289 1077 311 1096 'si
318 1079 432 1102 ‹iwumpltS

304 1110 307 1122 ι
324 1104 417 1124 nir-:ildul-

278 2455 416 2476 Prooemium.

448 279 547 312 tores,
574 282 611 305 ae
636 272 666 303 S.
686 269 722 303 R.
742 269 776 302 E.
804 269 1002 309 cardinales,
1024 269 1119 301 etiam
1146 269 1184 301 dc

448 328 549 360 latere
576 327 722 367 legatos,
756 322 877 356 aliosve
911 321 1077 365 quoslibet
1108 332 1186 365 qua-

447 380 493 412 vis
519 377 720 415 auctoritate,
746 375 1006 420 praeeminentia
1031 379 1063 406 et
1091 379 1184 418 pote-

447 436 527 464 state
567 431 738 472 fungentes
775 434 807 461 et
843 428 1019 467 iuncturos,
1058 427 1183 460 sublata

447 485 493 517 eis
520 489 551 516 et
576 493 688 516 eorum
714 482 847 515 (utilibet
880 480 990 524 quavis
1016 479 1112 513 aliter
1136 480 1183 512 iu-

447 536 574 571 dicandi
597 541 629 569 et
645 534 882 579 interpretandi
902 534 1052 566 facultate
1078 538 1110 565 et
1130 544 1184 565 au-

447 590 606 629 ctoritate,
632 587 767 622 iudicari
786 592 818 620 et
839 585 967 619 definiri
994 586 1127 626 debere,
1147 596 1184 618 ae

447 644 573 676 irritum
599 648 631 675 et
655 642 750 674 inane
777 641 802 673 si
833 650 926 672 secus
953 647 1052 683 super
1082 639 1133 671 his
1166 650 1183 671 a

447 707 624 740 quoquam,
658 694 768 738 quavis
799 693 1011 732 auctoritate,
1039 691 1183 725 scienter

446 751 495 782 vel
522 749 723 791 ignoranter,
751 745 926 789 eontigerit
950 745 1113 779 attentari.

489 802 503 844 g
526 801 556 833 6.
577 800 645 832 Non
665 798 869 832 obstantibus
884 797 1083 840 praemissis,
1106 807 1182 830 nec-

447 865 511 889 non
537 853 686 887 omnibus
713 857 745 884 et
768 850 903 894 singulis
940 850 1014 890 illis,
1041 861 1123 893 quae
1149 850 1181 883 in

446 906 660 951 praeinsertis
686 904 803 939 litteris
836 903 995 937 voluimus
1022 914 1088 936 non
1124 904 1182 939 ob-

447 966 549 1000 stare,
574 959 757 1002 ceterisque
779 956 953 991 contrariis
973 956 1181 1000 quibuseum-

447 1025 520 1059 quc.

489 1068 504 1111 ξ,
528 1068 558 1101 7.
586 1067 734 1100 Ceterum
758 1066 904 1098 volumus
930 1063 1055 1108 pariter
1078 1068 1112 1096 ut
1129 1074 1180 1096 ea-

447 1122 591 1154 rumdem
623 1119 844 1164 praesentium
876 1117 1057 1150 litterarum
1093 1122 1179 1149 tran-

446 1174 590 1218 sumptis,
605 1183 700 1206 manu
714 1171 831 1205 notarii
850 1170 995 1215 pubbliei
1013 1170 1178 1214 subserip-

445 1227 494 1267 tis,
521 1232 553 1259 et
577 1226 684 1269 sigillo
709 1219 872 1269 personae
894 1224 926 1256 in
944 1223 1100 1266 dignitate
1127 1234 1178 1255 ec-

445 1279 625 1313 clesiastica
659 1277 852 1311 constitutae
884 1276 1032 1316 munitis,
1064 1276 1177 1309 cadem

445 1342 580 1377 prorsus
612 1331 692 1364 sides
728 1330 848 1373 ubique
886 1335 948 1362 tam
981 1329 1014 1362 in
1058 1329 1177 1361 iudicio

445 1397 540 1430 quam
561 1391 650 1418 extra
666 1385 745 1417 illud
764 1383 968 1423 adhibeatur,
986 1393 1067 1426 quae
1085 1392 1177 1426 prae-

445 1440 591 1472 sentibus
628 1439 706 1482 ipsis
743 1437 972 1477 adhiberetur,
1011 1436 1036 1469 si
1070 1436 1178 1469 forent

445 1492 606 1525 exhibitae
627 1492 677 1523 vcl
703 1495 867 1523 ostensae.

488 1544 599 1576 Datum
624 1543 754 1583 Romae,
774 1542 856 1586 apud
875 1541 905 1574 S.
926 1541 1057 1574 Mariam
1080 1540 1177 1573 Maio-

445 1609 522 1636 rem,
549 1598 607 1630 sub
633 1597 753 1629 annulo
778 1595 963 1635 piscatoris,
984 1594 1035 1627 die
1052 1605 1081 1628 xi
1104 1605 1177 1638 scp-

445 1651 577 1683 tcmbris
604 1660 743 1690 moetxu,
770 1648 976 1693 pontificatus
995 1648 1097 1681 nostri
1124 1659 1177 1681 an-

445 1714 486 1736 no
513 1714 580 1737 vul.

479 1765 536 1793 Dat.
554 1765 596 1793 die
616 1765 640 1793 Η
660 1765 824 1802 septembris
841 1758 1105 1800 1662,μυιιιῑῑ.ωιιιὸ
1123 1770 1174 1791 vlu.

767 1908 851 1942 CDV.

448 1989 537 2030 Quod
566 1989 743 2032 superiores
778 1988 1040 2032 Conqreqationis
1066 1988 1174 2022 Cassi-

489 2043 596 2074 nensis
621 2043 651 2075 S.
677 2043 860 2081 Benedicti,
884 2054 920 2075 ac
945 2044 1037 2075 eliam
1059 2052 1173 2073 monu-

489 2095 660 2129 slerz'orum
681 2095 826 2136 Sublaci,
853 2106 889 2127 ac
913 2095 1047 2137 Furfae,
1073 2094 1178 2126 eeleri-

489 2157 550 2189 (μω
574 2146 743 2185 ‘'nonaclii,
771 2157 835 2179 non
858 2148 1008 2179 accedun!
1041 2147 1177 2179 Romam

490 2198 607 2241 absque
637 2200 769 2231 licentiat
795 2200 921 2231 abbatis
952 2199 984 2232 S.
1012 2199 1116 2232 Pauli
1141 2210 1177 2231 ac

488 2252 708 2294 procuratoris
735 2252 906 2294 qeneralls.

640 2331 807 2358 Alexander
826 2332 903 2364 Papa
923 2332 985 2364 vti,

588 2377 623 2402 ad
639 2376 770 2402 futuram
789 2375 833 2402 rei
853 2377 1031 2403 memoriam.

492 2446 537 2478 Ad
571 2445 767 2489 apostolieae
805 2446 968 2489 dignitatis
1008 2447 1176 2491 fastigium,

447 2499 571 2532 meritis
598 2498 675 2531 lieet
698 2498 884 2541 impariluis,
913 2499 1019 2532 divina
1040 2500 1179 2544 disposi-

448 2552 536 2584 tione
577 2551 689 2592 evecti,
726 2551 798 2592 illis,
836 2562 917 2594 quae
954 2563 1013 2595 pro
1050 2554 1177 2587 decoris

448 2605 617 2638 monastici
644 2605 899 2649 discisdinacque
917 2606 1076 2648 regularis
1102 2617 1179 2640 con-

1029 220 1209 247 Bt‘LLARtt'M
1233 220 1385 245 nonnum

1221 269 1405 301 servatione
1436 269 1572 312 provide
1609 271 1759 304 costituta
1795 282 1867 305 esse
1898 282 1956 304 no-

1220 326 1362 361 scuntur,
1389 322 1539 362 libenter,
1565 334 1637 356 eum
1661 336 1678 356 a
1703 325 1797 357 nobis
1822 325 1952 368 petitur,

1219 375 1390 418 apostolici
1415 375 1601 408 muniminis
1627 377 1830 421 adiungimus
1855 377 1955 412 sirmi-

1219 433 1328 462 tatem,

1260 482 1275 523 ξ
1306 482 1336 514 t.
1369 481 1494 525 Exponi
1527 482 1689 525 siquidem
1719 484 1815 517 nobis
1847 496 1953 529 nuper

1218 533 1294 567 feeit
1325 534 1461 568 dilectus
1493 534 1576 567 filius
1606 535 1740 569 Iacobus
1774 537 1951 578 Romanus,

1217 592 1412 630 procurator
1426 588 1590 630 generalis
1600 587 1870 631 Congregationis
1881 590 1955 623 Cas-

1205 639 1359 672 ‘sinensis
1385 639 1514 673 Ordinis
1539 640 1569 673 S.
1598 641 1775 681 Benedicti,
1796 644 1882 686 quod
1908 643 1955 675 di-

1217 693 1292 725 lecti
1317 693 1443 736 pariter
1478 693 1534 726 filii
1560 694 1754 738 praesidens
1789 697 1953 738 generalis

1217 750 1249 778 et
1272 746 1456 780 visitatores
1491 747 1594 781 dictae
1627 747 1896 791 Congregationis
1921 750 1952 782 in

1217 810 1329 833 eorum
1353 800 1439 833 dieta
1463 801 1633 834 Ferrariae
1658 812 1764 845 nuper
1789 803 1953 835 celebrata

1216 852 1383 885 decretum
1409 853 1585 886 ediderunt
1610 855 1737 895 tenoris·
1762 855 1815 899 qui
1845 855 1954 899 sequi-

1217 910 1275 945 tur,
1301 905 1474 939 videlicet:

1264 971 1276 989 «
1302 958 1502 991 Salutaribus
1538 960 1668 993 monitis
1701 961 1949 994 eminentissimi

1215 1011 1336 1044 domini
1363 1012 1538 1045 cardinalis
1565 1013 1735 1046 Barberini
1766 1014 1951 1058 Congrega-

1215 1064 1310 1099 tionis
1336 1070 1468 1098 nostrae
1502 1066 1720 1109 protectoris,
1748 1067 1863 1110 quibus
1890 1078 1950 1110 pro

1214 1118 1403 1150 eorumdem
1429 1118 1638 1151 observantia
1662 1130 1735 1151 cum
1759 1119 1825 1152 suis
1850 1120 1950 1163 parti—

1213 1171 1377 1204 cularibus
1411 1171 1551 1212 litteris,
1594 1172 1652 1204 sub
1687 1172 1795 1205 datum
1828 1173 1949 1206 Romae

1213 1224 1264 1256 die
1289 1235 1339 1256 xrx
1364 1223 1484 1256 mensis
1515 1224 1627 1268 aprilis
1661 1225 1808 1268 proxime
1845 1225 1948 1269 clapsi

1213 1276 1317 1308 dietae
1329 1276 1499 1320 capitulari
1517 1276 1660 1316 directis,
1673 1277 1765 1310 enixe
1779 1277 1902 1317 institit,
1916 1283 1949 1310 nt

1212 1340 1271 1372 par
1289 1335 1346 1369 est,
1371 1330 1599 1373 obtemperare
1623 1331 1780 1370 volentes,
1797 1331 1947 1363 omnibus

1212 1388 1244 1414 et
1261 1383 1397 1425 singulis
1416 1382 1687 1426 Congregationis
1705 1388 1836 1416 nostrae
1854 1394 1949 1427 prae-

1212 1435 1294 1475 latis,
1327 1435 1424 1468 ctiam
1456 1435 1730 1468 monasteriorum
1761 1441 1949 1469 nostrorum

1211 1488 1349 1529 Sublaei,
1376 1489 1500 1529 Farsac,
1520 1500 1555 1522 ac
1573 1489 1742 1522 monachis
1768 1489 1948 1522 cuiuscum-

1212 1553 1273 1586 que
1299 1542 1520 1584 eonditionis‚
1548 1542 1773 1586 prohibemus,
1800 1548 1832 1576 et
1855 1543 1949 1587 peni-

1211 1602 1260 1628 tus
1286 1595 1522 1636 interdicimus,
1548 1607 1565 1628 a
1590 1595 1710 1628 nostris
1744 1593 1948 1629 constitutio-

1210 1649 1304 1682 nibus
1330 1660 1395 1682 non
1420 1650 1624 1689 recedentes,
1646 1660 1814 1682 necessum
1832 1651 1871 1682 ad
1890 1650 1948 1682 Ur-

1210 1705 1293 1743 bem,
1321 1704 1434 1746 quovis
1459 1708 1639 1746 praetextu,
1674 1704 1795 1746 absque
1817 1703 1947 1736 lieentia

1210 1757 1300 1800 prius
1326 1757 1357 1789 in
1384 1756 1514 1800 scriptis
1541 1767 1557 1788 a
1583 1756 1773 1789 reverendis
1800 1756 1946 1799 patribus

1210 1811 1326 1843 abbate
1357 1810 1387 1842 S.
1415 1809 1503 1841 Pauli
1523 1810 1561 1841 de
1579 1808 1665 1841 Urbe
1684 1815 1716 1841 et
1731 1814 1946 1852 procuratore

1210 1862 1355 1905 generali
1382 1863 1412 1894 in
1439 1862 1528 1894 curia
1553 1871 1614 1905 pro
1639 1866 1787 1904 tempore
1807 1861 1948 1894 existen-

1211 1919 1294 1949 tibus
1321 1918 1466 1949 obtenta.

1254 1971 1268 2013 ξ
1292 1970 1322 2002 ⁶2.
1350 1969 1433 2002 Nulli
1459 1968 1730 2012 supradictorum,
1758 1973 1832 2010 post
1860 1978 1947 1999 eum-

1211 2025 1283 2057 dem
1309 2033 1476 2055 aeccssum
1502 2023 1540 2054 ad
1573 2021 1713 2061 Urbem,
1740 2021 1837 2053 liceat
1869 2020 1945 2052 alibi

1211 2077 1307 2109 etiam
1340 2076 1371 2107 in
1406 2075 1555 2107 domibus
1588 2073 1782 2106 secularium
1812 2072 1947 2116 propin-

1193 2140 1356 2172 quornm,
1383 2132 1611 2171 praeterquam
1637 2126 1668 2159 in
1689 2125 1887 2158 monasterio
1913 2125 1944 2158 S.

1211 2181 1354 2220 Callisti,
1380 2191 1452 2212 sese
1478 2179 1648 2223 recipere,
1675 2178 1889 2217 commorari,
1916 2183 1949 2211 et

1211 2236 1311 2268 multo
1342 2234 1448 2267 minus
1481 2232 1592 2265 iuxta¹
1627 2233 1759 2265 easdem
1790 2232 1948 2265 constitu-

1196 2289 1316 2329 ¹tiones
1346 2292 1474 2320 nostras
1500 2291 1695 2330 pernoctare
1713 2312 1720 2325 ,
1747 2285 1806 2318 sub
1839 2286 1948 2328 poena

1212 2340 1438 2385 suspensionis
1464 2352 1481 2373 a
1512 2349 1716 2383 quocumque
1740 2339 1842 2382 gradu
1873 2337 1946 2381 ipso

1212 2395 1296 2428 sacto
1329 2395 1368 2427 ab
1400 2393 1550 2427 omnibus
1582 2392 1790 2425 incurrenda.
1828 2391 1947 2424 Iisdem

1211 2448 1336 2491 pariter
1366 2447 1399 2480 in
1428 2447 1544 2480 virtute
1575 2452 1705 2479 sanctae
1738 2444 1945 2478 obedientiae

1211 2501 1429 2545 praecipimus
1453 2506 1488 2533 ut
1510 2498 1661 2533 associati
1685 2504 1716 2532 et
1735 2498 1867 2531 omnino
1892 2508 1945 2530 cu-

1248 2573 1259 2598 1
1281 2571 1321 2597 Au
1345 2570 1489 2605 legendum
1517 2572 1618 2598 contra
1647 2577 1694 2604 pro
1718 2568 1822 2603 iuxta,
1847 2566 1946 2595 iudicet

1213 2616 1295 2642 lector
1310 2615 1379 2642 scius
1396 2616 1434 2651 (n.
1451 2614 1500 2650 T.).

1962 223 2009 249 An,
2031 223 2058 248 C.
2085 224 2149 251 mo?-

1996 497 2111 523 Expasrtio.

1985 970 2095 991 Dur-retum
2106 972 2150 993 die-

1967 1000 1999 1018 tae
2011 998 2102 1019 culmis.

1974 2784 1977 2786 ’
2240 2763 2247 2921 ἔ
