2247 3208
136 221 185 255 Au.
202 221 230 248 C.
253 221 321 248 1663

207 282 321 305 Confirmat

136 312 251 333 decretum.

164 1401 283 1423 clausi-tae.

170 2142 261 2173 Derogat
277 2147 316 2163 con

143 2172 221 2191 trariis.

896 232 899 233 ν
923 210 1111 244 Arnxmnrssr.
1135 220 1180 243 vn
1205 221 1253 243 rr.

377 268 434 314 §3-
446 268 509 303 Nos
522 268 626 311 igitur,
640 268 728 313 ipsos
742 275 941 313 exponentes
952 268 1070 312 speria-

334 321 417 355 libus
434 321 594 354 savoribus
615 326 647 354 et
666 322 776 365 gratiis
794 322 946 365 proserpd
964 322 1070 356 volen-

334 381 392 422 tes,
412 380 444 408 et
463 385 574 408 eorum
593 376 771 418 singulares
788 386 947 419 personas
966 386 983 407 a
1001 374 1086 417 qui-¹

333 428 443 461 busvis
469 429 822 467 excommunicationis
842 427 1068 471 suspensionis

335 487 367 515 et
391 483 565 522 interdicti,
585 483 722 526 aliisque
749 481 980 515 ecclesiasticis
996 475 1086 520 sen-1

335 535 454 576 tentiis,
467 536 614 568 censuris
641 541 672 568 et
696 535 821 579 poenis,
837 546 853 567 a
872 535 939 567 iure
964 535 1014 567 vel
1030 532 1085 566 ab*

336 589 478 628 homine,
496 589 606 632 quavis
623 589 795 634 occasione
810 590 859 621 vel
873 590 967 620 caiisa
986 588 1067 627 latis,

335 643 361 675 si
389 642 503 686 quibus
525 642 771 685 quomodolibet
788 639 981 673 innodatae¹
1005 641 1070 673 exi-

335 700 432 734 stunt.‚
450 695 489 727 ad
507 694 655 727 cll'ectum
670 694 891 737 praesentium
909 687 1086 726 dumtaxat

336 747 611 791 consequendum,
632 747 747 780 harum
761 747 846 779 serie
862 748 1070 779 absolventes

335 807 367 835 et
391 801 556 834 absolutas
582 801 649 834 sore
675 807 860 839 censentes,
886 801 1086 833 huiusmodi*

335 855 623 899 supplicationibus
649 855 804 894 inclinati,
830 854 1071 887 determinatio-

334 919 408 941 nem
433 909 619 951 praefatam,
644 908 676 940 in
700 908 813 941 ultimo
832 908 971 950 capitulo
998 918 1067 950 pro-

333 961 459 995 vinciali
484 961 670 1005 provinciae
696 961 879 994 huiusmodi
908 961 1020 993 saetam
1038 966 1072 993 ut

333 1015 523 1059 praefertur,
542 1015 729 1048 auctoritate
756 1014 942 1058 apostrdica,
961 1020 1071 1047 tenore

333 1069 566 1113 praesentium,
600 1068 828 1102 confirmamus
862 1073 893 1101 et
917 1068 1073 1111 approba-

333 1133 414 1163 mus,
440 1122 576 1166 illique2
592 1123 787 1157 inviolabilis
804 1123 1001 1166 apostolicae
1022 1122 1073 1155 fir-

335 1175 454 1208 mitatis
487 1176 586 1209 robur
616 1176 798 1216 amicimus,
831 1187 867 1209 ac
897 1187 1010 1210 omncs
1042 1181 1073 1209 et

335 1228 479 1271 singulos
503 1228 582 1261 iuris
614 1234 645 1262 et
677 1230 749 1262 facti
775 1230 934 1269 descetus,
960 1229 984 1261 si
1017 1229 1072 1272 qui

336 1282 476 1325 desuper
490 1282 737 1326 quomodolibet
749 1282 991 1323 intervenerint,
1001 1293 1074 1325 sup-

335 1335 474 1378 plemus.

379 1389 394 1432 §
418 1388 450 1421 4.
478 1389 693 1424 Decerncntes
724 1390 852 1422 easdem
886 1393 1071 1432 praesentes

337 1440 458 1475 litteras
484 1452 612 1485 semper
635 1442 755 1482 sirmas,
772 1443 892 1475 validas
916 1448 948 1474 et
971 1442 1075 1475 citica-

337 1505 389 1528 ces
415 1495 552 1528 existere
577 1500 608 1528 et
632 1495 711 1536 fore,
737 1506 878 1538 suosque
909 1495 1072 1537 plenarios

337 1553 369 1581 et
392 1548 538 1591 integros
564 1547 696 1581 eftectus
720 1548 827 1581 sortiri
854 1554 885 1580 et
909 1548 1073 1587 obtinere,

339 1611 376 1634 ac
400 1601 475 1642 illis,
496 1602 535 1634 ad
554 1612 634 1644 quos
662 1606 786 1644 spectat
801 1607 832 1634 et
852 1611 910 1643 pro
928 1605 1073 1643 tempore

339 1655 516 1698 spectabit,
545 1655 734 1698 plenissime
767 1654 949 1696 sul‘l'iugari,
975 1659 1007 1687 et
1035 1653 1074 1686 ab

337 1707 402 1740 illis
426 1708 605 1751 respective
630 1707 862 1740 inviolabiliter
887 1706 1071 1747 observari,

340 1761 451 1805 sicque
477 1772 537 1805 per
554 1772 775 1804 quoscumque
800 1761 923 1794 iudices
946 1760 1075 1793 ordina-

342 1813 408 1846 rios
437 1819 470 1847 et
499 1814 678 1856 delegatos,
706 1814 802 1847 etiam
826 1825 995 1847 causarum
1019 1824 1076 1857 pa-

340 1867 408 1900 latii
447 1868 620 1911 apostolici
657 1868 841 1908 auditores,
875 1867 1010 1900 indicari
1045 1873 1078 1900 et

341 1919 469 1953 definiri
496 1921 634 1960 debere,
662 1931 699 1954 ac
723 1920 849 1953 irritum
873 1925 905 1953 et
927 1920 1023 1952 inane
1050 1920 1075 1952 si

341 1984 434 2007 secus
466 1974 629 2017 superbis
655 1985 672 2006 a
698 1985 868 2017 quoquann
895 1973 1006 2016 quavis
1025 1984 1077 2005 au-

341 2027 500 2068 ctoritate,
528 2027 672 2060 scienter
695 2028 746 2060 vel
772 2027 974 2070 ignoranter,
1001 2037 1078 2059 con-

343 2081 452 2124 tigerit
476 2081 639 2114 attentari.

385 2135 400 2178 5
424 2134 455 2167 5.
482 2134 551 2167 Non
570 2133 772 2167 obstantibus
792 2134 1076 2167 constitutionibus

343 2193 374 2221 et
405 2188 664 2221 ordinationibus
698 2187 908 2231 apostolicis,
935 2198 1076 2228 necnon,

343 2247 501 2285 quatenus
521 2252 601 2285 opus
624 2241 673 2281 sit,
691 2241 819 2274 Ordinis
839 2246 871 2273 et
895 2241 1078 2284 provinciae

343 2294 538 2335 huiusmodi,
566 2294 724 2338 huiusque
757 2300 973 2328 conventuum
1000 2306 1079 2338 quo-

343 2348 473 2388 rumvis,
500 2347 596 2380 etiam
621 2347 814 2388 iuramento,
830 2348 1078 2381 confirmatione

342 2401 533 2445 apostoliea,
559 2403 610 2435 vel
635 2401 745 2445 quavis
766 2401 917 2435 firmitate
942 2402 1004 2435 alia
1029 2413 1081 2435 ro-

342 2454 476 2496 boratis,
502 2454 627 2488 statutis
646 2460 679 2488 et
703 2455 1001 2496 consuetudinibus,
1015 2455 1080 2499 pri-

380 2533 390 2564 1'
414 2533 484 2564 Edit.
501 2534 579 2563 Main.
596 2535 660 2571 legit
675 2536 832 2563 innodatus
845 2537 883 2571 (R.
898 2536 946 2570 T.).

379 2581 395 2607 2
413 2580 512 2609 Contra
527 2585 667 2608 contextus
686 2580 819 2608 rationem
839 2580 903 2609 edit.
921 2579 999 2610 Μαίη.
1016 2580 1080 2616 tegit

344 2625 461 2661 illisque
475 2627 513 2661 (n.
529 2626 577 2661 T.).

1102 268 1227 311 vilegiis
1253 279 1391 312 quoque,
1418 268 1550 301 indultis
1575 273 1607 302 et
1630 268 1746 301 litteris
1762 279 1839 311 apo-

1103 322 1225 354 stolicis
1264 321 1296 353 in
1336 322 1533 354 contrarium
1581 322 1837 366 praemissorum

1103 375 1351 416 ‹punnodolibetr
1374 376 1560 415 concessis,
1587 376 1775 419 approbatis
1807 381 1840 408 et

1084 427 1275 474 ¹innovatis3
1311 428 1426 471 quibus
1456 429 1604 461 omuibus
1636 435 1667 461 et
1692 429 1836 471 singulis,

1102 480 1238 519 etiamsi,
1257 486 1330 519 cte,
1347 480 1494 513 illorum¹
1511 488 1640 515 tenores
1659 481 1840 525 praesenti-

1103 534 1160 565 bus
1188 544 1247 577 pro
1274 535 1370 577 plene
1398 540 1430 566 et
1447 534 1647 567 suslirieuter
1673 536 1837 578 expressis

1102 597 1138 618 ac
1163 587 1201 619 de
1228 588 1327 619 verbo
1353 588 1391 619 ad
1410 588 1544 620 verbum
1561 588 1692 620 insertis
1718 589 1840 621 liaben-

1103 645 1167 677 tes‚
1195 640 1258 673 illis
1287 641 1366 673 alias
1394 641 1425 673 in
1456 652 1513 673 suo
1543 642 1662 674 robore
1690 653 1840 685 perman-

1103 694 1197 734 suris,
1222 695 1260 726 ad
1298 694 1553 737 praemissorum
1585 695 1750 735 ellectum,
1779 696 1840 728 liac

1103 747 1171 779 viee
1206 747 1386 787 dumtaxat,
1413 747 1602 790 specialiter
1631 754 1662 780 et
1687 759 1839 791 expresse

1104 800 1318 842 derogamus3
1350 801 1534 843 ceterisque
1567 801 1738 834 contrariis
1771 802 1840 845 qui-

1104 854 1315 896 buscumque.
1482 851 1485 854 ⁴

1147 906 1259 938 Datum
1286 906 1422 947 Romae,
1448 907 1532 949 apud
1565 907 1596 940 S.
1624 907 1753 940 Mariam
1778 908 1840 941 Ma-

1104 960 1223 1001 iorem,
1249 961 1307 993 sub
1333 962 1452 994 annulo
1476 961 1668 1001 piscatoris,
1694 962 1746 995 die
1770 973 1841 996 xxvr

1104 1013 1239 1046 ianuarii
1264 1024 1419 1055 MDCani,
1437 1014 1640 1058 pontificatus
1666 1015 1767 1049 nostri
1785 1026 1841 1048 an-

1104 1078 1147 1100 no
1172 1078 1241 1101 vnl.

1140 1129 1198 1157 Dat.
1215 1129 1257 1157 die
1272 1130 1306 1157 26
1317 1130 1433 1158 ianuarii
1451 1132 1529 1165 1663,
1545 1131 1640 1167 pontif.
1657 1136 1701 1160 an.'
1717 1137 1775 1160 Vl11.

1390 1273 1546 1307 CDXXIH.

1105 1351 1295 1385 Subsistimn
1331 1356 1459 1385 centnm
1492 1351 1640 1385 millium
1678 1356 1843 1386 scutorum

1149 1415 1245 1448 super
1269 1405 1449 1438 redditibus
1474 1407 1696 1439 ecclesiasticis
1720 1407 1757 1439 in
1781 1407 1844 1439 clo-

1149 1459 1254 1490 minio
1276 1459 1463 1492 Venetorum
1485 1460 1694 1492 existentibus
1713 1470 1771 1503 pro
1788 1461 1845 1493 Re-

1149 1511 1279 1554 publicci
1322 1511 1433 1545 Fenchi
1470 1513 1512 1546 ad
1537 1513 1680 1556 ellectum
1704 1513 1790 1545 illud
1807 1514 1844 1545 in

1151 1575 1305 1608 expensas
1318 1570 1429 1598 contra
1446 1567 1574 1607 Turesis,
1586 1572 1613 1599 et
1630 1577 1695 1600 non
1708 1567 1745 1599 in
1761 1566 1844 1599 alios

1150 1628 1239 1659 usus,
1267 1618 1470 1662 expendendi
1482 1618 1504 1652 ².

1299 1699 1463 1727 Alexander
1488 1700 1568 1734 Papa
1586 1701 1651 1732 VII,

1247 1744 1284 1771 ad
1303 1744 1437 1771 futuram
1461 1744 1505 1772 rei
1525 1745 1704 1772 memoriam.

1152 1816 1167 1859 ἓ
1191 1815 1222 1848 1.
1249 1815 1316 1848 Etsi
1342 1814 1465 1857 nobis3,
1487 1826 1545 1859 pro
1567 1817 1642 1848 cura
1672 1815 1844 1859 pastoralis

1109 1868 1205 1901 officii
1227 1868 1333 1901 divina
1350 1868 1544 1911 disponente
1568 1868 1771 1911 providentia
1787 1879 1846 1902 no-

1109 1922 1157 1954 bis
1191 1921 1314 1955 meritis
1346 1922 1421 1954 licet
1447 1921 1624 1964 imparibus
1659 1922 1845 1963 commissi,

1110 1976 1192 2008 nibil
1224 1975 1326 2018 magis
1359 1976 1448 2008 cordi
1479 1975 1542 2015 sit,
1568 1986 1663 2019 quam
1687 1986 1845 2020 personas

1110 2028 1343 2061 ecclesiasticas
1358 2028 1396 2061 ab
1415 2029 1676 2061 extraordinariis
1691 2028 1845 2062 oneribus

1110 2082 1268 2115 immunes
1290 2092 1419 2125 semper
1437 2092 1639 2122 conservare,
1657 2082 1765 2126 idque,
1782 2082 1846 2114 nisi

1111 2146 1233 2167 summa
1260 2134 1436 2167 necessitas
1462 2140 1574 2177 cogat,
1599 2135 1706 2178 reipsa
1737 2135 1846 2167 animo

1111 2188 1314 2221 statuerimus
1329 2199 1337 2229 3
1357 2188 1583 2229 nihilominus,
1604 2189 1686 2221 sicut
1702 2188 1765 2220 iam
1783 2199 1848 2221 om-

1112 2242 1206 2274 nibus
1230 2247 1344 2275 notum
1369 2253 1437 2276 esse
1455 2243 1566 2283 debet,
1579 2253 1649 2275 cum
1674 2243 1848 2275 Turcarum

1113 2301 1264 2339 tyrannus
1288 2295 1446 2329 nefarium
1465 2296 1597 2336 bellum,
1617 2297 1713 2339 quod,
1739 2307 1756 2328 a
1780 2307 1850 2339 sep-

1114 2348 1282 2381 temdecim
1300 2350 1349 2382 vel
1367 2349 1493 2382 circiter
1514 2350 1613 2390 annis,
1634 2348 1758 2382 dilectis
1775 2348 1849 2381 filiis

1112 2402 1275 2436 nobilibus
1298 2403 1373 2437 viris
1398 2403 1469 2436 duci
1495 2408 1526 2436 et
1551 2402 1695 2436 dominio
1713 2402 1850 2436 Veneto-

1149 2495 1160 2519 1
1178 2493 1249 2520 Male
1263 2492 1306 2520 ed.
1318 2492 1399 2520 lllain.
1412 2493 1476 2528 legit
1490 2493 1604 2520 etiamsi
1620 2492 1738 2521 illorum
1748 2492 1788 2526 (R.
1801 2491 1849 2526 Τ.).

1147 2536 1163 2563 2
1183 2537 1219 2563 Ex
1240 2536 1345 2570 Regest.
1367 2536 1395 2563 in
1415 2537 1519 2564 Secret.
1543 2536 1619 2563 Brev.

1147 2581 1163 2608 3
1183 2581 1248 2608 Vide
1268 2580 1502 2616 quamsimillimas
1516 2580 1664 2608 innocentii
1679 2579 1698 2606 X
1719 2579 1850 2607 Constitue
1872 2587 1875 2590 ‘

1112 2625 1199 2654 tiones
1218 2625 1245 2653 in
1260 2628 1326 2654 tom.
1343 2633 1387 2661 xv,
1408 2633 1468 2662 pag.
1485 2625 1547 2660 397,
1563 2625 1624 2657 638,
1641 2624 1692 2653 736
1706 2624 1747 2659 (R.
1764 2624 1812 2660 T.).

1744 209 1807 242 ²102ss
1854 219 1903 245 An.
1919 219 1946 246 c.
1969 220 2035 248 1663

1887 1823 2027 1845 Prooemium.
