2247 3208
242 224 290 247 An.
307 222 336 248 C.
359 221 420 248 1067

266 1910 324 1930 lubet
337 1914 373 1933 pro
385 1909 422 1927 iis-

239 1936 259 1955 d>
270 1943 286 1955 m
306 1934 422 1960 expeditio·

341 1961 421 1981 littera-

239 1995 283 2008 rum
292 1989 421 2014 apostolicae

241 2016 293 2035 [ieri.

468 211 531 245 520

431 269 481 301 vel
505 267 626 314 privata
642 265 735 297 ctiam
754 263 880 301 assumi,
896 259 1035 304 aliaque¹
1052 271 1165 302 gerere

433 327 464 354 et
488 329 640 352 exercere
666 317 698 349 in
725 316 873 349 omnibus
901 320 931 347 et
955 325 1013 357 per
1038 313 1163 353 omnia,

431 385 468 406 ac
493 373 517 405 si
539 373 578 404 de
604 371 748 413 legitimo
773 368 979 401 matrimonio
1004 367 1165 410 procreati

430 427 545 464 forent,
572 435 617 463 ac,
637 424 749 456 eodem
775 422 899 454 defectu
926 431 990 453 non
1016 421 1162 459 obsante,

430 478 453 510 si
472 477 555 510 aliud
575 476 765 509 canonicum
790 474 835 507 eis
861 484 925 506 non
951 473 1089 505 obsistat
1109 473 1166 504 im-

430 530 660 573 pedimentum,
676 534 710 560 ut
727 527 868 560 clericali
890 526 1090 565 charactere,
1111 525 1164 568 qui

430 583 486 615 illo
512 582 656 614 nondum
680 579 824 622 insigniti
850 579 922 617 sint,
950 578 1108 620 insigniri,
1130 587 1165 610 ac

430 635 469 666 ad
487 643 598 666 ornnes
624 633 719 666 etiam
738 643 846 665 sacros
867 636 900 664 et
922 632 1164 675 presbyteratus

431 685 574 724 ordines,
593 685 618 717 si
635 685 776 718 nondum
790 685 829 717 ad
847 684 919 717 illos
933 683 1073 727 promoti
1092 683 1163 722 sint,

430 738 625 781 promoveri,
645 748 679 770 ac
701 738 905 781 postmodum
931 737 1115 769 charactere
1135 740 1166 768 et

431 791 598 823 ordinibus
623 790 806 823 huiusmodi
839 790 1032 831 illorumque
1068 788 1166 832 privi—

430 843 523 885 legiis
548 842 602 881 uti,
626 842 713 874 acin
731 842 854 875 eisdem
880 841 1047 873 ordinibus
1070 840 1165 872 etiam

430 896 462 927 in
480 895 589 928 altaris
612 894 790 927 ministerio
809 894 1001 932 ministrare,
1021 903 1056 925 ac
1074 903 1166 935 quae-

430 958 567 991 cumque
601 953 633 980 et
662 947 905 990 qualiacumque
940 956 1009 978 cum
1035 947 1109 977 cura
1134 950 1166 977 et

431 1001 499 1033 sine
525 1003 599 1033 cura
617 1000 776 1033 beneficia
794 999 1020 1037 ecclesiastica,
1041 998 1164 1031 etiamsi

430 1059 633 1096 personatus,
660 1052 972 1091 administrationes,
1002 1056 1034 1084 et
1061 1051 1166 1084 officia

432 1105 526 1137 etiam
553 1110 662 1137 curata
688 1110 720 1137 et
744 1105 887 1143 electiva,
913 1104 945 1136 in
971 1104 1165 1136 cathedrali-

431 1158 490 1190 bus
510 1163 541 1190 et
558 1157 817 1201 metropolitanis
840 1158 888 1190 vel
913 1156 1095 1199 collegiatis
1113 1166 1165 1188 ec-

431 1211 549 1250 clesiis,
570 1221 627 1243 seu
652 1211 677 1243 si
703 1211 911 1254 parochiales
929 1210 1095 1249 ecclesiae,
1115 1211 1165 1242 vel

431 1274 540 1296 earum
566 1269 741 1306 perpetuae
767 1264 914 1301 vicariae,
936 1274 970 1296 ac
995 1263 1166 1296 canonica-

433 1321 479 1348 tus
500 1321 531 1349 et
559 1317 777 1359 praebendae,
804 1317 999 1359 dignitates,
1033 1326 1096 1348 non
1122 1321 1166 1347 ta-

431 1380 504 1401 men
523 1369 661 1402 maiores
679 1375 754 1413 post
771 1369 988 1412 pontificalem
1007 1369 1037 1400 in
1057 1368 1166 1401 cathe-

432 1422 594 1462 ‹lralibus,
621 1427 673 1454 aut
705 1422 904 1465 principales
929 1422 961 1454 in
987 1421 1165 1464 collegiatis

432 1474 576 1508 eeclesiis
603 1474 787 1511 huiusmodi
811 1474 941 1514 suerint,
963 1475 988 1506 si
1007 1474 1067 1507 sibi
1089 1474 1166 1506 alias

432 1527 587 1560 canonice
612 1528 845 1567 conserantur,
875 1533 928 1559 aut
959 1527 1020 1570 ipsi
1045 1527 1167 1569 eligan-

432 1586 491 1619 tur,
510 1585 760 1623 praesententur
780 1580 828 1612 vel
856 1580 934 1612 alias
961 1584 1167 1612 assumantur

432 1634 469 1666 ad
497 1634 576 1673 illa,
604 1633 813 1665 instituantur
843 1633 874 1665 in
908 1632 1051 1672 eisdem,
1085 1633 1167 1665 reci-

432 1697 522 1730 pere,
543 1692 584 1726 et,
602 1687 776 1719 dummodo
795 1687 889 1729 plura
907 1686 1002 1718 simul
1021 1695 1085 1717 non
1103 1685 1168 1717 sint

434 1750 528 1782 quarn
562 1749 644 1782 quae
670 1750 686 1771 a
711 1738 853 1771 Concilio
882 1738 1068 1770 Tridentino
1094 1748 1168 1781 per-

433 1792 611 1831 mittuntur,
627 1792 729 1835 quoad
744 1791 890 1831 vixerint,
906 1791 1046 1824 retinere
1065 1792 1167 1824 libere

433 1849 464 1876 vt
489 1844 573 1877 licite
601 1845 735 1884 valeant,
755 1844 903 1877 similiter
928 1844 1164 1886 dispensamus.

477 1898 490 1940 ξ
515 1897 545 1930 7.
572 1897 726 1940 Quodque
749 1908 860 1929 omnes
890 1902 919 1929 et
945 1907 1166 1939 quaecumque

434 1951 554 1993 gratiae
588 1950 788 1993 provisiones
820 1955 851 1982 et
883 1950 1104 1987 commendae,
1138 1954 1169 1981 et

435 2004 563 2046 quaevis
589 2003 670 2035 aliae
692 2002 817 2035 litterae
840 2002 1039 2045 apostolicae
1064 2001 1169 2044 provi-

434 2057 561 2089 sionum
577 2066 856 2099 quorumcumque
872 2054 1103 2087 beneficiorum
1119 2065 1168 2086 ec-
1188 2066 1190 2068 ¹

434 2109 690 2141 clcsiasticorum
716 2107 911 2146 huiusmodi,
930 2112 1024 2150 prout
1049 2106 1167 2139 nostris
1188 2118 1190 2139 τ

1188 2159 1190 2174 ²
1212 2163 1347 2194 rumque
1366 2152 1503 2184 aliorum
1523 2160 1799 2193 quorumcumque
1824 2149 1946 2182 benefi-

435 2162 644 2195 samiliaribus
677 2160 839 2193 continuis
872 2159 1166 2198 commensalibus,

435 2217 532 2258 gratis
559 2216 684 2253 dentur,
705 2215 922 2246 concedantur
942 2218 972 2245 et
997 2212 1169 2255 expedian—

437 2274 510 2307 tur,
537 2280 571 2300 ac
606 2268 700 2300 etiam
733 2267 859 2300 litterae
898 2267 985 2309 ipsae
1011 2266 1042 2297 in
1069 2266 1166 2297 forma

437 2321 556 2359 Brevis,
574 2326 634 2352 tam
655 2321 691 2352 de
711 2319 865 2362 capienda
890 2317 1095 2362 possessione
1115 2327 1170 2349 no-

437 2375 521 2406 mine
547 2374 649 2406 dictae
676 2383 821 2405 camerae
847 2371 1054 2415 apostolicae,
1073 2381 1168 2413 quam

437 2427 522 2465 alias,
549 2425 594 2457 uti
620 2426 682 2458 illis
708 2435 805 2468 super
830 2424 1070 2468 provisionibus
1091 2433 1191 2465 (μω-ς

436 2479 556 2511 rumvis
600 2478 831 2510 beneficiorum
879 2475 1169 2510 ecclesiastiea-um

437 2532 506 2565 dari
532 2536 709 2574 poterunt,
738 2530 885 2562 similiter
909 2529 1007 2572 gratis
1033 2528 1170 2568 dentur,

474 2595 482 2621 1
509 2592 606 2619 Forsan
629 2592 734 2625 illaque
756 2591 790 2625 (tt.
808 2591 855 2619 τ.).

1013 215 1047 237 nt
1054 214 1189 237 LLAhlt‘tut
1214 214 1338 237 limat-tim
1345 216 1363 237 ll
1392 224 1395 227 ·

1187 260 1428 292 lconcedantur
1460 265 1491 293 et
1521 262 1758 304 expediantur,
1787 274 1822 296 ac
1853 264 1941 305 dari,

1208 311 1341 343 concedi
1371 317 1403 343 et
1438 312 1579 355 expediri
1611 315 1744 348 omnino
1781 315 1940 356 debeant,

1209 363 1303 395 etiam
1328 364 1541 407 praecipimus
1568 371 1598 397 et
1622 368 1820 400 mandamus.

1252 415 1320 458 58.
1349 417 1391 448 Ac
1424 417 1627 450 conclavistis
1664 420 1856 461 praedictis,
1889 422 1941 464 qui

1208 521 1340 553 alterius
1355 521 1487 554 militiae
1501 523 1660 565 regularis
1676 523 1773 556 etiam
1790 535 1941 568 expresse

1206 573 1345 616 professi
1367 578 1449 613 sunt,
1468 579 1513 613 ut,
1530 574 1653 606 etiamsi
1679 575 1716 607 ab
1735 586 1846 609 eorum
1868 587 1944 610 con-

1207 630 1304 658 ventu
1323 626 1471 658 absentes
1490 626 1722 667 existant,dum
1737 633 1845 661 tamen
1858 630 1945 672 quin-

1208 680 1412 721 quennalem,
1434 690 1490 711 scu
1516 679 1610 712 aliam
1637 680 1779 713 debitam
1804 681 1944 715 residen-

1210 732 1283 764 tiam
1307 731 1339 763 in
1364 737 1523 764 conventu
1550 733 1703 772 fecerint,
1732 738 1763 765 et
1789 740 1943 767 consueta

1209 783 1338 815 servitia
1351 784 1582 826 praestiterint,
1599 795 1879 828 quorumcumque
1893 787 1945 819 be-

1209 836 1396 869 neficiorum
1422 838 1728 878 ecclesiasticorum,
1747 845 1777 871 et
1793 850 1943 882 quarum-

1209 889 1263 921 vis¹
1280 890 1473 932 pensionum
1492 896 1523 923 et
1543 892 1805 924 commendarum
1831 903 1943 925 eorum

1208 941 1340 974 militiae
1362 952 1416 974 seu
1441 943 1608 985 religionis
1635 954 1768 986 capaces
1795 944 1942 983 existant,

1209 994 1344 1036 perinde
1370 1005 1405 1026 ac
1430 995 1455 1026 si
1478 995 1509 1027 in
1536 995 1649 1028 eadem
1675 996 1788 1029 militia
1814 1007 1870 1029 seu
1896 1007 1945 1030 re-

1210 1045 1330 1088 ligione
1356 1046 1576 1079 antianitatem
1614 1048 1652 1080 de
1678 1047 1798 1080 iustitia
1831 1059 1945 1081 conse-

1210 1098 1299 1141 quuti
1326 1098 1472 1139 fuissent,
1491 1099 1642 1132 similiter
1662 1100 1879 1143 indulgemus.

1252 1149 1311 1192 ἓξ).
1334 1150 1529 1194 Eisdemque
1548 1152 1763 1193 conclavistis,
1783 1157 1815 1185 et
1832 1163 1943 1185 eorum

1210 1202 1363 1245 singulis,
1388 1208 1423 1235 ut
1446 1204 1640 1247 quicumque
1674 1204 1734 1237 loci
1760 1204 1942 1245 Ordinaru‚

1210 1256 1258 1287 vel
1284 1256 1427 1288 canonici
1459 1257 1783 1300 metropolitanarum
1815 1258 1866 1290 vel
1895 1269 1945 1290 ca-

1211 1308 1419 1348 thedralium,
1437 1319 1491 1341 seu
1508 1310 1642 1342 duarum
1658 1309 1833 1352 insignium
1850 1310 1943 1342 Urbis

1210 1361 1451 1404 collegiatarum
1472 1361 1693 1401 ecelesiarum,
1712 1367 1767 1394 aut
1784 1372 1944 1405 personae

1209 1413 1289 1446 aliae
1315 1425 1534 1459 quaecumque
1571 1415 1812 1447 ecclesiasticae
1838 1414 1870 1446 in
1898 1415 1944 1446 di—

1210 1466 1329 1509 gnitate
1356 1467 1576 1499 ecclesiastica
1594 1467 1799 1507 constitutae,
1822 1472 1885 1499 tam
1912 1467 1944 1499 in

1210 1520 1351 1552 Romana
1375 1520 1463 1552 curia
1502 1531 1597 1563 quam
1627 1525 1714 1552 extra
1741 1530 1820 1559 eam,
1847 1520 1886 1552 ad
1911 1520 1942 1552 id

1209 1582 1267 1615 per
1292 1583 1347 1604 eos
1374 1577 1405 1604 et
1430 1582 1543 1605 eorum
1565 1572 1710 1614 singulos
1733 1571 1874 1614 eligendi
1888 1582 1943 1604 seu

1210 1625 1403 1667 eligendae,
1436 1635 1651 1668 quascumque
1687 1624 1862 1667 pensiones
1889 1635 1944 1656 an-

1210 1687 1289 1709 nuas
1314 1677 1359 1709 eis
1393 1682 1424 1709 et
1455 1687 1565 1709 eorum
1599 1676 1736 1718 singulis
1759 1687 1856 1719 super
1877 1676 1945 1719 qui-

1210 1731 1406 1772 buscumque
1433 1729 1610 1767 fructibus,
1635 1729 1814 1761 redditibus
1834 1756 1840 1768 ,
1872 1739 1944 1772 pro-

1210 1783 1368 1821 ventibus,
1385 1782 1518 1821 iuribus,
1537 1781 1785 1814 obventionibus
1812 1786 1843 1814 et
1861 1791 1945 1814 emo-

1211 1835 1359 1868 lumentis
1373 1835 1545 1874 universis,
1559 1835 1654 1867 certis
1670 1839 1701 1866 et
1717 1834 1858 1875 incertis,
1869 1845 1946 1878 qua-

1211 1899 1421 1931 rumcumque
1464 1898 1649 1920 mensarum
1690 1886 1943 1929 episcopalium,

1188 1937 1537 1985 'archiepiscopalium
1578 1945 1609 1972 et
1651 1939 1880 1980 abbatialinm,
1909 1950 1945 1971 ae

1211 1995 1306 2027 etiam
1324 1984 1604 2026 distributionibus
1622 1992 1829 2036 quotidianis,
1848 1992 1943 2024 ctiam

1213 2048 1335 2080 ratione
1361 2046 1482 2079 servitii
1510 2051 1541 2078 et
1557 2045 1716 2078 mercedis
1738 2045 1941 2087 dignitatum,

1211 2100 1455 2132 canonicatuum
1473 2103 1500 2130 et
1527 2098 1796 2140 praebendarum,
1818 2102 1945 2143 cetero-

1212 2205 1332 2237 ciorum
1355 2198 1771 2242 ecclesiasticorum,'etiam
1785 2213 1946 2245 perprae-

1212 2259 1315 2291 dictos
1341 2257 1371 2290 S.
1393 2257 1429 2289 R.
1456 2257 1490 2289 E.
1523 2256 1703 2289 cardinales
1738 2256 1946 2288 obtentorum

1212 2315 1244 2343 et
1260 2311 1291 2342 in
1309 2315 1475 2353 posterum
1494 2309 1761 2348 obtinendoiuin,
1781 2318 1852 2340 eum
1870 2309 1947 2340 cura

1212 2368 1244 2395 et
1268 2362 1335 2395 sine
1361 2364 1457 2402 cura,
1486 2361 1679 2394 secularium
1705 2366 1736 2393 et
1760 2359 1944 2403 quorumvis

1211 2416 1367 2449 Ordinum
1378 2415 1573 2457 regularium
1587 2424 1641 2446 seu
1661 2415 1790 2452 fructus,
1800 2412 1946 2445 redditus

1212 2475 1242 2502 et
1278 2474 1451 2512 proventus
1491 2466 1677 2499 huiusmodi
1713 2464 1945 2497 beneficiorum

1213 2528 1391 2556 reservatos
1410 2527 1439 2553 et
1460 2521 1682 2557 reservandos,
1701 2519 1826 2551 etiamsi
1844 2520 1946 2552 semel

1248 2586 1260 2610 1
1282 2583 1331 2610 Ed.
1348 2582 1429 2609 Main.
1447 2582 1511 2617 legit
1526 2581 1691 2616 quorunwis
1706 2582 1746 2609 (n.
1762 2583 1810 2606 rt.

1950 219 2003 244 Λιι.
2021 218 2048 244 C.
2068 218 2131 245 ¹607

1989 435 2032 455 Atta
2049 441 2089 461 prii
2106 438 2109 451 l

1208 467 1238 500 S.
1257 468 1384 501 loannis
1410 469 1699 510 llierosoliinitani‚
1720 482 1774 504 seu
1802 467 1965 506 cuiusvis'
1991 477 1996 481 '

2014 1165 2136 1186 pensionem

1902 1205 1919 1210 ..
1955 1191 2064 1212 translatio
