2247 3208
150 233 198 260 An.
214 232 242 260 C.
265 232 331 260 1652

197 873 332 895 conditiones

148 901 270 922 nonnullae.

933 232 1076 256 ALEXAND
1083 232 1122 256 ER
1145 233 1189 256 VII
1215 233 1262 256 PP.

346 281 394 314 vis
404 277 578 325 praetextu
590 280 641 313 vel
656 281 754 313 causa
768 280 952 313 continuari
963 280 1080 323 possit,

347 333 474 366 etiamsi
493 334 621 376 integra
633 344 759 366 summa
781 333 894 366 decem
916 338 948 365 et
964 343 1080 365 novem

346 387 528 420 millionum
555 398 628 420 cum
647 387 782 420 dimidio
809 387 944 420 alterius
962 385 1082 418 millio-

346 440 396 473 nis
412 440 600 473 huiusmodi
617 451 682 474 uon
700 440 816 473 suisset
836 444 959 478 exacta,
978 439 1082 482 quod-

347 504 428 538 que,
461 494 487 527 si
520 499 594 527 ante
621 494 718 527 tinem
743 493 891 526 sexennii
921 491 1080 535 praedicti

348 557 474 580 summa
499 547 612 580 decem
646 552 677 579 et
702 557 818 579 novem
844 545 983 578 millium
1008 556 1080 577 cnm

348 600 483 633 dimidio
518 600 653 633 alterius
694 599 849 632 millionis
889 599 1081 631 ducatorum

347 653 538 686 huiusmodi
563 654 712 685 contecta
735 652 847 691 suerit,
868 651 1081 684 ecclesiastici

347 707 508 750 praedicti
527 706 666 749 amplius
692 705 916 744 contribuere,
933 709 964 737 et
981 705 1082 737 dictas

348 759 493 802 gabellas
518 769 576 791 seu
603 759 704 798 sisas,
731 763 768 790 ut
791 758 991 801 praefertur,
1018 757 1083 790 sol—

346 822 424 844 vere
449 822 516 844 non
543 812 697 850 debeant,
717 811 776 843 sed
801 821 960 853 praesens
979 810 1083 852 gratia

348 865 487 908 expiret,
506 865 662 907 nullaque
682 863 724 896 sit
749 873 788 896 eo
813 864 903 906 ipso,
927 863 1082 906 quodque

348 916 470 955 clerus,
498 915 670 955 ecclesiae,
690 916 761 947 loca
785 914 839 958 pia
865 919 897 946 et
920 924 1082 958 personae

349 968 592 1002 ecclesiasticae
618 968 805 1011 praedictae
827 968 965 1000 durante
990 978 1085 1010 prae-

349 1022 436 1055 dicto
462 1021 619 1054 sexennio
645 1031 711 1054 non
735 1020 863 1064 possint
890 1021 1017 1063 gravari
1036 1031 1085 1052 ra-

349 1075 439 1107 tione
465 1074 610 1107 cuiusvis
643 1074 780 1106 alterius
810 1074 885 1106 novi
919 1073 1084 1115 augmenti

350 1127 593 1170 praedictarum
609 1127 811 1169 gabellarum
827 1131 859 1159 et
874 1127 1014 1159 sisarum
1033 1136 1086 1158 su-

350 1190 410 1223 per
428 1180 565 1220 eisdem,
585 1190 621 1212 ac
642 1190 743 1213 novae
770 1179 992 1223 impositionis
1010 1179 1087 1212 alia-

350 1243 421 1264 rum
448 1233 650 1275 gabellarum
677 1238 709 1265 et
733 1233 873 1265 sisarum
899 1243 999 1275 super
1016 1232 1087 1275 qui-

349 1286 554 1328 buscumque
569 1296 679 1318 rerum
695 1285 882 1329 speciebus,
903 1295 964 1318 nec
989 1285 1086 1318 etiam

350 1349 410 1381 pro
444 1338 654 1381 portionibus
690 1339 780 1371 {uros
815 1338 1013 1381 nuncupatis
1047 1339 1085 1370 de

351 1391 510 1424 laicorum
535 1397 662 1424 tantum
688 1402 853 1425 consensu
871 1391 949 1424 alias
969 1392 1104 1427 erectist

352 1449 383 1476 et
408 1443 585 1487 impositis,
613 1455 795 1488 eorumque
821 1445 994 1485 fructibus,
1025 1445 1086 1476 nisi

351 1496 378 1529 si
404 1502 435 1529 et
460 1502 637 1540 postquam
662 1497 907 1540 beneplacitum
937 1502 1087 1530 nostrum

351 1560 410 1582 seu
435 1561 452 1582 a
478 1551 867 1583 successoribusnostris
893 1561 1086 1584 concessum

352 1603 469 1644 suerit,
497 1603 591 1644 alias,
624 1604 657 1636 in
684 1604 833 1647 quolibet
858 1615 934 1637 casu
960 1609 1088 1637 contra-

351 1656 516 1689 ventiouis
533 1684 540 1696 ‚
568 1657 709 1700 quilibet
744 1657 997 1690 contravenicns
1014 1684 1021 1698 ,
1050 1668 1106 1713 00,

350 1710 436 1752 ipso,
453 1710 577 1753 absque
598 1711 660 1742 alia
678 1710 859 1743 monitione
887 1716 919 1743 et
943 1711 1089 1743 declara-

351 1763 467 1802 tione,
507 1763 704 1796 sententiam
742 1764 1088 1796 excommunicationis

351 1826 506 1856 1111111115,
532 1819 702 1848 1050111111
726 1817 834 1857 illius,
860 1821 896 1848 ut
927 1817 1011 1849 iulia
1037 1827 1107 1852 ex-

352 1869 519 1911 primitur,
550 1869 770 1909 absolutione,
803 1869 916 1902 incurr
920 1874 960 1909 a,t
987 1875 1019 1902 et
1051 1853 1107 1902 z¹at

352 1921 599 1954 lestitutionem
633 1921 721 1954 illius
756 1922 789 1953 in
814 1933 879 1965 quo
913 1891 1109 1959 excesseiit‘,

354 1978 645 2015 1011011111,1011010
661 1975 1091 2018 01111111110111[111050111111111
1107 1981 1108 1988 ¹

353 2027 562 2059 (11001111111115
607 2032 639 2060 01
679 2028 897 2060 11001111111115
937 2024 1109 2061 Nolentes'

353 2079 450 2111 etiam
477 2080 565 2122 quod
591 2089 705 2112 omnes
732 2086 763 2113 01
789 2081 910 2123 singuli
937 2081 1093 2114 ecclesia-

353 2131 426 2164 stici
458 2133 598 2175 praefati
639 2134 768 2166 solvere
804 2139 997 2166 recusantes
1035 2145 1093 2177 op-

352 2185 504 2227 portunis
529 2185 610 2218 iuris
631 2186 751 2219 etsacti
777 2187 933 2219 remediis
959 2198 1019 2230 per
1037 2186 1110 2225 Or&

354 2238 499 2271 dinarios
525 2240 675 2272 locorum
693 2240 938 2273 ecclesiasticos
964 2245 1092 2272 tantum
1129 2245 1299 2272 servantes
1319 2241 1357 2273 ad
1376 2241 1581 2273 sententiaru
1600 2254 1614 2272 »l

1110 2302 1112 2339 ᾗ
1130 2292 1375 2334 praedictarum
1394 2294 1651 2326 declarationem
1671 2299 1703 2327 et
1722 2296 1870 2337 promul-

354 2292 394 2323 ad
408 2292 609 2324 solutionem
626 2292 816 2326 huiusmodi
835 2298 1007 2335 cogantur,
1026 2304 1091 2326 11011

354 2349 462 2376 autem
489 2355 598 2376 coram
620 2344 784 2377 iudicibus
810 2345 915 2385 laicis,
935 2345 1002 2378 sive
1022 2357 1095 2378 exa-

354 2397 507 2429 ctoribus
539 2398 729 2430 earumdem
762 2399 966 2440 gabellarum
983 2426 990 2439 ‚
1026 2399 1093 2431 sive

355 2449 515 2490 sisarum,
542 2460 651 2492 neque
685 2461 794 2483 coram
828 2452 997 2495 quibusvis
1023 2452 1094 2485 aliis

354 2501 520 2534 iudicibus
541 2502 632 2534 laicis
651 2507 706 2534 aut
719 2503 891 2543 ministris,
910 2505 969 2536 sub
988 2507 1096 2547 poena

355 2555 706 2588 excommunicationis
724 2556 856 2589 maioris
879 2562 911 2589 et
931 2557 1097 2600 1111151100-

355 2609 405 2641 nis
430 2619 448 2641 a
473 2609 573 2642 sacris
603 2609 783 2642 canonibus
799 2614 831 2642 et
847 2611 1095 2643 constitutioni-

1796 221 1818 253 5

1115 281 1176 313 bus
1202 280 1392 323 apostolicis
1419 279 1549 312 inflictis
1586 283 1617 312 et
1642 278 1846 312 comminatis

1115 332 1187 375 ipso
1203 334 1285 366 sacto
1311 333 1380 366 sine
1397 333 1460 365 alia
1477 332 1659 365 monitione
1685 336 1717 365 et
1742 332 1848 364 decla-

1116 387 1243 419 ratione
1265 387 1474 419 incurrendis
1493 387 1524 429 (a
1541 387 1660 430 quibus
1675 397 1692 419 a
1705 385 1847 426 nemine,

1115 445 1348 482 praeterquam
1374 450 1391 471 a
1416 439 1510 472 nobis
1538 445 1570 471 et
1593 440 1741 472 Romano
1766 439 1849 472 Pon-

1116 491 1200 524 titice
1234 503 1294 535 pro
1331 497 1481 535 tempore
1517 492 1687 533 existente,
1703 492 1847 533 absolvi,

1116 545 1213 577 etiam
1227 545 1339 587 vigore
1359 556 1642 588 quorumcumque
1661 545 1851 588 privilegio-

1116 608 1187 630 rum
1204 598 1473 640 apostolicorum,
1487 598 1584 630 etiam
1599 598 1762 630 cruciatae
1778 609 1851 631 san-.

1116 655 1208 690 ctae,
1235 652 1416 693 nequeant)
1450 650 1618 683 conveniri
1655 651 1722 683 ullo
1752 651 1850 683 modo

1116 703 1244 746 possint
1269 713 1327 735 5011
1353 703 1508 743 debeant,
1535 703 1593 750 sed
1619 714 1636 736 a
1670 703 1850 746 praedictis

1115 755 1296 788 Ordinariis
1323 755 1557 788 ecclesiasticis
1584 760 1711 788 tantum
1736 755 1852 788 ad'so-

1115 807 1275 841 lutionem
1313 808 1502 841 huiusmodi
1528 808 1683 851 compelli
1709 809 1848 841 valeant.

1116 860 1239 899 Quibus
1257 860 1447 901 Ordinariis,
1463 861 1523 893 sub
1540 861 1708 893 interdicti
1726 861 1853 903 ingres-

1118 924 1172 946 sus
1191 913 1350 947 ecclesiae
1370 918 1402 946 et
1423 909 1651 957 suspensionis
1679 924 1696 946 a
1722 913 1852 954 divinis,

1117 977 1245 1000 necnon
1272 967 1423 999 omnibus
1449 967 1496 1000 et¹
1533 967 1671 1010 singulis
1706 967 1854 1000 eiusdem

1118 1020 1298 1053 maiestatis
1318 1025 1391 1053 tuae
1417 1020 1612 1053 officialibus
1632 1025 1663 1053 et
1684 1020 1853 1060 ministris,

1118 1074 1356 1116 cuiuscumque
1382 1078 1507 1114 status,
1535 1074 1667 1117 gradus,
1695 1073 1856 1107 conditio-

1102 1147 1104 1160 1
1118 1126 1181 1166 1115,
1198 1125 1367 1168 dignitatis
1384 1131 1415 1159 et
1428 1126 1710 1169 praeeminentiae
1721 1126 1855 1166 suerint,

1120 1190 1156 1211 ac
1186 1179 1257 1211 aliis
1284 1179 1571 1223 quibuscumque,
1599 1179 1696 1212 etiam
1722 1179 1857 1223 speciali

1119 1234 1198 1266 notai
1216 1231 1337 1274 dignis,
1354 1232 1450 1264 etiam
1465 1233 1675 1276 Apostolicae
1691 1233 1782 1266 Sedis
1802 1233 1858 1266 de-

1120 1284 1236 1327 legatis
1253 1290 1284 1317 et
1302 1285 1550 1325 commissaliis,
1575 1285 1673 1318 etiam
1691 1286 1857 1318 cruciatae

1119 1337 1329 1380 praedictae,
1356 1338 1544 1381 ceterisque
1578 1337 1732 1370 omnibus
1766 1338 1857 1377 aliis,

1121 1391 1159 1422 ad
1185 1401 1267 1434 quos
1300 1391 1551 1434 quomodolibet
1585 1395 1713 1434 spectat
1743 1395 1775 1423 et
1799 1401 1859 1434 pro

1120 1448 1269 1486 tempore
1285 1443 1456 1486 spectabit,
1470 1444 1531 1476 sub
1546 1444 1717 1487 praedicta
1732 1453 1861 1476 excom-

1103 1528 1104 1535 ,
1120 1497 1352 1530 municationis
1374 1498 1509 1530 maioris
1528 1500 1647 1540 poena,
1667 1498 1861 1540 utpraeser-

1121 1555 1186 1591 tur,
1215 1562 1253 1584 eo
1279 1551 1352 1594 ipso
1377 1551 1601 1598 incurrenda,
1630 1552 1700 1584 eius
1730 1551 1862 1583 absolu-

1123 1604 1211 1637 tione
1243 1604 1380 1645 itidem,
1407 1609 1443 1637 ut
1467 1615 1582 1648 supra,
1610 1607 1797 1644 reservata,
1825 1616 1861 1637 ac

1122 1657 1182 1689 sub
1209 1658 1434 1690 obtestatione
1460 1658 1559 1691 divini
1586 1657 1724 1698 iudicis,
1752 1663 1784 1690 et
1814 1658 1863 1690 in-

1123 1710 1358 1744 terminatione
1376 1711 1618 1744 maledictionis
1637 1716 1792 1744 aeternae
1816 1711 1863 1743 di-

1104 1763 1237 1809 ῥ5111010
1262 1764 1501 1807 piaccipieudo
1528 1764 1732 1804 mandamus,
1753 1775 1792 1796 ne
1811 1775 1863 1796 ec-

1106 1817 1242 1849 clesias
1270 1822 1301 1849 et
1327 1818 1398 1850 loca
1423 1817 1593 1860 praedicta
1617 1828 1653 1850 110
1679 1819 1804 1850 clerum
1832 1822 1861 1849 (t

1125 1869 1371 1902 ecclesiasticos
1405 1870 1554 1913 aliosque
1580 1870 1746 1913 praefatos
1772 1871 1864 1903 inde-

1124 1921 1191 1953 bite
1217 1932 1326 1965 neque
1352 1924 1458 1962 ultra,
1494 1928 1628 1966 praete1
1658 1928 1713 1955 aut
1750 1928 1865 1955 contr-i

1126 1975 1362 2008 continentiam
1395 1980 1427 2008 et
1455 1981 1606 2008 1011010111
1639 1976 1865 2019 piaesentium

1125 2032 1315 2060 nostraium
1340 2029 1540 2069 litteialum,
1568 2034 1704 2071 gravent
1729 2040 1866 2073 quomo—

1128 2080 1267 2121 dolibet,
1294 2091 1355 2113 nec
1385 2092 1403 2113 a
1432 2092 1598 2125 quoquai‘n
1635 2083 1761 2124 gravari
1792 2093 1867 2126 per-

1128 2133 1271 2175 mittant,
1295 2139 1326 2166 et
1351 2135 1472 2167 nedum
1498 2140 1613 2167 contra
1639 2145 1866 2178 (pioscumque

1129 2187 1416 2220 contravenientes
1442 2193 1474 2220 et.
1499 2188 1749 2231 quomodolibet
1775 2189 1868 2221 inob-

1636 2246 1667 2274 et
1684 2252 1868 2284 poenarum

1132 2344 1298 2386 gationem
1323 2347 1520 2389 respective,
1548 2347 1605 2379 scd
1632 2347 1729 2379 etiam
1755 2353 1869 2380 contra

1133 2398 1268 2430 eosdem
1281 2399 1524 2432 ecclesiasticos
1537 2405 1566 2432 et
1579 2401 1759 2442 regulares,
1773 2401 1870 2433 etiam

1134 2456 1317 2494 exemptos,
1340 2451 1503 2495 nobisque
1529 2458 1560 2484 et
1585 2452 1678 2485 Sedis
1705 2453 1870 2496 Apostoli-

1134 2515 1191 2536 cae
1216 2504 1404 2538 immediate
1431 2505 1610 2546 subiectos,
1639 2506 1737 2539 etiam
1762 2506 1871 2539 Socie-

1167 2621 1176 2646 1
1195 2620 1414 2648 Coniunctmiem
1431 2624 1455 2648 et
1472 2629 1520 2648 nos
1532 2621 1665 2648 addimus.
1682 2622 1773 2655 (11.1.)

1864 229 1911 255 An.
1929 228 1957 255 C.
1980 228 2046 255 1662

1887 712 2050 734 contravenien-

1868 744 1897 761 tes
1914 742 2033 766 puniantur.
