2247 3208
84 233 152 261 ·An.
172 232 201 261 C.
217 233 286 261 1663

108 1718 250 1746 snpplicatio.

882 232 1067 257 Art-:xxxma
1091 233 1135 257 vn
1160 233 1207 257 Pr.

296 281 520 325 praesentibus
556 292 614 325 pro
650 281 746 325 plene
772 287 803 314 et
836 281 1029 314 sufficienter

295 334 453 377 expressis
481 345 516 366 ae
542 334 580 367 dc
605 335 702 368 verbo
720 335 759 367 ad
783 335 916 368 verbum
933 334 1029 367 inser-

293 387 332 419 tis
361 387 532 427 habentes,
560 387 622 420 illis
660 388 738 421 alias
769 389 802 421 in
832 399 888 421 suo
912 388 1027 420 robore

292 440 520 483 permansuris,
540 441 578 473 ad
600 441 846 484 praemissorum
871 439 1025 480 effectum,

293 493 353 525 hac
365 492 433 525 vice
449 493 620 533 dumtaxat,
635 493 816 536 specialiter
833 498 863 526 et
877 503 1026 536 expresse

293 544 483 587 derogamus
497 556 504 585 ;
520 546 698 588 ceterisque
713 544 880 578 contrariis
897 544 1027 587 quibus-

292 607 438 641 cumque.

335 651 448 683 Datum
472 651 609 691 Romae,
635 651 719 694 apud
751 652 782 684 S.
810 651 939 683 Mariam
964 650 1025 682 Ma-

292 703 407 744 iorem,
433 704 491 736 sub
516 705 633 736 annulo
661 703 847 743 piscatoris,
874 703 924 735 die
948 713 1024 736 xxm

291 756 369 788 iunii
403 766 567 795 MDCant,
600 755 802 799 pontificatus
836 756 934 788 nostri
970 766 1025 787 an-

291 819 333 842 no
358 819 399 843 1x.

324 870 384 897 Dat.
402 869 444 898 die
460 870 493 897 23
508 870 573 897 iunii
592 871 669 905 1663,
689 870 782 906 pontis,
800 878 869 898 anno
890 877 925 897 tx.

574 1013 727 1046 CDXLIII.

288 1090 497 1133 Confirmatio
527 1091 644 1124 decreti
676 1093 930 1135 congyreqotiom's
960 1092 1023 1136 epi-

330 1150 497 1188 scoporum
515 1148 543 1176 et
558 1144 770 1187 reqularz'um,
789 1144 874 1188 quod
896 1155 1021 1177 serran-

330 1196 370 1229 da
385 1198 426 1229 sil
444 1196 649 1236 consuetudo,
663 1208 721 1240 per
737 1208 837 1240 quam
856 1198 1022 1240 maqistris

329 1250 501 1292 acceptatis
518 1260 587 1281 cum
606 1260 675 1282 voce
695 1255 722 1282 et
748 1250 813 1282 loco
835 1251 1022 1294 provinciae

328 1303 493 1335 Romanae
515 1301 649 1335 Ordinis
666 1302 930 1335 Praedz'catorum
944 1313 1023 1335 com·

325 1356 407 1398 petit
416 1355 642 1398 praecedentia
662 1366 758 1399 super
780 1360 936 1399 reyentem
954 1360 1021 1388 sla-

327 1407 377 1440 dii
401 1409 437 1441 in
460 1413 615 1441 conventu
631 1409 662 1442 S.
685 1409 811 1441 Mariae
834 1419 935 1452 supra
959 1409 1019 1441 Mi-

326 1470 459 1494 nervam
491 1461 528 1493 de
560 1461 641 1494 Urbe
673 1461 819 1504 aliosque
848 1462 1020 1504 maqistros

327 1519 448 1548 exteros
474 1514 609 1549 Ordinis
630 1514 817 1558 praedicti¹.

475 1595 639 1622 Alexander
665 1596 743 1628 Papa
762 1595 824 1628 vn,

423 1639 459 1666 ad
478 1639 608 1666 futuram
628 1639 673 1666 rei
692 1640 872 1667 memoriam.

326 1710 340 1752 ξ,
365 1708 397 1741 1.
424 1709 519 1749 Alias,
541 1719 600 1752 pro
617 1714 710 1752 parte
733 1709 922 1742 dilectorum
942 1709 1018 1743 filio-

281 1771 351 1794 rum
371 1766 609 1804 acceptatorum
627 1772 697 1794 cum
714 1763 784 1794 loco
805 1767 835 1794 et
854 1773 929 1796 voce
946 1773 1018 1805 pro-

280 1814 403 1847 vinciae
421 1815 583 1847 Romanae
602 1815 729 1847 Ordinis
746 1815 1015 1857 Praedicatorum,

281 1869 524 1910 congregationi
550 1869 779 1900 venerabilium
805 1869 936 1901 fratrum
960 1880 1017 1902 no-

281 1925 420 1954 strorum
446 1920 477 1953 S.
506 1921 542 1953 R.
570 1921 604 1953 E.
638 1921 848 1953 cardinalium
878 1921 1015 1964 negotiis

281 1979 311 2005 et
327 1973 612 2014 consultationibus
633 1973 858 2017 episcoporum
876 1979 907 2006 et
922 1984 1016 2016 regu-

280 2026 395 2059 larium
419 2026 625 2069 praepositae
643 2026 798 2069 exposito,
817 2027 921 2069 quod,
942 2027 1016 2059 licet

279 2079 340 2121 ipsi
365 2079 452 2112 iuxta
477 2079 639 2122 antiquam
670 2080 933 2112 consuetudinem
958 2090 1015 2122 per

279 2137 350 2164 octo
375 2142 475 2165 annos
489 2132 656 2165 continuos
671 2132 822 2165 dilectum
846 2132 947 2164 fitium
965 2143 1014 2164 re-

280 2190 407 2226 gentem
433 2185 527 2217 studii
546 2185 577 2217 in
598 2190 755 2218 conventu
778 2185 809 2217 S.
837 2185 951 2217 Mariae
968 2196 1013 2217 su-
1030 2205 1031 2213 η

279 2247 337 2279 pra
354 2237 524 2270 Minervam
539 2238 577 2270 de
591 2237 674 2270 Urbe
693 2237 768 2270 dicti
786 2238 912 2270 Ordinis
927 2248 1013 2280 prae-

278 2290 457 2329 cessissent,
482 2290 535 2322 hic
563 2290 771 2323 nihilominus
795 2296 867 2323 ante
893 2291 1014 2333 aliquot

277 2353 414 2383 menses,
441 2348 530 2386 parte
553 2343 703 2383 inaudita,
722 2344 884 2376 decretum
910 2349 1013 2376 orete-

278 2406 337 2428 nus
355 2407 372 2428 a
389 2396 504 2429 dilecto
529 2396 595 2429 silio
619 2396 770 2439 magistro
796 2397 937 2439 generali
958 2397 1012 2429 Or-

279 2448 364 2481 dinis
388 2449 543 2492 praedicti
569 2448 758 2490 obtinuerat,
785 2450 869 2492 quod
895 2448 955 2482 S1bi
981 2454 1012 2482 et

278 2502 467 2545 quibusdam
491 2503 651 2546 magistris
675 2503 790 2536 exteris
815 2507 1012 2546 competeret

314 2618 324 2644 t
343 2615 378 2644 Ex
394 2616 500 2653 Regest.
518 2617 544 2645 in
559 2618 659 2645 Secret.
677 2617 755 2645 Brev.

1064 281 1289 324 praecedentia
1314 291 1409 324 super
1440 279 1541 313 dictos
1576 284 1795 323 exponentes,

1063 334 1116 376 qui
1141 345 1247 367 coram
1274 334 1395 377 priore,
1422 345 1439 366 a
1463 344 1524 376 quo
1551 333 1711 366 decretum
1737 333 1796 364 hu-

1062 386 1196 420 iusmodi
1222 385 1389 420 mandato¹
1415 386 1569 429 praedicti
1587 385 1729 428 magistri
1747 396 1795 428 ge-

1062 439 1181 471 neralis
1195 439 1239 471 eis
1259 440 1437 472 intimatum
1456 439 1521 479 snit,
1540 440 1704 482 protestati
1723 444 1796 471 sunt

1061 491 1092 523 id
1117 491 1267 531 iustitiae,
1293 491 1517 524 consuetudini
1543 497 1574 524 et
1598 492 1713 524 rationi
1739 492 1795 524 ad-

1061 543 1192 581 versari,
1219 554 1316 586 seque
1341 544 1486 587 proinde,
1513 544 1699 577 auctoritate
1725 546 1794 588 qui-

1060 596 1132 628 dem
1171 597 1344 639 superioris
1367 597 1536 638 adactos,
1577 597 1794 631 obedientiam

1060 648 1286 691 praestituros3
1314 659 1423 682 verum
1454 660 1510 682 suo
1547 655 1691 693 tempore
1724 661 1794 683 eam

1060 711 1135 741 rem,
1161 706 1257 744 [aeut
1281 702 1319 734 de
1346 702 1413 735 iure
1441 703 1530 740 foret,
1550 702 1678 735 decerni
1704 713 1794 736 cura-

1060 758 1160 793 turos;
1189 764 1324 797 eumque
1357 755 1492 787 subinde
1528 756 1665 787 venisset
1696 766 1793 788 novus

1059 807 1187 848 quidam
1213 807 1437 840 baccalaureus
1462 808 1607 847 Venetus,
1627 813 1655 840 et
1675 808 1794 851 pariter

1059 858 1221 891 decretum
1254 860 1498 902 praecedentiae
1531 871 1628 903 super
1662 861 1792 893 eosdem

1059 918 1255 955 exponentes
1280 913 1480 954 obtinuisset,
1508 913 1568 956 ipsi
1594 920 1792 957 exponentes

1058 964 1096 996 ad
1130 975 1187 997 nos
1219 976 1276 1008 pro
1305 965 1389 998 bona
1421 966 1539 999 iustitia
1567 968 1792 1010 consequenda

1058 1027 1220 1050 recursum
1239 1019 1428 1059 habuerant,
1447 1030 1482 1051 ac
1507 1030 1523 1051 a
1548 1020 1640 1053 nobis
1660 1021 1792 1064 rescrip-

1059 1075 1124 1103 tum
1148 1071 1361 1113 obtinuerant,
1374 1083 1436 1115 quo
1462 1074 1605 1116 exposita
1622 1074 1655 1106 in
1680 1074 1791 1107 libello

1058 1124 1148 1156 nobis
1175 1126 1211 1156 ea
1235 1135 1330 1167 super
1346 1136 1379 1158 re
1397 1131 1545 1168 porrecto
1559 1127 1597 1159 ad
1616 1127 1790 1170 praefatam

1057 1178 1340 1219 congregationem
1366 1179 1575 1212 cardinalium
1589 1180 1790 1213 consideran-

1057 1226 1095 1261 da
1119 1229 1359 1263 remitte-balmis
1381 1232 1457 1274 (qno
1482 1231 1591 1265 libello
1616 1233 1696 1265 haec
1721 1243 1789 1266 ron-

1056 1282 1249 1323 tinebantur,
1265 1284 1349 1326 quod
1364 1284 1482 1317 dictum
1507 1285 1669 1317 decretum
1687 1296 1704 1318 a
1724 1295 1790 1318 me-

1056 1341 1177 1367 morato
1212 1336 1365 1378 magistro
1406 1338 1549 1379 generali
1586 1344 1789 1371 emanaverat

1055 1393 1143 1429 parte
1168 1389 1311 1421 inaudita
1335 1395 1445 1422 contra
1469 1391 1631 1433 antiquam
1660 1401 1790 1424 eonsue-

1055 1441 1198 1474 tudiuem
1222 1452 1348 1475 necnon
1374 1443 1527 1485 quasdam
1560 1444 1660 1477 felicis
1687 1455 1789 1477 recor-

1055 1495 1192 1528 dationis
1203 1495 1321 1528 Urbani
1336 1496 1439 1539 Papae
1455 1497 1517 1529 VIII
1530 1498 1788 1540 praedecessoris

1054 1548 1154 1581 nostri
1183 1548 1215 1580 in
1247 1548 1341 1581 simili
1374 1548 1476 1582 forma
1508 1550 1617 1582 Brevis
1646 1550 1786 1591 litteras,

1053 1611 1112 1644 per
1135 1611 1213 1644 quas
1245 1601 1404 1634 stabilitus
1437 1602 1538 1634 suerat
1569 1613 1719 1636 numerus
1743 1605 1788 1636 vi-

1053 1655 1132 1696 ginti
1157 1654 1383 1697 magistrorum
1408 1659 1529 1687 tantum
1555 1656 1608 1698 qui
1633 1656 1666 1688 in
1694 1667 1787 1700 prae-

1053 1708 1115 1739 fata
1134 1707 1300 1750 provincia
1321 1708 1463 1740 Romana
1482 1709 1552 1741 Ioco
1571 1714 1602 1741 et
1616 1720 1691 1742 voce
1713 1721 1787 1752 gau-

1052 1760 1128 1792 dere
1154 1760 1288 1801 debent,
1313 1761 1403 1803 isque
1439 1772 1590 1794 numerus
1615 1762 1677 1795 iam
1702 1773 1786 1795 com-

1051 1814 1156 1855 pletus
1199 1813 1424 1856 reperiebatur
1444 1825 1451 1853 3
1490 1815 1639 1857 quodque
1686 1825 1785 1847 novus

1051 1866 1276 1899 baccalaureus
1308 1866 1431 1909 positus
1465 1868 1566 1899 suerat
1597 1872 1708 1900 contra
1733 1878 1785 1900 ex-

1051 1930 1194 1963 pressam
1217 1921 1412 1952 voluntatcm
1436 1920 1597 1952 testatoris
1622 1925 1653 1952 et
1678 1920 1785 1953 sunda·

1050 1973 1128 2005 toris
1154 1973 1228 2005 dicti
1260 1972 1353 2004 studii
1380 1983 1415 2004 ac
1438 1972 1525 2005 illius
1552 1977 1682 2013 statuta,
1702 1984 1782 2016 quae

1051 2025 1311 2058 determinabant
1336 2025 1427 2057 illum
1452 2036 1580 2068 semper
1599 2036 1634 2059 ex
1661 2026 1784 2068 provin-

1049 2079 1096 2110 cia
1122 2079 1265 2111 Romana
1290 2089 1358 2111 esse
1378 2079 1504 2119 debere,
1531 2090 1601 2111 cum
1619 2085 1724 2112 autem
1742 2080 1784 2112 di-

1049 2137 1115 2164 ctus
1145 2131 1372 2164 baccalaureus
1407 2142 1441 2163 ex
1474 2131 1639 2174 provincia
1664 2132 1783 2165 Veneta

1048 2185 1165 2227 esset);
1186 2184 1322 2227 ideoque
1340 2195 1398 2227 pro
1415 2190 1503 2228 parte
1528 2184 1713 2218 eorumdem
1731 2195 1783 2217 ex-

1048 2238 1235 2280 ponentium
1261 2237 1363 2270 dictae
1387 2237 1598 2270 cardinalium
1611 2249 1783 2281 congrega·

1048 2291 1125 2323 tioni
1151 2290 1329 2334 supplicato
1353 2296 1507 2334 quatenus
1533 2290 1619 2323 iuxta
1644 2291 1781 2324 iustitiae

1046 2344 1205 2376 rationem
1222 2349 1401 2387 opportune
1420 2354 1516 2386 super
1528 2343 1712 2387 praemissis
1730 2333 1784 2376 de*-

1047 2401 1202 2437 cerneret,
1216 2402 1259 2436 ut,
1276 2397 1545 2439 quemadmodum
1559 2395 1782 2429 universaliter

1046 2449 1078 2481 in
1103 2449 1251 2482 omnibus
1285 2448 1356 2482 aliis
1385 2449 1556 2492 provinciis
1588 2460 1624 2482 ex
1650 2450 1781 2492 antiqua

1046 2502 1276 2536 consuetudine
1288 2502 1433 2546 magistri
1448 2502 1574 2536 illarum
1592 2513 1704 2536 omnes
1720 2513 1780 2535 ma-

1082 2618 1091 2644 1
1116 2616 1181 2645 Male
1201 2617 1264 2645 edit.
1286 2616 1364 2645 Main.
1385 2616 1450 2651 legit
1469 2616 1627 2646 mandatur
1646 2618 1684 2649 (n.
1698 2617 1746 2650 τ.).

1697 220 1757 253 '18'1
1807 228 1857 255 An.
1876 226 1905 255 C.
1927 225 1995 254 1663
