2247 3208
446 248 510 283 860
992 257 1170 280 numanum
1194 256 1345 281 Romnum

488 311 582 351 ibid.;
598 310 675 344 item
691 320 748 354 pro
764 309 849 344 felici
874 314 958 343 statu
982 315 1013 343 et
1036 319 1208 354 progressu
1234 308 1495 352 Congregationis
1518 309 1552 342 B.
1576 308 1680 342 Iacobi
1705 307 1829 350 Veneti,
1849 310 1938 344 eius-

489 364 561 397 dem
587 363 733 403 Ordinis,
758 362 823 396 412
841 363 857 395 b
882 369 913 396 et
937 373 1018 406 seq.;
1043 364 1118 397 item
1144 374 1202 407 pro
1235 362 1473 397 conservatione
1507 362 1639 396 unitatis
1667 362 1848 405 provinciae
1882 364 1942 397 Tu·

493 418 613 457 roniae,
641 416 705 450 455
729 428 760 450 α.

401 472 534 504 Ioannes
558 481 575 502 a
600 469 812 513 Conceptione
836 475 1027 514 procurator
1050 469 1208 513 generalis
1232 469 1489 513 congregationis
1518 469 1691 513 Hispaniae
1716 470 1847 502 fratrum
1874 470 1941 503 Dis-

491 524 702 556 calceatorum
727 529 987 566 nuncupatorum
1013 522 1140 556 Ordinis
1166 523 1219 556 SS.
1247 523 1424 561 Trinitatis,
1452 521 1516 555 119
1542 522 1570 564 b,
1597 521 1660 556 208
1685 533 1716 554 α.

402 577 535 610 Ioannes
561 576 732 609 cardinalis
756 576 931 619 Delphinus
956 576 1137 620 patriarcha
1162 576 1384 618 Aquileiensis,
1410 575 1465 608 701
1497 586 1526 608 α.

402 630 535 663 Ioannes
559 629 731 662 Casivnirus
757 629 909 662 Poloniae
934 634 964 662 et
989 629 1118 662 Sveciae
1144 640 1217 669 rex,
1240 628 1305 661 365
1330 629 1357 661 b.

402 683 536 716 Ioannes
561 683 598 715 cle
617 683 742 716 Torano
760 688 865 716 rector
881 683 1073 725 parochialis
1094 683 1245 715 ecelesiae
1263 682 1292 715 S.
1311 682 1436 715 loannis
1457 682 1495 714 de
1513 682 1651 716 Mercato
1666 682 1807 725 regionis
1820 682 1942 725 Campi-

488 735 553 768 telli
578 735 617 768 de
642 736 743 775 Urbe,
768 735 832 769 135
857 747 875 768 α
902 740 932 769 et
956 736 989 775 ὸς
1024 736 1187 768 licentiam
1207 735 1330 769 obtinet
1348 735 1557 769 construendi
1580 746 1681 769 unum
1708 736 1941 769 monasterium

487 797 545 830 pro
569 787 681 831 puellis
706 793 736 821 et
760 798 860 820 unun
885 788 1042 830 hospitale
1067 798 1124 831 pro
1150 788 1224 821 viris
1249 787 1372 821 iudaeis
1399 789 1438 822 ad
1464 789 1560 822 fidem
1586 789 1762 829 conversis,
1789 788 1853 822 136
1878 789 1905 822 b.

400 836 534 873 loannes
560 840 747 873 Dorivallius
762 868 769 880 ,
792 841 864 874 vide
888 841 1093 874 Dorivallius.

401 893 534 926 loannes
558 893 749 926 Franciscus
773 894 941 937 episcopus
958 894 1172 928 Nicoterensis
1189 894 1394 935 interficitur,
1416 894 1478 928 769
1501 895 1536 935 b·,
1562 895 1775 929 committitur
1791 897 1943 940 episcopo

490 947 661 980 Ferentino
686 957 869 990 processus,
895 948 990 988 ibid.;
1016 948 1308 981 excommunicatio
1333 954 1445 982 contra
1461 948 1694 991 interfectores,
1721 955 1752 982 et
1769 949 1941 982 reservatio

366 1040 370 1043 ⁶
490 1001 723 1041 absolutionis,
749 1000 813 1034 772
838 1012 868 1034 a.

401 1053 536 1088 Ioannes
562 1054 752 1088 Franciscus
777 1054 937 1097 'Nigronus
963 1055 993 1087 in
1018 1061 1154 1099 utraque
1170 1055 1335 1098 signatura
1356 1054 1602 1095 referendarius,
1622 1054 1685 1088 696
1703 1065 1742 1096 a;
1768 1054 1944 1098 deputatur

491 1108 730 1142 commissarius
756 1109 794 1141 ad
817 1108 963 1142 visendas
986 1110 1234 1142 communitates
1259 1108 1368 1142 Status
1384 1108 1610 1149 Ecclesiastici,
1628 1109 1768 1152 exceptis
1790 1109 1851 1141 illis
1869 1119 1945 1152 qua-

490 1166 564 1194 tuor
590 1161 819 1204 Legationum,
841 1161 920 1193 ibid.

401 1214 535 1247 loannes
559 1214 748 1246 Franciscus
772 1214 888 1247 Paulus
907 1214 1035 1247 Gomlus
1057 1215 1087 1248 S.
1105 1215 1140 1247 R.
1161 1215 1194 1248 E.
1213 1214 1384 1248 cardinalis
1410 1215 1449 1249 de
1473 1215 1560 1256 Retz,
1587 1214 1629 1247 4ss
1653 1226 1684 1255 α,
1704 1215 1775 1248 vide
1791 1214 1936 1249 Gondus.

402 1267 533 1300 Ioannes
558 1266 771 1310 Hieronymus
796 1267 945 1306 Galenus,
972 1267 1044 1299 vide
1069 1268 1220 1301 Galenus.

403 1320 536 1352 loannes
567 1320 663 1352 Maria
698 1320 834 1353 Lancius
870 1320 968 1353 abbas
1000 1321 1158 1363 generalis
1191 1322 1451 1364 congregationis
1484 1322 1713 1355 canonicorum
1750 1321 1942 1365 regularium

489 1373 519 1405 S.
548 1372 721 1405 Salvatoris
747 1372 873 1406 Ordinis
898 1373 997 1405 sancti
1025 1373 1208 1416 Augustini,
1235 1373 1298 1406 467
1328 1385 1358 1406 ιι.

400 1425 532 1459 Ioannes
554 1425 686 1458 Michael
711 1425 881 1459 cardinalis
907 1425 1097 1466 Saracenus,
1124 1427 1194 1459 vide
1219 1427 1408 1460 Saracenos.

402 1478 534 1511 Ioannes
558 1478 676 1511 Paulus
700 1478 786 1511 Oliva
811 1478 946 1512 vicarius
971 1480 1129 1522 generalis
1155 1480 1321 1513 Societatis
1346 1481 1430 1520 Iesu,
1456 1480 1526 1513 vide
1550 1479 1646 1513 Oliva.

402 1532 530 1564 loannis
554 1531 617 1574 (S.)
642 1532 682 1564 de
706 1533 842 1566 Mercato
867 1533 1006 1576 regionis
1033 1533 1208 1576 Campitelli
1234 1533 1272 1566 de
1297 1533 1380 1566 Urbe
1405 1533 1539 1567 ecclesia
1565 1532 1628 1566 136
1653 1544 1692 1573 α;
1726 1532 1810 1576 apud
1840 1532 1942 1576 ipsam

490 1585 625 1628 erigitur
648 1585 877 1618 monasterium
904 1592 936 1618 et
960 1586 1119 1629 hospitale
1145 1596 1203 1629 pro
1228 1587 1343 1629 puellis
1366 1592 1395 1618 et
1419 1586 1493 1619 viris
1522 1587 1643 1619 iudaeis
1675 1587 1713 1619 ad
1744 1586 1839 1619 fidem
1870 1596 1945 1619 con-

491 1638 608 1678 versis,
643 1636 707 1671 ‘13ss
744 1638 783 1677 b?-
819 1639 848 1671 in
886 1640 982 1672 domo
1019 1650 1118 1683 prope
1154 1640 1271 1673 dictam
1306 1640 1471 1673 ecclesiam
1503 1641 1679 1673 instituitur
1711 1640 1943 1673 monasterium

491 1689 545 1723 SS.
571 1690 833 1724 Annunciationis
859 1692 1046 1725 monialium
1072 1703 1126 1726 seu
1145 1693 1303 1736 virginum
1327 1693 1575 1737 neophytarum,
1601 1693 1664 1726 139
1692 1705 1710 1725 a
1738 1700 1768 1726 et
1793 1693 1829 1731 ‘³3
1857 1691 1943 1736 quod

491 1744 682 1777 transfertur
706 1744 744 1777 ad
771 1745 936 1779 ecclesiam
963 1752 994 1779 et
1018 1745 1163 1779 aedificia
1187 1746 1217 1778 S.
1241 1746 1352 1779 Basilii
1386 1747 1417 1778 in
1448 1748 1580 1789 regione
1612 1746 1766 1779 Montium
1799 1745 1941 1779 eiusdem

492 1796 597 1836 Urbis,
623 1796 687 1829 142
712 1808 743 1829 α.

400 1849 514 1892 Ioseph
539 1860 556 1882 a
580 1849 610 1882 S.
635 1850 743 1891 Maria,
772 1852 940 1895 episcopus
966 1851 1234 1895 Hierapolitanus,
1260 1852 1433 1896 deputatur
1460 1859 1623 1896 tamquam
1648 1851 1793 1885 visitator
1817 1858 1945 1895 aposto-

490 1901 572 1935 licus
597 1903 629 1935 in
660 1903 776 1936 insulis
797 1904 889 1937 Maris
917 1902 1018 1948 AEgei,
1042 1904 1106 1938 457
1128 1905 1156 1937 b.

401 1955 513 1997 Ioseph
539 1955 647 1989 Carafa
672 1956 808 1990 clericus
834 1962 865 1990 et
889 1957 944 1990 alii
969 1958 1079 1991 asserti
1097 1957 1269 2001 complices
1287 1957 1456 1990 homicidii
1474 1963 1584 1990 contra
1604 1958 1705 2000 legem
1732 1957 1945 1991 immunitatis

490 2009 720 2043 ecclesiasticae
746 2017 886 2054 aguntur
909 2016 939 2043 et
964 2011 1058 2043 morti
1085 2012 1257 2044 traduntur
1281 2010 1346 2044 204
1370 2022 1401 2044 cz.

402 2061 514 2104 loseph
539 2061 658 2096 Gallart
682 2065 854 2097 canonicus
879 2064 1030 2097 ecclesiae
1055 2063 1336 2104 Barchinonensis,
1360 2064 1432 2096 vide
1456 2063 1586 2097 Gallart.

403 2114 526 2157 loseplii
555 2115 613 2158 (S.)
638 2117 975 2151 arcliiconsraternitas
999 2127 1058 2161 pro
1082 2117 1232 2159 hospitali
1260 2117 1501 2150 manutenendo
1526 2126 1706 2159 pauperum
1739 2120 1947 2159 septuagena—

492 2168 625 2209 riorum,
655 2169 718 2203 755
743 2181 774 2203 α.

403 2219 555 2263 Iosephus
580 2221 839 2264 Interamnensis,
859 2223 986 2257 Ordinis
1004 2224 1138 2257 fratrum
1165 2223 1370 2257 eremitarum
1396 2222 1428 2256 S.
1451 2222 1620 2266 Augustini
1645 2222 1798 2255 assistens
1824 2221 1944 2263 ltaliae,

492 2273 534 2306 42
560 2286 591 2308 α.

403 2326 578 2361 Iubilaeum
605 2329 643 2362 ad
668 2330 905 2374 implorandam
929 2330 1069 2364 divinam
1096 2340 1201 2374 opem,
1229 2328 1293 2362 130
1317 2340 1355 2369 αξ,
1381 2329 1496 2362 iterum
1524 2328 1562 2360 ad
1595 2328 1734 2361 divinam
1759 2338 1853 2371 opem
1882 2328 1944 2361 im-

492 2381 676 2422 plorandam
701 2390 810 2416 contra
835 2385 965 2424 Turcas,
983 2383 1047 2417 ⁹23ss
1065 2383 1082 2416 b
1099 2389 1129 2416 et
1153 2393 1228 2426 seqs,
1247 2382 1426 2415 universale
1447 2382 1597 2414 indicitur
1614 2393 1630 2414 a
1647 2382 1706 2414 FP.
1728 2381 1887 2414 Clemente
1904 2381 1944 2414 IX

491 2434 580 2468 initio
606 2436 655 2468 sui
683 2437 898 2479 pontificatus,
921 2436 984 2469 5102
1003 2448 1023 2470 α
1040 2443 1070 2470 et
1094 2447 1172 2479 seq-3
1196 2446 1254 2479 pro
1279 2446 1378 2478 regno
1404 2435 1577 2468 Galliarum
1605 2440 1635 2467 et
1660 2434 1836 2467 ditionibus
1861 2433 1943 2476 regis

491 2487 756 2529 christianissimi,
783 2489 845 2522 753
869 2490 903 2531 b3
930 2496 961 2523 et
981 2491 1201 2533 eleemosynae
1226 2500 1242 2521 a
1263 2488 1529 2522 christifidelibus
1551 2489 1718 2521 occasione
1736 2487 1863 2520 iubilaei
1881 2487 1944 2520 col-

489 2541 571 2573 latae
589 2542 765 2583 erogandae
783 2541 814 2574 in
832 2542 1010 2575 subsidium
1029 2543 1104 2576 belli
1130 2548 1241 2575 contra
1266 2543 1398 2581 Turcas,
1420 2542 1511 2581 ibsds,
1539 2541 1611 2574 item
1639 2551 1695 2584 pro
1714 2541 1855 2574 dominio
1873 2541 1944 2574 Rei-

490 2594 637 2637 publicae
661 2594 840 2637 Ragusinae
865 2595 904 2628 ad
931 2596 1069 2629 divinam
1095 2606 1188 2640 opem
1213 2595 1448 2639 implorandam
1468 2600 1577 2627 contra
1605 2594 1727 2637 flagella
1750 2600 1943 2627 terremotus

491 2652 522 2680 et
546 2647 780 2689 incendiorum,
809 2647 870 2682 786
898 2649 926 2682 b.
