2247 3208
193 211 242 241 Au.
260 211 290 239 c.
312 210 379 238 1665
424 199 489 235 354

383 257 538 292 cretarius
568 256 675 287 iustae
716 249 947 293 magnitudinis
986 248 1118 281 semire-

382 316 466 348 ctas,
495 309 557 340 hoc
581 311 646 345 est,
671 304 798 347 priores
828 300 1038 335 Obedientiae
1069 309 1119 332 se-

385 362 524 395 cundum
549 358 680 391 nomina
715 354 960 399 propositorum
986 353 1020 384 in
1053 356 1119 384 tres

383 418 513 457 partes,
539 409 803 453 posterioresque
836 407 1063 448 deputatorum
1087 403 1120 436 in

384 476 502 499 novem
527 469 660 506 partes,
691 462 730 494 ad
762 461 825 493 hoc
854 463 889 491 ut
919 456 1120 492 commodius

388 519 531 552 dividere
558 517 674 548 fratres
691 513 818 557 possint
842 523 860 545 a
883 510 1000 544 ceteris
1017 509 1122 542 nomi-

386 571 496 610 nibus,
523 568 600 608 eius,
627 577 723 610 quem
746 565 916 608 elegerint,
944 573 1075 597 nomen.

431 623 507 656 Post
531 621 700 654 meridiem
724 619 757 652 in
794 618 928 657 schola,
965 615 1121 649 orationis

387 675 494 719 spatio
521 674 706 716 completo,
743 676 838 713 atque
866 679 931 702 uno
957 679 995 701 ex
1020 668 1122 700 trihus

389 727 549 762 exercitiis
575 727 670 765 sacto,
690 722 845 767 proponit
861 720 1052 754 Obedientia
1072 720 1125 752 de-

388 781 467 813 bere
494 786 570 812 tunc
584 777 660 820 eligi
678 777 825 819 aliquem,
844 775 899 818 qui
917 784 974 816 per
987 778 1125 816 quatuor

389 843 519 867 menses
545 836 718 875 sequentes
746 838 873 861 errores
906 837 980 860 suos
1013 836 1048 859 ac
1072 825 1126 858 de—

390 887 491 919 sectus
518 884 678 926 corrigat,
704 883 882 924 fratresque
917 880 1124 917 exhortatur,

389 946 425 973 ut
448 940 481 972 in
507 949 580 971 611111
606 937 716 970 oculos
734 934 917 972 coniiciant,
941 932 993 975 qui
1010 941 1125 964 munus

391 993 424 1026 id
449 998 596 1035 gesturus
614 990 655 1021 sit
671 989 709 1021 ad
724 987 881 1020 maiorem
898 985 955 1018 Dei
977 984 1124 1027 gloriam,

392 1046 590 1086 scholaeque
615 1041 800 1079 utilitatem,
823 1049 923 1071 unum
948 1037 1072 1070 scilicet
1091 1046 1127 1068 ex

392 1099 495 1130 tribus
522 1108 539 1129 a
563 1093 817 1137 congregatione
836 1091 1037 1125 antianorum
1057 1099 1129 1132 pro-

393 1150 527 1195 positis3
555 1148 685 1181 nomina
709 1156 821 1178 eorum
840 1144 967 1183 reseret,
990 1141 1130 1174 iubebit-

394 1214 456 1247 que
475 1203 561 1235 exire
583 1202 622 1234 al)
642 1198 783 1233 oratorio
801 1208 867 1237 eos,
885 1196 938 1239 qui
956 1207 992 1228 ex
1011 1196 1061 1227 his
1078 1195 1131 1227 ad-

394 1257 522 1290 fuerint:
548 1253 804 1295 secretariusque
831 1251 944 1283 eteius
963 1248 1132 1282 coadiutor

397 1310 591 1343 distribuent
615 1306 787 1339 schedulas
812 1303 966 1336 fratribus
988 1302 1129 1339 scholae,

397 1363 453 1407 qui
479 1359 665 1402 suffragium
690 1358 880 1396 habebunt,
912 1365 992 1398 quos
1017 1364 1131 1387 omnes

399 1415 623 1452 numerabunt,
643 1417 674 1444 et
690 1421 799 1444 eorum
821 1411 960 1442 alternas
979 1406 1132 1451 quodam¹

399 1467 573 1501 constituet
598 1465 635 1497 ad
660 1464 761 1506 pedes
788 1462 906 1495 Christi
923 1461 1050 1494 Domini
1068 1471 1135 1492 cru-

400 1520 510 1560 cifixi,
546 1519 577 1551 in
610 1516 730 1560 quem²
765 1514 918 1557 suffragia
952 1515 1132 1546 mittentur.

400 1571 516 1614 Eligit³
539 1570 761 1613 unusquisque
788 1578 881 1607 eum,
913 1577 1009 1610 quem
1034 1566 1136 1607 magis

401 1626 557 1659 idoneum
588 1623 771 1661 existimat,
805 1625 1054 1661 ceterorumque
1079 1628 1137 1650 no-

402 1679 490 1711 mina
516 1676 672 1709 frustatim
699 1673 890 1707 conscindit.
919 1671 1038 1714 ΕΓίςίὶ4
1064 1676 1138 1703 111116

404 1743 437 1765 se
454 1730 646 1764 Ohedientia
670 1739 741 1760 cum
767 1727 889 1759 duobus
906 1725 1016 1768 primis
1039 1725 1139 1767 depu-

404 1784 493 1823 tatis,
521 1793 601 1826 quos
628 1784 868 1823 consequuntur
892 1777 991 1810 ceteri
1021 1776 1139 1819 singuli

406 1836 489 1869 terni
515 1846 552 1868 ex
578 1841 783 1878 quocumque
808 1832 909 1865 choro
935 1829 1138 1869 alternatim,

406 1891 553 1932 factaque
579 1886 812 1930 genuflexione,
834 1883 1035 1927 oblatisque⁵
1053 1882 1142 1915 Chri-

408 1949 469 1982 sto,
496 1941 632 1976 Domino
657 1945 779 1978 nostro,
805 1938 901 1971 corde
928 1941 960 1970 et
986 1935 1142 1969 166111111-

409 1995 564 2033 tentione,
591 1994 721 2026 mittunt
744 1993 776 2024 in
802 2002 856 2024 vas
883 1990 1066 2029 schedulas,
1093 1999 1142 2021 re-

411 2050 572 2091 deuntque
598 2047 630 2079 in
655 2046 749 2079 sedes
773 2055 859 2085 suas,
885 2043 1053 2077 venientes
1077 2052 1143 2075 non

410 2100 633 2145 impediendo.

455 2153 686 2195 Sutl'ragatione
726 2151 888 2194 completa
903 2177 910 2189 ,
954 2148 1145 2182 secretarius

413 2218 467 2240 vas
485 2208 524 2240 ad
544 2216 686 2239 mensam
699 2203 911 2237 Obedientiae
925 2202 1066 2243 adducit,
1080 2201 1145 2242 ubi,

451 2323 461 2349 1
489 2321 556 2352 Quid
579 2320 614 2347 sit
637 2319 767 2347 alternas
793 2318 917 2353 quodam
941 2316 1042 2344 iudicet
1063 2316 1148 2343 lector

415 2366 501 2397 scius3
531 2364 634 2391 videtur
663 2362 805 2398 legendum
829 2363 904 2389 alter
931 2368 979 2388 vas
1003 2360 1147 2395 quoddam

416 2413 456 2445 (n.
473 2415 519 2436 τ.1.

451 2454 469 2481 2
485 2453 574 2480 Potius
586 2452 645 2487 lege
661 2452 692 2479 in
709 2452 794 2486 quod,
809 2457 906 2485 nempe
921 2457 966 2476 vas
980 2449 1017 2484 (R.
1034 2448 1082 2483 Τ.).

453 2497 468 2523 3
490 2497 535 2523 Ed.
553 2496 630 2522 Main.
649 2495 729 2520 habet
745 2495 839 2528 Eceyz'c
854 2496 892 2526 (a.
909 2495 956 2526 Τ.).

453 2542 469 2568 4
491 2541 607 2567 Pessime
628 2539 692 2565 edit.
715 2538 792 2564 Maia.
815 2538 878 2570 legit
896 2537 993 2571 Exiqz'l
1008 2538 1048 2571 (R.
1065 2535 1114 2571 T.).

454 2586 471 2613 5
486 2585 556 2612 Edit.
572 2583 650 2610 Malu.
668 2582 732 2617 legit
751 2582 908 2616 oblatisque
921 2582 961 2615 (R.
978 2582 1027 2615 τ.).

950 198 1130 225 BULLARWM
1153 198 1305 223 ROMANUM

1160 245 1338 278 numeratis
1364 244 1536 284 schedulis,
1563 245 1763 288 totidemque
1784 256 1896 289 reper-

1161 299 1213 338 tis,
1241 303 1322 341 quot
1346 297 1461 329 fratres
1488 308 1561 329 cum
1586 297 1783 340 suffragandi
1809 299 1896 332 vice¹

1161 351 1195 383 in
1220 350 1365 383 oratorio
1391 354 1476 390 sunt,
1502 350 1703 383 calculantur
1720 362 1833 384 omnes
1858 353 1897 385 ab

1162 403 1363 443 Obedientia,
1391 403 1555 446 deputatis
1580 403 1706 436 duobus
1727 405 1898 447 prioribus,

1164 457 1384 490 ecclesiastico
1417 461 1448 490 et
1471 456 1627 496 seculari,
1653 461 1685 489 et
1708 459 1896 492 secretario.

1164 510 1221 548 Qui
1247 520 1284 542 ex
1310 504 1410 542 tribus
1442 509 1597 541 maiorem
1630 509 1765 542 habebit
1791 510 1901 544 suffra-

1165 563 1292 605 giorum
1316 572 1487 595 numerum
1522 562 1556 594 in
1588 561 1811 595 Obedientiam
1836 565 1901 597 ele-

1165 622 1234 648 ctus
1258 620 1377 654 manet,
1411 619 1443 648 et
1473 615 1506 647 in
1541 614 1677 657 paritate
1703 620 1806 648 sortes
1831 616 1903 648 mit-

1167 672 1287 700 tuntur.
1315 667 1404 699 Tunc
1434 666 1627 699 Obedientia
1657 667 1747 699 iubet
1782 667 1902 700 intrare

1167 731 1242 761 eos,
1269 720 1325 763 qui
1350 720 1511 759 exierant,
1536 730 1672 762 cumque
1698 719 1718 751 ii
1744 721 1815 753 loca
1847 731 1904 752 sua

1168 772 1403 816 occupaverint,
1426 783 1442 804 e
1464 783 1520 805 suo
1538 773 1608 815 ipse
1630 773 1702 811 exit,
1729 772 1903 815 dicensque

1167 837 1239 859 eum
1279 826 1429 858 fratribus
1469 826 1625 868 hymnum
1664 825 1788 858 Vexilla
1818 826 1904 868 repis

1166 879 1337 922 prodeunt,
1362 877 1600 920 imaginemque
1625 877 1744 910 Christi
1769 888 1786 910 e
1812 888 1905 911 cruce

1168 931 1341 975 pendentis
1368 941 1500 974 parvam
1524 931 1558 963 in
1582 931 1730 964 manibus
1760 936 1904 974 portans,

1171 985 1305 1028 deponit
1329 995 1399 1017 eam
1424 984 1456 1015 in
1481 983 1631 1016 manibus
1656 983 1781 1016 noviter
1798 984 1904 1024 electi,

1171 1037 1225 1081 qui
1250 1043 1325 1069 tunc
1349 1037 1488 1080 primum
1513 1037 1702 1075 declaratur,
1725 1035 1906 1078 significare

1171 1091 1283 1122 volens
1309 1089 1465 1122 committi
1492 1088 1520 1121 ei
1546 1093 1577 1121 et
1597 1087 1714 1120 confidi
1731 1087 1906 1128 servitium,

1172 1145 1304 1183 cultum,
1332 1142 1546 1175 reverentiam
1572 1147 1603 1174 et
1627 1141 1840 1174 imitationem
1857 1152 1908 1174 su-

1173 1197 1267 1240 perni
1294 1195 1387 1228 huius
1413 1195 1550 1235 Domini,
1575 1199 1610 1226 ut
1634 1205 1672 1227 ea
1695 1194 1728 1226 in
1752 1193 1807 1226 569
1831 1204 1909 1237 ope-

1173 1256 1276 1288 retur,
1313 1254 1345 1281 et
1376 1248 1456 1281 alios
1483 1249 1608 1281 doceat.
1636 1247 1811 1281 Comitatur
1836 1257 1909 1280 eum

1174 1313 1275 1345 usque
1294 1302 1333 1335 ad
1351 1311 1525 1339 scamnum,
1537 1301 1693 1343 hymnum
1704 1300 1907 1339 continuans,

1175 1362 1315 1398 tuncque
1352 1356 1458 1387 locum
1491 1354 1630 1397 aliquem
1659 1353 1820 1393 sedendi,
1854 1352 1909 1385 ubi

1176 1409 1287 1442 laxitas
1311 1407 1353 1439 sit
1375 1406 1484 1445 maior,
1503 1406 1595 1449 petit..
1622 1405 1727 1438 Novus
1749 1404 1912 1437 Ohedien-

1177 1462 1219 1494 tia
1254 1460 1345 1494 brevi
1383 1459 1530 1492 oratione
1570 1459 1686 1491 fatetur
1721 1458 1911 1500 incapacem

1177 1525 1210 1547 se
1243 1514 1328 1546 illius
1353 1511 1497 1545 muneris
1524 1522 1614 1550 esse,
1642 1516 1673 1543 et
1698 1511 1736 1543 ab
1763 1510 1911 1542 omnihus

1178 1567 1341 1610 postulat,
1369 1575 1401 1597 se
1427 1569 1461 1595 ut
1485 1563 1637 1606 precibus
1669 1563 1736 1595 suis
1762 1562 1914 1595 adiuvent

1179 1620 1356 1662 impetrare
1382 1628 1399 1649 a
1417 1616 1553 1649 Domino
1579 1620 1614 1647 ut
1637 1615 1736 1648 vitam
1762 1625 1852 1647 suam
1881 1615 1914 1648 in

1179 1672 1295 1704 melius
1321 1670 1543 1709 transformet,
1578 1668 1778 1711 gratiamque
1807 1667 1915 1700 conse-

1180 1730 1237 1764 rat,
1262 1729 1298 1755 ut
1315 1724 1366 1755 vel
1393 1732 1506 1755 eorum
1531 1720 1663 1764 aliquid,
1686 1730 1767 1763 quae
1785 1730 1822 1753 ex
1846 1731 1915 1752 mu-

1181 1787 1258 1810 nere
1285 1777 1390 1815 debet,
1417 1773 1573 1818 perticere
1598 1773 1712 1816 possit.
1739 1772 1770 1805 Si
1793 1773 1915 1805 electus

1182 1829 1347 1869 adsuerit³,
1373 1827 1565 1861 Obedientia
1593 1826 1785 1859 electionem
1811 1825 1917 1868 publi-

1183 1895 1252 1917 cam
1276 1881 1358 1921 sacit‚
1385 1881 1615 1923 continuatque
1641 1879 1836 1912 electionem
1863 1879 1918 1911 de-

1183 1942 1385 1982 putatorum,
1412 1940 1444 1967 et
1466 1934 1592 1977 reliqua
1616 1932 1781 1966 exercitia.

1226 1989 1468 2022 Distribuuntur
1479 1987 1657 2020 schedulae
1670 1996 1729 2029 pro
1744 1985 1916 2028 deputatis,

1185 2041 1437 2085 suffragatioque
1471 2039 1506 2072 fit
1541 2044 1572 2072 et
1604 2039 1771 2072 calculatio
1804 2038 1919 2071 eadem

1186 2097 1296 2135 forma,
1321 2099 1495 2136 manetque
1517 2093 1686 2135 deputatus
1705 2091 1796 2134 prior
1811 2091 1844 2123 in
1861 2101 1919 2124 suo

1187 2149 1301 2183 ordine
1326 2148 1352 2180 is
1379 2147 1432 2190 qui
1457 2147 1550 2189 plura
1575 2144 1724 2187 suffragia
1743 2144 1804 2177 sibi
1833 2145 1920 2177 savo-

1187 2202 1302 2236 rabilia
1326 2199 1493 2239 meruerit,
1513 2204 1568 2231 aut
1591 2198 1623 2230 in
1648 2198 1786 2241 paritate
1808 2197 1921 2231 suffra-

1189 2256 1315 2299 giorum
1340 2253 1436 2286 sortis
1461 2252 1592 2285 iactum.
1619 2251 1690 2284 Exit
1709 2252 1838 2284 deloco
1863 2260 1921 2284 suo

1189 2308 1310 2352 primus
1336 2307 1509 2349 deputatus
1535 2304 1786 2346 ecclesiasticus,
1805 2314 1922 2347 expor-

1191 2366 1301 2405 tatque
1323 2359 1502 2399 calvariam,
1523 2368 1605 2401 quae
1622 2350 1655 2390 in
1674 2359 1789 2390 mensa
1806 2361 1863 2397 est,
1882 2356 1922 2389 ad

1226 2449 1238 2475 1
1260 2447 1415 2483 Legendum
1434 2455 1498 2474 voce
1516 2447 1557 2480 (11.
1574 2446 1622 2477 Τ.).

1227 2492 1243 2519 2
1260 2493 1357 2519 Forsan
1372 2493 1432 2526 ipse
1449 2499 1494 2526 pro
1511 2492 1542 2517 in
1557 2499 1584 2517 se
1599 2489 1743 2525 legendum
1757 2489 1795 2524 (R.
1812 2489 1860 2522 T.).

1227 2537 1242 2564 3
1258 2537 1357 2563 Forsan
1368 2536 1495 2570 abfuerit
1510 2534 1666 2569 legendum
1680 2537 1803 2561 ceterum
1815 2537 1854 2560 tot
1866 2533 1924 2561 sere

1193 2587 1309 2612 errores,
1325 2582 1389 2613 quot
1405 2577 1486 2604 verba
1499 2579 1540 2611 (n.
1557 2579 1608 2609 Τ.).

1903 199 1953 225 An.
1969 198 2000 227 C.
2021 200 2086 229 1665
