2247 3208
243 183 293 229 λῃ.
310 200 338 228 c.
361 199 430 228 1666
476 190 541 224 454

437 258 507 280 rum
533 247 748 278 Romanorum
766 241 958 276 Pontificum
976 242 1170 284 praedeces·
1189 240 1193 259 ¹

261 1359 358 1390 Conditio
383 1365 419 1386 ap·

234 1389 313 1412 posita.

437 310 547 332 sorum
566 302 763 335 nostrorum,
782 297 820 328 de
839 296 936 328 rebus
955 300 987 327 et
1003 294 1096 326 honis
1115 294 1170 326 Ec-

436 351 607 384 clesiarum
640 348 832 391 praesertim
860 345 1167 380 iurisdictionalibus

435 414 500 436 non
526 402 717 440 alienandis,
736 407 768 433 et
791 400 861 433 aliis
883 398 1167 432 constitutitnihus

435 462 465 489 et
490 455 750 489 ordinationibus
777 453 976 497 apostolicis,
1000 463 1045 491 ac,
1060 457 1169 495 quate—

434 519 492 541 nus
519 519 599 551 opus
624 508 674 547 sit,
702 508 861 550 praesatae
887 506 1045 539 ecclesiae
1070 505 1169 537 Luca-

434 571 556 600 canae,
584 565 616 592 et
645 560 715 592 aliis
749 559 934 602 quibusvis,
961 555 1057 590 etiam
1084 557 1169 589 iura-

433 619 553 651 mento,
565 611 811 645 confirmatione
827 610 1016 654 apostolica,
1032 610 1082 642 vel
1097 620 1169 652 qua-

433 665 479 698 vis
505 664 656 697 firmitate
682 664 745 697 alia
775 663 959 703 roboratis,
987 663 1111 695 statutis
1138 668 1169 694 et

432 717 731 756 consuetudinibus,
755 716 933 759 privilegiis
958 726 1096 759 quoque,
1120 715 1168 747 in-

432 771 529 803 dultis
554 776 586 803 et
609 770 725 803 litteris
759 769 945 812 apostolicis
978 769 1010 802 in
1042 775 1168 802 contra-

432 823 517 856 rium
549 823 797 866 praemissorum
826 823 1068 865 quomodolibet
1092 832 1167 854 con-

432 876 540 915 cessis,
562 876 757 908 consirmatis
782 880 813 907 et
841 875 1023 914 innovatis;
1052 874 1167 917 quibus

432 928 582 962 omnibus
594 934 625 960 et
641 928 784 970 singulis,
795 928 926 960 illorum
940 933 1068 959 tenores
1079 937 1167 970 prae·

433 981 577 1014 sentibus
609 991 669 1023 pro
699 981 794 1022 plene
826 984 858 1012 et
889 978 1082 1011 sufficienter
1114 989 1167 1011 ex-

430 1034 554 1077 pressis
581 1043 616 1065 ac
642 1034 680 1065 de
703 1032 803 1064 verbo
822 1032 860 1064 ad
878 1032 1008 1064 verbum
1033 1031 1165 1063 insertis

430 1086 608 1125 habentes,
628 1085 693 1118 illis
721 1085 798 1117 alias
823 1084 855 1116 in
875 1094 932 1117 suo
954 1085 1073 1116 robore
1092 1093 1166 1126 per-

431 1138 618 1176 mansuris,
651 1138 690 1170 ad
716 1137 970 1180 praemissorum
1004 1135 1164 1175 effectum,

431 1190 491 1222 hac
515 1190 583 1222 vice
610 1190 791 1227 dumtaxat,
831 1188 1018 1232 specialiter
1049 1194 1081 1221 et
1113 1198 1166 1220 ex-

429 1253 544 1285 presse
559 1243 769 1285 derogamus3
789 1242 973 1285 ceterisque
993 1241 1164 1274 contrariis

430 1296 702 1338 quibuscumque.

474 1349 488 1391 ξ
514 1348 544 1381 5.
571 1349 723 1381 Volumus
742 1353 846 1381 autem
865 1354 900 1380 ut
916 1348 1060 1391 praefata
1076 1353 1165 1379 scuta

431 1402 493 1435 duo
519 1401 628 1441 millia,
656 1401 761 1433 statim
786 1407 878 1444 atque
904 1407 1013 1433 exacta
1039 1400 1163 1439 suerint,

430 1455 635 1497 deponantur
651 1464 750 1496 penes
765 1455 875 1486 aedem
893 1464 1024 1493 sacram,
1041 1455 1088 1486 vel
1100 1464 1166 1496 per-

428 1518 541 1541 sonam
566 1507 628 1539 fide
644 1512 675 1539 et
694 1506 897 1539 facultatibus
915 1507 1074 1544 idoneam,
1090 1506 1164 1538 iude

427 1571 492 1593 non
529 1560 707 1592 amovenda
738 1559 799 1591 nisi
832 1559 869 1591 ad
903 1558 1049 1591 ess'ectum
1083 1559 1165 1591 inve-

426 1613 583 1646 vestiendi
610 1613 648 1645 ad
675 1613 815 1645 savorem
833 1622 960 1644 mensae
982 1611 1165 1654 capitularis

429 1665 532 1698 dictae
565 1665 720 1697 ecclesiae
753 1665 896 1697 Lucanae
931 1664 963 1696 in
987 1664 1080 1696 bonis
1107 1670 1166 1696 sta-

426 1718 546 1751 bilibus
557 1718 722 1750 dimidiam
736 1718 864 1750 illorum
878 1723 1012 1760 partem,
1024 1723 1054 1749 et
1071 1717 1165 1749 aliam

428 1771 593 1804 dimidiam
612 1771 766 1813 erogandi
786 1770 817 1802 in
834 1771 1064 1803 extinctionem
1081 1771 1164 1802 aeris

428 1824 533 1864 alieni,
550 1835 613 1866 quo
633 1824 746 1857 eadem
764 1834 874 1856 mensa
891 1823 1076 1866 capitularis
1097 1834 1166 1865 gra-

427 1883 497 1910 vata
522 1877 696 1920 reperitur,
725 1884 756 1909 et
780 1887 838 1919 pro
865 1887 929 1919 quo
954 1877 1077 1909 maiora
1102 1878 1165 1909 sol-

427 1935 545 1962 vuntur
564 1929 767 1962 interusuria.

469 1983 584 2015 Datum
609 1982 641 2014 in
667 1983 747 2015 Arce
777 1981 976 2025 Gandulphi,
1004 1983 1165 2015 Albanen-

427 2036 470 2068 sis
496 2035 666 2075 dioecesis,
685 2036 744 2067 sub
766 2036 886 2067 annulo
911 2035 1091 2074 piscatoris,
1111 2035 1162 2067 die

426 2098 479 2121 xxi
504 2087 578 2120 maii
604 2097 751 2127 unctxvi,
771 2087 976 2130 pontificatus
998 2087 1098 2119 nostri
1113 2097 1163 2119 an-

427 2151 469 2172 no
493 2151 549 2173 ΧΠ.

462 2202 521 2228 Dat.
539 2202 581 2228 die
596 2202 624 2228 21
645 2202 708 2229 maii
729 2203 804 2233 1665,
822 2202 916 2237 pontif.
934 2209 1003 2229 anno
1020 2208 1068 2229 ΧΠ,

735 2372 847 2404 DXLV.

425 2457 490 2490 Pro
530 2457 688 2500 fratribus
729 2457 862 2490 Ordinis
894 2446 1179 2491 Praedicator-um

476 2510 667 2549 Teutoniae,
697 2521 732 2542 ve
764 2510 908 2542 videlicet
934 2512 968 2542 in
993 2511 1053 2542 illa
1083 2520 1159 2552 pro—

469 2563 577 2595 vincia
601 2563 658 2605 fiat
684 2564 754 2595 ulla
777 2565 925 2604 secessio,
965 2563 1081 2595 divisio
1106 2567 1162 2595 aul

1016 193 1196 218 BULLARIUM
1220 192 1371 216 ROMANUM

1255 240 1440 281 separatio,
1473 240 1529 273 suh
1558 242 1660 282 poem?
1685 241 1948 273 excmnmum'ca-

1258 291 1366 326 tionis.
1394 295 1450 324 etc.

1404 374 1568 408 Alexander
1588 380 1665 415 Papa
1684 381 1752 413 vn.

1352 426 1389 452 ad
1408 425 1540 452 futuram
1559 426 1604 453 rei
1624 427 1804 454 memoriam.

1254 504 1288 536 In
1315 515 1467 547 supremo
1485 505 1651 538 militantis
1675 505 1839 539 Ecclesiae
1864 507 1945 540 solio

1212 556 1316 589 divina
1341 558 1554 600 dispositione
1579 555 1752 597 constitisti,
1769 559 1835 597 illa,
1862 570 1944 602 quae

1211 610 1250 642 ab
1286 610 1441 642 Ordinum
1478 611 1676 652 regularium
1719 612 1944 654 superioribus

1211 662 1250 694 ad
1275 663 1529 695 conservandam
1554 663 1707 696 unitatem
1738 665 1945 698 avertendas-

1211 724 1272 757 que
1298 714 1457 747 scissuras
1494 715 1646 758 prudenti
1684 715 1871 759 salubrique
1900 716 1948 750 di-

1210 766 1316 808 posita
1348 777 1421 799 esse
1452 772 1633 799 noscuntur
1661 768 1807 806 consilio,
1833 773 1868 800 ut
1891 768 1946 801 fir-

1210 818 1314 851 miora
1327 829 1458 861 semper
1469 824 1564 862 atque
1577 820 1743 852 stabiliora
1757 820 1943 863 persistant,

1210 870 1358 911 libenter,
1385 882 1458 903 cum
1483 871 1515 904 id
1540 882 1557 903 a
1581 872 1675 905 nobis
1700 873 1844 915 petitur,
1869 883 1944 916 apo-

1209 923 1314 955 stolici
1338 924 1524 956 muniminis
1550 925 1711 967 praesidio
1736 926 1940 959 roboramus.

1253 976 1322 1018 §L
1364 976 1486 1018 Exponi
1520 977 1679 1019 siquidem
1712 977 1806 1010 nobis
1838 988 1943 1021 nuper

1211 1029 1282 1061 Fecit
1318 1029 1454 1061 dilectus
1493 1028 1577 1061 silius
1611 1030 1702 1073 prior
1733 1030 1943 1073 provincialis

1208 1081 1391 1124 provinciae
1418 1081 1594 1114 Teutoniae
1619 1082 1747 1115 Ordinis
1773 1082 1942 1115 Praedica-

1210 1138 1326 1172 torum,
1354 1133 1440 1176 quod
1459 1134 1546 1173 alias,
1567 1134 1718 1166 videlicet
1733 1134 1785 1167 die
1802 1145 1846 1168 vn
1865 1135 1940 1167 maii

1207 1195 1332 1225 MDCLXI,
1359 1197 1417 1229 pro
1437 1187 1658 1219 conservanda
1688 1187 1812 1219 unitate
1837 1193 1869 1219 et
1892 1188 1942 1220 in-

1208 1239 1366 1272 divisione
1392 1240 1496 1272 dictae
1521 1239 1718 1282 provinciae,
1740 1241 1901 1273 emanavit
1924 1251 1941 1273 a

1209 1292 1326 1325 dilecto
1368 1293 1463 1325 etiam
1499 1292 1564 1325 filio
1604 1293 1760 1335 magistro
1797 1293 1942 1336 generali

1208 1346 1283 1378 dicti
1309 1346 1437 1379 Ordinis
1463 1352 1682 1390 praeceptum,
1705 1357 1768 1390 quo
1793 1346 1942 1379 omnibus

1207 1399 1268 1431 sibi
1295 1399 1459 1438 subiectis,
1483 1399 1584 1431 ubivis
1610 1400 1768 1439 locorum,
1788 1399 1873 1431 intra
1890 1399 1940 1432 vel

1208 1457 1295 1483 extra
1321 1452 1468 1484 eamdem
1502 1451 1703 1494 provinciam
1738 1451 1940 1484 morantibus

1207 1505 1453 1544 autmoraturis,
1473 1505 1705 1547 cuiuscumque
1724 1505 1789 1537 sint
1808 1505 1939 1547 gradus,

1207 1557 1373 1600 dignitatis
1399 1563 1453 1589 aut
1477 1557 1673 1590 conditionis
1688 1584 1695 1598 ‚
1720 1558 1877 1600 prohibet
1900 1567 1940 1590 ne

1207 1611 1387 1653 quisquam,
1413 1621 1472 1653 per
1496 1621 1540 1649 se,
1566 1611 1615 1643 vel
1640 1621 1700 1653 per
1730 1610 1847 1649 alium,
1881 1620 1939 1642 seu

1207 1663 1307 1702 alios,
1335 1662 1401 1695 sive
1426 1662 1623 1704 religiosos,
1660 1662 1726 1695 sive
1752 1664 1914 1695 seculares
1931 1688 1938 1702 ,

1208 1715 1329 1748 directe
1354 1716 1404 1747 vel
1429 1715 1600 1753 indirecte,
1627 1716 1708 1748 clam
1729 1716 1778 1748 vel
1807 1716 1913 1758 palam
1930 1742 1938 1755 ,

1207 1769 1290 1811 apud
1327 1768 1501 1810 religiosos
1533 1767 1660 1800 Ordinis
1689 1767 1846 1811 praedicti
1890 1768 1940 1800 vel

1207 1827 1376 1853 extraneos
1394 1831 1598 1863 quacumque
1620 1820 1784 1862 dignitate,
1800 1819 1940 1861 fastigio,

1207 1873 1312 1906 officio
1338 1879 1392 1906 aut
1417 1874 1541 1906 honore
1568 1874 1747 1915 fulgentes,
1781 1874 1840 1906 sub
1871 1873 1939 1905 ullo

1206 1927 1327 1966 colore,
1350 1932 1530 1969 praetextu,
1550 1926 1645 1958 titulo
1659 1930 1713 1958 aut
1732 1925 1863 1963 motivo,
1882 1930 1940 1957 tra-

1206 1985 1269 2011 ctet
1283 1980 1331 2011 vel
1348 1979 1476 2011 tractari
1495 1979 1599 2015 saciat,
1612 1979 1757 2018 suadeat,
1772 1983 1937 2021 procuret,

1207 2038 1260 2064 aut
1284 2043 1415 2075 quoquo
1436 2031 1533 2064 modo
1565 2031 1716 2064 sollicitet
1748 2032 1795 2063 vel
1823 2041 1939 2073 coope-

1207 2091 1295 2118 retur
1320 2086 1358 2117 ad
1385 2085 1446 2117 boc
1469 2090 1504 2117 ut
1528 2085 1559 2116 in
1589 2084 1750 2127 praedicta
1774 2083 1939 2127 provincia

1206 2139 1260 2170 stat
1280 2139 1345 2170 ulla
1370 2137 1522 2175 secessio,
1549 2137 1662 2169 divisio
1688 2142 1741 2168 aut
1765 2135 1936 2179 separatio,

1206 2192 1271 2223 sive
1308 2192 1392 2223 inter
1426 2197 1552 2223 veteres
1588 2191 1773 2234 provinciae
1806 2195 1938 2233 partes,

1206 2245 1271 2277 sive
1297 2245 1380 2277 inter
1405 2245 1549 2276 eamdem
1576 2249 1607 2276 et
1630 2249 1737 2287 partes
1764 2253 1847 2286 quae
1880 2253 1939 2276 no·

1205 2298 1332 2330 vissime
1343 2308 1401 2340 per
1414 2297 1708 2339 incorporationem
1719 2306 1803 2329 anno
1814 2305 1937 2329 iunctm

1205 2351 1256 2383 die
1281 2361 1299 2383 x
1323 2350 1428 2382 martii
1454 2350 1568 2382 saetam
1590 2354 1804 2388 accesserunt,
1826 2348 1937 2391 sicque

1205 2414 1300 2436 omne
1338 2403 1513 2436 divisionis
1532 2408 1765 2435 tentamentum
1797 2401 1939 2434 excludit.

1204 2468 1240 2489 ac
1262 2462 1347 2488 vetat.
1370 2457 1427 2488 sub
1460 2458 1565 2499 poena
1596 2453 1937 2488 excommunicationis

1205 2510 1287 2542 latae
1314 2509 1514 2546 sentcntiae,
1540 2508 1734 2551 privatione¹
1766 2507 1937 2550 utriusque

1242 2572 1251 2597 1
1274 2571 1368 2597 Potius
1388 2570 1445 2605 lege
1461 2569 1636 2604 privalionis
1655 2572 1695 2603 (R.
1713 2568 1761 2602 T.).

1955 190 2004 221 An.
2021 192 2051 221 C.
2072 193 2141 221 1666

1982 515 2122 538 Prooemium.

1996 985 2136 1017 Praecep'nm

1953 1015 2046 1038 maguti-1
2073 1019 2137 1039 gono·

1953 1039 2010 1060 ralis.
