2247 3208
186 218 238 244 An.
255 217 281 244 o.
306 217 371 243 1662
418 208 481 241 188

214 381 332 401 Exordium.

209 1112 325 1139 Expositio.

370 1580 433 1610 'vol
460 1577 641 1611 definitorio
667 1579 798 1611 facultas
823 1578 1033 1611 confirmandi
1057 1583 1118 1611 sta-

575 265 738 291 Alexander
758 263 835 296 Papa
855 263 921 296 vn,

528 308 564 334 ad
579 307 710 334 futuram
727 307 770 333 rei
790 306 971 335 memoriam.

442 368 638 402 Sacrosancti
674 369 870 411 apostolatus
909 367 1111 407 sollicitudo,

385 433 487 464 quam,
514 421 635 454 meritis
659 421 735 454 licet
752 426 783 453 et
802 421 920 454 viribus
944 422 1040 463 longe
1057 420 1115 452 im-

384 485 485 516 pares,
511 478 639 507 auctore
662 474 726 507 Deo
752 473 899 516 gerimus,
925 484 982 507 nos
1007 473 1116 506 admo-

383 531 437 558 net
450 531 492 566 ut,
507 526 591 559 circa
607 531 723 559 statum
736 536 946 569 personarum
972 536 1116 569 quarum-

383 578 460 610 libet
485 578 599 611 divinis
623 579 786 621 obsequiis
804 579 861 611 sub
879 579 964 611 suavi
988 578 1117 621 religio-

382 630 431 662 nis
456 630 529 673 iugo
548 631 798 674 mancipatarum
817 631 986 674 propensis
1003 631 1115 663 studiis

382 683 595 723 intendentes,
621 683 857 717 illarum-felici
891 683 1059 716 directioni
1084 688 1116 716 et

381 736 521 777 regulari
534 736 755 769 observantiae
772 736 950 776 salubriter,
963 741 1115 779 quantum

382 789 474 821 nobis
500 799 536 821 ex
562 790 625 834 alto
651 789 851 829 conceditur,
877 790 1044 822 consulere
1069 800 1116 822 sa-

384 847 535 883 tagamus,
561 841 653 879 sicut,
680 851 796 881 rerum,
822 842 973 881 locorum,
991 846 1115 884 tempo·

381 905 451 926 rum
469 899 499 926 ct
516 904 725 937 personarum
744 894 948 936 qualitatibus
973 898 1114 926 maturae

382 946 646 979 considerationis
670 946 791 978 trutina
815 946 1002 989 perpensis,
1031 946 1114 990 arbi-

385 1005 502 1031 tramur
525 999 558 1031 in
582 999 717 1031 Domino
748 998 863 1031 rationi
889 1008 958 1031 esse
983 1008 1115 1031 consen-

385 1057 524 1084 taneum.

427 1105 440 1145 ,Q
474 1104 505 1137 1.
542 1104 664 1147 Exponi
698 1103 855 1147 siquidem
889 1103 980 1136 nobis
1012 1114 1115 1147 nuper

384 1158 457 1189 tecit
481 1157 615 1190 dilectus
649 1155 732 1189 filius
767 1156 918 1199 magister
956 1156 1114 1199 generalis

382 1209 509 1241 Ordinis
523 1208 789 1249 Praedicatoruin,
809 1209 891 1251 quod
908 1209 1027 1241 dudum
1043 1219 1115 1252 pro-

382 1261 492 1293 vinciis
517 1261 677 1293 Indiarum
698 1261 772 1294 dicti
790 1261 926 1301 Ordinis,
948 1261 989 1293 ob
1009 1261 1115 1293 imma·

384 1325 456 1346 nom
482 1325 592 1346 eorum
617 1314 655 1346 ab
681 1314 741 1346 hac
772 1315 854 1346 alma
889 1313 971 1346 Urbe
998 1314 1116 1346 distan-

384 1367 484 1405 tiam,
517 1377 589 1399 mox
621 1367 659 1400 ab
692 1367 875 1399 earumdem
907 1366 1115 1399 institutionis

384 1419 476 1451 initio
494 1419 653 1461 provisum
674 1420 732 1451 suit
749 1420 787 1451 de
804 1419 929 1452 indulto
946 1424 998 1451 aut
1021 1419 1117 1462 privi-

384 1472 468 1514 legio
493 1472 677 1515 respective,
703 1483 766 1514 quo
792 1472 857 1505 illic
882 1472 1028 1515 capitulis
1049 1483 1117 1516 pro—

383 1526 571 1558 vincialibus
604 1525 788 1558 conceditur
822 1525 924 1568 primo
957 1525 1116 1558 definitori

386 1631 440 1663 tim
473 1631 700 1674 provincialem
730 1631 850 1664 ibidem
886 1632 1042 1671 electum,
1067 1632 1116 1664 vel

386 1684 469 1725 quod
496 1684 564 1726 ipsa
588 1683 701 1716 electio
726 1683 766 1715 sit
789 1684 881 1716 simul
903 1683 1114 1717 confirmatio.

386 1736 420 1768 Er,
447 1736 628 1778 specialiter
645 1747 702 1779 pro
727 1737 889 1779 provincia
906 1736 937 1769 S.
957 1736 1060 1769 Iacobi
1078 1737 1117 1769 de

387 1788 504 1820 Mcx‘co
518 1787 645 1821 Ordinis
660 1788 842 1821 huiusmodi
857 1789 1017 1832 quondam
1033 1789 1119 1822 Ioan-

387 1852 442 1873 nes
461 1842 498 1873 dc
521 1841 665 1881 Fenario,
681 1842 755 1873 dum
779 1841 865 1881 vixit,
890 1841 1042 1884 magister
1067 1852 1120 1884 gc-

386 1894 503 1926 neralis
529 1893 671 1926 ciusdem
690 1893 826 1934 Ordinis,
844 1893 1026 1937 impetravit
1042 1906 1059 1926 a
1078 1896 1119 1927 se-

387 1947 455 1978 iicis
489 1946 720 1979 recordationis
757 1946 918 1979 Clemente
954 1947 1038 1990 Papa
1068 1947 1117 1979 VII

387 1999 631 2040 rraedecessore
663 2004 772 2031 nostro
805 1998 925 2031 litteras
956 1999 989 2031 in
1021 1999 1118 2032 simili

389 2053 490 2082 torma
514 2050 620 2083 Brevis
645 2050 695 2083 die
718 2062 749 2084 n
774 2051 842 2083 iulii
867 2061 995 2085 iinxxxu
1024 2062 1119 2094 expe-

389 2103 477 2143 ditas,
504 2113 635 2145 quarum
659 2103 783 2135 initium
805 2109 852 2136 est
870 2104 1053 2137 Pastoralz's
1079 2105 1119 2146 of-

387 2155 467 2196 ficii,
493 2161 565 2195 etc.,
584 2155 615 2187 in
636 2155 750 2197 quibus
775 2156 953 2198 disponitur
973 2161 1008 2188 ut
1031 2156 1120 2199 prior

388 2207 591 2249 provincialis
616 2207 714 2250 ipsius
739 2208 919 2250 provinciae
943 2208 1031 2240 iuxta
1047 2219 1120 2241 con-

389 2259 588 2291 stitutionum
609 2259 705 2302 ipsius
723 2259 849 2292 Ordinis
869 2265 1015 2293 tenorem
1033 2260 1118 2303 eligi,

389 2317 420 2344 et
444 2323 501 2355 per
525 2311 740 2344 definitorium
766 2312 895 2355 capituli
920 2313 1034 2345 cassari
1067 2318 1119 2346 aut

390 2364 580 2405 confirmari,
606 2370 637 2397 et
661 2365 697 2397 ad
724 2364 861 2397 officium
886 2365 989 2408 ipsum
1014 2376 1120 2408 accep-

390 2418 522 2449 tandum
545 2417 686 2450 censuris
718 2418 939 2451 ecclesiasticis
971 2418 1118 2462 compelli

389 2470 506 2512 possit,
534 2475 580 2511 et,
606 2470 631 2502 si
663 2471 825 2512 contingat
848 2471 1062 2504 definitorium
1087 2471 1119 2503 in

389 2529 495 2566 partes
521 2524 670 2565 aequales
696 2523 801 2562 dividi,
828 2528 901 2555 tunc
925 2523 1060 2565 eligatur
1081 2524 1119 2556 ab

390 2576 510 2608 eisdem
535 2575 755 2609 definitoribus
779 2586 860 2608 unus
885 2575 965 2609 alius
991 2575 1137 2618 religio-1

960 214 1138 238 BULLARIUM
1162 213 1313 238 ROMANUM

1147 271 1198 293 sus
1224 261 1263 293 de
1288 260 1372 293 dicta
1396 260 1571 303 provincia,
1591 266 1623 293 et
1645 271 1681 294 ea
1706 271 1778 304 pars
1805 260 1882 293 defi-

1148 312 1267 352 nitorii,
1291 312 1340 344 cui
1366 312 1437 344 talis
1462 313 1582 345 electus
1600 313 1790 354 adhaeserit,
1812 323 1881 355 pro-

1147 365 1316 398 vincialem
1341 370 1443 397 casset
1467 369 1498 397 et
1520 364 1695 405 confirmet,
1719 370 1814 408 prout
1837 365 1881 397 vi-

1149 418 1276 450 debitur
1300 417 1461 461 expedire.

1192 472 1207 514 ἓ
1232 471 1263 503 2.
1290 471 1404 503 Verum
1422 470 1475 512 (ne
1495 471 1680 504 huiusmodi
1705 471 1882 504 concessio-

1149 534 1222 564 nes,
1250 534 1330 566 quao
1355 523 1582 566 provisionales
1618 528 1714 562 sunt,
1740 533 1812 555 cum
1833 523 1881 555 in-

1149 576 1235 618 genti
1260 575 1387 608 Ordinis
1412 575 1607 618 praeiudicio
1628 586 1664 607 ex
1690 575 1818 608 sinistra
1836 575 1882 607 in-

1149 629 1326 671 telligentia
1363 629 1567 661 traherentur
1599 629 1632 660 in
1668 628 1881 671 perniciosum

1148 681 1281 714 abusum
1306 692 1341 714 ac
1370 692 1497 714 sensum
1524 692 1541 713 a
1564 687 1671 713 mente
1703 682 1881 713 conceden-

1148 734 1225 766 tium
1251 734 1400 774 alienum,
1426 734 1638 777 intelligendo
1663 734 1747 776 quod
1773 739 1880 766 essent

1148 787 1307 818 solemnes
1325 792 1356 818 et
1378 786 1570 829 definitivae)
1589 786 1764 829 capitulum
1789 795 1881 828 genc-

1147 839 1213 870 rale
1232 838 1306 871 dicti
1328 839 1464 878 Ordinis,
1484 838 1602 872 Romae
1620 849 1703 872 anno
1725 849 1881 872 MDLXXXIX

1147 890 1353 930 celebratum,
1380 891 1556 923 remedium
1581 891 1743 930 adhibuit,
1773 901 1808 922 ac
1832 901 1881 922 or-

1148 942 1278 982 dinavit,
1303 943 1387 985 quod
1412 943 1620 985 provinciales
1646 944 1880 986 provinciarum

1147 994 1308 1026 Indiarum
1334 995 1439 1027 statim
1464 1000 1661 1038 posteorum
1679 996 1878 1035 electionem,

1147 1046 1234 1078 iuxta
1258 1047 1424 1089 privilegia
1440 1047 1516 1090 ipsis
1533 1047 1703 1090 provinciis
1721 1057 1879 1087 concessa,

1148 1109 1280 1132 munere
1306 1110 1361 1132 suo
1380 1100 1608 1142 fungerentur3
1636 1104 1821 1132 tenerentur
1841 1104 1881 1131 ta-

1149 1162 1223 1184 men
1260 1152 1372 1184 saltem
1409 1151 1493 1184 intra
1527 1151 1693 1184 biennium
1718 1152 1757 1184 ad
1782 1151 1881 1194 magi-

1149 1209 1247 1236 strum
1273 1204 1455 1246 generalem
1487 1204 1629 1237 eiusdem
1661 1204 1788 1237 Ordinis
1812 1204 1882 1236 mit.-

1149 1262 1215 1289 tere
1240 1257 1402 1289 decretum
1437 1267 1513 1289 suae
1545 1256 1711 1289 electionis
1743 1267 1801 1299 pro
1833 1256 1880 1288 sui

1149 1314 1180 1341 et
1205 1309 1298 1342 totius
1323 1309 1450 1342 Ordinis
1475 1309 1586 1352 capitis
1604 1309 1711 1342 debita
1736 1309 1881 1351 recogni-

1149 1362 1244 1402 tione,
1271 1368 1301 1395 et
1325 1363 1386 1395 hoc
1410 1363 1467 1395 sub
1492 1365 1597 1406 poena
1613 1362 1797 1406 privationis
1818 1361 1881 1394 offi-

1149 1415 1187 1447 cii
1214 1415 1282 1458 ipso
1307 1416 1389 1448 facto
1413 1416 1604 1448 incurrenda
1624 1420 1655 1448 et
1672 1415 1881 1447 inhabilitatis

1149 1468 1181 1501 in
1195 1473 1369 1512 posterum.
1388 1468 1485 1507 Quam
1504 1469 1633 1511 quidem
1646 1468 1882 1501 ordinationem

1151 1522 1311 1565 quondam
1336 1521 1474 1554 Thomas
1498 1521 1659 1561 Turchus,
1688 1521 1762 1553 dum
1787 1519 1881 1559 vixit,

1150 1575 1301 1617 magister
1318 1573 1475 1617 generalis
1492 1573 1618 1606 Ordinis
1634 1572 1778 1616 praefati,
1800 1572 1883 1604 inter

1151 1627 1246 1661 alias¹
1272 1637 1350 1670 quas
1374 1637 1434 1670 pro
1465 1626 1635 1670 provinciis
1659 1626 1820 1658 Indiarum
1845 1635 1882 1657 ex

1152 1680 1241 1713 sactis
1266 1690 1283 1712 a
1307 1680 1372 1712 suis
1398 1678 1696 1722 praedecessoribus
1717 1683 1748 1710 et
1767 1677 1883 1720 capitu-

1151 1733 1189 1766 lis
1215 1733 1416 1776 generalibus
1452 1731 1636 1775 compilavit
1671 1730 1883 1772 Caesaraugu-

1152 1792 1217 1819 stae
1242 1796 1326 1819 anno
1350 1796 1515 1819 MDCXLVHI
1545 1791 1577 1818 et
1611 1784 1795 1828 explicavit,
1822 1784 1884 1816 hoc

1152 1839 1275 1871 adiecto
1294 1844 1328 1870 ut
1346 1838 1497 1880 magister
1516 1837 1675 1880 generalis
1693 1836 1883 1869 electionem

1151 1892 1200 1923 vel
1226 1891 1414 1924 confirmare
1439 1891 1488 1923 vel
1508 1901 1630 1923 cassare
1656 1895 1771 1934 posset,
1790 1895 1885 1933 prout

1153 1944 1213 1976 sibi
1238 1944 1270 1976 in
1295 1944 1429 1976 Domino
1461 1943 1634 1976 videretur.
1669 1942 1752 1980 Quae
1777 1942 1885 1975 omnia

1153 1997 1359 2029 considerans
1384 1996 1556 2040 capitulum
1574 1997 1723 2038 generale
1741 1995 1815 2027 dicti
1833 1994 1884 2027 Or—

1153 2048 1236 2081 dinis
1260 2049 1370 2081 itidem
1394 2048 1514 2080 Romae
1548 2058 1631 2080 anno
1660 2056 1779 2080 iinctvl
1804 2047 1886 2079 cele-

1152 2102 1278 2133 bratum
1304 2100 1486 2140 innovavit,
1515 2099 1600 2132 auxit
1622 2106 1653 2132 et
1677 2098 1885 2132 communivit

1152 2154 1276 2197 prolixa
1311 2153 1512 2186 ordinatione
1544 2163 1602 2195 pro
1635 2151 1805 2195 provinciis
1836 2152 1885 2184 In-

1153 2207 1275 2239 diarum
1300 2207 1332 2239 in
1358 2206 1532 2246 communi,
1559 2216 1691 2238 numero
1715 2215 1742 2245 v,
1766 2205 1884 2238 tenoris

1153 2258 1208 2301 qui
1228 2258 1381 2301 sequitur,
1411 2257 1575 2291 videlicet:
1608 2270 1620 2288 <i
1639 2257 1715 2290 Cum
1743 2257 1775 2289 in
1804 2257 1885 2300 capi-

1154 2312 1219 2344 tulo
1240 2311 1380 2353 generali
1398 2311 1517 2343 Romae
1541 2310 1715 2344 MDLxxxix²
1737 2310 1781 2342 sic
1801 2309 1886 2343 ordi-

1153 2369 1261 2396 natum
1286 2363 1381 2396 suerit
1412 2363 1622 2406 provinciales
1647 2362 1885 2406 provinciarum

1153 2416 1314 2448 Indiarum
1339 2415 1444 2448 statim
1469 2421 1542 2458 post
1557 2425 1667 2449 eorum
1683 2415 1883 2455 electionem,

1190 2497 1199 2521 1
1227 2495 1335 2521 Videtur
1354 2494 1448 2522 deesse
1468 2494 1579 2521 verbum
1599 2494 1690 2521 edidit
1711 2494 1750 2520 vel
1771 2492 1884 2528 retulit,

1153 2543 1198 2566 aut
1217 2539 1303 2566 simile
1321 2541 1358 2572 (R.
1376 2540 1423 2572 τ.).

1188 2585 1203 2610 ⁸2
1222 2582 1292 2610 Male
1308 2583 1373 2610 edit.
1390 2582 1469 2610 Main.
1489 2582 1552 2618 legit
1568 2582 1634 2610 1689
1647 2584 1683 2617 (a.
1699 2583 1747 2616 τ.).

1894 212 1945 239 An.
1963 211 1990 239 C.
2014 212 2080 240 ¹663

1922 483 2008 504 Moiiva.

1925 1947 2037 1967 Decretum
2046 1952 2082 1967 ca-

1899 1973 1960 2000 pituli
1970 1974 2082 1999 generalis.
