2247 3208
128 201 180 228 An,
200 199 228 225 c.
249 181 316 226 ¹066

138 1472 233 1493 Pontifex
248 1477 296 1492 con-

113 1499 179 1519 firmat
203 1499 295 1519 auctori-

114 1533 132 1545 t»
145 1534 155 1543 ι·
180 1526 296 1553 apostolica

113 1554 175 1576 prout.
191 1558 211 1572 tn
228 1552 296 1572 rubr·-

114 1583 148 1598 ω.
161 1597 165 1601 ,

912 192 1100 215 Ati-lxmam<

326 244 480 278 tamenin
495 243 614 276 eisdem
630 241 744 275 litteris
761 241 914 284 deputati.
931 245 1062 283 propter

325 296 587 341 oppositionem,
622 294 855 328 contumaciam
893 300 925 328 et
956 294 1061 327 rebel-

325 350 448 384 lionem
474 348 761 392 exprovincialium
778 348 922 391 ipsisque
947 347 1060 380 adliae-
1078 367 1080 376 ‚

287 397 296 403 ’
326 402 465 436 rentium
483 408 596 436 contra
616 401 738 434 litteras
764 401 993 444 praeinsertas,
1012 399 1060 432 in-

321 455 455 488 terdicta
473 465 549 487 voce
571 454 662 487 dictis
683 453 985 497 exprovincialibus,
1005 451 1057 495 qui

320 508 407 541 illam
432 518 502 540 cum
529 507 593 539 suis
617 506 871 539 adhaerentibus
897 505 1058 547 denegant

319 560 496 603 magistris,
523 565 632 603 partes
664 560 702 591 ad
737 569 793 591 nos
819 563 849 590 et
874 559 955 589 lianc
981 557 1078 591 San-.

318 620 399 646 ctam
421 613 537 646 Seden]
555 612 752 651 remiserint3
772 616 812 649 et,
831 610 975 653 quamvis
992 609 1056 642 illis

320 667 436 700 iterum
461 665 564 698 citatis
590 671 621 697 et
645 663 761 697 auditis
788 663 909 696 litteras
929 663 1056 705 praein-

317 725 418 753 sertas
446 718 629 752 executioni
655 717 787 750 omnino
813 716 1055 749 dcmandandas

317 782 385 805 esse
404 772 566 804 decretum
581 770 694 809 suerit,
718 769 929 802 nihilominus
947 773 1054 811 partes

316 825 409 858 dictis
440 823 601 866 magistris
631 824 782 856 adversae
813 823 844 854 in
869 825 924 854 sua
949 822 1054 854 rebel-

315 877 413 917 lione,
439 876 660 909 inobedientia
692 880 723 908 et
753 875 955 908 contumacia
979 884 1053 917 per-

314 935 482 962 manentes
508 934 656 972 porrecto
687 928 824 971 supplici
856 927 966 960 libello
991 928 1051 960 sub

314 983 444 1016 nomine
469 982 695 1025 provincialis,
721 981 938 1021 definitorum,
965 981 1052 1024 prio-

314 1047 383 1068 rum
404 1036 566 1075 localium,
587 1035 802 1068 discretorum
822 1040 1049 1073 conventuum,

314 1094 345 1121 et
370 1088 506 1122 aliorum
523 1088 626 1120 dictae
643 1087 837 1131 provinciae,
857 1087 986 1120 easdem
1005 1087 1051 1120 lit-

315 1147 398 1174 teras
424 1151 613 1184 oppugnare
636 1140 847 1173 tentaverint:
867 1140 959 1173 nobis
980 1150 1050 1183 pro-

311 1200 422 1238 pterea
456 1198 652 1226 memoratus
677 1198 866 1235 procurator
891 1193 1049 1233 generalis

311 1246 479 1280 humiliter
503 1245 679 1289 supplicari
710 1245 783 1278 l'ecit
815 1251 848 1277 ut
877 1256 991 1277 causae
1019 1251 1050 1278 et

309 1299 540 1333 controversiis
581 1298 766 1331 huiusmodi
808 1297 906 1331 finem
946 1299 1048 1342 impo-

308 1364 386 1387 nere
412 1354 451 1387 de
476 1353 675 1395 benignitate
701 1352 876 1396 apostolica
901 1352 1049 1394 dignare-

308 1418 390 1440 mur.

351 1461 366 1504 ἓ
382 1460 413 1494 3.
427 1460 489 1493 Nos
502 1460 608 1503 igitur,
621 1460 727 1502 ipsum
742 1465 983 1502 procuratorem
998 1471 1047 1502 ge-

308 1514 453 1546 neralem
477 1513 626 1556 specialis
653 1513 761 1546 favore
787 1513 907 1555 gratiae
936 1524 1047 1555 prose-

308 1567 361 1610 qui
385 1568 547 1606 volentes,
570 1571 599 1600 et
637 1577 653 1598 a
678 1566 842 1609 quibusvis
868 1576 1047 1599 excommu-

308 1619 500 1659 nicationis,
534 1618 754 1661 suspensionis
787 1623 818 1651 et
861 1618 1043 1658 interdicti,

307 1672 443 1715 aliisque
461 1671 684 1704 ecclesiasticis
708 1671 887 1709 sententiis,
901 1671 1045 1703 censuris

306 1730 337 1758 et
359 1724 480 1767 poenis,
501 1735 518 1756 a
542 1724 611 1757 iure
626 1724 673 1756 vel
700 1724 738 1756 ab
770 1724 909 1758 bomine,
936 1724 1045 1767 quavis

305 1779 473 1812 occasione
500 1779 548 1810 vel
574 1780 667 1810 causa
685 1778 765 1815 latis,
785 1777 941 1820 siquibus
966 1788 1045 1821 quo·

305 1832 483 1865 modolibet
507 1831 679 1864 innodatus
701 1830 817 1869 existit,
841 1831 879 1863 ad
898 1829 1045 1863 ess'cctum
1066 1855 1067 1864 1

306 1885 524 1928 praesentium
535 1884 697 1917 dumtaxat
708 1884 981 1925 consequendum,
994 1884 1045 1916 ha-

306 1948 376 1970 rum
394 1937 476 1970 serie
499 1937 701 1970 absolventes
719 1942 750 1973 et
775 1936 959 1969 absolutum
978 1937 1044 1969 sore

305 1995 479 2030 censentes,
496 1989 681 2022 huiusmodi
695 1989 985 2032 supplicationibus
999 1989 1045 2021 in-

305 2043 426 2081 clinati,
445 2043 484 2086 de
511 2043 729 2086 praefatorum
754 2042 967 2075 cardinalium
992 2053 1045 2075 ne-

306 2095 401 2138 gotiis
433 2100 465 2128 et
500 2095 792 2128 consultationibus
819 2094 1067 2137 episcoporum>

1064 2136 1145 2188 *pus
1171 2143 1348 2178 definitorii
1374 2145 1559 2185 existentes,
1587 2156 1658 2177 cum
1677 2145 1735 2188 ipsi
1763 2145 1828 2178 sint

306 2154 337 2181 et
366 2148 563 2191 regularium
595 2148 854 2191 praepositorum
885 2147 1043 2187 consilio,

307 2201 513 2234 inhaerentes
538 2201 691 2244 praefatis
716 2199 842 2241 litteris,
858 2201 1044 2233 auctoritate

306 2253 498 2296 apostolica,
534 2258 644 2286 tenore
675 2253 909 2296 praesentium,
936 2253 1066 2285 decer--

1064 2305 1066 2316 ¹
1087 2304 1227 2337 nationis
1251 2304 1481 2347 magistrorum
1506 2305 1545 2337 ad
1571 2305 1704 2338 sormam
1730 2305 1827 2338 dicta-

1065 2369 1156 2391 ›rum
1188 2357 1371 2391 litterarum
1403 2363 1584 2391 nostrarum
1618 2358 1784 2392 faciendae
1810 2370 1827 2391 a

306 2306 410 2339 nimus
442 2306 616 2338 servandas
651 2312 683 2338 et
713 2306 893 2339 executioni
919 2307 1045 2339 deman-

307 2360 427 2392 dandas
452 2370 520 2392 esse
546 2359 674 2392 easdem
692 2358 813 2392 litteras
831 2360 1043 2402 praeinsertas

304 2413 364 2445 sub
389 2415 495 2456 poena
520 2412 677 2445 nullitatis
696 2412 792 2445 futuri
813 2413 944 2455 capituli
970 2423 1044 2455 pro·
1064 2454 1066 2458 y

1064 2461 1066 2468 ¹
1086 2464 1207 2507 plendo
1222 2464 1412 2497 eorumdem
1426 2475 1565 2497 numero
1581 2469 1656 2508 post
1669 2475 1721 2498 sex
1737 2475 1826 2497 men-

308 2465 454 2498 vincialis
474 2465 577 2498 dictae
602 2464 784 2508 provinciae
804 2475 862 2507 pro
889 2470 1043 2508 tempore,

307 2523 463 2561 quatenus
487 2528 553 2551 non
577 2517 761 2550 obediendo
786 2517 936 2560 praefatis
964 2517 1044 2550 litte-

1126 193 1168 216 γη
1194 193 1242 216 ΡΡ.

1103 239 1224 279 bretur,
1251 244 1283 272 et
1318 241 1377 273 snb
1412 242 1515 284 poena
1539 242 1728 285 privationis
1754 244 1840 276 vocis

1103 293 1223 325 activae
1241 298 1271 325 et
1288 293 1444 335 passivae,
1463 304 1508 334 ac,
1528 293 1561 327 in
1579 295 1772 336 subsidium,
1791 307 1842 330 ex-

1102 345 1400 378 communicationis
1425 346 1576 379 omnibus
1608 348 1785 388 vocalibus,
1810 353 1842 381 et

1101 398 1290 439 praesertim
1305 398 1361 437 eis,
1371 398 1410 432 ad
1426 409 1507 441 quos
1521 400 1666 433 executio
1682 400 1840 434 dictarum
1878 394 1883 397 ⁴

1100 449 1279 482 litterarum
1306 451 1477 494 praecipue
1503 457 1625 494 spectat
1642 459 1672 485 et
1689 455 1838 496 pertinet,

1099 507 1151 534 aut
1178 507 1325 545 spectare
1351 509 1381 535 et
1406 504 1568 546 pertinere
1594 506 1711 548 poterit
1738 507 1769 538 in
1794 507 1840 539 su-

1100 559 1214 587 turum.

1142 609 1157 652 ᾗ
1182 608 1213 640 4.
1230 609 1402 642 Praeterea
1419 610 1625 643 decernimus
1646 617 1769 644 asserta
1788 624 1838 646 re-
1888 626 1912 646 Et
1932 627 2032 647 nonnum

1097 662 1217 704 scripta
1251 672 1307 694 seu
1352 662 1481 695 decreta
1518 663 1665 705 Fugentii
1702 651 2031 700 Petrelliflifflisstvt'fflt‘

1074 711 1076 736 ¹,
1097 714 1174 748 olim
1200 714 1319 757 prioris
1345 715 1507 757 generalis
1525 716 1601 748 dicti
1619 716 1748 749 Ordinis
1763 718 1836 750 data

1074 786 1075 791 =
1095 777 1146 800 xiv
1170 767 1249 799 iunii
1277 773 1308 800 et
1332 777 1362 800 Vl
1389 767 1513 809 augusti
1539 777 1677 808 uncxtv,
1699 768 1782 802 sicut
1805 775 1837 802 et

1095 820 1269 853 Salvatoris
1293 819 1438 853 Severini
1463 821 1539 853 olim
1565 820 1675 853 vicarii
1707 828 1837 864 aposto-

1072 886 1073 902 z
1095 873 1165 906 licis
1192 873 1335 906 eiusdem
1362 873 1491 906 Ordinis
1516 873 1588 906 data
1616 884 1681 907 xvn
1707 875 1835 917 augusti

1095 933 1126 960 et
1146 937 1164 959 v
1189 926 1333 960 octobris
1355 937 1530 967 Mnchvui,
1549 930 1612 960 una
1629 938 1700 960 cum
1717 933 1835 962 statuto

1095 979 1225 1022 capituli
1236 979 1445 1022 provincialis
1455 979 1718 1013 Castelloniensis
1731 981 1835 1014 dictae

1071 1031 1283 1076 ‘provinciae
1309 1032 1396 1066 edito
1421 1043 1531 1065 mense
1557 1033 1652 1076 aprili
1681 1044 1831 1073 nDchvi,

1071 1082 1072 1099 ³
1093 1091 1124 1117 et
1148 1085 1340 1128 rescriptum
1369 1085 1436 1117 sive
1464 1086 1631 1118 decretum
1656 1097 1835 1130 congrega·

1093 1138 1190 1171 tionis
1203 1144 1457 1171 memoratorum
1473 1139 1696 1179 cardinalium,
1713 1141 1833 1180 datum,

1091 1196 1126 1223 ut
1150 1191 1315 1231 asseritur,
1342 1201 1420 1224 xxm
1439 1191 1506 1224 iulii
1526 1202 1682 1233 iuncxux,
1709 1198 1833 1226 cetera-

1070 1257 1071 1268 *
1092 1254 1155 1286 que
1174 1243 1236 1276 alia
1254 1248 1367 1276 contra
1392 1245 1555 1286 praefatos
1576 1245 1747 1288 magistros
1765 1256 1832 1278 non

1091 1297 1204 1330 citatos
1231 1308 1290 1330 nec
1315 1297 1440 1330 auditos
1465 1303 1544 1338 acta,
1562 1298 1627 1333 iam
1655 1309 1714 1342 per
1738 1310 1833 1342 prae-

1090 1350 1229 1383 insertas
1239 1355 1366 1383 nostras
1377 1351 1503 1383 litteras
1522 1343 1699 1390 emanatas,
1714 1351 1831 1384 auditis

1090 1403 1245 1446 partibus,
1273 1402 1370 1435 fuisse
1408 1409 1555 1436 revocata
1587 1409 1619 1436 et
1643 1405 1833 1444 annullata,

1067 1466 1069 1477 ³
1090 1462 1187 1500 prout
1211 1456 1328 1488 iterum
1352 1456 1408 1489 illa
1434 1456 1543 1489 omnia
1567 1462 1598 1490 et
1622 1457 1750 1500 singula
1776 1458 1833 1490 ha-

1089 1520 1158 1541 rum
1180 1509 1263 1542 serie
1290 1509 1374 1542 dicta
1395 1509 1585 1542 auctoritate
1612 1520 1764 1553 expresse
1783 1521 1832 1543 re-

1088 1573 1237 1595 vocamus
1256 1567 1287 1594 et
1307 1563 1526 1595 annullamus.
1546 1562 1698 1606 Ideoque,
1727 1563 1780 1595 ubi
1799 1568 1830 1595 et

1089 1616 1215 1660 quoties
1233 1615 1407 1657 contigerit
1431 1627 1448 1648 a
1474 1616 1557 1648 dicta
1575 1616 1742 1659 provincia
1766 1627 1830 1649 non

1066 1669 1214 1702 vadmitti
1239 1669 1412 1711 magistros
1438 1679 1494 1701 seu
1521 1669 1673 1702 doctores
1705 1670 1831 1703 theolo-

1088 1733 1153 1765 gos,
1175 1723 1224 1755 vel
1246 1722 1336 1765 ipsos
1358 1721 1509 1765 impediri
1531 1722 1685 1754 accedere
1711 1722 1749 1755 ad
1776 1734 1828 1755 ea-

1088 1775 1225 1817 pitulum
1250 1773 1461 1817 provinciale,
1487 1780 1541 1806 aut
1566 1774 1723 1816 denegari
1750 1775 1828 1818 ipsis

1088 1827 1256 1871 privilegia
1274 1827 1360 1860 vocis
1375 1833 1405 1859 et
1422 1828 1689 1870 praecedentiae,
1702 1829 1829 1872 aliaque

1088 1881 1203 1924 quibus
1219 1881 1362 1923 gaudere
1380 1881 1599 1923 praetendunt
1616 1881 1692 1914 dicti
1714 1892 1830 1924 expro-

1087 1934 1250 1972 vinciales,
1278 1934 1481 1966 excludendo
1504 1934 1543 1966 ab
1566 1934 1642 1976 ipsis
1659 1935 1826 1977 praefatos

1088 1987 1271 2029 magistros,
1297 1986 1368 2029 ipso
1395 1986 1477 2018 sacto
1503 1986 1624 2018 eisdem
1653 1987 1826 2030 privilegiis

1065 2044 1067 2059 ³
1087 2040 1249 2083 privamus
1267 2044 1298 2071 et
1315 2039 1457 2081 privatos
1483 2040 1685 2071 declaramus
1713 2050 1830 2082 expro-

1087 2091 1241 2124 vinciales
1267 2091 1412 2124 eiusdem
1437 2091 1623 2134 provinciae
1645 2098 1733 2124 extra
1758 2103 1828 2125 cor-

1087 2209 1145 2242 per
1170 2198 1417 2231 constitutiones
1454 2198 1530 2231 dicti
1556 2198 1685 2231 Ordinis
1727 2199 1827 2241 inagi-

1086 2251 1159 2283 stris
1180 2250 1393 2295 posteriores.
1413 2251 1557 2294 Insuper,
1577 2251 1704 2284 defectu
1723 2252 1827 2284 nomi-

1087 2411 1272 2444 definitorio
1283 2411 1447 2454 praefatae
1466 2410 1651 2454 provinciae
1666 2422 1725 2455 pro
1740 2422 1827 2445 com-

1086 2528 1138 2551 ses
1157 2518 1302 2561 expletos
1317 2528 1334 2549 a
1348 2517 1399 2550 die
1425 2517 1656 2550 notificationis
1671 2517 1826 2551 dictarum

307 2572 352 2606 ris
375 2577 407 2605 et
430 2582 497 2605 non
527 2574 651 2604 servata
683 2571 812 2603 illarum
838 2571 938 2603 forma
964 2571 1044 2603 eele—
1086 2570 1270 2602 litterarum
1294 2569 1486 2613 provinciali
1518 2570 1664 2603 eiusdem
1692 2570 1826 2615 provin-

399 2634 476 2660 Eun.
499 2634 580 2660 Rom.
602 2648 635 2652 --
662 2633 716 2660 1'02.
739 2632 831 2661 A'VII,
974 2632 1008 2661 53

1734 186 1797 219 417
1846 199 1893 221 An.
1912 197 1938 222 c.
1966 196 2030 223 ioco

1883 1574 1971 1599 Alium·
1998 1575 2024 1595 ad

1841 1604 2018 1629 opportunitatem

1843 1632 1938 1652 ttnuugtl.
