2247 3208
222 218 271 246 An.
292 217 321 244 c.
345 217 410 244 1661
457 207 522 239 914

243 433 357 454 Contrariis
370 432 404 453 de-

221 462 288 486 rogat.

417 268 446 297 et
471 264 565 295 inane
589 261 613 293 si
632 270 721 292 secus
746 268 841 301 super
863 257 912 289 bis
937 267 953 288 a
979 266 1146 299 quoquam⁷

417 315 525 358 quavis
550 312 746 349 auctoritate,
772 309 909 341 scienter
925 309 974 341 vel
999 308 1148 350 ignoran-

417 373 478 405 ter,
507 364 677 406 contigerit
700 362 859 395 attentari.

458 419 473 461 ,ξ
497 418 528 449 lt.
562 417 630 449 Non
663 415 861 448 obstantibus
886 413 1086 456 praemissis⁷
1113 423 1148 445 ac

414 471 515 504 felicis
539 468 767 502 recordationis
788 467 939 500 Bonisacii
962 467 1063 509 Papae
1085 466 1147 498 Vltt

413 523 669 567 praedecessoris
694 521 792 554 nostri
819 522 857 553 de
877 522 948 559 una,
967 525 994 550 et
1019 519 1146 551 concilii

414 575 573 618 generalis
607 575 645 607 de
675 575 797 607 duabus
828 573 939 612 dietis,
977 572 1147 604 dummodo

413 629 528 671 aliquis
544 627 727 660 auctoritate
743 626 958 669 praesentium
982 626 1065 656 ultra
1084 629 1147 656 tres

414 682 514 714 dietas
539 681 571 713 111
590 680 741 712 iudicium
759 690 823 712 11011
843 680 994 717 trahatur,
1013 678 1147 720 aliisque

413 732 693 766 constitutionibus
724 737 754 763 et
785 730 1041 763 ordinationibus
1073 740 1148 772 apo-

413 786 542 825 stolicis,
569 795 693 817 necnon
719 784 792 816 dieti
813 783 949 822 Ordinis,
975 793 1148 825 congrega-

414 839 529 879 tionis,
556 838 737 881 provinciae
770 847 824 868 seu
857 835 1092 878 provinciarum
1117 840 1148 867 et

414 896 625 924 conventuum
640 889 830 928 huiusmodi,
846 889 941 920 etiam
958 889 1146 927 iuramento,

414 943 655 976 confirmatione
681 942 862 985 apostolica,
889 942 937 972 vel
963 940 1070 982 quavis
1096 940 1148 971 111·-

414 997 521 1029 mitate
548 996 607 1028 alia
633 995 797 1033 roboratis,
824 993 946 1025 statutis
965 998 993 1024 et
1016 1003 1147 1024 ronsuer

414 1050 585 1089 tudinibus,
612 1048 786 1091 privilegiis
811 1056 946 1089 quoque,
967 1045 1098 1077 indultis
1116 1050 1148 1077 ct

414 1102 529 1135 litteris
554 1100 735 1143 apostolicis
766 1099 799 1131 in
832 1098 1025 1131 contrarium
1056 1108 1148 1140 prae-

415 1154 583 1187 missorum
615 1151 851 1195 quomodolibet
879 1150 1046 1189 concessis,
1073 1160 1148 1181 con-

414 1207 546 1239 firmatis
572 1211 602 1238 et
626 1204 795 1244 innovatis3
819 1204 932 1246 quibus
953 1202 1099 1235 erunibus
1118 1207 1149 1233 et

415 1259 568 1302 singulis,
605 1259 732 1291 illorum
767 1263 894 1290 tenores
927 1255 1147 1298 praesentibus

415 1323 473 1355 pro
506 1313 601 1354 plene
633 1315 664 1343 et
695 1310 890 1342 sufficienter
923 1308 1081 1351 expansus
1114 1319 1148 1340 ae

416 1366 454 1397 de
478 1364 575 1397 verbo
601 1364 639 1395 ad
663 1363 794 1395 verbum
823 1361 949 1394 insertis
982 1361 1146 1397 babentes,

415 1417 482 1450 illis
512 1417 590 1449 alias
624 1416 657 1448 in
689 1426 746 1448 5110
770 1415 885 1447 robore
910 1412 1146 1456 permansuris,

417 1470 455 1502 ad
467 1469 711 1512 praemissorum
724 1467 877 1501 ellectum,
901 1467 961 1498 bac
977 1467 1043 1498 viee
1060 1466 1149 1497 dum-

416 1527 508 1562 taxat,
534 1521 715 1565 specialiter
732 1526 763 1552 ct
783 1530 931 1563 expresse
949 1519 1148 1560 derogainus;

417 1574 593 1616 ceterisque
619 1573 784 1606 contrariis
809 1572 1072 1614 (piilmscumque.

461 1626 572 1658 Datum
599 1626 735 1664 Romae,
762 1625 843 1667 apud
874 1624 903 1656 S.
937 1623 1064 1655 Mariam
1090 1622 1150 1654 Ma-

417 1680 534 1719 iorem,
569 1679 626 1710 sub
659 1680 777 1711 annulo
802 1677 989 1716 Piscatoiis,
1021 1677 1071 1709 die
1100 1686 1149 1708 xxi

417 1732 553 1765 ianuarii
578 1741 726 1770 MDCLXtV,
752 1730 952 1773 pontificatus
973 1729 1070 1761 nostri
1097 1739 1151 1760 an-

419 1795 460 1818 no
485 1795 525 1818 ix.

455 1846 514 1874 Dat.
530 1846 572 1873 die
586 1846 615 1873 21
634 1846 749 1873 ianuarii
768 1845 844 1879 1664,
860 1843 956 1880 pontif.
970 1851 1039 1871 anno
1056 1851 1090 1869 ix.

730 2048 839 2081 CoLx.

424 2153 632 2196 Confirmatio
657 2152 856 2185 decretorum
883 2163 903 2184 (ι
924 2152 1034 2196 priore
1057 2160 1152 2193 siene-

466 2207 533 2238 111ἰὶ
558 2205 690 2239 Ordinis
716 2205 968 2238 Carmelilarum
991 2205 1022 2235 in
1049 2203 1157 2235 visita-

468 2259 552 2291 tione
575 2258 760 2301 provinciae
791 2257 952 2288 Turom'ae
983 2256 1062 2288 dicti
1092 2254 1156 2287 Or-

467 2310 554 2343 dinis
577 2320 634 2352 pro
661 2309 810 2342 tollendis
834 2308 1058 2341 controversiis
1072 2308 1158 2339 inter

467 2364 584 2406 fratres
618 2362 804 2405 provinciae
839 2360 1027 2394 huiusmodi
1062 2369 1158 2402 super

467 2415 560 2448 modo
580 2414 721 2457 eliqencle?
745 2414 897 2456 officiales
914 2412 1106 2446 vertentibus
1126 2422 1157 2444 e-

470 2469 615 2501 (litorum¹
630 2467 647 2499 ⁴.

463 2587 474 2612 1
498 2583 532 2611 Ex
555 2583 660 2618 llegest.
682 2582 705 2608 111
727 2583 829 2608 Serri-t.
852 2581 926 2608 llrev,

993 209 1147 232 BULLARIU
1152 210 1172 232 M
1197 208 1349 232 ROMANUM

1389 255 1555 282 Alexander
1568 257 1645 290 Papa
1660 257 1722 289 vn,

1331 299 1367 325 ad
1387 300 1517 326 futuram
1537 300 1581 326 rei
1602 300 1782 327 memoriam.

1235 360 1280 392 Ad
1305 360 1472 403 pastoralis
1498 361 1660 403 dignitatis
1680 361 1812 404 apicem,
1834 361 1923 394 nullo

1191 413 1265 445 licet
1281 413 1466 445 meritorum
1480 419 1662 446 nostrorum
1679 413 1838 456 suffragio,
1853 424 1924 447 eve-

1191 466 1239 505 cti,
1256 466 1318 505 illa,
1344 476 1424 508 quae
1445 476 1462 498 a
1482 466 1698 509 superioribus
1721 466 1922 509 regularibus

1191 529 1248 561 pro
1274 519 1423 551 tollendis
1448 518 1531 551 inter
1555 519 1722 561 religiosos
1738 519 1821 552 viros
1834 529 1924 552 exor-

1190 572 1229 603 tis
1254 571 1406 610 dissidiis,
1433 571 1650 614 firmandaque
1674 571 1759 604 inter
1783 582 1837 604 eos
1862 572 1923 604 sra-

1191 630 1280 657 terna
1306 625 1482 657 animorum
1516 624 1704 664 concordia,
1730 635 1765 657 ac
1789 625 1922 657 solidius

1190 677 1443 709 constabilienda
1463 677 1602 718 regulari
1621 677 1832 717 observantia,
1849 677 1924 720 pru-'

1190 730 1303 761 denter
1327 734 1358 761 et
1382 729 1551 761 salubriter
1570 729 1649 761 sacta
1662 733 1694 761 et
1713 729 1840 761 decreta
1853 739 1923 762 esse

1191 786 1372 822 noscuntur,
1392 782 1540 819 libenter,
1561 792 1631 814 eum
1649 792 1665 814 a
1682 781 1773 814 nobis
1791 781 1920 824 petitur,

1190 835 1353 877 apostolici
1387 835 1570 867 muniminis
1602 835 1761 878 praesidio
1794 835 1924 867 robora-

1189 898 1270 919 mus.

1233 940 1246 979 ξ
1277 940 1303 971 1.
1331 939 1450 982 Exponi
1476 940 1633 981 siquidem
1650 940 1741 972 nobis
1762 950 1864 982 nuper
1878 940 1922 972 t'e-

1190 992 1232 1023 cit
1257 992 1389 1024 dilectus
1414 992 1497 1023 tilius
1514 992 1723 1035 Hieronymus
1744 992 1807 1031 Ari,
1833 992 1922 1034 prior

1191 1044 1349 1083 eeneralis
1374 1043 1500 1075 Ordinis
1526 1044 1655 1075 fratrum
1673 1044 1788 1076 Beatae
1806 1044 1920 1077 Mariae

1190 1096 1326 1137 tit-ginis
1352 1097 1390 1127 de
1416 1096 1517 1128 Monte
1543 1096 1706 1135 Carmfflo,
1733 1097 1817 1138 quod
1843 1097 1919 1139 ipse,

1190 1150 1354 1181 oreasmne
1369 1149 1556 1181 visitationis
1571 1148 1751 1191 provinciae
1766 1148 1922 1182 Turoniae

1191 1201 1264 1233 dicti
1289 1200 1414 1233 Ordinis
1448 1211 1550 1243 nuper
1582 1201 1620 1233 ab
1652 1201 1721 1244 ipso
1754 1207 1920 1244 peractae,

1190 1254 1439 1294 controversias,
1466 1264 1545 1296 quae
1572 1254 1654 1286 inter
1683 1254 1815 1287 dilectos
1841 1254 1922 1287 tilios

1192 1307 1301 1339 fratres
1327 1306 1469 1338 eiusdem
1495 1306 1675 1348 provinciae
1692 1306 1859 1338 vertebant
1876 1317 1923 1339 su-

1191 1371 1248 1402 per
1271 1360 1365 1392 modo
1391 1359 1531 1401 eligendi
1556 1359 1719 1397 officiales,
1744 1360 1924 1402 composuit

1191 1424 1247 1455 per
1272 1413 1426 1455 quaedam
1451 1412 1579 1444 decreta
1603 1414 1639 1444 ea
1664 1422 1759 1455 super
1776 1423 1810 1444 re
1828 1413 1921 1453 edita,

1192 1470 1224 1496 et
1248 1476 1264 1497 a
1289 1465 1429 1507 generali
1463 1464 1710 1506 congregatione
1740 1464 1923 1506 provinciae

1192 1517 1372 1549 huiusmodi
1387 1522 1556 1559 acceptata,
1572 1517 1690 1549 tenoris
1704 1517 1757 1559 qui
1771 1517 1922 1559 sequitur,

1192 1571 1350 1603 videlicet:
1849 1598 1854 1600 .

1242 1636 1253 1654 α
1272 1624 1381 1656 Frater
1406 1623 1614 1665 Hieronymus
1632 1623 1684 1655 Ari
1702 1622 1844 1655 Artensis
1860 1633 1926 1655 ma-

1193 1677 1298 1719 gister,
1320 1687 1354 1708 ac
1380 1676 1510 1708 humilis
1535 1675 1622 1718 prior
1646 1675 1813 1718 generalis,
1840 1686 1925 1708 eom-

1192 1729 1352 1762 missarius
1384 1734 1415 1761 et
1441 1729 1584 1761 visitator
1613 1729 1805 1771 apostolicus
1830 1728 1925 1761 totius

1192 1782 1318 1815 Ordinis
1344 1783 1472 1814 fratrum
1497 1782 1699 1815 Beatissimae
1719 1781 1774 1814 Dei
1790 1781 1926 1814 Genitri-

1194 1836 1238 1867 cis
1273 1840 1300 1867 et
1336 1835 1471 1877 Virginis
1503 1834 1617 1867 Mariae
1649 1835 1687 1867 de
1717 1834 1821 1868 Monte
1853 1834 1926 1867 Car-

1194 1890 1289 1921 melo.

1238 1941 1324 1974 Nihil
1348 1941 1448 1983 magis
1473 1941 1504 1972 in
1531 1941 1610 1973 votis
1635 1940 1702 1979 suit,
1728 1951 1765 1973 ex
1790 1950 1852 1983 quo
1876 1939 1927 1973 Or-

1197 1995 1280 2027 dinis
1306 1995 1521 2037 guberuaeulo
1547 1993 1665 2026 admoti
1690 2003 1806 2033 sumus,
1833 2003 1927 2035 quam

1197 2053 1230 2079 ut
1254 2047 1478 2080 dilectissimae
1504 2051 1629 2078 nostrae
1659 2046 1840 2088 provinciae
1868 2045 1927 2077 Tu-

1197 2101 1341 2133 ronensis
1368 2099 1627 2141 tranquillitatem
1645 2108 1815 2141 procurare
1833 2103 1864 2130 et
1881 2108 1928 2130 ex-

1197 2157 1280 2185 ortas
1306 2152 1335 2183 in
1365 2154 1399 2183 ea
1425 2151 1611 2193 opinionum
1637 2150 1834 2182 diversitates
1858 2160 1929 2183 con-

1198 2205 1305 2236 ciliare
1332 2213 1506 2246 possemus.
1535 2203 1662 2234 Fartum
1688 2207 1794 2234 tamen
1812 2207 1867 2243 est,
1887 2202 1930 2235 di-

1198 2257 1269 2289 vino
1287 2256 1472 2298 providente
1489 2255 1634 2295 Numine,
1653 2261 1697 2295 ut,
1718 2256 1792 2288 licet
1809 2256 1847 2287 ad
1868 2255 1930 2288 hoc

1199 2309 1428 2341 eontiriendum
1440 2308 1612 2350 negotium,
1623 2308 1707 2351 quod
1728 2318 1854 2351 semper
1866 2318 1931 2340 ma-

1200 2362 1273 2394 ximi
1291 2362 1441 2394 momenti
1459 2361 1559 2393 visum
1575 2366 1634 2401 est,
1653 2361 1757 2393 statim
1775 2361 1813 2393 ab
1839 2361 1931 2394 initio

1200 2416 1399 2457 generalatus
1432 2414 1529 2446 nostri
1556 2415 1702 2446 advolare
1727 2413 1930 2456 cupierimus,

1201 2467 1413 2509 t'uerimusque
1453 2467 1661 2500 nibilominus
1694 2466 1788 2499 variis
1824 2476 1933 2498 occur-

1201 2520 1337 2551 rentium
1375 2519 1675 2562 inipedimentorum
1714 2519 1932 2552 occasionibus

1202 2572 1363 2609 retardati,
1391 2572 1528 2611 taudem,
1555 2572 1713 2615 aspirante
1738 2571 1793 2603 Dei
1820 2572 1931 2615 gratia,

1927 209 1976 235 An.
1997 207 2028 235 G.
2050 207 2117 235 ¹664

1959 371 2083 393 Exordium.

1958 948 2075 975 Exposiiio.
