2247 3208
141 177 191 205 An.
206 173 235 203 C.
260 175 324 203 ¹667

322 968 442 995 cetero
466 961 632 1005 perpetuis
658 960 770 992 suturis
805 958 1006 1002 temporibus
1032 958 1071 990 de

959 161 1101 194 oteness
1125 170 1154 193 ix
1179 169 1228 193 Pr.

334 221 466 261 ritoriis‚
493 219 702 258 districtibus,
729 218 822 255 villis,
840 217 994 256 vassallis,
1017 217 1095 263 ho-¹

333 275 484 314 minibus,
508 273 623 306 incolis
648 278 679 305 et
703 271 953 310 habitatoribus,
980 270 1095 302 l'orta-'

334 328 412 362 litiis
428 355 435 367 ‚
460 326 640 360 sranehitiis
666 331 697 358 et
728 324 910 366 homagiis,
937 322 1071 365 aliisque
1092 357 1094 372 ,

335 380 458 415 iuribus
483 387 513 413 et
539 379 742 423 pertinentiis
759 405 766 418 ,
798 389 833 410 ac
868 376 1071 414 omnimoda,
1092 406 1093 423 ἶ

335 437 406 475 alta,
425 435 527 473 hassa,
545 433 630 466 civili
649 439 680 465 et
699 431 855 465 criminali
876 430 1072 468 iurisdictio·
1092 436 1093 467 1

336 488 442 527 nibus,
470 497 561 520 mero
587 492 619 519 et
636 486 734 518 mixto
752 484 901 528 imperio,
920 494 955 515 ac
973 482 1071 524 gladii
1092 477 1093 521 ᾗ

336 546 367 574 et
388 541 475 574 necis
500 544 658 583 potestate
674 565 681 578 ‚
708 538 843 580 aliisque
870 535 1069 573 honoribus,

336 593 501 632 oneribus,
527 592 651 624 salariis
669 596 700 623 et
717 588 882 631 regalibus
896 587 1069 625 consuetis,
1092 620 1093 623 Ἴ

336 645 495 689 quatenus
521 645 560 677 ad
586 644 871 686 praedecessorem
897 646 927 673 et
953 633 1093 672 Sedeml

335 698 534 743 praedictam
552 706 587 729 ac
601 705 761 728 cameram
775 693 985 737 apostolicam
1001 703 1072 735 spe·
1091 702 1092 709 ¹

336 750 659 791 ctat·ent,Philiberto
673 755 748 781 tunc
763 746 957 785 marchioni,
967 756 1071 789 quan]-
1091 771 1092 777 ,

336 805 388 837 diu
413 804 446 836 in
471 802 619 835 humanis
636 806 756 844 ageret,
776 805 808 832 et
829 799 945 832 deinde
971 799 1070 831 Besso
1091 825 1092 841 ,

335 863 367 890 et
390 856 475 890 dicto
504 854 677 888 Francisco
714 852 893 886 philiberto
927 844 1092 884 eiusdem*

334 909 423 942 Bessi
447 907 665 951 primogenito
691 906 748 948 <ita
773 905 859 948 quod
881 915 917 937 ex
940 910 1014 937 tune
1032 905 1071 937 de
1092 906 1093 949 ἐ

333 1014 551 1058 primogenito
567 1014 600 1046 in
617 1012 877 1056 primogenitum,
892 1012 1071 1044 masculum

336 1073 458 1100 tantum
484 1073 514 1100 et
539 1067 578 1100 de
604 1067 748 1108 legitimo
769 1064 975 1098 matrimonio
1000 1074 1073 1106 pro-

335 1126 489 1159 creatum,
512 1119 674 1159 transiret,
692 1130 737 1158 ac,
756 1117 973 1161 primogenito
995 1116 1073 1155 deli-

335 1173 461 1213 ciente,
495 1172 785 1214 secundogenitus,
814 1176 847 1201 ut
871 1170 1069 1213 praefertur,

335 1227 430 1260 etiam
447 1226 478 1258 in
501 1225 623 1265 castris,
640 1225 733 1257 terris
748 1230 778 1256 et
794 1223 872 1256 locis
888 1222 1072 1254 huiusmodi
1092 1236 1094 1241 κ

335 1272 538 1321 succederet)
565 1278 597 1310 in
623 1277 753 1310 seudum
772 1276 899 1315 nobile,
919 1275 1073 1307 honorifi-

333 1342 405 1364 cum
423 1338 453 1364 et
477 1332 643 1374 antiquum
658 1340 716 1373 pro
730 1340 838 1362 annuo
857 1339 956 1361 censu
976 1328 1070 1360 unius
1092 1352 1093 1355 η

334 1384 466 1418 crateris
492 1384 639 1426 argentei
665 1383 820 1426 ponderis
847 1382 943 1414 unius
969 1381 1070 1413 librae

334 1437 438 1470 dictae
463 1447 608 1470 camerae
627 1437 660 1469 in
684 1436 792 1478 vigilia
818 1446 873 1468 seu
901 1435 979 1467 sesto
996 1435 1072 1467 bea-

334 1496 441 1523 torum
476 1490 562 1523 Petri
595 1498 625 1522 et
657 1489 747 1521 Pauli
783 1489 1005 1532 apostolorum
1040 1487 1094 1520 in⁴

334 1543 417 1576 Urbe
443 1544 613 1582 solvendo,
639 1548 671 1576 et
695 1543 773 1576 alias
798 1541 895 1575 certis
921 1541 1017 1574 modo
1042 1546 1093 1579 et,

334 1597 437 1629 fornia
461 1601 537 1629 tunc
558 1595 731 1639 expressis,
755 1594 914 1627 concessit
939 1599 971 1626 et
996 1594 1072 1626 assi-

335 1649 453 1692 gnavit,
479 1660 514 1681 ac
535 1655 637 1682 terras
655 1654 687 1681 et
704 1650 775 1681 loca
794 1647 979 1680 huiusmodi
998 1658 1071 1679 eum

334 1703 499 1746 praedicto
513 1703 746 1741 marchionatu,
758 1706 855 1744 prout
869 1708 962 1733 antea
975 1700 1071 1733 etiam

334 1756 503 1791 comitatus
526 1755 702 1788 Masserani
727 1761 810 1794 erat,
838 1754 1068 1796 reintegravit,

334 1809 456 1852 illaque
481 1810 519 1842 ad
544 1809 757 1841 philibertum
783 1814 815 1840 et
839 1808 969 1840 Bessum
994 1819 1073 1841 mar-

334 1862 487 1895 chionem
511 1872 686 1905 eorumque
722 1862 842 1894 futuros
868 1872 1071 1894 successores

335 1915 519 1958 praedictos
545 1914 717 1952 transtulit,
736 1920 765 1948 et
781 1915 819 1947 de
836 1914 899 1947 illis
918 1915 1014 1947 etiam
1029 1915 1072 1947 in-

334 1968 480 2009 vestivit;
507 1969 773 2011 erectionemque
788 1995 795 2007 ,
822 1968 1044 2000 investituram
1064 1995 1070 2007 ‚

334 2022 587 2061 concessionem,
615 2021 903 2063 reintegrationem
923 2026 953 2054 et
974 2027 1071 2054 trans·
1091 2033 1093 2068 ᾗ

334 2075 488 2107 lationem
516 2074 702 2106 huiusmodi
728 2075 799 2117 piae
821 2074 998 2106 memoriae
1025 2074 1072 2106 Iu-

334 2127 397 2160 lius
415 2127 461 2167 ΙΙΙ,
488 2127 603 2159 Paulus
616 2127 662 2166 IV,
677 2126 750 2159 Pius
769 2127 866 2159 etiam
885 2127 929 2165 IV,
949 2127 1021 2159 Pius
1038 2128 1069 2167 V,

335 2180 508 2223 Gregorius
533 2180 583 2212 XV
609 2185 640 2213 ct
663 2180 768 2213 Sixtus
792 2180 814 2211 Y
839 2180 973 2213 Romani
996 2181 1073 2213 Pon-

336 2232 437 2266 tifices
463 2234 558 2266 etiam
582 2234 848 2277 praedecessores
884 2233 988 2266 nostri
1013 2245 1073 2277 per

335 2296 407 2320 suas
432 2286 572 2329 desuper
596 2287 759 2319 consectas
780 2287 905 2319 litteras
923 2287 1073 2330 respecti-

334 2350 371 2372 ve
407 2339 678 2372 confirmaverunt
712 2344 744 2371 et
783 2339 1069 2381 approbaverunt,

336 2392 458 2436 ipsique
494 2393 568 2424 Pius
593 2392 628 2424 lv
654 2397 685 2424 et
709 2392 781 2424 Pius
806 2392 829 2423 V
858 2392 978 2435 potiori
1012 2404 1072 2435 pro

334 2447 461 2479 cautela
484 2451 601 2485 castra,
630 2451 731 2478 terras
756 2451 787 2477 et
811 2445 882 2477 loca
906 2445 1093 2488 praedictas

336 2499 433 2532 Besso
457 2499 656 2539 marchioni,
684 2499 816 2542 eiusque
844 2498 1071 2531 descendenti-

334 2552 393 2585 bus
409 2551 558 2586 masculis
576 2552 758 2597 praedietis,
777 2558 807 2585 et
825 2551 913 2584 idem
929 2550 1034 2585 Sixtus
1049 2551 1069 2583 V

1758 159 1822 193 <923

1116 216 1212 249 etiam
1227 216 1389 259 quondam
1404 215 1575 248 Francisco
1588 215 1778 254 philiberto,
1794 226 1845 249 mo

1116 270 1156 301 do
1183 275 1213 301 et
1239 269 1340 302 forma
1358 268 1553 312 praemissis,
1573 274 1806 301 concesserunt
1824 274 1857 302 et

1115 321 1377 367 assignaverunt,
1397 326 1436 361 et,
1456 332 1527 354 curn
1552 321 1738 364 Crepacorii
1757 326 1789 354 et
1805 332 1855 355 co-

1115 374 1244 406 mitatus
1270 373 1541 417 pertinentiarum
1567 374 1782 417 praelatarum
1798 375 1854 408 bo-

1115 437 1174 459 nae
1200 427 1375 459 memoriae
1399 426 1555 459 Emanuel
1581 426 1779 460 philibertus
1799 427 1853 461 Sa-

1114 478 1250 511 baudiae
1288 479 1350 511 dux
1376 484 1407 511 et
1431 479 1675 512 pedemontium
1703 480 1852 524 princeps

1092 553 1093 560 η
1114 532 1354 573 possessionem
1373 532 1427 564 diu
1446 538 1642 575 occupasset,
1665 532 1788 565 iuribus
1807 533 1853 576 ip-

1114 583 1178 616 sius
1204 583 1363 615 Francisei
1390 583 1557 616 philiberti
1585 590 1615 617 et
1639 595 1772 618 suorum
1797 596 1853 618 an-

1114 641 1313 668 tecessorum
1339 636 1579 678 praedictorum
1597 637 1670 669 visis
1692 643 1723 670 et
1743 638 1853 680 cogni-

1114 689 1164 729 tis,
1191 689 1337 731 Gregorii
1356 689 1406 721 XV
1420 690 1678 732 praedecessoris
1695 691 1851 734 praedicti

1113 752 1248 774 assensu
1275 748 1304 774 et
1329 742 1534 785 beneplacito
1556 743 1742 783 accedente,
1764 743 1851 777 illam

1114 794 1199 827 dicto
1225 795 1323 827 Besso
1340 794 1524 826 marchioni
1540 795 1662 827 dimisit
1679 800 1710 827 et
1730 797 1853 829 relaxa—

1114 848 1175 887 vit,
1196 858 1343 891 cumque,
1362 847 1486 880 ratione
1513 848 1586 893 dicti
1611 849 1852 882 marchionatus

1114 900 1303 940 Masserani,
1330 901 1400 944 ipse
1429 901 1617 934 Franciseus
1654 901 1852 935 philibertus

1114 964 1246 986 censum
1272 953 1366 986 unius
1391 954 1553 997 accipitris
1573 954 1702 996 singulo
1720 954 1852 988 biennio

1115 1017 1260 1039 camerae
1286 1007 1504 1049 praescriptae
1531 1008 1655 1039 solvere
1672 1007 1784 1040 solitus
1806 1018 1854 1041 es-

1092 1074 1093 1077 *
1115 1065 1180 1099 set,
1207 1060 1292 1092 idem
1318 1060 1423 1092 Sixtus
1456 1061 1690 1103 praedecessor
1722 1071 1853 1094 censum

1115 1112 1276 1155 accipitris
1302 1112 1484 1145 huiusmodi
1516 1112 1547 1144 in
1583 1113 1696 1145 decem
1721 1113 1853 1146 ducatos

1115 1165 1183 1197 auri
1199 1165 1299 1198 dictae
1316 1176 1462 1198 camerae
1481 1165 1618 1207 singulis
1636 1166 1728 1198 annis
1747 1166 1853 1199 eidem

1115 1228 1260 1250 camerae
1286 1219 1484 1261 apostolieae
1510 1229 1568 1261 per
1586 1219 1736 1251 eumdem
1756 1219 1854 1252 Fran-

1115 1271 1232 1304 ciscum
1257 1271 1473 1303 philibertum
1494 1276 1525 1304 et
1545 1282 1746 1304 successores
1762 1283 1854 1315 prae-

1116 1324 1217 1358 di‘ctos
1235 1325 1467 1368 persolvendos
1481 1324 1698 1364 commutavit,
1714 1324 1853 1368 illosque

1115 1379 1154 1411 ab
1168 1378 1316 1411 ulteriori
1334 1378 1495 1411 solutione
1511 1377 1587 1410 dicti
1605 1378 1765 1421 accipitris
1783 1389 1854 1422 per-

1114 1438 1212 1475 petuo
1238 1431 1407 1471 liberavit,
1435 1431 1544 1465 omnia
1569 1442 1646 1464 vero
1672 1437 1703 1464 et
1727 1432 1853 1474 singula

1115 1486 1292 1528 praemissa
1310 1485 1411 1518 felicis
1425 1485 1519 1518 etiam
1537 1485 1768 1518 reeordationis
1785 1485 1854 1519 Cle-

1115 1549 1205 1572 mens
1230 1538 1293 1571 &⁷111
1319 1544 1351 1571 et
1375 1538 1521 1571 Urbanus
1537 1539 1600 1571 VIII
1618 1539 1752 1571 Romani
1771 1538 1853 1571 Pon-

1115 1591 1215 1624 tifices
1230 1591 1377 1625 similiter
1394 1592 1664 1635 praedecessores
1685 1591 1785 1624 nostri
1803 1603 1854 1635 ap-

1114 1645 1293 1688 probarunt
1311 1650 1341 1677 et
1361 1644 1605 1684 confirmarunt,
1623 1651 1721 1687 prout
1741 1645 1774 1677 in
1793 1645 1853 1677 sin-

1115 1698 1196 1741 gulis
1223 1697 1379 1730 dictorum
1412 1698 1705 1741 praedeeessorum
1737 1698 1853 1731 litteris

1115 1752 1310 1784 continetur.

1158 1805 1172 1848 g
1208 1805 1238 1837 2.
1267 1805 1343 1838 Cum
1380 1810 1487 1838 autem
1501 1831 1508 1845 ,
1534 1804 1618 1838 sicut
1648 1804 1764 1837 eadem
1800 1815 1853 1837 ex·

1868 170 1916 196 An.
1933 168 1960 195 C.
1984 169 2049 196 1607

1904 1814 1984 1834 Petitur
2000 1821 2047 1834 cou-

1864 1840 1952 1861 firmana
1975 1842 2048 1862 penti-

1113 1858 1234 1902 positio
1260 1859 1496 1901 subiungebat,
1528 1859 1633 1891 dictus
1665 1858 1916 1891 Fraiiciscusi-21<.

1114 1911 1292 1944 Ludovicus
1324 1911 1525 1954 praedictum
1552 1921 1693 1943 annuum
1721 1922 1853 1944 censum

1115 1966 1226 1998 decem
1245 1965 1436 1998 ducatorum
1455 1965 1524 1997 auri
1543 1966 1581 1998 de
1599 1968 1724 1998 camera
1738 1971 1769 1998 et
1786 1966 1854 1998 cra-

1115 2019 1191 2051 teris
1217 2018 1364 2060 argentei
1390 2018 1544 2061 ponderis
1571 2018 1666 2058 unius
1683 2019 1784 2051 librae
1805 2029 1855 2052 ca-

1114 2082 1222 2104 merae
1246 2071 1430 2114 praedictae
1449 2071 1640 2114 persolverit
1665 2077 1696 2103 et
1720 2072 1752 2103 in
1771 2072 1854 2104 sutu-

1092 2154 1094 2160 ,
1114 2136 1185 2157 rum
1210 2125 1334 2157 solvere
1359 2130 1488 2166 paratus
1501 2124 1551 2163 sit,
1577 2129 1608 2156 et
1632 2123 1774 2156 firmiora
1797 2124 1854 2157 illa

1115 2178 1254 2210 existant
1279 2187 1359 2220 quae
1385 2176 1514 2219 saepius
1543 2187 1560 2208 a
1580 2175 1662 2208 Sede
1688 2177 1853 2219 praedicta

1115 2229 1346 2264 confirmantur
1364 2235 1395 2262 et
1420 2228 1655 2272 approbantur:
1674 2229 1762 2272 cupit
1778 2239 1854 2272 pro-

1114 2290 1225 2327 pterea
1250 2283 1351 2316 dictus
1377 2283 1564 2315 Franciscus
1584 2282 1760 2315 Ludovicus
1778 2282 1853 2316 Fer·

1115 2337 1219 2370 rerius
1244 2336 1365 2369 Fliscus
1390 2335 1540 2378 princeps
1573 2335 1709 2377 singulis
1736 2336 1852 2369 litteriS

1114 2391 1202 2423 pauli
1229 2390 1290 2430 III,
1317 2400 1352 2422 ac
1376 2389 1447 2422 Iulii
1474 2389 1532 2429 ΙΙΙ,
1558 2389 1645 2421 pauli
1672 2389 1716 2429 tv,
1744 2390 1789 2422 Pii
1816 2391 1850 2431 V,

1114 2443 1261 2486 Gregorii
1286 2442 1364 2482 XIII,
1390 2441 1466 2475 Six'ti
1492 2441 1524 2482 V,
1551 2441 1724 2475 Clementis
1741 2443 1804 2475 VIII
1823 2449 1854 2476 ct

1114 2495 1233 2528 Urbani
1258 2495 1320 2527 illl
1346 2495 1636 2538 praedecessorum
1658 2495 1849 2536 liuiusn‘iodi,

1114 2549 1328 2594 omnibusque
1350 2549 1420 2582 aliis
1441 2554 1472 2582 et
1490 2549 1626 2593 singulis
1645 2550 1850 2593 praemissis,
