2247 3208
212 207 262 237 λη.
280 209 308 237 C.
331 209 398 237 1664

443 203 508 234 ‘208

406 256 567 301 specialis,
581 253 742 299 specifica,
756 263 908 297 expressa
921 257 952 286 et
964 252 1139 292 individua,

405 319 441 342 ac
465 309 504 341 de
524 307 623 340 verbo
648 306 687 339 ad
711 306 852 346 verbum,
871 315 938 338 non
958 309 1064 338 autem
1080 315 1140 349 per

404 361 563 395 clausulas
598 360 766 402 generales
797 359 882 391 idem
912 358 1138 402 imponantes,

403 413 524 447 mentio
558 423 614 446 seu
640 411 770 455 quaevis
802 412 863 445 alia
888 412 1054 455 expressio
1086 412 1141 444 ha-

401 466 508 500 benda
532 472 586 499 aut
614 465 722 509 aliqua
755 465 816 498 alia
849 464 1008 509 exquisita
1039 465 1142 499 forma

402 519 441 552 ad
467 519 531 551 hoc
554 518 709 551 servanda
741 517 845 558 soret,
870 522 1000 551 tenores
1032 517 1142 550 huius-

401 571 506 611 modi,
533 581 568 604 ac
593 570 617 603 si
644 571 682 604 de
707 570 806 603 verbo
832 570 871 603 ad
896 570 1030 603 verbum
1059 569 1140 602 nihil

401 623 532 667 penitus
556 624 677 656 omisso
702 623 932 662 insererentur,
958 622 1142 665 praesenti-

402 677 464 710 bus
492 687 553 720 pro
578 676 744 719 expressis
776 685 812 709 ac
836 675 1039 708 sufficienter
1071 685 1142 718 spe-

403 728 535 762 cificatis
561 734 593 761 et
616 727 765 768 insertis,
790 728 990 770 formamque
1014 727 1047 759 in
1075 727 1140 759 illis

405 781 555 815 traditam
588 791 649 823 pro
689 782 812 813 servata
851 780 1040 818 habentes,
1077 779 1141 811 illis

399 834 480 869 alias
512 835 547 869 in
579 846 637 870 suo
673 835 794 870 robore
826 837 1068 880 permansuris,
1102 836 1140 869 ad

404 888 660 932 praemissorum
691 888 862 929 effectum,
895 889 1010 922 harum
1040 889 1144 928 serie,

407 940 595 984 specialiter
619 947 651 974 et
674 951 826 985 expresse
851 952 888 974 ac
912 938 1070 975 latissime
1096 942 1151 974 de-

409 1004 580 1037 rogamus;
607 994 788 1038 ceterisque
812 994 984 1028 contrariis
1015 994 1151 1038 quibus-

409 1057 561 1090 cumque.

985 202 1166 229 BULLARIUM
1189 204 1341 229 ROMANUM

1374 252 1538 279 Alexander
1564 253 1641 286 Papa
1659 252 1723 286 vn,

1300 296 1336 323 ad
1359 298 1533 330 perpetuam
1554 296 1600 323 rei
1619 296 1798 323 memoriam.

1225 357 1240 400 ἓ
1265 357 1296 389 1.
1323 357 1512 390 Laudabilia
1540 357 1695 391 infantilis
1726 357 1838 390 aetatis
1868 356 1918 389 in·
1953 367 2041 390 nom-a.

1183 408 1266 442 dicia
1290 420 1326 442 ex
1352 409 1466 452 quihus
1493 409 1710 442 verisimiliter
1737 409 1918 453 concipitur

1183 461 1335 494 dilectum
1350 461 1453 494 filium
1474 462 1618 495 nobilem
1641 461 1795 495 infantem
1819 461 1918 495 Fran—

1183 514 1300 547 ciscum
1314 514 1451 547 Mutinae
1468 514 1564 547 etiam
1582 513 1697 556 Rhegii
1716 515 1841 555 ducem,
1854 525 1919 547 suc-

1183 566 1369 600 cedentibus
1387 566 1447 599 sibi
1466 576 1535 599 cum
1552 566 1609 599 Dei
1626 566 1854 599 benedictione
1869 576 1918 599 an-

1183 619 1240 659 nis,
1257 619 1288 651 in
1302 619 1405 653 virum
1419 618 1588 651 virtutibus
1602 619 1728 661 generis
1742 618 1789 651 sui
1811 620 1918 662 splen-

1184 672 1262 705 dore
1276 671 1381 714 dignis
1398 672 1566 712 illustrem,
1584 671 1826 714 principemque
1844 671 1917 704 Sedi

1183 725 1386 769 Apostolicae
1408 726 1559 758 devotum
1578 734 1645 757 esse
1663 734 1841 765 evasurum,
1859 735 1918 757 nos

1182 779 1360 819 inducunt,
1383 784 1418 811 ut
1449 779 1602 812 libentius
1632 779 1688 811 illa
1721 779 1748 811 ei
1786 779 1918 822 eiusque

1183 832 1377 865 haeredibus
1402 836 1433 864 et
1457 832 1695 864 successoribus
1719 833 1852 875 paterna
1867 832 1921 865 be-

1183 885 1339 927 nignitate
1372 885 1586 917 concedamus
1599 911 1606 924 ,
1632 895 1692 928 per
1727 895 1808 928 quae
1845 895 1921 927 erga

1183 947 1338 980 personas
1362 937 1580 970 benemeritas
1604 938 1729 980 sibique
1760 943 1865 980 gratas
1889 942 1921 970 et

1184 994 1332 1033 acceptas
1349 999 1419 1022 sese
1445 989 1609 1024 beneficos
1626 990 1777 1023 exhibere
1795 990 1922 1033 possint

1162 1057 1168 1065 =
1184 1047 1217 1076 et
1240 1043 1402 1075 liberales.

1927 196 1976 230 λιι.
1993 194 2025 230 οξ
2045 196 2111 230 icet

450 1101 464 1143 ἓ
495 1100 548 1132 to.
579 1100 730 1132 Volumus
765 1104 872 1131 autem
896 1103 930 1131 ut
955 1097 1142 1131 earumdem

405 1152 626 1197 praesentium
672 1151 853 1185 litterarum
901 1149 1138 1193 transumptis,

405 1217 503 1243 manu
528 1205 663 1239 alicuius
689 1205 807 1238 notarii
832 1204 954 1248 publici
980 1204 1143 1247 subscrip-

1229 1095 1288 1139 §2
1311 1095 1430 1138 Itaque,
1450 1094 1616 1128 conventis
1633 1100 1664 1128 et
1680 1095 1844 1138 promissis
1861 1106 1920 1140 pro
1958 1104 2112 1141 ranarum„-

1183 1153 1276 1191 parte
1300 1150 1409 1181 nostra
1442 1159 1500 1191 per
1531 1148 1698 1180 tractatum
1728 1132 2115 1188 concordiaessfrss'ofmssi'niii'til

1184 1200 1268 1233 inter
1304 1206 1450 1234 nostruin
1476 1205 1505 1233 et
1539 1201 1693 1233 carissimi
1726 1201 1757 1233 in
1790 1201 1919 1234 Christo
1931 1186 2114 1231 ?1?s⁶{1⁰1‘'.'3²‹2‚⁰13'?13

250 1113 395 1138 'frans-[inuitis

210 1140 268 1160 credi
285 1140 378 1160 mand-n..

1944 1239 1964 1259 a.

405 1259 463 1300 tis,
490 1265 523 1291 et
546 1259 655 1301 sigillo
688 1268 849 1302 personae
882 1257 914 1289 in
945 1256 1143 1290 ecclesiasti-

405 1315 442 1345 ca
467 1312 623 1354 dignitate
642 1311 838 1344 constitutae
858 1310 1002 1349 munitis,
1029 1309 1141 1342 eadem

404 1375 538 1408 prorsus
554 1364 634 1398 fides
650 1364 769 1407 ubique
783 1369 846 1396 tam
864 1363 897 1395 in
912 1362 1031 1396 iudicio
1049 1373 1143 1405 quam

406 1424 495 1451 extra
529 1418 609 1451 illud
634 1418 807 1457 habeatur,
835 1427 915 1460 quae
942 1416 1022 1459 ipsis
1050 1426 1144 1458 prae-

406 1471 553 1504 sentibus
579 1471 766 1510 haberetur,
792 1470 817 1502 si
845 1471 952 1502 forent
980 1468 1141 1501 exhibitae

405 1525 457 1557 vel
483 1528 644 1557 ostensae.

450 1577 564 1610 Datum
587 1577 718 1617 Romae,
737 1576 821 1619 apud
846 1575 876 1608 S.
897 1575 1028 1608 Mariam
1046 1575 1142 1609 Maio-

406 1641 493 1670 rem,
517 1630 575 1664 sub
602 1630 722 1663 annulo
748 1629 932 1669 Piscatoris,
951 1629 1002 1661 die
1023 1639 1094 1662 nm
1113 1640 1144 1661 a-

407 1684 500 1727 prilis
511 1693 658 1723 MDCinv,
671 1682 879 1727 pontificatus
895 1683 996 1715 nostri
1011 1678 1096 1715 ann‘o
1110 1694 1140 1716 x.

443 1745 501 1772 Dat.
524 1745 566 1772 die
586 1745 620 1772 26
639 1744 731 1780 aprilis
753 1744 831 1779 1664,
851 1744 945 1780 pontis.
964 1752 1032 1772 anno
1045 1752 1072 1771 x.

687 1879 867 1913 CDLXXIV.

408 1950 521 1985 Nobili
540 1951 662 1994 infami
680 1951 854 1985 Francisco
871 1949 948 1983 duci
966 1948 1147 1982 Mutinensi

453 2005 586 2048 eiusque
618 2004 810 2037 haeredibus
848 2007 877 2036 et
915 2002 1147 2036 successoribus

453 2058 490 2089 in
524 2061 716 2101 perpetuum
747 2056 930 2090 conceditur
962 2056 1014 2088 ius
1041 2059 1147 2098 patro-

453 2114 548 2142 natus
573 2114 602 2142 et
617 2109 851 2154 praesentandi
876 2109 937 2141 loci
961 2107 1148 2142 Ordz'nariis

453 2172 604 2205 personas
628 2162 760 2194 idoneas
776 2161 819 2195 ad
833 2161 1095 2205 praeposituram
1108 2170 1150 2192 se-

456 2214 599 2247 cularem
624 2215 659 2248 in
684 2215 813 2247 ecclesio
837 2214 985 2248 abbatiae
1001 2214 1038 2246 de
1057 2214 1150 2247 Pom-

453 2278 543 2311 posa,
564 2278 600 2300 ac
620 2268 982 2311 arcleypresbyteralzmz
1001 2267 1065 2299 sire
1082 2266 1151 2310 ple-

458 2320 592 2353 bam'am
616 2321 764 2353 ecclesiae
787 2320 821 2353 S.
850 2320 976 2353 Mariae
1004 2319 1042 2352 de
1059 2320 1147 2352 Bon-

457 2372 538 2406 deno
561 2372 785 2405 Fert-ariensis
808 2372 968 2411 dioecesis,
990 2376 1019 2404 et
1040 2381 1152 2414 perpe-

457 2429 550 2458 tuum
574 2425 712 2468 simplex
732 2425 919 2467 beneficium
939 2435 977 2457 ex
993 2424 1152 2467 fructibus

458 2478 496 2511 ab
521 2478 584 2511 illa
609 2478 848 2511 dismembratis
873 2476 1042 2511 erectum¹.

450 2593 461 2620 1
485 2591 522 2619 Ex
542 2591 648 2628 Regest.
670 2591 697 2618 in
716 2591 818 2619 Secret.
841 2590 915 2619 Brev-

1185 1254 1240 1287 filii
1258 1254 1359 1286 nostri
1377 1253 1528 1286 Ludovici
1552 1253 1637 1296 regis
1662 1243 1940 1286 christianissimic

1185 1307 1489 1350 plenipotentiarios
1515 1307 1565 1339 die
1590 1317 1634 1340 x11
1668 1306 1820 1340 februarii
1845 1317 1921 1349 pro-

1186 1361 1268 1393 xime
1293 1359 1459 1403 praeteriti
1485 1359 1563 1392 Pisis
1596 1359 1711 1391 initum
1736 1365 1767 1391 et
1790 1360 1921 1392 conclu-

1185 1414 1283 1452 sum',
1308 1423 1344 1445 ac
1368 1412 1504 1445 subinde
1524 1417 1586 1444 tam
1607 1422 1624 1444 a
1644 1412 1737 1445 nobis
1762 1423 1856 1455 quam
1882 1412 1920 1444 ab

1184 1466 1300 1499 eodem
1324 1465 1485 1498 Ludovico
1506 1475 1581 1507 rege
1607 1464 1806 1505 ratificatum,
1833 1465 1923 1497 satis-

1186 1520 1307 1559 facere,
1333 1519 1485 1561 dictoque
1509 1519 1670 1551 Ludovico
1696 1518 1763 1561 regi
1795 1528 1922 1561 peram-

1184 1573 1268 1616 plius
1296 1572 1489 1615 grahficari,
1516 1582 1551 1604 ac
1574 1572 1751 1615 praefatum
1777 1572 1923 1604 Francis-

1185 1637 1256 1659 cum
1281 1622 1406 1659 ducem'
1420 1626 1569 1670 specialis
1586 1626 1692 1658 favore
1710 1625 1829 1668 gratiae
1847 1636 1923 1668 pro-

1186 1680 1275 1723 sequi
1302 1679 1488 1723 cupientes,
1516 1689 1643 1712 necnon
1668 1679 1743 1712 dicti
1770 1683 1922 1711 tractatus

1187 1738 1342 1772 tenorem,
1362 1743 1398 1765 ac
1422 1731 1670 1775 praepositurae
1689 1736 1720 1764 et
1740 1731 1908 1774 archipres

1186 1786 1349 1830 hyteratus
1373 1786 1438 1818 sive
1463 1785 1633 1828 plebaniae
1652 1790 1683 1817 et
1706 1784 1855 1817 beneficii
1881 1784 1924 1816 in-

1188 1839 1430 1882 frascriptarum
1450 1839 1629 1881 qualitates,
1648 1848 1800 1871 eorumve
1821 1838 1925 1871 cuius-

1188 1893 1267 1925 libet
1280 1892 1447 1931 fruetuum,
1465 1891 1647 1924 reddituum
1665 1897 1697 1923 et
1711 1896 1924 1934 proventuum

1188 1956 1283 1978 veros
1308 1945 1404 1977 etiam
1429 1955 1552 1977 annuos
1569 1946 1693 1978 valores
1707 1950 1738 1977 et
1751 1944 1813 1977 alia
1830 1954 1925 1987 quae-

1189 2008 1335 2041 cumque,
1350 1997 1447 2030 ctiam
1471 1997 1642 2040 specialem
1667 2002 1699 2029 et
1728 1996 1925 2029 individuam

1190 2051 1390 2084 mentionem
1408 2055 1439 2082 et
1455 2050 1694 2093 expressionem
1714 2042 1924 2092 requirentia,

1190 2103 1413 2146 praesentibus
1446 2112 1505 2145 pro
1539 2103 1633 2145 plene
1668 2106 1699 2133 et
1730 2100 1926 2133 sufficienter

1191 2155 1349 2199 expressis
1374 2160 1405 2188 et
1429 2155 1621 2198 specificatis
1647 2155 1812 2194 hahentes,
1837 2159 1926 2186 motu

1191 2209 1335 2252 proprio,
1361 2218 1396 2241 ac.
1421 2218 1457 2241 ex
1482 2210 1568 2240 certa
1592 2207 1725 2239 scientia
1750 2212 1780 2239 et
1803 2208 1928 2239 matura

1193 2261 1427 2296 deliberatione
1452 2261 1581 2300 nostriS,
1608 2261 1710 2303 deque
1730 2260 1927 2303 apostolicae

1192 2314 1362 2359 potestatis
1386 2314 1598 2357 plenitudine,
1625 2314 1729 2346 eidem
1759 2313 1927 2345 Francisco

1195 2370 1278 2409 duci,
1304 2369 1436 2412 eiusque
1462 2368 1657 2401 haeredibus
1681 2372 1713 2400 et.
1737 2367 1926 2400 successori-

1194 2422 1253 2454 bus
1267 2422 1299 2454 in
1314 2426 1516 2464 perpetuum,
1530 2421 1577 2453 ius
1592 2425 1779 2464 patronatus
1794 2425 1825 2451 et
1838 2429 1930 2462 prae-

1195 2474 1344 2507 sentandi
1361 2473 1422 2507 loci
1441 2473 1611 2507 Ordinario
1625 2482 1776 2516 personas
1794 2472 1930 2505 idoneas

1232 2591 1241 2616 1
1266 2588 1314 2616 Ed.
1331 2588 1409 2616 Main.
1426 2588 1507 2616 habet
1522 2588 1682 2616 conclusam
1696 2588 1734 2622 (n.
1751 2586 1801 2622 T.).
