2247 3208
181 206 219 237 An
250 205 369 234 &1662
414 196 456 230 98

227 1631 365 1653 Provincialis

183 1665 224 1680 non
240 1661 308 1685 potest
323 1658 366 1684 pri-

185 1692 234 1706 και-ο
261 1690 364 1705 commen-

184 1712 269 1732 datores
309 1717 366 1732 com-

183 1738 266 1759 menda.

214 2160 311 2181 vicarius
322 2165 368 2186 pro-

187 2187 290 2207 vincialis.

378 255 502 288 electus
527 258 680 287 revocare
713 257 779 281 non
810 244 950 289 poterit,
975 254 1037 277 nec
1067 243 1106 276 de

378 316 462 340 novo
476 306 613 338 alterum
627 301 808 339 nominare,
821 297 1000 340 usquedum
1017 306 1108 329 suam

378 356 577 403 provinciam
591 353 803 396 ingrediatur.
822 351 898 384 Post
912 349 1107 383 electionem

378 421 454 445 vero
472 407 688 453 provincialis,
703 410 735 439 et
750 405 967 437 iuramentum
982 403 1020 434 ab
1036 401 1106 445 ipso

376 463 578 508 praestitum,
599 470 712 494 omnes
730 469 746 491 e
767 457 908 500 capitulo
930 454 1109 498 processio-

377 517 495 550 naliter
509 514 725 558 egrediantur,
741 511 825 544 etad
846 508 1017 542 ecclesiam
1034 517 1109 551 pro-

377 570 494 603 cedant
506 579 516 608 ·‚
541 566 700 600 cantando
731 565 886 607 hymnum
923 561 963 594 Te
990 561 1105 600 Deum,

379 628 452 661 ete„
478 620 533 653 ubi
557 623 737 663 prostratus
761 614 968 659 provincialis
987 616 1109 647 electus

378 674 515 718 accipiat
547 670 811 705 benedictionem
835 680 853 701 a
876 668 1026 711 praeside
1041 693 1048 707 ‚
1075 671 1110 699 ut

379 740 416 761 ex
447 727 577 769 antiqua
600 723 767 767 religionis
799 720 1035 755 consuetudine
1060 720 1109 761 fit,

377 781 466 812 iuxta
499 780 634 811 sormam
668 776 701 809 in
734 775 840 818 capite
868 785 898 807 1v
931 773 1107 807 distinctio-

378 833 427 865 nis
451 831 609 865 secundae
637 833 819 862 nostrarum
843 826 1108 860 constitutionum

379 887 418 918 de
444 883 606 917 electione
636 881 780 924 magistri
811 884 1018 912 contentam:
1044 889 1108 911 ma-

379 939 477 981 gister
509 941 616 969 autem
647 933 809 977 generalis
840 938 969 965 tenetur
993 930 1110 964 confir-

378 1002 466 1024 mare
492 989 686 1023 electionem
722 985 930 1030 provincialis
953 984 1109 1017 canonice

380 1049 411 1077 et
434 1043 520 1075 iuxta
544 1042 679 1074 sormam
704 1044 886 1072 nostrarum
911 1037 1110 1071 constitutio-

379 1107 455 1129 num
472 1096 604 1127 sactam:
625 1093 711 1136 quod
728 1092 753 1124 si
771 1091 917 1124 renuerit
930 1091 1018 1124 illam
1036 1101 1112 1123 con-

378 1147 526 1187 firmare,
552 1156 662 1178 causas
695 1150 727 1177 et
759 1144 903 1177 desectus
938 1143 1111 1176 canonicos

380 1211 456 1242 erga
481 1199 675 1232 electionem
699 1198 750 1230 vel
775 1207 948 1240 personam
975 1197 1111 1229 electam

379 1253 586 1285 manifestare
613 1252 720 1284 debet.
740 1249 908 1282 Provincia
921 1254 1028 1281 autem
1042 1248 1112 1281 Gal-

379 1306 441 1339 liae
479 1311 510 1338 et
541 1305 651 1338 Italiae
691 1304 773 1336 infra
810 1308 935 1346 tempus
975 1307 1112 1346 quatuor

379 1358 537 1391 mensium
573 1362 724 1390 tenentur
759 1361 967 1399 praesentare
1003 1366 1111 1388 coram

380 1412 534 1454 magistro
569 1410 714 1453 generali
748 1409 943 1443 electionem
967 1408 1014 1441 sui
1039 1419 1112 1451 pro-

380 1465 538 1497 vincialis:
566 1464 651 1507 quod
676 1465 700 1496 si
725 1464 808 1496 infra
839 1462 959 1495 dictum
986 1468 1112 1505 tempus

381 1528 451 1550 eam
476 1527 540 1549 non
566 1516 854 1560 praesentaverint,
880 1515 995 1548 electio
1017 1514 1057 1547 sit
1072 1514 1112 1546 ir-

379 1570 441 1603 rita
467 1576 498 1603 et
522 1571 621 1603 nulla.

422 1634 505 1657 xle.
524 1624 658 1666 Insuper
676 1623 818 1656 decrevit
842 1622 1042 1665 praedictum
1060 1632 1114 1664 ge-

381 1677 490 1708 nerale
517 1675 746 1715 definitorium,
772 1676 957 1718 approbans
982 1680 1014 1709 et
1038 1685 1114 1707 con-

380 1728 512 1761 firmans
538 1729 623 1771 quod
648 1734 799 1760 statutum
823 1728 881 1760 suit
896 1728 929 1760 in
946 1727 1112 1771 praedicto

382 1781 522 1823 capitulo
538 1782 683 1823 generali
698 1781 880 1821 Murciensi,
894 1792 1012 1824 nempe
1025 1781 1112 1824 quod

381 1834 587 1877 provincialis
619 1845 677 1877 per
710 1840 835 1877 tempus
865 1835 1001 1867 duorum
1025 1845 1115 1867 men-

382 1887 461 1920 sium
486 1892 573 1920 ante-
592 1887 847 1920 celebrationem
879 1886 1009 1929 capituli
1042 1897 1114 1930 pro-

381 1940 526 1972 vincialis
551 1951 617 1972 non
642 1945 750 1983 potest
765 1940 891 1983 privare
909 1940 1115 1973 commenda-

383 1998 469 2025 tores
494 1996 549 2025 sua
574 1994 774 2033 commenda,
791 1993 867 2025 licet
884 1993 985 2036 possit
1002 2003 1057 2026 eos
1075 1994 1113 2025 ab

384 2046 490 2078 officio
515 2047 714 2088 suspendere
734 2057 835 2089 usque
860 2047 899 2079 ad
924 2046 1115 2078 celebratio-

385 2109 458 2131 nem
484 2099 638 2142 capituli,
663 2099 695 2131 in
721 2110 784 2142 quo
818 2105 926 2132 votum
952 2104 984 2131 et
1006 2098 1116 2131 suffra-

385 2152 471 2195 gium
497 2153 676 2185 habebunt.
696 2153 734 2184 Et
750 2153 892 2195 quamvis
908 2152 1115 2195 provincialis

384 2205 452 2238 iure
479 2205 743 2238 constitutionum
760 2206 793 2238 in
810 2206 970 2248 aliquibus
991 2206 1116 2238 casibus

385 2259 487 2303 possit
510 2259 677 2291 nominare
702 2258 853 2291 vicarium
871 2259 1114 2301 provincialem,

346 2334 347 2337 =
385 2312 418 2344 in
444 2312 507 2344 hoc
530 2317 638 2344 tamen
663 2311 730 2344 iure
750 2316 782 2344 et
800 2311 950 2344 facultate
967 2322 1033 2344 non
1050 2322 1117 2344 suc-

386 2363 472 2397 cedit
495 2363 632 2397 vicarius
655 2363 872 2406 provincialis,
887 2363 1011 2396 etiamsi
1028 2364 1069 2396 sit
1084 2363 1116 2395 in

386 2416 511 2460 capite,
544 2416 600 2449 sed
626 2426 721 2457 casu,
748 2427 810 2459 quo
835 2422 939 2449 morte
971 2417 1021 2449 vel
1053 2416 1116 2448 alio

387 2469 478 2502 titulo
498 2469 662 2510 defecerit,
679 2469 712 2502 in
731 2469 835 2502 officio
856 2469 964 2502 vicarii
989 2469 1118 2513 provin-

388 2523 476 2556 cialis
496 2524 670 2556 succedent
689 2523 744 2566 qui
760 2523 828 2556 iure
845 2529 1029 2555 nostrarum
1043 2533 1118 2555 con-

387 2577 587 2610 stitutionum
607 2582 679 2610 sunt
696 2576 798 2611 vocati
818 2576 1051 2623 provinc-ialam
1067 2586 1119 2609 va-

950 195 1130 220 BULLARIUM
1154 193 1305 219 ROMANUM

1141 247 1246 283 cante,
1268 242 1388 286 absque
1417 242 1641 276 substitutione
1669 242 1776 276 vicarii
1801 253 1874 287 pro-

1141 294 1300 335 vincialis,
1324 295 1506 338 usquedum
1530 295 1683 338 magister
1700 295 1873 338 generalis,

1141 347 1166 381 si
1190 347 1260 381 fieri
1285 352 1401 391 potest,
1426 358 1503 390 erga
1527 348 1590 381 hoc
1621 348 1813 392 provideat:
1842 354 1874 381 et

1141 401 1166 434 si
1191 401 1424 445 provincialem
1447 400 1529 433 mori
1553 401 1721 444 contingat
1751 402 1873 445 absque

1142 464 1181 486 eo
1203 454 1289 497 quod
1306 453 1453 486 nominet
1471 453 1624 486 vicarium
1641 455 1873 497 provincialem

1142 507 1175 539 in
1195 507 1242 539 sui
1261 506 1357 540 officii
1376 517 1606 546 successorem,
1625 512 1701 540 tunc
1719 508 1874 551 temporis

1142 559 1183 592 sit
1205 559 1239 592 in
1262 560 1365 592 libera
1389 564 1551 603 potestate
1576 560 1720 602 magistri
1741 571 1875 603 genera-

1142 612 1181 646 lis
1205 613 1396 645 confirmare
1412 613 1445 645 in
1465 612 1617 645 vicarium
1642 613 1874 656 provincialem

1143 665 1214 699 talis
1238 665 1424 709 provinciae
1442 666 1742 699 commendatorem
1761 666 1875 699 domus

1144 718 1240 751 futuri
1265 719 1397 762 capituli
1425 719 1643 762 provincialis,
1669 720 1736 759 vel,
1761 719 1786 751 si
1810 729 1876 753 ma-

1143 772 1252 812 luerit,
1277 772 1374 805 alium
1399 783 1437 805 ex
1461 772 1605 815 patribus
1629 772 1668 804 ad
1694 772 1814 804 dictum
1831 771 1877 804 os-

1143 824 1251 858 ficium
1276 826 1315 857 ab
1340 825 1417 867 ipsis
1442 824 1725 857 constitutionibus
1742 824 1874 865 vocatis,

1143 879 1194 911 vel
1209 878 1354 921 quemvis
1371 877 1468 910 alium
1487 888 1524 910 ex
1543 879 1607 910 tota
1624 877 1693 920 ipsa
1712 877 1877 921 provincia

1143 941 1202 974 pro
1220 941 1277 963 suo
1302 930 1445 969 arbitrio⁷
1470 935 1566 973 prout
1586 930 1700 962 melius
1717 929 1878 964 iudicave-

1144 983 1196 1016 rit.
1223 983 1261 1015 Et
1277 983 1309 1015 in
1327 983 1390 1015 hoc
1407 993 1501 1015 sensu
1519 987 1592 1015 sunt
1616 982 1759 1024 legitime
1783 982 1878 1016 intel-

1144 1036 1276 1079 ligenda
1304 1037 1403 1068 verba
1427 1035 1677 1075 constitutionis,
1704 1036 1808 1078 capite
1833 1046 1877 1070 vn

1146 1088 1362 1122 distinctionis
1379 1088 1550 1128 secundae,
1570 1087 1624 1120 ubi
1642 1087 1706 1120 sic:
1739 1100 1751 1118 α
1769 1088 1824 1120 Vel
1845 1088 1877 1121 in

1146 1153 1184 1176 eo
1200 1152 1275 1175 casu
1290 1141 1444 1184 magister
1457 1140 1627 1184 provideat
1638 1141 1671 1173 in
1682 1140 1737 1173 illa
1750 1141 1879 1184 provin-

1146 1196 1194 1229 cia
1209 1194 1367 1239 quisquis¹
1384 1195 1503 1227 debeat
1516 1205 1585 1227 esse
1599 1194 1738 1226 vicarius
1753 1194 1879 1237 provin-

1145 1249 1234 1282 cialis
1256 1260 1287 1288 »3
1314 1247 1539 1280 huiuscemodi
1568 1252 1675 1280 autem
1702 1247 1879 1280 declaravit

1146 1302 1312 1346 praedicta
1332 1302 1431 1334 verba
1448 1301 1625 1344 capitulum
1646 1302 1800 1342 generale
1818 1300 1880 1333 Bil-

1146 1355 1340 1389 bilitanum:
1367 1354 1400 1386 in
1426 1355 1487 1386 hac
1511 1359 1619 1386 autem
1645 1354 1796 1386 facultate
1822 1364 1880 1386 no-

1146 1408 1291 1442 minandi
1315 1407 1469 1440 vicarium
1495 1406 1727 1450 provincialem
1745 1406 1879 1439 minime

1147 1462 1292 1495 succedit
1321 1460 1458 1493 vicarius
1491 1460 1652 1503 generalis
1684 1460 1782 1493 totius
1805 1459 1880 1493 reli-

1147 1515 1262 1557 gionis,
1287 1525 1361 1547 cum
1378 1513 1425 1546 illi
1443 1523 1508 1545 non
1525 1512 1622 1545 liceat
1636 1514 1795 1545 electores
1811 1523 1882 1545 mu-

1148 1573 1238 1609 tare,
1270 1572 1324 1600 aut
1347 1577 1449 1599 novos
1473 1566 1596 1608 eligere
1629 1566 1670 1598 ad
1702 1566 1880 1608 capitulum

1147 1622 1313 1664 generale.
1336 1619 1425 1658 Quod
1443 1618 1468 1651 si
1494 1623 1642 1662 tempore
1661 1618 1709 1651 sui
1729 1619 1879 1661 gubernii

1148 1673 1380 1717 provincialem
1397 1672 1480 1705 mori
1498 1671 1663 1714 contingat
1685 1672 1806 1715 absque
1826 1682 1881 1705 no-

1147 1726 1324 1760 minatione
1350 1725 1458 1758 vicarii
1488 1723 1718 1768 provincialis,
1743 1724 1783 1756 sit
1811 1724 1880 1757 eius

1147 1789 1311 1813 successor
1330 1779 1574 1811 commendator
1587 1779 1701 1811 domus
1717 1777 1773 1810 ubi
1797 1778 1882 1811 cele-

1147 1834 1307 1866 brandum
1332 1838 1381 1865 est
1404 1832 1583 1875 capitulum
1604 1831 1806 1874 'provinciale
1823 1831 1882 1864 im-

1148 1887 1288 1920 mediate
1314 1886 1465 1925 futurum,
1491 1890 1523 1918 et
1547 1896 1604 1918 suo
1629 1885 1743 1918 ordine
1769 1884 1882 1918 defini-

1148 1946 1245 1980 tores,
1269 1940 1357 1972 iuxta
1381 1944 1507 1972 nostras
1531 1938 1790 1971 constitutiones.

1192 2003 1222 2026 L.
1250 1993 1422 2025 Praeterea
1446 1990 1591 2024 decrevit
1607 1990 1809 2034 praedictum
1827 2001 1882 2033 ge-

1149 2047 1261 2079 nerale
1276 2045 1508 2084 definitorium‚
1523 2044 1672 2076 similiter
1685 2043 1881 2076 confirmans

1149 2104 1267 2131 statuta
1289 2098 1446 2142 praedicti
1472 2097 1604 2140 capituli
1623 2096 1784 2139 generalis
1801 2096 1882 2128 Mur-

1149 2152 1275 2191 ciensis,
1294 2151 1391 2194 quod,
1411 2150 1436 2182 si
1453 2149 1704 2193 provincialatus
1722 2149 1883 2182 vacaverit

1150 2215 1207 2247 per
1230 2203 1511 2236 renunciationem
1527 2229 1534 2243 ,
1559 2213 1625 2235 non
1657 2202 1778 2246 poterit
1809 2212 1884 2245 pro-

1149 2256 1295 2290 vincialis
1327 2256 1523 2288 renuncians
1555 2266 1777 2288 successorem
1800 2255 1884 2288 vica-

1149 2310 1233 2342 rium
1258 2309 1490 2353 provincialem
1514 2308 1684 2342 nominare
1699 2335 1706 2349 ,
1731 2309 1788 2342 sed
1813 2319 1884 2342 sue-

1150 2363 1267 2396 cedant
1301 2362 1333 2395 in
1365 2362 1421 2394 tali
1454 2361 1560 2395 officio
1595 2373 1613 2394 a
1649 2361 1882 2394 constitutione

1150 2415 1317 2455 nominati,
1343 2426 1382 2449 eo
1407 2415 1521 2448 ordine
1548 2426 1612 2458 quo
1638 2415 1769 2448 decreto
1794 2420 1884 2448 ante-

1151 2468 1279 2502 cedenti
1304 2474 1352 2502 est
1376 2468 1521 2511 exposita
1552 2474 1584 2501 et
1614 2468 1778 2501 declarata
1808 2477 1884 2501 con-

1151 2521 1284 2555 stitutio.
1305 2521 1335 2554 Si
1361 2526 1465 2554 autem
1484 2520 1691 2565 provincialis
1710 2520 1807 2553 suerit
1826 2519 1884 2554 im-

1187 2585 1199 2611 1
1217 2583 1317 2612 Forsan
1331 2583 1474 2619 legendum
1489 2584 1554 2619 quis
1567 2591 1616 2619 pro
1632 2583 1762 2619 quisquis
1775 2584 1816 2619 (R.
1832 2582 1881 2618 13),

1887 194 1934 221 Αη.
1955 195 1983 221 C.
2007 194 2072 222 ¹f62

1921 1997 1952 2018 De
1970 2002 2020 2018 casu
2036 2003 2078 2024 quo

1896 2024 2032 2053 provincialis
2047 2030 2079 2045 re-

1896 2053 1989 2072 nunciat.

1946 2519 2083 2548 Provinciati

1899 2552 2025 2581 mpeditus.
