2247 3208
237 216 287 244 An.
309 216 338 244 c.
357 215 423 243 1662
468 206 510 241 30

435 274 503 296 ram
529 254 665 295 dederit.
706 260 856 293 Ceterum
892 259 930 291 ad
965 259 1091 290 nullum
1115 268 1165 289 sa-

435 326 525 348 crum
543 314 690 347 ordinem
709 311 826 355 aliquis
843 311 1086 354 promovendus
1109 320 1165 352 pa-

435 368 537 400 tribus
563 365 689 399 consilii
715 369 936 408 proponatur,
971 362 1047 405 quin
1072 362 1163 405 prius

434 421 580 462 rigorose
606 423 669 451 tam
695 419 734 451 de
759 416 971 460 philosophia
996 426 1094 458 quam
1124 416 1163 447 de

435 469 598 514 theologia
626 476 722 513 atque
755 469 853 502 etiam
888 469 926 501 de
962 471 1059 500 cantu
1092 477 1165 500 exa-

433 523 573 556 minatus
602 533 664 566 per
695 521 931 555 examinatores
955 519 1039 552 infra
1063 519 1165 562 depu-

434 576 550 608 tandos
581 574 678 607 suerit
702 575 914 618 approbatus.

475 639 518 662 x1.
545 628 651 661 Semel
676 627 707 660 in
733 637 819 659 anno
838 624 1064 668 unusquisque
1089 622 1164 656 reli-

433 681 543 724 giosus
565 680 661 713 huius
687 679 826 712 familiae
851 687 911 721 per
935 682 1008 710 octo
1026 681 1082 709 aut
1109 677 1164 709 de-

434 744 504 766 cem
530 732 608 773 dies,
634 733 721 765 iuxta
749 731 851 775 patris
879 730 998 774 prioris
1024 729 1165 772 disposi-

433 787 555 820 tionem
570 792 602 819 et
618 785 875 828 uniuscuiusque
893 782 1162 827 complexionem,

434 846 524 873 vacet
547 839 708 873 exercitiis
741 837 988 882 spiritualibus3
1022 847 1082 869 nec
1107 835 1164 868 ali-

434 893 506 936 quis
532 892 721 925 admittatur
753 892 791 924 ad
827 890 931 923 studia
963 895 1032 922 10111
1056 889 1164 932 philo-

433 946 550 989 phiae‚
584 951 651 978 tum
684 944 889 986 theologiae,
916 953 976 975 nee
1001 942 1098 975 etiam
1124 942 1163 975 ad

433 998 575 1042 aliquem
611 1007 739 1030 sacrum
765 996 933 1035 ordinem,
961 995 1039 1039 quin
1071 995 1162 1039 prius

433 1050 548 1083 iisdem
569 1049 729 1095 exercitiis
746 1048 979 1092 spiritualibus,
1002 1053 1037 1080 01
1053 1058 1162 1091 supra,

433 1103 606 1136 vacaverit.

623 1155 638 1198 ξ
661 1155 697 1187 ΙΙ.
724 1155 770 1187 De
794 1153 971 1198 disciplz'nd

584 1218 621 1240 ae
643 1207 803 1251 reqimine
827 1210 1007 1239 conventus,

476 1272 498 1295 1.
532 1261 610 1295 Cum
639 1262 759 1294 nedum
792 1261 916 1293 honum
949 1270 1069 1292 nomen
1106 1260 1163 1292 sed

433 1314 529 1347 etiam
547 1315 631 1347 bona
650 1313 842 1356 temporalia
856 1313 948 1345 istius
965 1312 1070 1345 nostri
1088 1322 1164 1345 con-

433 1373 547 1400 ventus
579 1372 611 1399 et
635 1366 763 1409 collegii
793 1367 874 1398 adeo
899 1365 930 1397 in
956 1365 1025 1397 dies
1051 1366 1165 1398 deere-

433 1427 532 1461 scant,
554 1426 596 1461 ut,
613 1420 673 1452 nisi
692 1421 730 1453 de
749 1425 935 1463 opportuno
952 1418 1165 1462 provideatur

433 1474 589 1513 remedio,
611 1473 701 1506 brevi
726 1474 763 1506 ad
790 1478 970 1505 extremum
996 1472 1165 1514 redigetur

433 1526 574 1566 exitium,
593 1525 713 1569 fietque
739 1525 770 1558 in
796 1529 965 1568 stuporem
984 1530 1016 1557 et
1033 1524 1163 1557 sibilum

433 1579 583 1612 omnibus
608 1579 865 1619 transeuntibus,
885 1577 1041 1621 quorum‘
1063 1579 1165 1610 malo-

433 1643 505 1664 rum
539 1642 653 1665 causas
685 1632 771 1664 serio
796 1632 828 1664 in
853 1632 915 1664 hac
950 1633 1061 1664 nostra
1092 1631 1165 1664 visi-

435 1686 555 1718 tatione
580 1686 791 1728 indagantes,
822 1695 886 1717 11011
910 1684 1040 1717 aliunde
1068 1695 1164 1727 quam

435 1749 472 1771 cx
496 1749 561 1771 non
587 1737 757 1771 sufficienti
782 1738 1023 1780 religiosorum,
1042 1743 1107 1770 tam
1133 1738 1165 1770 in

435 1790 658 1834 spiritualibus
677 1802 772 1833 quam
790 1791 822 1823 in
843 1790 1090 1834 temporalibus,
1112 1799 1166 1822 ex-

435 1844 595 1886 perientia
611 1843 769 1886 originem
783 1845 915 1876 trahere
930 1843 1163 1886 comperimus.

435 1896 512 1929 Cum
538 1896 633 1937 enim,
666 1897 753 1929 iuxta
777 1897 864 1929 illius
890 1897 1039 1940 antiquas
1065 1897 1164 1939 leges,

436 1960 501 1982 non
518 1950 666 1983 admittat
684 1951 722 1983 de
743 1950 863 1983 familia
879 1949 940 1982 nisi
961 1951 1011 1982 vel
1032 1960 1088 1983 eos
1112 1950 1166 1992 qui

437 2002 468 2034 in
492 2002 583 2046 ipsa²
606 2001 845 2045 professionem
863 2002 1045 2035 emiserunt
1064 2002 1166 2045 (quos

438 2056 670 2088 conventuales
687 2056 827 2098 vocant),
846 2056 896 2088 vel
918 2055 1099 2095 studentes,
1116 2056 1167 2087 vel

439 2107 616 2148 officiales3
643 2108 688 2140 illi
712 2119 804 2148 vero,
831 2108 897 2140 sive
923 2108 1166 2148 conventuales,

439 2160 594 2203 perpauci
634 2160 697 2192 sint
736 2161 954 2204 superstites,
998 2161 1167 2195 studentes

440 2217 558 2253 autem,
580 2213 750 2246 transactis
776 2224 831 2245 sex
856 2224 1017 2246 annorum
1043 2213 1167 2254 studiis,

441 2265 586 2308 quinimo
604 2271 635 2298 ct
655 2266 811 2308 graduati,
827 2266 981 2309 gradibus
996 2266 1167 2309 susceptis,

441 2318 647 2351 0010001001εί
671 2319 779 2361 legum
804 2319 919 2351 virtute
945 2319 1080 2352 redituri
1107 2319 1171 2351 sint

440 2369 472 2402 in
489 2368 639 2414 proprias
656 2370 848 2414 provincias,
867 2370 915 2403 ut⁴
936 2371 1170 2415 supervenien-

475 2458 487 2484 ‘l
507 2458 629 2494 Syntaxis
643 2457 734 2485 mallet
749 2460 853 2486 horum
863 2466 941 2494 quam
953 2460 1168 2494 quorum(a.T.).

476 2504 492 2530 2
511 2503 603 2538 Aptius
617 2504 705 2530 forsan
721 2504 856 2537 legeretur
872 2504 932 2537 'ipso
949 2505 984 2538 (R.
998 2505 1047 2538 T.).

476 2547 492 2573 3
508 2547 651 2574 Videretur.
664 2546 807 2581 legendum
822 2548 990 2573 earumdem
1005 2549 1042 2581 (R.
1058 2549 1105 2581 T.).

478 2592 493 2616 4
511 2590 576 2617 Male
596 2590 659 2616 edit.
682 2590 759 2616 Main.
781 2590 844 2624 legit
863 2593 888 2617 et
908 2599 957 2624 pro
977 2593 1007 2618 ut
1028 2594 1065 2625 (R.
1086 2592 1133 2625 T.).

1004 211 1183 234 BULLARIUM
1210 211 1361 235 ROMANUM

1201 258 1284 289 tibus
1310 257 1381 289 aliis
1414 257 1619 291 studentibus
1650 259 1758 291 10011111
1791 259 1930 292 cedant:

1199 309 1275 342 111110
1295 308 1330 342 111
1347 315 1382 341 111
1398 309 1445 342 vix
1468 310 1651 343 sacerdotio
1667 311 1836 343 initientur
1853 310 1931 353 quin

1199 361 1305 394 statim
1338 367 1370 394 et
1399 363 1536 394 verbum
1565 362 1621 394 Dei
1654 362 1869 396 disseminent
1901 369 1933 395 et

1198 419 1438 446 sacramentum
1456 413 1672 447 consessionis
1694 415 1930 455 administrent,

1198 466 1230 498 in
1255 472 1386 498 nostrae
1413 476 1525 499 sacrae
1558 466 1725 508 religionis
1756 467 1931 500 maximum

1199 518 1341 550 dedecus
1367 523 1399 550 et
1415 524 1528 551 contra
1548 519 1787 562 praescriptum
1805 526 1932 552 nostra-

1198 580 1270 602 rum
1295 571 1585 612 constitutionum;
1613 571 1688 604 hinc
1714 571 1811 604 etiam
1835 571 1870 604 fit
1897 578 1933 605 ut

1198 622 1279 655 nulli
1314 623 1383 655 sere
1420 623 1546 664 adsint,
1573 623 1645 667 qui,
1672 623 1851 657 observatis
1876 635 1932 656 an-

1197 666 1316 709 1101οᾒ
1341 676 1526 718 curriculis,
1553 678 1592 710 de
1617 678 1716 711 rebus
1741 682 1930 717 conventus,

1198 729 1327 772 collegii
1353 734 1385 762 et
1416 730 1575 763 ecelesiae
1607 731 1853 774 comprobatam
1875 730 1932 762 ha-

1197 783 1296 815 beant
1319 782 1479 816 notitiam.
1506 783 1571 816 Nec
1599 784 1687 816 iuvat
1710 784 1798 827 quod
1823 794 1860 816 ex
1885 783 1931 816 di-

1198 835 1301 868 versis
1327 835 1448 868 Galliae
1462 836 1638 879 provinciis
1658 842 1866 869 assumantur
1885 837 1932 869 of-

1197 887 1319 921 ficiales
1345 888 1443 921 etiam
1461 888 1636 932 aliquando
1653 894 1827 932 provectae
1844 894 1931 922 aeta-

1198 942 1258 982 tis;
1277 941 1353 984 quia
1371 947 1426 974 aut
1449 942 1578 985 penitus
1603 942 1755 985 ignorant
1771 942 1930 976 ecclesiae

1199 999 1231 1026 et
1253 994 1445 1026 monasterii
1463 999 1592 1034 statum,
1612 1000 1667 1027 aut
1686 994 1851 1028 multoties
1872 995 1932 1027 mi-

1198 1057 1258 1079 nus
1288 1046 1398 1079 idonei
1434 1046 1666 1088 inveniuntur,
1694 1048 1778 1080 unde
1814 1058 1930 1090 parum

1198 1100 1363 1133 communi
1388 1099 1517 1132 utilitati
1541 1100 1750 1140 ineu1nbunt;
1770 1105 1825 1132 aut
1840 1100 1931 1133 deni—

1199 1164 1261 1196 que
1278 1153 1362 1196 quia,
1378 1164 1414 1186 ex
1432 1153 1587 1196 gravitate
1602 1159 1634 1186 et
1650 1154 1858 1187 multitudine
1874 1164 1931 1186 ne-

1199 1206 1362 1249 gotiorum
1387 1207 1495 1240 animo
1521 1208 1684 1248 cadentes,
1711 1206 1825 1240 officiis
1850 1207 1929 1250 ipsis

1199 1259 1381 1292 commissis
1415 1270 1480 1292 non
1510 1266 1546 1292 ut
1579 1271 1639 1303 par
1663 1265 1751 1293 esset
1779 1264 1929 1292 accurate

1198 1317 1323 1345 vacant.
1343 1312 1464 1350 Quibus
1484 1313 1576 1345 malis
1594 1323 1653 1356 pro
1674 1313 1796 1346 viribus
1817 1323 1932 1345 occur-

1199 1374 1271 1396 rere
1298 1364 1465 1404 debentes,
1496 1365 1619 1408 pluries
1645 1375 1745 1408 super
1768 1364 1807 1397 iis
1830 1365 1930 1397 verbo

1199 1423 1231 1449 et
1254 1417 1376 1460 scripto
1406 1417 1522 1450 auditis
1542 1417 1686 1450 omnium
1711 1417 1831 1451 Galliae
1856 1427 1932 1460 pro-

1199 1470 1377 1503 vinciarum
1402 1470 1549 1513 patribus
1575 1470 1828 1513 provincialibus
1858 1480 1931 1503 cum

1199 1524 1388 1556 earumdem
1421 1528 1452 1555 01
1476 1529 1696 1556 conventuum
1729 1523 1932 1566 generalium

1200 1575 1382 1619 deputatiS,
1411 1577 1450 1608 ad
1476 1575 1507 1610 id
1532 1587 1592 1619 per
1615 1587 1684 1619 ¹nos
1721 1577 1753 1608 in
1778 1577 1841 1609 hoe
1864 1586 1932 1609 mo-

1200 1628 1378 1661 nasterium
1403 1629 1588 1662 convocatis
1613 1640 1768 1672 expresse
1794 1635 1826 1662 et
1856 1640 1933 1662 con-

1200 1681 1351 1724 gregatis,
1373 1687 1405 1714 et
1425 1687 1597 1725 praeterea
1622 1682 1773 1714 omnibus
1795 1682 1862 1714 fere
1882 1692 1933 1714 re-

1201 1735 1323 1777 ligiosis
1356 1734 1449 1767 huius
1479 1735 1629 1775 familiae,
1656 1741 1753 1778 prout
1774 1735 1873 1767 fusius
1900 1734 1933 1767 in

1200 1788 1371 1831 prooemio
1386 1788 1502 1820 horum
1517 1788 1724 1821 articulorum
1739 1788 1932 1827 continetur,

1200 1842 1323 1874 nullum
1349 1847 1435 1874 certe
1461 1841 1546 1874 aliud
1570 1841 1732 1874 efficacius
1753 1841 1933 1874 remedium

1201 1895 1385 1937 excogitare
1410 1895 1593 1938 potuimus,
1621 1906 1716 1938 quam
1742 1905 1779 1927 ex
1809 1894 1933 1927 eisdem

1201 1947 1377 1991 provinciis
1404 1948 1655 1980 determinatum
1686 1957 1853 1980 assumere
1878 1957 1934 1990 pa-

1202 2005 1284 2033 trum
1306 2012 1486 2041 numerum,
1505 2001 1659 2044 ipsosque
1685 2006 1845 2044 perpetuo
1866 1998 1934 2032 asfl-

1203 2053 1280 2086 liare
1301 2053 1334 2086 in
1360 2054 1422 2086 hoc
1448 2053 1564 2086 maiori
1587 2059 1701 2086 nostro
1722 2058 1882 2085 conventu
1903 2057 1935 2085 et

1203 2106 1362 2149 collegio,
1389 2112 1547 2149 quatenus
1573 2106 1718 2139 eiusdem
1745 2107 1842 2138 rebus
1869 2110 1933 2137 tum

1203 2159 1425 2203 spiritualibus
1458 2165 1523 2191 tum
1559 2159 1793 2203 temporalibus
1820 2159 1934 2191 sedulo

1203 2213 1379 2255 invigilent,
1409 2212 1503 2245 bonis
1529 2212 1687 2256 exemplis
1706 2223 1742 2245 ac
1760 2213 1935 2245 documen-

1204 2266 1242 2298 tis
1263 2265 1395 2298 iuvenes
1419 2265 1644 2308 comprimant,
1667 2266 1830 2298 seculares
1848 2264 1935 2297 aedi-

1202 2318 1308 2359 ficent,
1335 2324 1366 2351 et
1390 2319 1429 2351 ad
1453 2317 1574 2351 amicos
1601 2322 1632 2351 et
1652 2319 1785 2351 devotos
1806 2317 1934 2350 Ordinis

1203 2372 1455 2412 conservandos,
1469 2370 1740 2414 multiplicandos,
1754 2376 1785 2403 et
1798 2370 1934 2403 maxime

1204 2426 1243 2458 ad
1271 2425 1455 2457 habendam
1481 2424 1616 2466 gratiam
1647 2423 1824 2456 maiestatis
1849 2422 1936 2456 chri-

1204 2477 1437 2517 stianissimae,
1474 2476 1668 2519 nincipum,
1694 2481 1879 2518 magnatum
1905 2480 1937 2507 et

1205 2530 1378 2573 primariae
1411 2529 1610 2561 auctoritatis
1648 2528 1815 2560 hominum
1844 2527 1934 2560 istius

1205 2582 1312 2615 euriae
1345 2587 1376 2614 et
1407 2580 1542 2614 civitatis
1578 2577 1794 2621 Parisiensis,
1820 2580 1935 2613 sedulo

1946 210 1993 236 An.
2014 209 2043 237 C.
2062 209 2128 237 1662
