2247 3208
213 234 263 262 Au.
282 234 309 261 c.
333 234 403 261 ι6ὅι
446 222 510 257 986

407 281 537 324 liquisse
563 282 760 320 compertum
790 274 895 314 suetit
913 272 950 305 ad
979 271 1141 315 piopiiam

407 332 600 376 piovinciam
614 329 842 371 regtedientes
858 325 944 359 omni
962 322 1140 367 privilegio

407 386 508 425 titulo
535 382 732 416 immunitate
758 386 789 414 et
809 379 1010 422 exemptione
1029 375 1141 419 privati

407 441 604 471 remaneant.
632 436 676 468 Ita
701 430 1142 478 praecipimuS‚01di11amus

406 497 437 523 et
461 490 668 528 mandamus,
697 498 759 520 non
785 484 983 519 obstantibus
1012 482 1143 526 quibus-

406 553 555 586 cumque.

449 596 561 630 Datum
582 595 700 628 Rornae
719 594 751 626 in
764 597 921 626 conventu
939 595 1047 623 nostro
1068 589 1144 621 Ara-

408 649 575 688 caelitano,
601 648 652 680 die
671 658 723 680 xvi
748 645 866 679 mensis
887 644 961 677 maii
989 652 1141 676 MDCLXIV.

540 701 591 733 Fr.
614 700 903 734 MlaniiLANGELUS
923 697 960 729 de
979 695 1143 734 sambuca,

677 753 822 786 minister
842 750 1011 794 generalis.

488 822 502 834 ·
550 808 601 841 Fr.
625 807 884 840 Cumsropnomvs
908 804 946 836 de
972 803 1101 842 chaves,

574 859 762 893 secretarius
775 856 933 900 generalis
947 854 1085 887 Ordinis.

244 927 286 947 ww
289 932 345 972 ιιιιιο
363 925 399 945 ob·
455 914 514 957 ἓ3.
519 912 718 946 Venerabilis
733 911 828 943 fratei
841 914 948 941 noster
959 906 1073 940 Franci
1077 915 1146 938 scus

216 960 327 999 ‘imm
329 953 580 1010 tff‘opiscopua
604 963 836 998 PoituensisS.
858 962 893 993 R.
917 961 951 993 Ε
975 958 1147 992 ca1dinalis

217 1008 270 1053 3121«.
237 1008 300 1026 mn„
320 986 398 1031 ΡΙΜΙ
412 1020 603 1053 Bwnbeiinus
628 1022 839 1060 nuncupatus,
865 1014 991 1047 Ordinis
1014 1011 1147 1056 praes-iti

412 1074 495 1117 apud
521 1082 578 1105 nos
603 1077 634 1104 et
658 1070 773 1103 Sedem
798 1067 1011 1111 Apostolicam
1042 1070 1148 1108 prote-

412 1132 500 1166 ctor,
526 1125 670 1158 eamdem
707 1121 927 1155 alternativam
952 1117 1149 1152 consumavit

412 1178 532 1222 pariter
558 1182 587 1210 et
613 1175 818 1219 approbavit,
852 1184 887 1206 ac
922 1170 1149 1204 inviolabiliter

413 1230 573 1264 observari
598 1229 758 1262 mandavit
782 1238 839 1271 per
857 1236 928 1259 suas
950 1235 1076 1268 qnoque
1094 1234 1149 1267 pa-

414 1290 517 1317 tentes
542 1283 665 1316 litteras
698 1283 818 1314 tenoris
843 1279 1028 1323 sequentis,
1055 1278 1145 1309 vide-

414 1339 508 1370 licet:

464 1403 476 1421 <r
491 1389 677 1422 Franciscns
691 1388 894 1421 miseratione
910 1386 1014 1418 divina
1029 1385 1150 1427 episco-

415 1454 474 1488 pus
484 1443 668 1476 Portuensis
682 1441 853 1474 cardinalis
868 1440 1069 1478 Barberinus,
1085 1448 1151 1470 san-

416 1503 483 1529 ctae
500 1497 660 1529 Romanae
685 1494 845 1527 Ecclesiae
863 1492 1151 1530 vicecancellarius,

416 1550 543 1583 Ordinis
570 1549 726 1581 Minornm
763 1547 861 1579 sancti
895 1545 1054 1578 Francisci
1080 1556 1153 1588 pro-

417 1608 527 1641 tector,
553 1605 715 1635 corrector
740 1606 770 1632 et
795 1600 1002 1641 gubernator,

462 1655 589 1687 Dilectis
613 1654 704 1686 nobis
731 1654 761 1685 in
787 1652 911 1684 Christo
938 1651 1154 1684 cormnissario

419 1709 560 1750 generali
586 1707 687 1740 Novae
709 1706 892 1749 Hispaniae,
913 1705 1056 1737 ministro
1082 1714 1156 1747 pro—

419 1761 555 1799 vinciali,
581 1760 703 1792 custodi
721 1770 755 1791 ac.
776 1759 1009 1796 definitoribus,
1029 1758 1157 1789 ceteris-

420 1825 482 1857 que
499 1814 647 1846 fratribus
666 1813 888 1856 praesentibus
904 1817 932 1844 et
953 1811 1064 1843 suturis
1086 1821 1157 1853 pro-

419 1867 540 1899 vinciae
566 1866 596 1898 S.
618 1866 743 1908 loseplii
764 1865 802 1897 de
821 1865 946 1896 lucatan
963 1865 992 1896 in
1014 1863 1157 1907 partibus

421 1919 593 1957 Imliarum,
621 1920 755 1950 salutem
782 1918 811 1949 in
838 1918 971 1949 Domino
990 1916 1158 1959 sempiter—

422 1983 505 2005 nani.

466 2025 561 2065 Cum,
589 2025 667 2056 sicut
701 2024 902 2066 accepimns,
930 2024 966 2055 ad
1002 2023 1159 2055 tollendas

424 2078 597 2110 discordias
623 2084 650 2110 et
678 2078 780 2109 litium
799 2078 981 2110 occasiones
1002 2077 1033 2108 in
1052 2076 1161 2108 huius-

423 2131 508 2162 modi
529 2132 630 2162 vestra
665 2129 826 2172 provincia
852 2129 1071 2172 annuitandas,
1097 2139 1161 2160 om-

424 2183 512 2214 nium
537 2182 694 2224 suffragiis
727 2182 975 2213 determinatum
1009 2181 1104 2213 suerit
1129 2180 1159 2212 in

425 2235 639 2267 electionibus
672 2234 809 2266 ministri
842 2233 1049 2276 provincialis
1076 2239 1105 2265 et
1131 2244 1162 2265 a·

426 2289 543 2322 liorum
569 2288 752 2321 officialium
771 2288 957 2319 servandam
978 2297 1045 2319 esse
1068 2288 1162 2319 alter-

427 2342 586 2379 nativam,
614 2352 694 2384 quac
732 2341 938 2383 postn‘iodum
974 2339 1162 2373 confirmata

428 2402 457 2427 et
483 2395 660 2438 approbata
687 2394 745 2425 snit
770 2405 786 2426 a
812 2395 881 2436 piae
909 2393 1085 2425 memoriae
1110 2404 1164 2435 pa-

427 2455 475 2480 tre
500 2448 617 2480 Ioanne
632 2446 798 2485 Mai-inem,
826 2451 858 2478 et
885 2447 1013 2477 demum
1032 2446 1064 2477 in
1083 2445 1164 2487 capi-

429 2502 495 2533 tulo
534 2499 674 2542 generali
709 2499 863 2530 Toletano
901 2509 986 2530 anno
1019 2508 1161 2536 uocum

429 2552 643 2586 nihilominus
677 2551 737 2581 sub
773 2550 908 2582 diversis
946 2550 1163 2592 praetextibus

430 2606 586 2639 nonnulla
618 2604 648 2635 in
686 2603 882 2636 contrarium
919 2606 1074 2635 attentata
1110 2613 1165 2634 seu
1186 2629 1189 2645 ,
1209 2602 1265 2634 stri
1293 2601 1499 2644 provincialis
1525 2607 1553 2633 et
1587 2600 1725 2633 aliorum
1758 2598 1944 2631 officialium

990 222 1168 247 BULLARIUM
1193 220 1343 244 ROMANUM

1928 217 1977 243 An.
1997 216 2025 244 C.
2048 211 2113 243 166⁵

1184 268 1336 300 innovata
1361 267 1489 299 suerunt
1513 277 1572 309 per
1600 266 1840 300 commissarios
1866 276 1921 308 ge-

1185 322 1311 354 nerales
1343 331 1398 353 seu
1430 319 1628 360 visitatores,
1658 320 1822 363 aliosque,
1855 330 1920 353 non

1184 375 1252 407 sine
1277 374 1455 407 animorum
1480 373 1721 416 perturbatione
1740 378 1771 406 et
1788 372 1921 415 religio-

1185 437 1236 459 sae
1262 426 1377 469 quietis
1394 425 1608 458 detrimento:
1636 425 1750 467 quibus
1771 425 1922 458 omnibus

1186 489 1367 519 occurrere,
1392 483 1427 511 ut
1451 489 1508 521 par
1528 483 1586 518 est,
1603 477 1794 511 auctoritate
1811 480 1922 510 nostra

1186 533 1364 576 cupientes,
1391 532 1500 565 audita
1523 531 1681 564 relatione
1707 531 1807 574 patris
1831 530 1924 563 mini-

1186 585 1240 617 stri
1260 585 1432 627 generalis,
1453 584 1674 618 alternativam
1690 583 1866 626 praefatam
1886 593 1923 616 ex

1187 641 1272 671 certa
1296 638 1429 671 scientia
1453 637 1679 670 confirmamus
1704 642 1735 669 et
1765 637 1924 679 approba-

1187 703 1269 733 mus,
1297 703 1332 725 ac
1356 691 1587 724 inviolabiliter
1611 690 1775 723 observari
1793 690 1925 722 manda-

1188 756 1269 777 mus.
1290 744 1447 783 Quocirca
1465 744 1555 777 vobis
1573 743 1723 776 omnibus
1737 748 1769 775 et
1782 748 1925 776 vestrum

1189 798 1324 831 cuilibet
1348 798 1456 830 stricte
1482 797 1698 840 praecipimus
1733 801 1765 829 et
1796 795 1926 828 inhibe-

1189 862 1282 891 mus,
1312 861 1350 883 ne
1377 850 1499 894 aliquid
1531 850 1563 882 in
1595 849 1793 882 contrarium
1815 848 1926 892 quavis

1190 905 1228 936 (le
1254 906 1347 936 causa
1372 908 1426 935 aut
1452 903 1597 946 quaesito
1623 903 1733 935 colore
1766 907 1925 934 attentare

1190 961 1384 1000 praesumat,
1409 957 1467 988 sub
1492 955 1607 998 poenis
1628 955 1803 994 mutitatis,
1830 959 1927 997 atquo

1190 1009 1379 1053 privationis
1417 1009 1504 1041 vocis
1538 1007 1659 1040 activae
1691 1012 1723 1039 et
1758 1006 1926 1049 passivae,

1191 1062 1448 1105 privilegiorum,
1467 1066 1499 1093 et
1516 1066 1693 1104 perpetuae
1714 1058 1928 1092 inhabilitatis

1191 1116 1230 1147 ad
1265 1115 1377 1147 eadem
1410 1114 1531 1157 ubique
1569 1113 1767 1153 obtinenda,
1801 1122 1928 1145 necnon

1192 1167 1535 1201 excomnninieationis
1554 1168 1637 1199 latae
1656 1165 1837 1199 sententiae
1856 1165 1928 1208 ipso

1193 1222 1276 1254 sacto
1302 1221 1520 1254 incurrendis.

1238 1275 1351 1307 Datum
1376 1274 1494 1307 Romae
1520 1275 1552 1306 in
1578 1273 1771 1306 cancellaria
1799 1276 1930 1316 aposto-

1194 1329 1254 1362 lica
1279 1329 1330 1361 die
1355 1339 1426 1362 xxxl
1448 1328 1522 1361 maii
1549 1337 1700 1361 ,uDCinw

1348 1381 1381 1413 F.
1402 1382 1488 1413 card.
1509 1381 1722 1420 BARBERiNt's,
1746 1384 1926 1423 protector.

1350 1435 1400 1467 Fr.
1422 1435 1638 1467 IDELpnoivsus
1657 1433 1840 1472 Samzmvsss,

1458 1488 1603 1520 minister
1621 1486 1795 1529 generalis.

1328 1542 1486 1573 Ammius
1503 1539 1693 1579 Commius,
1711 1538 1917 1571 secretarius.

1242 1595 1255 1637 ξ
1281 1594 1311 1626 lt.
1340 1594 1416 1626 Cum
1441 1599 1563 1633 autem
1589 1593 1671 1625 sicut
1700 1592 1812 1624 eadem
1837 1601 1933 1634 expo·
1944 1595 2125 1648 210‘I⁰1''.['''''.¹-'i1⁰

1198 1648 1271 1680 sitio
1304 1647 1527 1689 subinnwebat,
1564 1656 1613 1688 pr
1605 1645 1700 1677 a·et“tti
1732 1649 1959 1687 exponentesu
1961 1656 1985 1670 ιι

1199 1701 1390 1744 praemissa,
1405 1710 1467 1743 quo
1482 1699 1603 1731 {innius
1623 1698 1802 1730 subsistant
1819 1701 1852 1729 et
1869 1706 1935 1729 sei-

1199 1761 1313 1786 ventur
1338 1753 1488 1789 exactius,
1505 1751 1703 1795 apostolicae
1718 1749 1937 1783 confirmatio-

1200 1807 1247 1839 nis
1275 1813 1402 1839 nostrae
1428 1805 1608 1849 patrocinio
1634 1803 1825 1838 communiri
1851 1813 1938 1835 suni-

1200 1870 1332 1903 mopere
1352 1859 1558 1891 desiderent‘.
1579 1869 1648 1898 nos,
1667 1857 1841 1901 specialem
1859 1855 1936 1899 ipsis

1201 1913 1435 1957 exponentibus
1469 1912 1605 1955 gratiam
1640 1912 1745 1944 facere
1777 1910 1937 1947 volentes,

1182 1972 1230 1999 'et
1264 1977 1376 1999 corum
1411 1965 1590 2008 singulares
1628 1974 1783 2007 personas
1821 1974 1838 1995 a
1870 1961 1940 2005 qni-

1202 2020 1312 2053 bnsvis
1331 2018 1694 2056 excominnnicationis‚
1709 2014 1937 2059 suspensionis

1204 2079 1236 2106 ct
1252 2072 1433 2111 interdicti,
1454 2071 1592 2113 aliisque
1613 2068 1846 2102 ecclesiasticis
1865 2077 1939 2100 sen-

1204 2125 1327 2165 tentiis,
1355 2124 1503 2157 censuris
1538 2128 1569 2155 et
1594 2122 1722 2165 poenis,
1749 2132 1766 2153 a
1791 2122 1861 2153 iure
1889 2120 1938 2152 vel

1204 2180 1242 2211 ab
1266 2177 1409 2216 bomine,
1430 2177 1542 2219 quavis
1568 2176 1741 2208 occasione
1769 2175 1818 2207 vel
1844 2176 1941 2205 causa

1205 2231 1290 2271 latis,
1318 2230 1343 2263 si
1369 2230 1487 2273 quibus
1523 2228 1774 2272 quomodolibet
1806 2226 1943 2259 innoda-

1206 2290 1255 2316 tae
1292 2284 1442 2321 existunt,
1470 2283 1508 2315 ad
1543 2281 1692 2314 effectum
1718 2279 1942 2324 praesentium

1206 2338 1372 2370 dumtaxat
1396 2336 1681 2379 consequendum,
1718 2335 1833 2366 harum
1856 2331 1942 2365 serie

1206 2391 1414 2423 absolventes
1441 2395 1471 2422 et
1496 2389 1665 2421 absolutas
1701 2388 1770 2421 sore
1807 2396 1944 2419 censen-

1206 2449 1268 2483 tes,
1295 2442 1593 2486 supplicationibus
1607 2452 1718 2474 eorum
1733 2440 1866 2473 nomine
1884 2450 1943 2471 no-

1206 2498 1255 2529 bis
1281 2507 1383 2539 snper
1408 2497 1470 2529 boc
1504 2495 1674 2527 humiliter
1706 2493 1869 2537 porrectis
1895 2492 1944 2524 in-

1208 2550 1329 2589 clinati,
1356 2549 1581 2581 alternativam
1607 2548 1639 2579 in
1665 2547 1823 2580 electione
1849 2545 1944 2577 mini·
1981 2547 2138 2568 Pontifissfflfl·

1954 2575 2029 2596 firmat,
