2247 3208
87 212 136 240 An.
152 213 181 240 C.
204 212 272 240 1663

92 2333 261 2360 capitulationes

76 2360 145 2382 nullas
159 2361 260 2382 declarat.

879 214 1067 237 ALEXANDER
1090 214 1133 238 vll
1159 214 1206 238 PP.

284 261 536 305 capitulationes
562 261 778 294 convenerint
797 271 856 304 per
880 262 1020 294 futurum

285 314 436 353 electum,
464 314 610 357 quisquis
636 314 691 348 ille
721 315 813 354 soret,
844 315 1020 347 observan-

284 368 355 407 das;
382 368 528 401 volentes
547 369 699 401 eumdem
717 369 858 402 electum
875 367 914 401 ad
932 378 1020 411 prae-

284 421 433 453 standum
457 421 676 454 iuramentum
691 421 730 454 de
749 421 908 454 eiusmodi
934 420 1021 463 capi-

285 473 495 506 tulationibus
513 474 727 506 observandis
742 473 923 515 obligatum
934 482 1017 512 esse,

283 531 381 570 prout
393 526 615 560 venerabilem
634 527 766 559 fratrem
782 525 1019 559 Guidobaldum

283 580 569 623 archiepiscopum
609 579 892 621 Salisburgensem
934 577 1019 610 iura-

282 638 430 666 mentum
448 633 635 666 huiusmodi
654 633 693 665 de
709 632 792 664 sacto
810 631 1016 675 praestitisse

282 686 481 729 accepimus,
507 686 540 718 in
566 685 659 717 dictis
678 694 755 717 vero
776 684 1017 727 capitulationi-

281 739 343 772 bus
368 739 548 772 iurisdictio
573 743 606 770 et
629 742 787 781 potestas,
816 748 852 770 ac
872 737 942 770 iura
966 748 1017 770 ar-

281 791 536 834 chiepiscopalia
547 796 659 824 contra
672 801 839 823 sacrorum
853 800 1015 823 canonum

282 850 314 878 et
338 843 608 877 constitutionum
632 843 886 886 apostolicarum
906 843 1016 886 dispo-

281 896 432 929 sitionem
446 895 583 928 nimium
601 895 917 935 circumscribantur,
935 896 1016 939 Apo·

281 949 481 992 stolicaeque
507 948 605 981 etiam
630 947 722 981 Sedis
747 948 816 980 iura
841 952 873 980 et
903 953 1015 980 aucto-

279 1003 409 1036 ritatem
434 1002 520 1036 laedi
546 1007 732 1044 satagatur:
758 1001 834 1034 hinc
856 1007 906 1034 est
926 1002 1013 1045 quod

281 1066 350 1096 nos,
362 1055 612 1088 considerantes
631 1054 701 1088 sine
714 1055 816 1088 dictae
827 1054 918 1087 Sedis
934 1055 1014 1098 Apo-

1056 267 1087 294 et
1112 271 1243 305 semper
1266 261 1348 302 sore,
1372 262 1492 295 adeout
1508 263 1632 296 nullum
1655 263 1787 295 omnino

1054 315 1162 347 sortiri
1194 315 1323 358 possint
1358 321 1413 348 aut
1443 316 1584 349 debeant
1612 315 1786 355 effectum,

1054 366 1188 409 perinde
1214 378 1250 400 ac
1275 367 1301 400 si
1327 373 1516 411 conceptae,
1543 369 1654 409 sactae,
1676 368 1786 408 initae,

1054 423 1109 451 aut
1139 419 1263 452 iuratae
1296 430 1461 464 nunquam
1486 421 1643 461 fuissent,
1673 426 1786 454 tenore

1053 472 1276 514 praesentium
1302 473 1529 514 declaramus,
1563 473 1700 518 illasque
1725 485 1785 518 pro

1052 534 1117 556 non
1142 524 1234 557 saetis
1260 523 1373 558 haberi
1392 527 1552 566 volumus,
1575 528 1785 570 approbatio—

1051 587 1190 620 nemque
1216 583 1363 610 nostram
1388 583 1421 611 et
1445 579 1687 622 beneplacitum
1713 591 1784 622 apo-

1051 629 1201 662 stolicum
1226 630 1333 673 quoad
1350 631 1437 674 ipsas
1464 632 1712 675 capitulationes
1731 633 1784 665 de-

1050 692 1219 725 negamus,
1244 694 1281 716 ac
1298 690 1479 717 memorato
1504 684 1709 718 Guidobaldo
1734 696 1784 717 ar-

1050 736 1263 780 chiepiscopo
1295 737 1512 770 iuramentum
1543 738 1583 770 de
1616 738 1783 771 servandis

1050 789 1338 831 capitulationibus
1364 790 1551 823 huiusmodi
1576 790 1615 822 ab
1640 791 1722 834 ipso,
1748 796 1784 823 ut

1049 842 1248 885 praefertur,
1275 843 1487 886 praestitum,
1513 848 1673 887 quatenus
1700 853 1782 886 opus

1049 894 1102 934 sit,
1128 895 1324 928 relaxamus.

1092 946 1106 989 ἓ
1130 946 1161 979 2.
1187 946 1406 981 Decernentes
1437 949 1568 982 easdem
1590 953 1783 992 praesentes

1048 999 1175 1033 litteras
1202 1011 1331 1044 semper
1354 1000 1483 1041 firmas,
1509 1002 1630 1035 validas
1656 1007 1689 1035 et
1714 1002 1784 1035 effi-

1048 1063 1140 1086 caces
1161 1054 1299 1086 existere
1318 1059 1350 1087 et
1366 1054 1446 1095 sore,
1461 1064 1602 1098 suosque
1615 1055 1782 1099 plenarios

279 1109 414 1142 stolicae
429 1108 623 1141 auctoritate
634 1107 717 1142 nihil
734 1108 867 1141 omnino
880 1108 913 1141 in
930 1108 1030 1163 simi-y
1048 1110 1080 1137 et
1103 1105 1247 1148 integros
1272 1106 1404 1140 effectus
1430 1107 1539 1140 sortiri
1561 1113 1593 1140 et
1616 1108 1778 1149 obtinere,

278 1163 364 1196 libus
390 1162 530 1205 negotiis
545 1161 666 1204 pacisci
683 1162 729 1194 sas
747 1172 831 1201 esse,
848 1172 889 1194 ne
904 1167 1012 1194 autem
1028 1167 1032 1197 Ι
1047 1169 1083 1190 ac
1109 1158 1194 1191 dicto
1220 1159 1424 1193 Gllidobaldo
1450 1160 1716 1204 archiepiscopo,
1751 1166 1783 1194 et

279 1227 317 1249 ex
342 1215 629 1259 capitulationibus
655 1214 856 1255 huiusmodi,
878 1215 954 1247 licet
972 1206 1030 1248 01)Ι
1047 1210 1116 1244 aliis
1141 1212 1181 1244 ad
1205 1222 1287 1255 quos
1319 1218 1446 1256 spectat
1480 1218 1512 1246 et
1540 1224 1599 1257 pro
1632 1218 1780 1257 tempore

278 1269 431 1303 licentiae
456 1267 655 1311 apostolicae
675 1268 837 1300 desectum
854 1268 926 1310 ipso
940 1267 1011 1299 iure
1046 1264 1214 1307 Spectabit,
1240 1265 1429 1308 plenissime
1456 1265 1644 1309 suffragari,
1668 1266 1781 1310 sicque

278 1321 375 1354 nullis
401 1325 433 1353 et
456 1320 619 1360 invalidis,
641 1319 776 1363 aliquod
796 1320 947 1362 cuiquam
963 1319 1011 1352 ius

278 1373 486 1417 acquisitum,
513 1378 569 1405 aut
588 1373 747 1406 ecclesiae
769 1372 1009 1415 Salisburgensi

277 1426 462 1470 praedictae
494 1426 647 1469 illiusque
685 1425 936 1469 archiepiscopo
961 1426 1011 1458 vel

277 1479 419 1522 capitulo
434 1479 670 1522 qualecumque
685 1488 859 1520 gravamen
873 1478 1010 1519 illatum,

276 1531 560 1575 iurisdictionique
576 1531 758 1565 etlibertati
770 1531 1010 1564 ecclesiasticae

277 1595 408 1629 quoquo
433 1585 528 1618 modo
553 1583 821 1631 praeiudicatum,
849 1590 905 1617 aut
928 1585 1012 1617 eius-

277 1639 350 1671 dem
375 1638 583 1682 Apostolicae
615 1637 708 1670 Sedis
740 1638 802 1670 iuri
836 1638 1011 1682 quicquam

276 1691 458 1724 detractum
484 1691 595 1731 fuisse,
623 1701 696 1724 esse
713 1691 763 1724 vel
783 1691 851 1724 sore
869 1702 1011 1735 unquam

274 1744 457 1787 praetendi,
486 1743 548 1776 dici
565 1745 615 1777 vel
633 1743 772 1784 censeri,
795 1754 877 1777 neve
896 1744 1009 1787 quovis

278 1797 436 1839 temporis
462 1806 567 1837 cursu,
586 1801 642 1828 aut
663 1807 699 1829 ex
721 1807 923 1840 quacumque
949 1797 1011 1830 alia

276 1849 374 1882 etiam
389 1849 627 1892 quantumlibet
640 1849 775 1882 iuridica
789 1853 893 1891 causa,
908 1850 1009 1883 fuisse

276 1912 336 1946 per
359 1912 419 1935 nos
453 1907 485 1934 et
519 1901 636 1934 Sedem
667 1902 888 1945 Apostolicam
913 1904 1009 1936 tacite

276 1960 331 1988 aut
355 1965 509 1998 expresse
531 1956 728 1998 approbatas
743 1956 891 1999 allegari,
913 1957 1010 1990 etbe-

274 2008 476 2051 neplacitum
501 2008 715 2051 apostolicum
741 2009 882 2051 desuper
902 2007 1027 2042 acces-1*

275 2060 358 2093 sisse
382 2060 549 2104 praesumi
575 2071 718 2104 unquam
742 2061 855 2104 possit,
873 2072 933 2104 pro
954 2072 1010 2104 pa-

275 2113 388 2146 storali
427 2116 537 2147 nostra
576 2113 798 2146 sollicitudine
834 2115 1009 2158 providere

278 2168 440 2208 volentes,
467 2178 504 2200 ac
530 2168 717 2201 earumdem
741 2167 1010 2212 capitulationiim

274 2224 408 2253 tenores
423 2247 431 2261 ,
459 2220 555 2253 etiam
579 2221 744 2262 veriores,
779 2222 1009 2265 praesentibus

274 2284 336 2318 pro
361 2275 524 2318 expressis
551 2287 588 2308 ac
613 2277 652 2309 de
686 2277 786 2309 verbo
812 2278 851 2310 ad
876 2278 1010 2310 verbum

275 2327 409 2361 insertis
431 2329 599 2369 habentes,
619 2334 709 2362 motu
732 2330 886 2373 proprio,
911 2342 948 2365 ac
972 2342 1009 2364 ex

275 2383 365 2414 certa
388 2381 526 2414 scientia
558 2387 590 2414 et
621 2385 745 2415 matura
770 2383 1009 2417 deliberatione

274 2434 404 2474 nostris,
424 2435 529 2477 deque
543 2436 742 2478 apostolicae
756 2437 928 2479 potestatis
945 2438 1011 2480 ple-

274 2487 434 2529 nitudine,
468 2488 717 2531 capitulationes
747 2490 909 2532 praefatas
942 2492 1010 2523 nul-

1046 1322 1079 1349 et
1102 1327 1168 1350 non
1192 1317 1288 1350 aliter
1310 1318 1344 1350 in
1368 1318 1559 1362 praemissis
1592 1329 1651 1362 per
1683 1329 1781 1362 quos-

1045 1380 1183 1414 cumque
1208 1371 1332 1404 iudices
1346 1372 1530 1405 ordinarios
1550 1377 1582 1405 et
1599 1372 1779 1416 delegatos,

1046 1423 1142 1456 etiam
1167 1433 1336 1456 causarum
1362 1425 1472 1468 palatii
1497 1425 1670 1469 apostolici
1690 1426 1782 1459 audi-

1047 1482 1142 1518 tores,
1168 1488 1204 1511 ac
1229 1477 1260 1510 S.
1288 1477 1325 1510 R.
1352 1478 1387 1511 E.
1415 1478 1608 1519 cardinales,
1630 1479 1726 1512 etiam
1741 1479 1781 1513 de

1046 1532 1147 1564 latere
1186 1532 1312 1574 legatos
1329 1559 1336 1573 ,
1377 1532 1651 1576 Apostolicaeque
1689 1532 1782 1566 Sedis

1046 1585 1233 1629 praedictae
1267 1584 1425 1626 nuncios,
1463 1597 1500 1619 ac
1536 1586 1667 1630 quosvis
1703 1585 1781 1619 alios

1046 1649 1252 1682 quacumque
1277 1640 1472 1672 auctoritate
1491 1639 1675 1682 fungentes,
1694 1649 1782 1672 nunc

1046 1697 1078 1724 et
1100 1702 1161 1736 pro
1188 1697 1335 1735 tempore
1361 1692 1553 1733 existentes,
1579 1692 1707 1725 sublata
1733 1691 1779 1724 eis

1045 1750 1203 1778 eteorum
1219 1745 1352 1778 cuilibet
1369 1746 1479 1788 quavis
1497 1745 1591 1778 aliter
1614 1744 1779 1778 iudicandi

1045 1803 1077 1830 et
1100 1798 1339 1842 interpretandi
1357 1798 1510 1832 facultate
1529 1803 1561 1831 et
1577 1798 1779 1839 auctoritate,

1043 1851 1180 1883 iudicari
1206 1856 1238 1884 et
1262 1851 1391 1884 definiri
1418 1851 1557 1893 debere,
1593 1862 1629 1884 ac
1653 1851 1779 1884 irritum

1044 1909 1076 1936 et
1100 1904 1195 1936 inane
1222 1904 1249 1936 si
1264 1914 1356 1936 secus
1380 1914 1480 1948 super
1496 1904 1546 1937 his
1566 1914 1583 1936 a
1600 1914 1776 1947 quoquam,

1044 1955 1154 1999 quavis
1185 1956 1398 1996 auctoritate,
1429 1956 1574 1989 scienter
1604 1958 1655 1990 vel
1686 1957 1779 2000 igno-

1043 2016 1164 2050 ranter,
1191 2010 1367 2053 contigerit
1390 2011 1556 2043 attentari.

1087 2064 1101 2106 ἓ
1117 2062 1148 2096 3.
1169 2062 1239 2095 Non
1256 2063 1462 2096 obstantibus
1480 2063 1682 2106 praemissis,
1710 2074 1780 2097 nec-

1044 2127 1110 2149 non
1134 2116 1321 2159 apostolicis
1346 2126 1382 2149 ac
1406 2116 1439 2148 in
1454 2117 1691 2150 universalibus
1709 2127 1780 2160 pro-

1043 2169 1297 2212 vincialibusque
1332 2174 1364 2202 et
1392 2169 1601 2212 synodalibus
1634 2169 1781 2203 conciliis

1045 2222 1147 2262 editis,
1174 2222 1379 2265 generalibus
1402 2224 1451 2256 vel
1476 2222 1682 2266 specialibus,
1703 2220 1789 2255 con-'

1045 2275 1265 2308 stitutionibus
1290 2280 1323 2309 et
1346 2276 1614 2317 ordinationibus,
1640 2281 1679 2316 et,
1701 2287 1779 2319 qua-

1044 2334 1136 2361 tenus
1161 2339 1241 2372 opus
1266 2329 1369 2369 soret,
1401 2328 1498 2362 etiam
1530 2330 1643 2371 regula
1667 2331 1779 2362 nostra

1044 2383 1083 2416 de
1107 2393 1173 2415 non
1198 2381 1342 2415 tollendo
1360 2381 1427 2414 iure
1445 2382 1601 2425 quaesito,
1621 2393 1658 2415 ac
1675 2381 1780 2416 dictae

1043 2436 1196 2469 ecclesiae
1207 2435 1468 2478 Salisburgensis‚
1479 2435 1575 2469 etiam
1586 2436 1778 2477 iuramento,

1043 2488 1286 2522 confirmatione
1308 2490 1497 2532 apostolica,
1524 2491 1574 2523 vel
1601 2489 1711 2533 quavis
1732 2488 1779 2522 fir-

273 2541 334 2581 las,
360 2540 482 2582 irritas,
508 2551 545 2574 ae
571 2552 707 2584 prorsus
733 2543 910 2583 invalidas,
939 2545 1009 2576 nul·
1043 2543 1152 2575 mitatc
1179 2542 1240 2574 alia
1264 2543 1443 2583 roboratis,
1482 2542 1608 2575 statutis
1641 2547 1673 2575 et
1702 2553 1779 2575 con-

273 2592 402 2638 liusque
426 2594 555 2627 roboris
575 2600 606 2626 et
631 2595 788 2628 momenti
806 2595 917 2638 fuisse,
935 2607 1006 2630 esse
1043 2595 1281 2635 suetudinibus,
1305 2595 1483 2640 privilegiis
1505 2605 1650 2640 quoque,
1676 2594 1777 2628 indui*

1807 214 1855 238 Ant
1870 212 1898 238 C.
1923 211 1989 239 teos

1825 957 1933 979 Clausulas
1946 963 1982 985 ⁸1·-

1799 985 1865 1011 pontt.

1822 2070 1913 2100 Damnat
1929 2076 1979 2092 eon<

1796 2099 1874 2118 [rai-115.
