2247 3208
245 255 294 282 Λη.
316 256 344 282 e.
367 256 434 283 1008
479 248 543 280 G80

261 894 371 914 borretum
392 894 417 914 ir-

235 925 307 941 rit-¹715.

246 1579 358 1604 Derogatio
368 1586 415 1600 con·

231 1608 349 1627 [rariorum.

262 1951 412 1975 Transiit-opto-

230 1983 272 1996 runi
290 1977 347 1996 sulvs.

435 305 597 348 quendum
614 332 621 345 ,
648 306 761 337 ha1um
794 306 876 337 serie
901 305 1109 337 absolventes
1142 310 1173 337 et

433 358 618 390 absolutum
656 358 723 389 sore
757 362 950 397 censentes,
984 357 1170 391 huiusmodi

432 409 724 453 stimjilieatiollibtis
749 409 911 450 inclinati,
938 410 976 443 de
1001 410 1171 443 venerabi-

432 463 511 496 lium
536 463 670 494 fratrum
702 467 884 496 nostrorum
913 463 944 496 S
976 463 1013 496 R.
1041 463 1075 496 E.
1104 474 1171 495 ear-

431 515 588 547 dinalium
624 514 764 556 negotiis
801 520 832 548 et
875 515 1168 548 consultationibus

431 567 658 610 episcoporum
685 571 716 599 et
740 567 938 609 regularium
966 569 1168 611 praeposito-

430 630 501 652 rum
515 618 660 659 consilio,
675 619 809 661 petitam
824 619 1111 660 confirmationem,
1128 621 1167 653 ad

429 672 546 706 limites
564 671 746 704 litterarum
773 672 942 704 memorati
961 672 1079 705 Urbani
1103 673 1166 705 Ylll

428 724 685 768 praedecessoris
710 724 815 756 idibus
841 724 920 756 iunii
946 734 1084 757 mocxxiv
1117 736 1165 758 ex-

427 777 620 820 peditarum,
639 776 827 809 auctoritate
846 777 1034 820 apostolica,
1051 783 1165 810 tenore

427 829 664 874 praesentium,
692 830 913 862 concedimus.

472 884 486 926 g
510 883 541 915 lt.
569 883 786 916 Decernentes
811 883 941 915 easdem
974 888 1164 926 praesentes

427 936 549 969 litteras
575 945 703 979 semper
726 934 843 976 firmas,
861 936 981 968 validas
1007 940 1038 968 et
1063 935 1165 968 estica-

427 998 479 1021 ces
505 988 644 1021 existere
670 993 702 1021 et
726 987 803 1027 sore,
831 998 971 1031 suosque
996 988 1163 1031 plenarios

427 1045 458 1073 et
478 1041 623 1084 integros
648 1040 779 1074 effeetus
804 1040 915 1073 sortiri
945 1044 976 1073 et
1000 1041 1160 1081 obtinere,

427 1104 463 1126 ac
479 1094 553 1133 illis,
574 1094 611 1126 ad
637 1104 718 1136 quos
743 1098 865 1136 spectat
883 1098 914 1126 et
939 1103 998 1136 pro
1016 1098 1163 1137 tempore

426 1145 594 1189 spectabit,
613 1146 645 1178 in
663 1145 813 1178 omnibus
830 1151 862 1179 et
881 1156 941 1189 per
965 1146 1074 1179 omnia
1094 1147 1163 1190 ple-

426 1198 561 1231 nissime
586 1198 766 1241 suffragari,
787 1198 898 1242 sieque
916 1199 950 1231 in
974 1199 1162 1242 praemissis

424 1262 483 1295 per
518 1262 737 1295 quoscumque
770 1251 892 1284 iudices
927 1252 1107 1285 ordinarios
1132 1257 1164 1285 et

426 1305 604 1347 delegatos,
633 1304 729 1337 etiam
755 1315 926 1337 causarum
951 1305 1060 1348 palatii
1086 1315 1163 1348 apo-

424 1358 529 1391 stolici
553 1357 728 1397 auditores,
754 1357 888 1390 iudicari
913 1362 945 1390 et
969 1357 1094 1390 definiri
1110 1359 1163 1391 de-

424 1411 511 1450 bere,
531 1420 567 1442 ac
582 1409 708 1442 irritum
727 1414 759 1442 et
782 1409 876 1442 inane
901 1410 926 1442 si
952 1420 1042 1443 secus
1066 1421 1162 1454 super

425 1462 476 1495 his
491 1472 507 1494 a
525 1472 699 1505 quoquam,
719 1463 830 1506 quavis
847 1463 1047 1502 auctoritate,
1063 1463 1161 1495 scienv

426 1520 475 1548 ter
494 1516 544 1548 vel
569 1515 768 1558 ignoranter,
798 1515 971 1558 contigerit
997 1516 1158 1548 attentari.

469 1569 483 1613 ᾗ
509 1568 539 1601 5.
566 1567 635 1600 Non
660 1567 861 1600 obstantibus
893 1568 1101 1611 praemissis,
1126 1579 1162 1602 ac

425 1620 710 1654 constitutionibus
736 1625 767 1653 et
791 1620 1052 1654 ordinationibus
1084 1632 1162 1665 apo-

424 1673 568 1714 stolicis,
603 1683 729 1706 necnon
771 1673 924 1707 omnibus
962 1678 994 1707 et
1022 1674 1159 1717 singulis

422 1728 503 1768 illis,
531 1738 611 1771 quae
637 1727 669 1759 in
694 1727 846 1770 praetatis
878 1728 998 1761 Urbani
1028 1729 1163 1771 praede-

421 1781 560 1814 cessoris
586 1780 700 1814 litteris
725 1791 882 1814 concessa
908 1787 984 1814 sunt
1014 1792 1080 1815 non
1105 1783 1161 1815 oh-

421 1840 517 1874 stare,
545 1834 731 1877 ceterisque
750 1834 923 1868 contrariis
949 1834 1161 1878 quibuscum-

422 1898 497 1932 que.

466 1940 480 1983 ἓ
516 1940 547 1973 6.
583 1940 735 1974 Volumus
768 1945 872 1974 autem
907 1947 942 1974 ut
973 1943 1159 1976 earumdem

421 1993 642 2037 praesentium
664 1994 842 2027 litterarum
860 1996 1076 2039 transumptis,
1103 2007 1158 2029 seu

422 2046 586 2089 exempliS,
606 2046 700 2079 etiam
717 2046 894 2090 impressis,
913 2058 1008 2080 manu
1025 2048 1158 2081 alieuius

421 2099 536 2131 notarii
555 2099 676 2142 publici
702 2100 898 2143 subscriptis,
917 2107 948 2133 et
964 2101 1069 2143 sigillo
1087 2112 1159 2145 per-

421 2162 520 2184 sonae
546 2152 578 2184 in
604 2152 822 2185 ecelesiastica
852 2153 1007 2196 dignitate
1039 2155 1159 2188 consti-

421 2209 506 2236 tutae
531 2204 673 2245 munitis,
693 2206 806 2238 eadem
823 2216 957 2249 prorsus
982 2206 1063 2240 fides
1088 2208 1159 2240 ubi-

422 2268 484 2300 que
504 2263 566 2291 tam
584 2258 616 2291 in
635 2259 753 2292 iudicio
771 2270 865 2303 quam
894 2267 982 2294 extra
1006 2261 1159 2294 adhibea-

422 2316 481 2351 tur,
500 2322 581 2354 quac
596 2312 675 2356 ipsis
693 2314 919 2356 praesentibus
937 2314 1156 2356 adhiberetur,

421 2364 447 2397 si
473 2365 580 2397 forent
604 2366 767 2399 exhibitae
786 2369 834 2400 rcl
861 2373 1023 2402 ostensae.

465 2417 576 2449 Datum
602 2418 738 2460 Romae,
758 2421 841 2462 apud
862 2420 893 2453 S.
914 2421 1042 2454 Mariam
1063 2421 1158 2456 Maio-

419 2480 496 2511 rem,
515 2470 572 2502 sub
590 2473 708 2505 annulo
728 2472 906 2514 piscatoris,
926 2473 977 2506 die
1000 2485 1059 2508 xxv
1076 2474 1157 2508 iunii

418 2532 592 2564 MDCvain,
611 2525 813 2567 pontificatus
833 2527 932 2560 nostri
957 2537 1041 2560 anno
1066 2526 1110 2561 1¹.

456 2575 514 2602 Dat.
532 2577 576 2603 die
591 2576 625 2604 25
641 2577 707 2603 iunii
724 2578 808 2613 1668,
827 2580 926 2614 pontif.
947 2588 991 2608 an.
1013 2588 1034 2608 1.

455 2639 469 2665 1
491 2638 529 2665 Ab
550 2638 680 2667 electione
700 2647 769 2668 anno
788 2646 806 2668 ιι
820 2642 858 2676 (a.
879 2642 926 2675 τ.).

1018 259 1198 282 BULLARIUM
1222 259 1374 284 ROMANUM

1540 309 1639 342 LXVI.

1213 375 1387 409 Indultum
1412 381 1446 409 nt
1470 377 1643 420 religiosus
1665 383 1809 414 sacerdos
1833 383 1951 425 profes-

1256 439 1309 460 sas
1321 429 1587 473 Coum-cyationis
1602 434 1833 466 monachornm
1845 436 1950 467 sancti

1256 481 1452 524 Hieronymi
1480 483 1516 514 in
1547 484 1657 526 reqnt's
1681 485 1946 528 Hispaniarum,

1255 535 1439 577 specialiter
1454 536 1494 567 ab
1511 537 1621 569 eddam
1638 540 1883 581 conyreqatione
1898 541 1949 573 de-

1252 589 1443 632 putandus,
1471 591 1595 622 notarii
1626 601 1778 631 munere,
1805 592 1848 624 act
1880 593 1948 635 effe—

1252 645 1337 673 ctum
1352 642 1502 684 capiendi
1518 643 1767 684 informationes
1780 655 1876 687 super
1888 656 1947 688 pa-

1253 695 1351 726 ritate
1370 695 1541 736 sanyw'nis
1558 695 1792 728 monachorum
1811 697 1854 729 ad
1875 708 1947 739 pro-

1253 746 1420 787 fessionem
1450 747 1485 779 in
1498 748 1606 780 eadem
1627 750 1872 791 conqreyatione
1892 749 1947 781 acl-

1250 799 1480 831 mittendorum
1506 804 1647 841 tantam,
1675 801 1771 844 sunqi
1793 803 1905 845 possit.

1429 878 1561 905 Clemens
1583 879 1661 912 Papa
1683 880 1730 911 lx,

1347 920 1383 947 ad
1403 920 1535 948 futuram
1555 923 1600 949 rei
1620 923 1802 950 memoriam.

1250 990 1265 1033 ᾗ
1286 990 1316 1023 1.
1336 991 1458 1034 Exponi
1479 992 1573 1025 nohis
1592 1003 1695 1036 nuper
1715 993 1790 1026 feeit
1808 994 1943 1028 dilectus

1206 1042 1290 1076 silius
1315 1043 1472 1087 Iosephus
1498 1055 1516 1077 a
1540 1045 1652 1078 Toleto
1677 1046 1825 1079 minister
1845 1058 1943 1089 gene-

1205 1096 1281 1129 ralis
1296 1097 1559 1139 congregationis
1577 1098 1810 1131 monachorum
1828 1099 1857 1131 S.
1872 1100 1945 1132 Hie-

1205 1149 1330 1192 ronymi
1362 1149 1394 1181 in
1420 1150 1530 1192 regnis
1557 1150 1809 1194 Hispaniarum,
1836 1153 1942 1194 quod,

1205 1211 1277 1234 cum
1302 1202 1387 1234 dieta
1412 1203 1634 1245 congregatio,
1654 1208 1721 1235 tum
1739 1209 1873 1247 propter
1889 1216 1942 1237 ex-

1205 1259 1306 1287 actam
1342 1255 1502 1298 regularis
1537 1255 1726 1299 disciplinae
1767 1257 1942 1289 observan-

1205 1307 1301 1347 tiam,
1327 1308 1477 1351 virosque
1509 1308 1656 1341 doctrina
1691 1313 1786 1352 atque
1819 1309 1941 1352 pietate

1205 1359 1395 1402 conspicuos
1417 1361 1471 1403 qui
1495 1361 1526 1393 in
1548 1363 1585 1393 ea
1601 1371 1731 1404 semper
1750 1362 1940 1401 floruerunt,

1205 1417 1270 1445 tum
1295 1417 1430 1456 propter
1457 1423 1652 1456 propensam
1680 1424 1793 1456 regum
1816 1424 1942 1447 earum-

1205 1465 1277 1497 dem
1297 1465 1523 1508 Hispaniarum
1541 1466 1787 1505 catholicorum,
1802 1477 1940 1509 quorum

1203 1519 1358 1552 cadavera
1382 1519 1415 1552 in
1440 1519 1577 1552 ecclesia
1604 1520 1794 1552 monasterii
1820 1520 1858 1552 de
1884 1520 1939 1552 Es-

1203 1571 1316 1604 curiali
1334 1571 1437 1604 dietae
1459 1571 1721 1614 congregationis
1740 1571 1870 1614 sepeliri
1889 1582 1939 1605 so-

1203 1624 1294 1664 lent,
1325 1634 1402 1666 erga
1433 1624 1537 1667 ipsam
1571 1624 1858 1667 congregationem
1884 1635 1938 1657 vo-

1202 1677 1368 1717 luntatem,
1388 1677 1420 1709 in
1441 1676 1503 1709 illis
1528 1676 1674 1719 partibus
1691 1686 1818 1719 semper
1840 1677 1938 1709 suerit

1203 1730 1235 1762 in
1252 1732 1368 1772 magna
1392 1729 1560 1762 hominum
1585 1729 1821 1762 existimatione
1841 1734 1937 1772 atque

1201 1782 1420 1823 veneratione,
1446 1782 1485 1814 ad
1511 1782 1594 1814 hanc
1618 1782 1770 1815 tuendam
1795 1782 1856 1814 iam
1882 1782 1938 1814 du-

1203 1836 1277 1868 dum
1296 1835 1412 1867 factum
1430 1835 1488 1867 suit
1504 1834 1536 1866 in
1555 1835 1666 1867 eadem
1683 1834 1936 1877 congregatione

1202 1893 1376 1927 statutum,
1409 1898 1426 1920 a
1458 1888 1560 1920 felicis
1596 1888 1832 1921 recordationis
1864 1889 1938 1921 Ale-

1201 1941 1323 1974 xandro
1348 1941 1433 1984 Papa
1460 1941 1511 1974 VII
1543 1942 1797 1984 praedecessore
1826 1947 1936 1975 nostro

1202 1995 1437 2035 confirmatum,
1464 2000 1499 2027 ut
1529 2005 1625 2027 nemo
1651 1996 1683 2027 in
1708 1995 1853 2028 eamdem
1883 1995 1938 2028 ad-

1201 2048 1345 2080 mittatur
1370 2048 1424 2091 qui
1449 2048 1487 2080 ad
1505 2048 1714 2080 christianam
1741 2048 1937 2091 religionem

1201 2100 1361 2144 fidemque
1380 2100 1571 2133 catholicam
1588 2105 1736 2133 recenter
1752 2101 1792 2133 sit
1806 2111 1937 2134 eonver-

1201 2164 1265 2195 sus,
1283 2159 1337 2187 aut
1362 2164 1399 2186 ex
1417 2154 1524 2196 aliqua
1541 2156 1627 2187 secta
1644 2164 1704 2196 per
1716 2153 1833 2187 Sedem
1850 2155 1935 2197 Apo-

1200 2208 1347 2241 stolieam
1373 2208 1547 2251 reprobata
1572 2207 1731 2250 originem
1752 2208 1877 2248 trahat;
1904 2214 1935 2240 et.

1200 2271 1260 2305 pro
1286 2261 1381 2293 huius
1406 2261 1516 2293 statuti
1542 2260 1779 2302 observatione,
1806 2261 1934 2304 quando

1200 2314 1316 2358 aliquis
1337 2315 1375 2347 ad
1400 2314 1635 2357 professionem
1661 2314 1694 2346 in
1714 2314 1821 2357 aliquo
1854 2315 1936 2347 eius-

1200 2369 1273 2401 dem
1299 2367 1562 2411 congregationis
1595 2367 1794 2400 monasterio
1820 2368 1936 2400 admit-

1201 2422 1317 2455 tendus
1344 2426 1407 2462 est,
1434 2421 1581 2465 deputari
1607 2422 1689 2454 solet
1713 2422 1751 2454 de
1776 2431 1935 2454 consensu

1199 2475 1329 2519 capituli
1356 2475 1442 2509 illius
1462 2475 1652 2508 monasterii
1681 2474 1859 2507 monachus
1895 2474 1935 2507 ad

1199 2529 1372 2572 capiendas
1408 2528 1533 2562 debitas
1568 2528 1811 2561 informationes
1836 2537 1935 2570 super

1199 2582 1339 2626 puritate
1365 2582 1530 2624 sanguinis
1556 2581 1691 2624 aliisque
1719 2580 1929 2624 supradictis;

1199 2636 1253 2679 qui
1277 2635 1474 2683 monachus,
1500 2646 1573 2686 cum
1595 2635 1716 2687 nullam
1743 2634 1862 2668 habeat
1884 2633 1932 2668 iu-

1959 265 2006 291 An.
2029 265 2058 291 C.
2079 266 2145 292 1008

1978 1007 2095 1034 Expositio.

1967 1849 2074 1868 Statutum
2084 1855 2123 1871 eon

1948 1877 2082 1900 gregat-tonis.
