2247 3208
117 222 166 249 An.
183 221 211 249 C.
235 220 301 248 1667

122 1129 240 1149 [innovatio
250 1130 290 1155 pri·

107 1157 124 1175 vi

107 1190 125 1206 K!

106 1216 126 1229 ιι

130 1157 230 1179 lemurum
242 1163 290 1176 von-

127 1186 224 1206 exaltent
241 1189 289 1203 cun·

127 1215 212 1229 ¹aarum
224 1217 229 1234 5

130 1709 241 1730 bec-otum
258 1711 286 1731 ir-

102 1743 117 1755 11
131 1745 175 1756 ,1115-

911 217 992 242 CLEM
999 219 1053 241 1st
1079 217 1107 239 IX
1134 217 1180 239 [Ψ.

309 274 341 301 et
353 268 554 301 mandamus.
571 267 615 299 Ac
628 277 740 299 omnes
752 271 783 299 et
797 266 940 308 singulas
955 267 1050 300 sacul-

308 326 400 361 tates,
415 320 595 364 privilegia,
612 321 739 363 gratias,
759 320 1046 363 praeeminentias,

309 374 555 417 praerogativas
591 380 621 406 et
648 374 772 407 indulta
801 384 1022 417 quaecumque
1039 401 1046 414 ,

308 428 462 471 praesatis
488 428 705 460 cardinalibus
731 434 762 460 et
786 427 960 470 praelatis,
993 438 1048 459 eo—

306 491 444 524 rumque
470 481 731 523 congregationi,
751 490 879 513 necnon
896 480 1047 512 omnibus

306 539 338 566 et
363 533 498 576 singulis
526 533 718 566 officialibus
744 539 775 565 et
808 532 963 564 ministris
997 543 1048 564 su-

306 586 460 628 pradictis
486 598 502 619 a
527 581 705 619 meinorato
738 586 920 618 Alexandro
954 596 1047 628 prac-

306 639 479 672 decessore
497 650 557 683 per
569 650 640 672 suas
651 640 776 672 litteras
792 639 954 681 praefatas
968 649 1046 681 quo-

304 692 350 724 vis
369 693 464 725 modo
476 693 653 735 respective
670 702 822 724 concessa
839 697 869 723 et
884 692 1044 731 attributa,

305 755 364 788 per
389 745 513 778 obitum
538 745 680 777 eiusdem
707 745 880 777 Alexandri
910 745 1046 787 praede-

305 798 443 830 cessoris
468 797 601 830 minime
627 808 782 837 cessasse,
814 808 874 829 nec
906 808 1045 838 cessare,

303 851 360 883 sed
386 851 417 883 in
443 851 508 883 suis
534 851 652 884 robore
678 856 709 883 et
739 850 889 883 firmitate
919 861 1045 893 perma-

302 913 400 943 nere,
426 903 643 946 omnibusque
671 909 702 936 et
727 903 864 946 singulis
891 904 1043 946 praefatis

302 957 481 999 respective
513 957 619 989 adhuc.
653 962 838 1000 competere
872 963 903 990 et
932 957 1043 990 51111111-

301 1010 370 1052 gari
396 1010 527 1050 debere,
554 1010 762 1043 decernimus
788 1011 909 1053 pariter
933 1016 964 1043 et
989 1011 1043 1043 de-

302 1064 473 1096 claramus.

345 1116 360 1159 ἓ
385 1117 416 1149 ’1.
442 1116 490 1156 Et,
517 1121 674 1160 quatenus
692 1128 772 1160 opus
791 1117 840 1157 sit,
860 1118 1038 1157 facultates,

301 1169 478 1212 privilegia,
494 1170 629 1211 gratias,
645 1170 928 1213 praeeminentias,
948 1182 1042 1214 prae-

301 1223 461 1265 rogativas
487 1228 518 1255 et
549 1223 673 1256 indulta
707 1223 891 1256 huiusmodi
917 1224 1039 1256 eisdem

299 1276 518 1308 cardinalibus
544 1282 574 1308 et
591 1276 754 1319 praelatis,
774 1287 951 1319 corumque
969 1287 1040 1309 cou-

298 1329 480 1371 gregationi
519 1340 555 1361 ac
588 1329 776 1362 otlicialibns
815 1334 847 1361 et
884 1330 1039 1362 ministris

296 1383 460 1425 praefatis,
476 1382 507 1414 in
523 1382 672 1415 omnibus
689 1389 720 1415 ct
742 1394 800 1426 per
814 1383 921 1416 omnia
941 1389 1039 1426 prout

297 1435 344 1468 eis
371 1435 550 1479 respective
577 1447 594 1468 a
618 1436 703 1468 dicto
730 1437 911 1469 Alexandro
944 1447 1039 1480 prae—

299 1490 471 1522 decessore
497 1500 652 1522 concessa
678 1496 706 1522 et
730 1490 881 1522 attributa
899 1491 1036 1529 fuerunt,

297 1548 397 1583 motu,
416 1543 558 1583 scientia,
574 1544 809 1576 deliberatione
825 1549 855 1576 et
870 1545 1037 1587 potestatis

297 1597 501 1639 plenitudine
528 1597 667 1640 paribus,
684 1598 789 1630 denuo
815 1598 1034 1638 concedimus,

300 1650 472 1682 tribuimus
499 1656 530 1682 et
553 1651 767 1693 impartimur.

341 1704 355 1746 g
381 1703 412 1736 2.
439 1703 658 1737 Decernentes
684 1704 813 1737 easdem
846 1710 1036 1747 praesentes

296 1754 422 1787 litteras
447 1760 477 1787 et
503 1755 535 1786 in
562 1756 607 1787 eis
632 1760 784 1788 contenta
803 1766 1033 1798 quaecumque,

296 1807 391 1840 etiam
418 1817 454 1840 ex
481 1818 519 1839 eo
546 1808 630 1850 quod
657 1808 850 1850 quicumque
880 1808 913 1840 111
945 1819 1037 1850 prae-

295 1860 400 1892 missis
425 1872 480 1893 seu
506 1872 619 1893 corum
656 1861 766 1903 aliquo
793 1861 949 1893 interesse
980 1861 1036 1893 lia-

292 1913 409 1945 bentes
434 1923 489 1945 seu
516 1913 636 1945 habere
664 1913 911 1956 quomodolibet
943 1924 1035 1956 prae-

293 1967 474 2007 tendentes,
500 1967 729 2009 cuiuscnmquc
757 1972 876 2005 status,
905 1967 1034 2008 gradus,

293 2019 430 2059 ordinis,
448 2019 723 2062 praeeminentiae
743 2025 773 2051 et
788 2019 952 2061 dignitatis
969 2020 1034 2052 exi-

293 2078 389 2111 stant,
410 2073 506 2105 etiain
525 2074 741 2105 cardinalatus
760 2073 886 2105 bonore
913 2073 1035 2115 fulgen—

294 2131 352 2164 tes,
380 2131 431 2158 aut
451 2127 530 2158 alias
549 2125 698 2169 specifica
716 2132 745 2158 et
765 2126 930 2158 individua
948 2137 1034 2159 men-

295 2179 383 2211 tione
399 2184 431 2211 et
453 2179 663 2222 expressione
680 2179 777 2222 digni,
797 2179 861 2212 illis
879 2190 945 2212 non
963 2190 1035 2212 con-

295 2232 470 2272 senserint,
486 2243 546 2264 nec
559 2233 598 2264 ad
613 2243 650 2264 ea
666 2232 781 2271 vocati,
798 2233 886 2265 citati
901 2238 931 2265 et
949 2232 1034 2265 audi-

297 2286 330 2325 ti,
348 2296 452 2328 neque
465 2292 736 2329 causae,pr0pter
751 2297 828 2329 quas
841 2292 1032 2329 praesentes

297 2344 497 2379 emanarunt,
524 2339 690 2379 adductae,
716 2339 899 2372 verilicatae
919 2341 968 2372 vel
987 2341 1033 2372 iu-

296 2392 452 2424 stificatae
477 2392 607 2431 suerint,
627 2397 679 2423 aut
696 2402 732 2424 ex
750 2392 812 2424 alia
830 2402 1031 2435 quacumque

296 2445 500 2488 quantumvis
510 2445 601 2484 iusta,
612 2444 664 2487 pia
674 2450 705 2477 et
715 2444 919 2487 privilegiata
928 2447 1030 2485 eausa,

296 2500 417 2538 colore,
432 2504 601 2542 praetextu
615 2504 645 2530 et
664 2498 777 2541 capite,
797 2499 891 2530 etiam
913 2498 945 2530 in
964 2508 1033 2530 cor-

294 2561 373 2593 pore
384 2551 462 2584 iuris
474 2552 595 2592 clauso,
608 2551 705 2584 etiam
715 2551 864 2590 enormis,
876 2550 1032 2583 enormis-

295 2604 393 2637 simae
409 2610 441 2637 et
466 2605 571 2638 totalis
592 2603 756 2644 laesionis,
775 2604 864 2636 nullo
889 2613 1031 2646 unquam

1720 202 1788 234 ²573

1093 270 1235 307 tempore
1254 264 1293 296 de
1319 261 1542 306 subreptionis
1560 262 1608 294 vel
1627 259 1830 303 obreptionis

1091 319 1145 344 aut
1170 312 1327 345 nullitatis
1352 312 1447 351 vitio,
1474 322 1529 343 seu
1556 310 1748 343 intentionis
1773 319 1831 341 110-

1091 372 1176 398 strae
1193 372 1242 397 aut
1260 367 1415 398 interesse
1435 365 1621 397 habentium
1640 373 1830 403 consensus,

1091 419 1192 451 aliove
1213 419 1359 461 quolibet
1376 418 1471 450 etiam
1490 418 1691 461 quantumvis
1711 428 1828 460 magno

1093 476 1125 502 et
1149 471 1352 503 substantiali
1378 482 1414 504 ae
1439 471 1635 503 individuam
1651 471 1830 514 expressio-

1090 534 1162 555 nem
1181 523 1368 566 requirente
1384 524 1511 556 defectu
1528 525 1642 563 notari,
1660 525 1829 568 impugna-

1091 576 1129 615 ri,
1150 576 1329 615 invalidari,
1345 578 1487 620 infringi,
1507 579 1685 617 retractari,
1705 580 1743 611 ad
1766 584 1830 611 ter-

1089 629 1192 661 minos
1218 629 1277 661 iuri
1299 630 1424 669 reduci,
1447 641 1501 663 seu
1523 631 1553 662 in
1572 632 1827 664 controversiam

1089 682 1246 721 revocari,
1273 687 1327 714 aut
1359 682 1512 715 adversus
1539 682 1609 715 illas
1636 685 1826 726 aperitionis

1089 733 1154 766 oris
1170 761 1177 773 ,
1204 735 1417 767 restitutionis
1442 735 1474 767 in
1500 735 1674 778 integrum,
1701 738 1827 771 aliudve

1088 789 1316 831 quodcumque
1342 789 1428 827 iuris,
1456 789 1529 821 sacti
1556 791 1605 822 vel
1632 791 1751 832 gratiae
1777 802 1828 824 re-

1088 840 1230 873 medium
1252 841 1418 884 impetrari
1437 843 1486 874 vel
1512 842 1675 883 intentari,
1698 855 1752 876 scu
1772 844 1828 877 im-

1087 899 1224 936 petrato,
1251 899 1306 927 ant
1332 895 1428 927 etiam
1454 901 1554 935 motu,
1580 897 1714 929 scicntia
1729 903 1761 929 et
1776 909 1828 940 po-

1088 947 1207 979 tcstatis
1223 948 1424 990 plenitudine
1439 949 1569 992 paribus
1589 960 1744 983 concesso
1769 961 1826 983 seu

1086 1005 1248 1039 emanato,
1269 1001 1456 1044 qnempiam
1473 1002 1506 1034 in
1527 1002 1646 1035 iudicio
1669 1004 1717 1035 vel
1737 1008 1825 1035 extra

1086 1052 1165 1085 illud
1191 1053 1235 1085 uti
1261 1064 1317 1085 seu
1343 1065 1376 1086 se
1402 1054 1511 1087 iuvare
1537 1066 1647 1098 posse;
1667 1056 1823 1100 sedipsas

1084 1112 1274 1147 praesentes
1296 1107 1420 1139 litteras
1447 1107 1562 1148 sirmas,
1589 1109 1710 1142 validas
1735 1111 1826 1142 etes-

1083 1158 1196 1191 ficaces
1222 1160 1360 1192 existere
1387 1166 1418 1193 et
1444 1161 1523 1200 sore,
1551 1172 1691 1205 suosque
1712 1163 1825 1205 plena-

1083 1211 1147 1243 rios
1174 1219 1205 1244 et
1230 1213 1373 1255 integros
1399 1213 1529 1246 etl'ectus
1555 1215 1661 1247 sortiri
1688 1221 1717 1247 et
1739 1216 1824 1248 obti-

1082 1275 1171 1303 nere,
1198 1276 1234 1297 ac
1261 1265 1331 1305 illis,
1356 1267 1394 1299 ad
1421 1278 1501 1309 quos
1527 1274 1651 1310 spectat
1676 1274 1706 1300 et
1731 1279 1822 1311 spec-

1083 1319 1159 1350 tabit
1193 1319 1224 1351 in
1252 1321 1406 1360 futurum}
1429 1320 1617 1363 plenissime
1643 1321 1821 1364 sutl'ragari,

1082 1377 1113 1404 et
1137 1373 1176 1404 ab
1198 1372 1242 1405 eis
1267 1374 1446 1416 respective
1465 1373 1696 1407 inviolabiliter
1713 1376 1824 1407 obser-

1081 1425 1159 1465 vari,
1186 1425 1293 1468 sicque
1320 1432 1351 1459 et
1375 1437 1439 1459 non
1466 1426 1557 1459 aliter
1578 1427 1608 1459 111
1635 1427 1822 1470 praemissis

1081 1491 1139 1523 per
1168 1491 1388 1524 spioscumque
1424 1481 1544 1514 iudices
1577 1482 1759 1515 ordinarios
1790 1487 1822 1515 et

1082 1534 1261 1575 delegatos,
1290 1535 1386 1566 etiam
1416 1545 1584 1567 causarum
1609 1535 1720 1577 palatii
1746 1547 1822 1579 apo—

1080 1587 1182 1619 stolici
1201 1587 1374 1625 auditores,
1392 1598 1517 1620 necnon
1531 1588 1674 1620 eiusdem
1689 1588 1719 1620 S
1741 1588 1766 1620 R
1783 1588 1819 1622 E.

1080 1640 1272 1680 cardinales,
1300 1641 1395 1672 ctiam
1422 1641 1459 1673 de
1485 1643 1587 1674 latere
1618 1642 1756 1683 legatos,
1789 1647 1821 1674 et

1080 1694 1159 1725 alios
1178 1694 1342 1736 quoslibet
1363 1704 1567 1736 quacumque
1592 1693 1819 1736 praeeminen-

1081 1748 1122 1780 tia
1140 1754 1171 1780 et
1196 1752 1355 1790 potestate
1382 1747 1553 1790 fungentes
1581 1752 1613 1779 et
1641 1747 1817 1788 sanctores,

1079 1802 1204 1834 sublata
1218 1801 1263 1833 eis
1278 1807 1309 1833 et
1328 1812 1440 1833 eorum
1455 1801 1589 1834 cuilibet
1603 1801 1712 1844 quavis
1727 1801 1820 1834 aliter

1079 1855 1241 1887 iudicandi
1269 1859 1301 1886 et
1333 1854 1569 1896 interpretandi
1602 1854 1755 1887 facultate
1787 1861 1820 1887 et

1079 1907 1260 1947 autoritate,
1279 1907 1413 1939 iudicari
1435 1913 1466 1939 et
1486 1906 1613 1940 definiri
1631 1907 1764 1946 debere,
1783 1918 1819 1940 ac

1080 1961 1206 1992 irritum
1232 1966 1261 1992 et
1288 1961 1383 1992 inane
1410 1961 1434 1992 si
1468 1970 1558 1992 secus
1590 1971 1688 2002 super
1721 1959 1770 1992 liis
1802 1971 1819 1992 a

1079 2025 1252 2057 quoquam,
1281 2013 1584 2057 quavisactoritate,
1604 2014 1743 2046 scienter
1767 2015 1816 2046 vel

1079 2069 1279 2110 ignoranter,
1298 2067 1472 2109 contigerit
1490 2067 1655 2099 attentari.

1122 2121 1187 2164 {3
1215 2120 1283 2153 Non
1310 2120 1512 2153 obstantibus
1539 2120 1752 2163 praemissis,
1781 2130 1816 2152 ac

1078 2175 1229 2208 omnibus
1255 2181 1285 2207 et
1320 2175 1455 2217 singulis
1481 2175 1544 2207 illis
1584 2184 1665 2217 quae
1695 2184 1817 2206 memo-

1077 2234 1165 2261 ratus
1204 2229 1386 2261 Alexander
1418 2227 1654 2271 praedecessor
1686 2227 1717 2258 in
1751 2227 1817 2259 suis

1077 2281 1194 2314 litteris
1220 2280 1415 2324 supradictis
1451 2280 1553 2313 voluit
1577 2290 1642 2312 non
1668 2280 1815 2320 obstare,

1076 2335 1256 2378 ceterisque
1284 2334 1455 2367 contrariis
1477 2333 1748 2376 spiilnisctimque.

1120 2388 1134 2431 ξ,
1173 2388 1204 2420 4.
1232 2388 1384 2420 Volumus
1411 2392 1519 2419 autem
1561 2391 1596 2418 ut
1628 2386 1815 2419 earumdem

1075 2441 1297 2484 praesentium
1314 2441 1494 2472 litterarum
1519 2439 1741 2482 transumptis,
1761 2449 1817 2471 seu

1076 2495 1242 2537 exemplis,
1260 2494 1356 2527 etiam
1375 2494 1552 2537 impressis,
1569 2503 1663 2525 manu
1679 2493 1816 2525 alicuius

1075 2548 1192 2580 notarii
1218 2547 1337 2590 publici
1353 2547 1551 2590 subscriptis,
1571 2552 1599 2579 et
1619 2546 1726 2588 sigillo
1745 2555 1818 2588 per-

1075 2612 1174 2635 sonae
1194 2601 1226 2634 in
1244 2601 1464 2634 ecclesiastica
1484 2601 1641 2644 dignitate
1663 2599 1817 2633 constitu-

1836 210 1891 236 An.
1909 209 1935 236 C.
1962 208 2026 236 111117

1896 2127 2014 2148 Contrariis

1828 2154 1925 2179 derogat.

1863 2391 2013 2416 'sransunipto-

1828 2424 1873 2438 rum
1890 2418 1949 2438 tides.
