2247 3208
207 209 254 235 An.
273 208 301 235 c.
325 208 391 236 1666
438 200 501 233 4⁶22

397 263 450 290 aut
484 268 597 300 parum
635 256 791 289 discernit
826 267 880 289 eos
923 267 939 288 a
978 255 1129 287 fratribus

395 309 688 347 Praedicatoribus,
716 319 775 341 nec
800 308 873 341 facit
890 308 967 351 quin
988 308 1132 340 habean-

398 368 447 394 tur
470 372 529 404 pro
555 361 708 393 fratribus
734 361 1028 399 Praedicatoribus;
1056 370 1132 393 con-

398 414 568 446 tendentes
592 424 687 446 usum
703 424 835 456 ¹cappae
862 418 893 445 et
909 413 1026 456 caputii
1046 412 1130 455 nigri

396 466 513 499 coloris
538 466 600 498 sibi
626 476 697 498 esse
723 466 846 498 licitum
872 475 932 508 per
964 465 1132 497 modifica-

398 519 517 552 tionem
551 519 683 561 regulae
725 518 841 550 saetam
882 528 898 550 a
935 517 1131 549 recolendae

396 571 571 604 memoriae
597 571 759 604 Clemente
784 571 870 613 Papa
887 570 923 602 lv
940 570 1134 613 praedeces-

396 635 469 657 sore
495 624 616 666 pariter
642 628 753 657 nostro
779 623 837 656 sub
864 623 973 655 datum
998 623 1130 655 Viterbii

397 687 440 710 vu
465 677 536 709 idus
557 677 739 709 decembris
758 677 832 708 anni
846 686 1005 716 iicetxvn,
1027 682 1058 708 et
1075 686 1133 719 per

396 730 642 763 concessionem
669 730 782 762 factam
808 740 867 773 per
901 730 1024 762 litteras
1055 738 1133 772 poe-

396 782 600 815 nitentiariae
619 782 819 825 apostolicae
838 783 899 814 sub
918 782 989 824 piae
1010 792 1133 814 memo-

397 835 462 867 riae
487 835 543 867 Pio
568 835 654 878 Papa
684 835 719 867 IV
750 836 845 867 etiam
878 835 1131 877 praedecessore

396 893 521 927 nostro,
545 888 603 920 sub
621 889 731 920 datum
752 888 880 927 Romae,
895 898 913 920 v
931 898 1032 919 nonas
1047 887 1130 925 iulii,

396 940 601 982 pontificatus
627 941 696 973 eius
722 951 807 973 anno
829 951 855 979 1,
882 940 914 972 in
940 939 1058 983 quibus
1084 940 1133 982 (ut

396 995 560 1035 asserunt)
595 994 786 1026 conceditur
818 994 908 1025 color
943 993 1065 1024 brunus
1101 993 1131 1024 iu

396 1047 518 1090 cappis.
545 1046 582 1078 Et
607 1046 760 1089 quoniam
785 1047 846 1078 hoc
879 1051 926 1078 est
960 1045 1061 1078 libere
1088 1045 1133 1077 di-

397 1103 497 1139 ctum,
525 1099 599 1142 quia
624 1099 696 1131 talis
722 1098 894 1141 permissio
927 1108 992 1130 non
1028 1099 1132 1130 solum

396 1161 462 1184 non
477 1152 682 1194 reperiturin
698 1151 864 1194 praedicta
881 1150 1132 1190 modificatione,

397 1205 462 1237 imo
488 1205 520 1236 in
546 1205 659 1237 eadem
684 1204 885 1247 praecipitur
909 1203 1129 1243 contrarium,

397 1257 472 1300 quia
497 1258 529 1290 in
554 1257 610 1289 illa
635 1257 841 1290 solummodo
872 1257 1027 1298 leguntur
1052 1256 1133 1288 haec

399 1311 505 1342 verba:
530 1311 719 1342 vestimenta
742 1310 808 1342 sint
827 1309 922 1342 lanea
946 1313 974 1341 el
998 1309 1082 1349 albo,
1099 1314 1131 1340 ut

398 1368 525 1395 constat
549 1374 585 1395 ex
606 1368 738 1405 regesto
758 1362 908 1405 originali
933 1362 965 1394 in
990 1361 1132 1393 archivio

398 1416 578 1459 apostolico
589 1415 740 1447 Vaticano
755 1415 925 1452 existente,
940 1419 971 1447 et
981 1415 1044 1447 hoc
1055 1414 1133 1446 alias

399 1479 416 1500 a
441 1467 555 1500 similis
592 1467 826 1500 recordationis
857 1466 1047 1499 Innocentio
1078 1466 1135 1498 Pa-

398 1531 440 1564 pa
465 1520 503 1553 111
534 1521 567 1552 in
600 1521 761 1563 primitiva
793 1521 906 1562 regula
942 1519 1133 1562 dispositum

399 1578 469 1606 erat
493 1584 551 1616 per
576 1574 645 1605 eius
672 1573 812 1612 litteras,
839 1583 973 1616 quarum
1007 1572 1134 1604 initium

400 1626 559 1669 operante
574 1626 704 1658 divinae
715 1625 937 1668 dispositiom's
950 1625 1132 1665 clemoium,

400 1680 490 1711 datas
533 1679 706 1717 Laterani,
739 1688 770 1710 vi
804 1679 958 1711 kalendas
999 1679 1134 1711 ianuarii

399 1741 554 1771 Mexcvni,
580 1730 784 1773 pontificatus
809 1731 858 1763 sui
885 1741 969 1764 anno
990 1742 1020 1770 13
1048 1736 1079 1764 et
1103 1731 1135 1762 in

400 1785 582 1828 praecitatis
611 1784 726 1817 litteris
762 1783 1033 1826 poenitentiariae
1060 1794 1136 1827 ape-

399 1837 530 1869 stolicae
561 1836 761 1880 permittitur
793 1836 979 1879 provinciae
1011 1842 1135 1868 tantum

400 1890 558 1923 Castellae
578 1900 655 1922 usus
668 1889 764 1921 bruni
783 1890 901 1922 coloris
920 1889 1134 1928 determinati,

400 1943 487 1975 illius
513 1942 664 1974 nimirum
683 1941 782 1984 quiin
800 1941 864 1974 illis
881 1942 1028 1985 partibus
1041 1943 1137 1983 vulgo

402 1995 518 2027 dicitur
549 1994 674 2033 buriel,
710 1994 743 2026 in
774 1995 835 2026 vim
872 1995 962 2027 cuius
994 2000 1137 2027 assertae

401 2048 637 2090 permissionis,
652 2048 716 2080 sive
742 2048 877 2090 proprio
892 2048 1056 2087 arbitratu,
1072 2048 1136 2080 sive

402 2101 491 2141 alias,
517 2100 673 2143 praedicti
700 2100 816 2132 fratres
842 2100 970 2133 Ordinis
991 2100 1042 2133 SS.
1071 2101 1139 2132 Tri-

402 2153 511 2185 nitatis
538 2153 733 2185 addiderunt
755 2155 886 2195 regulae
919 2158 949 2186 ct
983 2153 1138 2186 eonstitu-

403 2206 553 2245 tionibus,
571 2206 602 2238 in
628 2206 708 2238 locis
734 2206 787 2238 ubi
808 2211 960 2238 tractatur
985 2207 1023 2239 de
1043 2206 1139 2238 vesti-

402 2259 518 2291 mentis
557 2259 709 2299 fratrum,
753 2259 876 2302 aliquas
916 2260 1074 2292 clausulas
1106 2259 1138 2291 in

403 2322 499 2353 grave
525 2311 684 2344 dictorum
710 2313 842 2345 fratrum
873 2312 1138 2346 Praedicatorum

403 2365 659 2407 praeualidum,
695 2371 726 2398 et
757 2371 868 2399 contra
893 2366 1138 2408 dispositionem

405 2422 451 2449 tot
475 2428 674 2450 summorum
701 2418 901 2458 Pontificum,
922 2424 953 2451 et
973 2419 1139 2461 signanter

404 2469 435 2501 iu
461 2471 573 2511 regula
606 2481 692 2502 num.
721 2481 770 2509 ri,
807 2472 821 2513 ξ
851 2470 1062 2511 Vestimenta,
1100 2472 1136 2504 ad

406 2523 458 2554 illa
482 2523 589 2561 verba,
614 2526 740 2564 arrepta
765 2524 884 2565 cappsi.
913 2529 943 2555 et
967 2525 999 2555 in
1025 2525 1138 2557 eodem

406 2580 493 2607 textu
520 2576 640 2611 relato,
668 2585 736 2617 cap.
763 2585 834 2615 xiv,
870 2576 917 2607 tit.
956 2576 998 2608 De
1022 2578 1136 2609 vestitu

978 206 1156 232 BULLAP-IUM
1181 207 1331 232 ROMANUM

1173 259 1201 287 el
1227 255 1390 288 honestate
1415 256 1556 296 habitus,
1578 262 1609 289 et
1633 258 1665 290 in
1686 256 1912 290 declaratione

1175 307 1319 340 eiusdem
1351 312 1474 348 textus,
1505 319 1575 351 cap.
1603 309 1669 349 cit„
1694 309 1708 353 ἓ
1733 309 1762 349 2,
1788 309 1827 342 ad
1852 309 1907 342 illa

1173 359 1272 391 verba
1305 359 1358 392 sed
1393 360 1429 391 in
1463 360 1700 402 modificatione
1730 372 1835 404 usque
1869 361 1907 394 ad

1175 412 1270 444 finem
1295 412 1328 455 ξ,
1361 416 1392 444 et
1421 412 1453 444 in
1478 423 1548 455 cap.
1576 423 1624 451 v1,
1655 413 1702 445 tit.
1736 413 1781 453 De
1804 414 1908 457 siquis

1174 465 1209 496 in
1237 465 1351 497 habita
1382 464 1550 507 ponendis,
1579 470 1655 498 text.
1682 476 1748 505 vm,
1775 466 1789 509 ἓ
1813 466 1842 506 l,
1868 467 1907 500 ad

1175 517 1230 550 illa
1247 518 1344 550 verba
1361 517 1415 549 sed
1435 528 1537 560 neque
1556 528 1676 560 cappa:

1219 570 1232 612 ξ,
1257 568 1288 602 3.
1309 569 1406 602 Nobis
1430 574 1603 612 propterea
1627 576 1820 602 memoratus
1845 581 1909 603 ma-

1175 621 1272 663 gister
1297 621 1476 663 generalis,
1500 627 1562 654 tam
1587 632 1656 662 suo,
1690 633 1786 665 quam
1809 623 1907 656 totius

1174 674 1222 706 sui
1248 673 1373 706 Ordinis
1399 673 1656 707 Praedicatorum
1681 674 1821 715 nomine,
1850 676 1909 707 hu-

1174 727 1292 759 militer
1316 727 1491 770 supplicari
1517 727 1590 759 feeit
1610 732 1644 759 ut
1664 727 1695 759 in
1721 728 1909 770 praemissis

1174 785 1356 823 opportune
1381 780 1550 823 providere.
1577 785 1609 812 et
1632 786 1666 812 ut
1691 780 1774 813 infra
1804 780 1910 813 indul-

1175 843 1250 874 gere
1275 834 1313 865 de
1338 833 1538 875 benignitate
1564 833 1743 876 apostolica
1762 833 1910 876 dignare-

1174 897 1254 918 mur.
1274 886 1335 918 Nos
1351 886 1454 928 igitur,
1475 886 1578 929 ipsum
1599 887 1786 928 magistrum
1812 897 1910 929 gene-

1174 939 1273 971 ralem
1310 939 1503 981 specialibus
1541 939 1704 971 favoribus
1735 945 1765 971 et
1796 939 1908 981 gratiis

1174 992 1325 1034 prosequi
1359 992 1526 1031 volentes,
1554 997 1586 1024 et
1617 1002 1634 1023 a
1659 992 1826 1034 quibusvis
1859 1002 1911 1024 ex-

1174 1044 1506 1083 communicationis,
1540 1044 1767 1087 suspensionis
1801 1049 1833 1076 et
1864 1044 1911 1076 in-

1176 1097 1319 1136 terdicti,
1347 1097 1485 1140 aliisque
1517 1097 1750 1129 ecclesiasticis
1780 1101 1912 1129 sentcn-

1175 1150 1241 1189 tiis,
1269 1150 1418 1181 censuris
1445 1154 1477 1181 et
1500 1149 1629 1192 poenis⁷
1656 1160 1673 1181 a
1698 1149 1768 1181 iure
1795 1149 1845 1181 vel
1871 1150 1909 1181 ab

1175 1202 1333 1242 homine,
1367 1202 1479 1244 quavis
1519 1202 1692 1234 occasione
1729 1203 1780 1234 vel
1815 1203 1911 1234 causa

1175 1255 1261 1295 latis,
1288 1255 1313 1287 si
1340 1255 1458 1298 quibus
1492 1254 1744 1297 quomodolibet
1775 1255 1912 1286 innoda—

1176 1314 1227 1340 tus
1265 1308 1389 1346 existit,
1427 1308 1466 1340 ad
1501 1307 1652 1339 css‘ectum
1686 1307 1910 1351 praesentium

1175 1363 1341 1394 dumtaxat
1365 1361 1649 1403 consequendum,
1687 1361 1802 1392 harum
1824 1359 1910 1392 serie

1174 1415 1382 1447 absolventes
1409 1419 1438 1446 et
1465 1414 1650 1446 absolutum
1679 1413 1748 1446 sore
1774 1423 1910 1446 censen-

1176 1473 1223 1500 tes
1240 1495 1247 1507 ,
1274 1466 1458 1499 huiusmodi
1490 1466 1789 1509 supplicationibus
1817 1466 1910 1498 incli-

1176 1522 1252 1561 nati,
1271 1522 1309 1553 de
1327 1519 1561 1553 venerabilium
1580 1521 1714 1552 fratrum
1728 1524 1911 1553 nostrorum

1176 1574 1206 1606 S.
1228 1574 1263 1606 R.
1283 1573 1317 1605 E.
1336 1572 1549 1605 cardinalium
1574 1571 1711 1615 negotiis
1730 1578 1760 1605 et
1784 1573 1912 1605 consul-

1178 1626 1350 1659 tationibus
1387 1625 1614 1668 episcoporum
1650 1629 1681 1658 et
1713 1625 1911 1667 regularium

1177 1680 1443 1722 praepositorum,
1462 1679 1516 1721 qui
1542 1690 1609 1711 rcm
1627 1679 1665 1712 de
1690 1679 1839 1712 mandato
1856 1689 1913 1711 no-

1178 1738 1257 1772 stro,
1275 1732 1394 1775 pluries
1411 1732 1557 1775 partibus
1572 1731 1698 1772 auditis,
1714 1736 1839 1764 mature
1854 1730 1913 1764 dis-

1178 1791 1349 1818 cusserunt
1374 1791 1406 1818 et
1429 1785 1669 1826 examinarunt,
1691 1785 1844 1824 consilio,
1868 1784 1914 1817 vi-

1178 1840 1286 1882 sisque
1311 1849 1369 1882 per
1394 1839 1526 1872 eosdem
1556 1839 1736 1871 cardinales
1761 1837 1914 1871 Brevibus

1179 1892 1385 1935 apostolicis,
1410 1897 1442 1924 et
1470 1891 1634 1934 signanter
1663 1895 1791 1934 regesto
1817 1890 1915 1934 origi-

1178 1945 1243 1978 nali
1275 1945 1453 1978 litterarum
1486 1944 1645 1988 praedicti
1678 1944 1848 1977 Clementis
1879 1942 1915 1976 lv

1179 1997 1454 2040 praedecessoris,
1482 2007 1614 2040 quarum
1640 1997 1766 2029 initium
1790 1997 1832 2029 In
1858 1996 1916 2029 Or-

1179 2051 1255 2083 dine
1278 2054 1389 2090 vestro,
1411 2051 1468 2082 sub
1488 2050 1596 2082 datum
1612 2049 1760 2089 Viterbii,
1781 2060 1825 2082 vn
1843 2048 1914 2082 idus

1180 2103 1360 2136 decembris
1386 2112 1544 2142 nchxvn,
1566 2101 1770 2145 pontificatus
1795 2101 1841 2134 sui
1860 2112 1916 2134 an-

1180 2166 1221 2188 no
1247 2166 1294 2195 111,
1314 2165 1440 2187 necnon
1466 2153 1641 2197 privilegiis
1659 2180 1666 2194 ,
1692 2151 1860 2197 scripturis
1886 2159 1913 2185 et

1180 2207 1400 2240 instrumentis
1425 2207 1501 2239 hinc
1526 2206 1601 2239 inde
1627 2206 1797 2246 exhibitis,
1830 2205 1917 2238 aliis-

1180 2270 1242 2304 que
1266 2260 1421 2300 videndis,
1451 2259 1641 2292 auctoritate
1667 2257 1855 2302 apostolica,
1874 2262 1917 2290 te-

1181 2325 1257 2347 nore
1279 2312 1508 2356 praesentium,
1533 2312 1736 2345 decernimus
1755 2317 1787 2344 et
1811 2310 1916 2343 decla-

1181 2377 1288 2399 ramus
1315 2377 1378 2398 non
1405 2366 1502 2398 licere
1537 2365 1686 2397 fratribus
1720 2363 1916 2401 Trinitariis,

1182 2424 1243 2451 tam
1259 2419 1425 2457 dictarum,
1440 2428 1533 2461 quam
1547 2418 1680 2450 aliarum
1695 2426 1916 2459 quarumcum-

1182 2482 1242 2514 que
1262 2471 1508 2514 provinciarum,
1524 2471 1567 2502 uti
1591 2471 1691 2513 cappa
1706 2469 1766 2501 nisi
1785 2468 1849 2501 albi
1868 2479 1916 2500 co<

1182 2525 1267 2563 loris,
1290 2526 1423 2566 excepta
1440 2529 1545 2556 tamen
1563 2522 1727 2566 provincia
1746 2521 1913 2562 Castellae‚

1182 2577 1212 2609 in
1235 2587 1295 2619 qua
1321 2578 1357 2609 ad
1385 2576 1617 2619 praescriptum
1638 2575 1816 2607 litterarum
1837 2584 1916 2616 poe-

1919 207 1967 233 Λη.
1984 207 2012 233 C.
2035 202 2102 234 ¹666

1946 583 2087 609 Suppuratio,

1947 896 2026 916 Statuit
2042 899 2062 917 ut
2084 897 2104 916 in

1920 923 2012 943 rubrica.
