2247 3208
217 152 267 180 Aa.
291 152 318 179 C.
340 151 405 179 1667

235 1057 265 1088 un
274 1058 397 1092 exequutio·

212 1085 396 1157 lsssllitttl'sslfssf
410 1097 503 1131 huius
527 1097 629 1130 nostri
654 1097 794 1130 mandati
821 1104 851 1130 et
878 1097 1050 1140 praecepti,
1078 1103 1146 1130 toto

228 1144 254 1157 no
296 1143 362 1163 magt!
374 1144 396 1158 ΓΟ

213 1166 377 1185 attenuatum.
408 1150 496 1184 illius
511 1156 624 1184 tenore
642 1151 776 1191 inserto,
792 1150 953 1193 publicam
968 1150 1148 1183 attestatio-

360 1228 365 1232 .
409 1214 483 1236 nem
515 1204 553 1236 ad
588 1213 645 1236 nos
678 1203 895 1246 quantocitius
929 1203 1146 1235 transmittere

241 2008 353 2029 Decretum
371 2008 397 2029 ir·

214 2036 288 2057 titana.

238 2218 354 2239 Contrariis
365 2220 400 2240 -ἰο-

1038 151 1181 176 CLEMENS
1205 151 1235 176 lx
1259 151 1308 176 Pr.

1828 141 1891 174 (207

408 200 585 244 praefatam
612 200 809 233 devolvatur.
829 199 990 233 Notifieari
1017 210 1147 242 quoque
1192 199 1351 232 dictorum
1377 199 1546 243 hospitalis
1572 205 1604 233 et
1632 200 1762 242 linguae
1779 226 1786 238 ,
1820 199 1929 232 aliisve

408 252 537 285 curabis
563 258 594 285 et
618 253 787 285 mandabis
813 253 908 285 simul
927 258 958 285 et
975 253 1073 285 semel
1095 262 1147 283 su-
1168 272 1170 305 1
1190 252 1366 295 quibusvis,
1380 253 1475 285 etiam
1496 254 1686 293 iuramento,
1711 252 1930 286 confirmatio-

408 305 642 348 pranominatis
675 306 945 349 praeceptoribus
977 316 1035 338 seu
1059 316 1147 337 com-

408 358 618 392 mendatariis
631 364 663 391 ct
681 359 834 392 fratribus
861 358 1018 391 militibus
1043 363 1074 390 et
1094 368 1148 390 eo-

407 421 478 444 rum
504 411 637 444 cuilibet
662 412 892 454 personaliter,
921 422 976 443 seu
1002 410 1088 443 domi
1115 415 1146 442 et

407 463 440 496 in
465 463 720 496 domesticorum
756 463 906 496 manibus
940 462 1070 495 dimissa
1095 473 1147 495 co-

407 516 469 560 pia,
487 521 522 549 ut
542 517 731 559 praefertur,
751 517 845 559 quod,
872 516 994 548 eisdem
1013 525 1068 547 seu
1092 525 1147 547 eo-

408 579 478 601 rum
502 569 610 612 aliquo
636 568 883 602 contumacibus
908 567 1143 606 existentibus,

408 620 434 653 si
460 631 540 664 opus
562 621 657 653 suerit
674 627 880 654 contumaces
901 620 1036 653 ulterius
1055 619 1145 651 citari

411 681 442 708 et
463 674 603 712 moneri,
629 679 738 706 contra
763 673 850 716 ipses
870 672 1064 715 procedetur
1089 683 1147 715 per

410 726 550 760 edictum
566 737 624 759 seu
642 726 810 759 citationes
830 726 1005 768 affigendus
1023 726 1061 758 ad
1077 726 1147 758 loca

409 785 564 813 consueta
599 778 692 812 Urbis
717 780 880 822 praefatae
910 779 998 811 iuxta
1030 779 1145 821 stylum

407 832 572 866 Romanae
597 833 718 872 euriae,
743 843 832 875 quae,
856 832 901 864 sic
917 831 1039 872 astixae,
1059 832 1147 874 ipsos

408 891 440 920 et
464 895 578 919 eorum
604 885 782 928 quemlibet
801 884 944 918 afficiant
969 890 1001 917 et
1023 890 1148 917 arctent

407 940 544 984 perinde
562 950 597 972 ac
612 940 637 972 si
656 949 767 972 eorum
785 939 919 981 singulis
934 938 1148 982 personaliter

409 993 512 1026 sactae
530 998 626 1036 atque
644 992 811 1024 intimatae
830 992 975 1024 fuissent.

453 1045 467 1088 ἓ
492 1044 522 1078 2.
551 1045 594 1078 De
620 1047 767 1078 executa·
786 1049 894 1077 autem
922 1043 1145 1077 notificatione

408 1255 548 1293 curabis,
575 1255 771 1297 consignatis
797 1255 858 1287 tuis
885 1266 983 1298 super
1014 1255 1076 1288 hoc
1097 1256 1147 1287 lit-

407 1308 484 1342 teris
521 1308 640 1341 dilecto
673 1308 738 1341 titio
769 1308 928 1341 moderno
964 1309 1146 1351 inquisitori

406 1361 591 1394 haereticae
607 1360 769 1404 privitatis
786 1361 819 1393 in
836 1361 943 1394 insula
964 1362 1147 1405 supradicta

406 1414 599 1448 auctoritate
615 1415 792 1458 apostolica
813 1415 977 1458 deputato.
998 1415 1145 1448 Ceterum

407 1467 476 1509 tibi,
493 1473 527 1500 ut
545 1468 673 1501 easdem
692 1474 880 1511 praesentes
900 1468 1034 1507 litteras,
1049 1469 1147 1502 etiam

407 1521 530 1564 absque
557 1521 753 1554 dilectorum
771 1520 910 1554 filiorum
931 1522 1058 1555 consilii
1083 1533 1148 1555 me-

406 1573 523 1606 morati
549 1573 720 1616 hospitalis
746 1583 915 1613 consensu,
942 1585 977 1607 ac
1003 1574 1089 1607 omni
1116 1580 1148 1607 et

407 1636 611 1670 quacumque
636 1629 736 1666 mora,
763 1627 1044 1669 tergiversatione,
1070 1639 1146 1660 con-

408 1679 612 1720 tradictione,
624 1680 856 1723 protestatione
870 1686 901 1712 et
914 1681 1145 1714 reclamatione

407 1733 537 1776 penitus
562 1738 593 1766 et.
613 1732 746 1766 omnino
772 1733 906 1766 remotis
932 1738 963 1766 et
989 1734 1147 1777 postposi-

408 1785 472 1826 tis,
505 1785 536 1818 in
570 1786 764 1818 cancellaria
796 1786 940 1819 eiusdem
973 1786 1145 1830 hospitalis

408 1838 580 1871 confestim
605 1839 774 1881 registrari
805 1844 837 1872 et
869 1840 1015 1873 annotari
1039 1846 1147 1873 aucto-

407 1891 503 1924 ritate
524 1894 635 1924 nostra
660 1891 836 1934 apostolica
863 1902 956 1924 cures
982 1897 1013 1925 et
1038 1893 1145 1933 facias,

409 1950 511 1986 motu,
537 1944 672 1977 scientia
696 1950 727 1977 et
752 1945 920 1988 potestatis
945 1945 1146 1988 plenitudine

408 1989 539 2042 paribus
558 1998 771 2040 iniungimus,
787 1998 915 2030 irritum
932 1999 1146 2032 decernentes

410 2056 443 2084 et
470 2051 567 2084 inane
600 2051 755 2095 quidquid
786 2062 879 2083 secus
915 2062 1015 2094 super
1048 2051 1098 2084 liis
1130 2063 1147 2085 a

411 2115 588 2148 quoquam,
623 2104 734 2147 quavis
768 2104 970 2143 auctoritate,
1004 2105 1147 2137 scienter

410 2159 461 2191 vel
479 2157 682 2200 ignoranter,
704 2157 879 2199 contigerit
904 2157 1068 2190 attentari.

454 2211 469 2254 ἓ
493 2210 622 2244 3.·Non
647 2211 861 2252 obstantibus,
883 2216 1042 2254 quatenus
1065 2221 1146 2254 opus

411 2263 473 2305 sit,
507 2266 618 2297 nostra
651 2270 683 2297 et
705 2264 918 2297 cancellariae
950 2264 1147 2308 apostolicae

411 2317 524 2360 regula
549 2317 588 2350 de
616 2316 685 2349 iure
716 2317 861 2360 quaesito
893 2327 958 2349 nou
991 2317 1164 2355 tollendo,¹

410 2370 547 2413 aliisque
573 2369 769 2413 apostolicis,
793 2380 828 2402 ae
852 2369 885 2402 in
910 2370 1147 2403 universalibus

1190 315 1229 336 ne
1258 305 1444 348 apostolica,
1472 307 1520 339 vel
1548 306 1656 349 quavis
1685 305 1835 338 firmitate
1867 306 1930 338 alia

1189 357 1366 397 roboratis,
1398 359 1523 391 statutis
1556 365 1586 391 et
1618 358 1926 398 consuetudinibus,

1189 410 1428 450 stabilimentis,
1454 411 1565 443 usibus
1590 417 1620 444 et
1647 411 1780 451 naturis,
1813 421 1849 444 ac
1877 422 1929 444 or-

1189 462 1844 506 dinationibuscapitularibus,privilegiis
1855 475 1929 507 quo-

1190 525 1262 557 que,
1278 515 1412 547 indultis
1430 521 1461 547 et
1478 515 1594 548 litteris
1611 517 1810 559 apostolicis,
1828 522 1890 550 tam
1909 528 1926 549 a

1190 567 1291 600 felicis
1310 567 1542 601 recordationis
1560 568 1614 601 Pio
1631 569 1714 611 Papa
1729 569 1776 609 lV,
1798 580 1891 613 quam
1911 581 1928 602 a

1190 620 1355 662 quibusvis
1369 620 1439 652 aliis
1452 621 1604 653 Romanis
1614 621 1822 654 Pontificibus
1837 632 1929 664 prae-

1191 673 1415 705 decessoribus
1442 673 1561 705 nestris
1587 679 1618 706 et
1643 674 1723 707 Sede
1752 674 1928 716 praedicta,

1190 725 1285 757 etiam
1311 725 1433 758 eisdem
1459 726 1611 769 hospitali
1641 732 1673 759 et
1697 727 1826 769 linguae
1842 753 1849 766 ,
1874 738 1929 760 eo-

1190 789 1326 821 rumque
1343 789 1459 822 magno
1472 780 1627 821 magistro
1649 784 1681 812 et
1696 779 1880 819 conventui,
1892 790 1930 813 ac

1191 831 1343 864 fratribus
1359 838 1390 864 ct
1403 833 1551 875 personis
1567 833 1775 875 quibuslibet,
1788 833 1847 865 sub
1864 833 1930 876 qui-

1190 884 1389 927 buscumque
1415 885 1588 917 verborum
1613 886 1783 918 tenoribus
1807 891 1840 918 et
1866 886 1930 918 sor-

1192 937 1260 976 titis,
1287 947 1323 969 ac
1348 947 1420 970 cum
1445 938 1615 980 quibusvis
1641 938 1736 970 etiam
1761 938 1930 981 derogato-

1191 990 1312 1022 riarum
1338 990 1570 1032 derogatoriis‚
1604 991 1739 1034 aliisque
1769 990 1930 1025 efficacio-

1191 1042 1279 1075 ribus
1306 1048 1338 1075 et
1362 1043 1433 1075 aliis
1454 1043 1606 1084 decretis,
1625 1044 1657 1076 in
1683 1055 1801 1086 genere
1822 1045 1870 1077 vel
1896 1045 1929 1077 in

1190 1096 1307 1139 specie,
1334 1096 1428 1129 etiam
1455 1096 1735 1137 consistorialiter,
1762 1108 1797 1130 ac
1824 1103 1926 1137 motu,

1191 1148 1324 1182 scientia
1348 1154 1379 1181 et
1404 1149 1568 1192 potcstatis
1594 1150 1793 1192 plenitudine
1818 1151 1930 1184 simiti-

1190 1201 1262 1241 bus,
1290 1207 1342 1234 aut
1362 1202 1439 1234 alias
1465 1202 1710 1245 quomodolibet
1733 1203 1765 1235 in
1798 1209 1930 1236 contra·

1191 1255 1275 1287 rium
1292 1254 1553 1298 praemissorum
1571 1256 1742 1295 concessis,
1766 1256 1929 1289 confirma·

1191 1308 1238 1348 tis,
1258 1313 1289 1340 et
1307 1307 1577 1350 quantiscumque
1595 1307 1715 1340 vicibus
1741 1309 1929 1352 approbatis

1191 1366 1221 1393 et
1238 1360 1547 1410 innovatis-‚guibus
1568 1361 1718 1393 omnibus
1735 1367 1767 1394 et
1783 1362 1929 1405 singulis,

1190 1413 1313 1446 etiamsi
1339 1424 1399 1456 pro
1428 1412 1558 1446 illorum
1593 1414 1765 1447 sufficienti
1795 1415 1930 1459 deroga-

1192 1467 1277 1499 tione
1303 1466 1342 1499 de
1367 1466 1431 1499 illis
1456 1476 1635 1509 eorumque
1661 1468 1734 1501 totis
1761 1469 1929 1502 tenoribus

1190 1520 1349 1564 specialis,
1365 1519 1524 1563 specifica,
1540 1531 1693 1564 expressa
1705 1527 1737 1553 et
1749 1521 1926 1562 individua,

1189 1584 1225 1606 ac
1250 1574 1289 1606 de
1316 1574 1416 1606 verbo
1435 1573 1474 1606 ad
1492 1574 1639 1613 verbum,
1659 1584 1726 1607 non
1745 1580 1852 1607 autem
1868 1586 1930 1619 per

1189 1627 1348 1659 clausulas
1373 1627 1542 1669 generales
1575 1627 1663 1660 idem
1694 1627 1927 1671 importantes,

1190 1679 1310 1712 mentio
1325 1690 1378 1712 seu
1395 1680 1528 1722 quaevis
1544 1680 1606 1713 alia
1621 1681 1789 1724 expressio
1805 1681 1929 1715 haben-

1190 1733 1229 1766 da
1248 1738 1299 1766 aut
1317 1734 1425 1776 aliqua
1441 1733 1503 1766 alia
1518 1733 1675 1776 exquisita
1692 1734 1793 1767 forma
1810 1735 1849 1768 ad
1868 1735 1930 1768 hoc

1189 1787 1347 1819 servanda
1373 1786 1466 1827 soret,
1485 1787 1615 1819 illorum
1632 1793 1771 1828 tenores,
1798 1789 1926 1829 formas,

1190 1850 1301 1872 causas
1335 1845 1367 1872 et
1397 1839 1584 1873 occasiones
1617 1841 1840 1883 praesentibus
1869 1852 1928 1885 pro

1189 1894 1287 1935 plene
1318 1898 1350 1924 et
1373 1891 1569 1925 sufficienter
1587 1893 1746 1935 expressis
1771 1905 1807 1927 ac
1831 1893 1930 1927 inser-

1190 1945 1250 1985 tis,
1287 1944 1419 1978 servatis
1452 1950 1484 1977 et
1519 1945 1712 1988 specificatis
1752 1946 1929 1989 respective

1191 1998 1360 2038 babentes,
1387 1997 1452 2031 illis
1479 1998 1557 2031 alias
1583 1998 1616 2030 in
1641 2008 1699 2031 suo
1718 2000 1836 2032 robore
1858 2009 1931 2045 per-

1190 2052 1360 2091 mansuris
1375 2051 1413 2084 ad
1428 2052 1681 2095 praemissorum
1696 2052 1854 2092 effectum,
1869 2054 1930 2086 hae

1190 2105 1257 2137 vice
1272 2105 1450 2145 dumtaxat,
1464 2105 1648 2148 specialiter
1666 2110 1697 2137 et
1715 2116 1864 2148 expresse
1878 2107 1928 2139 de·

1189 2168 1354 2200 rogamus,
1385 2158 1563 2201 ceterisque
1595 2158 1766 2190 contrariis
1798 2159 1930 2202 quibus-

1190 2222 1337 2254 cunique.

1233 2263 1345 2296 Datum
1371 2263 1501 2303 Romae,
1526 2263 1611 2306 apud
1640 2262 1671 2296 S.
1703 2263 1833 2297 Mariam
1866 2264 1929 2298 Ma-

1191 2315 1312 2355 iorem,
1347 2316 1405 2348 sub
1440 2317 1563 2348 annulo
1595 2316 1786 2358 Piscatoris,
1821 2318 1871 2351 die
1909 2328 1928 2351 v

1191 2369 1375 2402 novembris
1403 2377 1565 2409 MDCvan,
1588 2369 1793 2412 pontificatus
1823 2370 1927 2404 nostri

410 2422 727 2466 provincialibusque
739 2427 770 2454 et
782 2421 991 2465 synodalibus
1004 2422 1148 2455 conciliis
1192 2432 1276 2454 auno
1290 2432 1312 2454 1.

411 2475 516 2515 editis,
541 2475 747 2518 generalibus
771 2476 821 2508 vel
844 2475 1046 2518 specialibus,
1071 2486 1149 2507 cou-

411 2528 631 2562 stitutionibus
658 2534 690 2561 et
713 2528 974 2571 ordinationibus
989 2555 996 2569 ,
1018 2538 1148 2562 necnon

1227 2484 1283 2510 Dat.
1301 2483 1345 2510 die
1361 2483 1378 2510 5
1394 2482 1547 2511 novembris
1566 2484 1642 2518 1057,
1660 2484 1754 2519 pontif.
1774 2493 1844 2513 anno
1859 2491 1876 2513 1.

1938 148 1987 176 An.
2009 147 2037 176 C.
2058 147 2123 176 ¹667
