2247 3208
199 205 249 233 An.
270 205 301 234 c.
325 205 393 234 1667
441 197 504 231 fite

398 255 615 298 praesentium
630 254 792 286 dumtaxat
806 254 1070 296 consequendum
1081 254 1135 285 lia-

399 319 467 340 rum
493 307 577 340 serie
604 307 808 339 absolventes
834 312 862 338 et
886 307 1047 339 absolutas
1066 307 1134 339 sore

398 364 592 397 0005011105,
626 358 809 391 huiusmodi
843 359 1135 402 supplicationibus

399 412 553 449 inclinati,
580 412 618 443 de
644 416 896 444 memoratorum
922 411 1135 444 cardinalium

398 464 557 502 consilio,
593 469 624 496 et
656 468 779 496 attento
812 464 896 507 quod
923 464 1007 496 dicta
1040 464 1134 496 sedes

397 516 588 558 episcopalis
603 516 859 558 Portalegrensis
874 517 981 549 adhuc
993 516 1031 549 de
1045 527 1135 559 prae-

397 569 478 600 senti
506 573 604 607 vacat,
623 568 810 601 discretioni
826 573 898 600 tuac
912 579 972 610 per
988 578 1136 611 praesen-

399 626 445 652 tes
471 620 701 653 committimus
727 625 759 653 et
775 621 974 660 mandamus,
994 627 1036 661 ut,
1055 621 1136 653 veri-

399 673 499 705 ficatis
518 684 626 706 coram
637 678 667 706 te
679 673 839 716 precibus,
849 674 1012 717 praefatos
1024 684 1135 707 omnes

398 732 429 758 et
454 726 599 768 singulos
625 726 771 758 subditos
795 726 1006 759 dioecesanos
1026 727 1137 760 Porta-

398 780 565 821 legrenses
584 790 600 810 a
617 778 810 821 supradictis
828 779 1000 811 abbatibus
1021 779 1059 811 ad
1080 780 1137 811 iri-

398 841 496 863 nores
523 831 653 863 ordines
678 836 854 873 promotos,
881 836 915 863 ut
939 832 1133 874 praefertur,

399 884 570 927 dictosque
585 889 797 926 exponentes,
815 884 840 916 si
856 884 919 917 1100
934 889 994 916 ate
1010 885 1136 916 humili-

399 943 449 969 ter
466 937 626 979 petierint,
646 937 796 979 imposita
814 936 859 968 eis
880 937 1058 979 respective
1076 948 1135 980 pro

399 989 586 1031 praemissis
611 988 746 1021 arbitrio
772 993 828 1020 tuo
854 988 960 1031 aliqua
988 989 1137 1031 peniten-

400 1042 442 1074 tia
468 1042 608 1082 salutari,
634 1053 651 1074 a
676 1042 821 1074 censuris
840 1047 872 1074 et
896 1042 1010 1084 poenis
1035 1043 1137 1075 eccle-

401 1094 536 1127 siasticis
551 1095 760 1137 quibuslibet,
778 1104 855 1137 quas
872 1099 1007 1138 propter
1024 1095 1136 1127 eadem

400 1147 577 1189 praemissa
595 1147 708 1189 quovis
726 1147 823 1180 modo
842 1146 1061 1187 incurrerunt,
1080 1158 1135 1180 seu

400 1199 576 1232 incurrisse
604 1199 685 1240 dici,
719 1199 866 1238 censeri,
892 1201 940 1232 vel
966 1200 1135 1242 praetendi

400 1257 534 1295 possent
568 1252 767 1295 respective,
807 1252 997 1285 auctoritate
1028 1255 1137 1285 nostra

400 1304 592 1347 apostolica,
613 1315 672 1348 pro
690 1310 745 1337 tuo
763 1304 895 1337 arbitrio
921 1310 951 1337 et
971 1305 1137 1338 conscien-

401 1358 452 1397 tia,
486 1358 585 1399 gratis
611 1358 757 1390 absolvas
782 1362 813 1389 et
832 1358 975 1390 totaliter
1000 1358 1134 1397 liberes,

401 1410 569 1453 dictasque
594 1421 713 1453 poenas
740 1410 786 1442 eis
817 1410 958 1451 gratiose
990 1411 1134 1443 remittas

401 1469 433 1496 et
457 1464 637 1503 condones,
664 1475 699 1496 ac
725 1474 796 1496 cum
821 1464 898 1507 ipsis
929 1465 1077 1497 omnibus
1106 1470 1137 1497 et

402 1517 538 1559 singulis
572 1527 670 1560 super
702 1516 946 1559 irregularitate,
973 1528 1033 1561 per
1060 1529 1134 1557 eos,

401 1570 477 1611 quia
503 1569 650 1601 censuris
677 1570 859 1603 huiusmodi
885 1576 1018 1613 propter
1045 1581 1137 1613 prae-

400 1622 496 1654 missa
521 1622 664 1655 innodati
689 1622 722 1654 in
747 1623 812 1655 51115
837 1623 1018 1666 respective
1051 1624 1138 1656 ordi-

400 1675 507 1715 nibus,
534 1686 599 1707 non
626 1680 733 1708 tamen
758 1675 790 1707 in
822 1681 1044 1719 contemptum
1075 1678 1138 1709 cla-

401 1728 499 1767 vium,
513 1728 738 1760 ministrarunt
752 1738 807 1760 seu
821 1728 898 1761 alias
915 1729 1029 1762 divinis
1047 1740 1080 1762 se
1095 1729 1139 1761 in-

402 1787 592 1822 gessemnt‚
620 1781 864 1823 quomodolibet
889 1785 1067 1821 contracta,
1095 1783 1138 1814 ita

401 1838 433 1865 ut
456 1833 511 1865 1110
532 1838 563 1865 et
582 1833 699 1866 iisdem
717 1834 906 1876 praemissis
927 1845 992 1868 non
1013 1835 1138 1868 obstan-

402 1886 497 1925 tibus,
513 1887 688 1919 dummodo
704 1888 829 1920 1111111101
847 1888 934 1920 aliud
949 1888 1139 1921 canonicum

402 1940 446 1972 eis
472 1940 579 1972 obstet
602 1940 881 1983 impedimentum,
906 1941 1047 1974 clericali
1066 1942 1140 1974 cba-

403 1998 535 2031 ractere,
563 2003 625 2035 quo
651 1992 729 2025 alias
746 1993 805 2025 1110
828 1994 959 2026 suerunt
979 1994 1138 2036 insigniti,

402 2044 553 2088 illiusque
571 2045 760 2088 privilegiis,
779 2056 815 2078 00
833 2046 991 2089 susceptis
1009 2057 1066 2089 per
1085 2057 1139 2079 cos

402 2098 525 2140 pariter
562 2098 640 2131 alias
673 2098 733 2130 rite
767 2098 948 2131 minoribus
981 2105 1013 2131 et
1042 2100 1140 2132 500115

404 2151 500 2183 etiam
534 2153 775 2195 presbyteratus
808 2153 975 2185 ordinibus
1002 2153 1063 2192 uti,
1091 2159 1141 2192 01,

403 2210 561 2246 0110100115
586 2215 641 2237 005
672 2206 815 2238 nondum
847 2206 1067 2248 susceperint,
1102 2207 1141 2239 ad

405 2255 492 2295 illos,
520 2256 545 2288 si
572 2257 610 2289 ad
636 2257 667 2289 id
694 2258 801 2290 idonei
826 2259 1049 2301 reperiantur,
1077 2269 1142 2291 501-

404 2309 481 2340 vatis
509 2309 586 2341 alias
612 2311 786 2349 servandis,
803 2311 993 2353 promoveri,
1016 2316 1047 2343 et
1067 2322 1143 2354 pro-

404 2361 483 2393 moti
510 2361 541 2393 in
566 2361 629 2394 illis
652 2362 746 2394 etiam
772 2363 804 2395 in
830 2363 937 2396 altaris
963 2363 1142 2396 ministerio

404 2413 586 2446 ministrare
613 2415 712 2447 libere
739 2421 771 2447 et
796 2416 882 2448 licite
900 2416 1027 2459 possint
1045 2421 1076 2448 01
1092 2426 1144 2448 va-

404 2468 500 2505 leant,
527 2468 703 2509 respective
730 2469 921 2501 auctoritate
948 2474 979 2501 01
1010 2468 1143 2501 arbitrio

405 2520 558 2562 praefatis
591 2520 777 2562 dispenses,
810 2532 932 2563 eosque
966 2528 997 2553 et
1029 2532 1143 2554 eorum

406 2572 582 2615 quemlibet
618 2573 655 2605 ad
694 2572 850 2605 clericatis·
882 2574 1078 2606 characteris
1113 2579 1145 2606 et

981 206 1081 230 RULLA
1086 207 1162 231 RmM
1185 206 1338 231 ROMANUM

1178 254 1329 286 ordinum
1350 253 1534 287 huiusmodi
1553 255 1738 289 exercitium
1759 255 1912 288 adversus

1177 306 1356 348 praemissa
1374 307 1485 339 eadem
1500 307 1689 340 auctoritate
1706 307 1909 340 rehabilites.

1221 358 1235 401 ἓ
1258 358 1290 390 4.
1318 358 1388 391 Non
1414 359 1630 399 obstantibus,
1655 364 1813 402 quatenus
1831 369 1912 402 opu}

1177 410 1226 451 sit,
1249 413 1357 445 nostra
1374 418 1405 445 et
1423 412 1633 445 cancellariae
1652 413 1846 455 apostolicae
1864 422 1913 443 re-

1178 465 1251 507 gula
1280 465 1319 498 de
1347 465 1518 508 promotis,
1548 465 1685 508 aliisque
1713 465 1911 508 apostolicis,

1178 517 1263 549 acin
1287 517 1522 550 universalibus
1542 517 1859 561 provincialibusque
1880 522 1913 550 et

1179 569 1388 613 synodalibus
1410 570 1554 603 conciliis
1575 570 1688 610 editis,
1708 570 1913 612 generalibus

1178 623 1227 654 vel
1246 622 1449 665 specialibus,
1471 622 1758 655 constitutionibus
1775 627 1806 655 et
1827 622 1914 655 ordi-

1179 674 1375 716 nationibus,
1395 674 1576 718 ceterisque
1591 674 1763 708 contrariis
1781 674 1914 718 quibus-

1178 738 1325 770 01000110.

1220 780 1334 813 Datum
1358 781 1495 821 Romae,
1521 781 1605 824 apud
1630 781 1661 814 S.
1692 780 1822 814 Mariam
1852 781 1915 814 Ma—

1178 833 1295 872 iorem,
1322 835 1380 866 sub
1412 835 1531 867 annulo
1564 834 1754 873 Piscatoris,
1785 834 1837 867 die
1868 845 1911 867 ΧΠ

1179 886 1359 918 decembris
1384 896 1551 928 MDCvan,
1576 887 1784 930 pontificatus
1809 887 1912 920 nostri

1179 947 1264 970 anno
1291 948 1312 970 L

1213 998 1272 1026 Dat.
1293 998 1336 1026 die
1358 999 1389 1026 12
1408 998 1560 1026 decembris
1582 999 1658 1034 1667,
1679 1008 1749 1027 anno
1769 1006 1786 1026 1.

1512 1141 1574 1174 XL.

1181 1219 1391 1261 Confirmatio
1426 1220 1657 1262 definilz'onum
1693 1220 1833 1254 duorum
1864 1231 1915 1254 ra-

1220 1266 1404 1315 pi'lulorum
1424 1273 1630 1316 qeneralium
1659 1275 1916 1315 conqreqatonis

1222 1325 1407 1368 Hispaniae
1421 1326 1645 1358 monachorum
1662 1325 1795 1359 Ordinis
1813 1327 1918 1358 sancli

1222 1378 1391 1410 Benedicti
1414 1379 1500 1410 circa
1525 1378 1690 1410 electiones
1707 1379 1918 1410 intermedias

1223 1429 1264 1462 ad
1289 1430 1443 1470 abbatias,
1467 1441 1551 1473 quae
1573 1431 1659 1463 incer
1674 1431 1917 1463 celebrationem

1223 1484 1322 1515 tertius
1340 1487 1367 1515 et
1385 1483 1521 1515 allerias
1541 1483 1681 1525 capituli
1691 1483 1853 1525 qeneralis
1865 1493 1919 1515 vn-

1224 1540 1306 1576 canl,
1318 1537 1493 1579 factarum,
1516 1546 1588 1568 cum
1603 1536 1725 1569 decreto
1745 1536 1830 1579 quod
1847 1537 1917 1568 md-

1225 1588 1352 1621 latenas
1378 1589 1502 1621 mutari
1523 1589 1647 1631 possin!
1680 1589 1800 1632 absque
1827 1588 1918 1622 Sedis

1224 1642 1247 1675 A
1253 1641 1425 1684 postoll'cae
1444 1641 1579 1685 speciali
1601 1640 1755 1684 facultate
1767 1640 1786 1674 ¹.

1393 1721 1525 1748 Clemens
1547 1721 1625 1754 Papa
1645 1721 1699 1750 lx.

1300 1765 1336 1792 ati
1361 1767 1536 1799 perpetuam
1555 1766 1599 1792 rei
1620 1765 1799 1792 memoriam.

1226 1836 1240 1878 ᾗ
1265 1836 1296 1867 ¹1.
1323 1835 1432 1878 Nuper
1456 1845 1515 1878 pro
1540 1841 1632 1878 parte
1661 1835 1853 1868 dilectorum
1885 1834 1920 1866 tt-

1183 1888 1299 1921 liorum
1327 1888 1561 1926 monachorum
1584 1888 1846 1930 congregationis
1866 1887 1920 1920 Hi-

1183 1941 1312 1983 spaniae
1338 1940 1465 1973 Ordinis
1490 1940 1592 1974 sancti
1627 1940 1792 1973 Benedicti
1828 1939 1920 1972 nobis

1183 1994 1364 2037 expositum
1381 1994 1449 2034 suit,
1466 1994 1550 2036 quod
1576 1994 1607 2025 in
1622 1993 1763 2036 capitulo
1777 1991 1921 2035 generali

1185 2047 1289 2079 1110100
1322 2046 1583 2089 congregationis
1610 2056 1695 2078 anno
1727 2055 1843 2079 nncmu
1872 2055 1922 2077 ce-

1184 2100 1308 2132 lebrato
1335 2100 1416 2132 sacta
1442 2100 1501 2131 suit
1530 2098 1674 2131 definitio
1708 2098 1828 2131 tenoris
1867 2097 1921 2140 qui

1185 2152 1343 2195 sequitur,
1369 2152 1539 2185 videlicet:
1561 2164 1573 2182 11
1588 2151 1725 2193 Insuper
1744 2150 1920 2193 capitulum

1185 2206 1340 2247 generale
1352 2204 1494 2237 decrevit
1511 2204 1686 2237 electiones
1702 2203 1922 2243 intermedias,

1185 2257 1413 2299 contingentes
1437 2257 1520 2289 inter
1545 2256 1722 2300 capitulum
1743 2261 1774 2288 et
1798 2255 1922 2298 capitu·

1187 2311 1252 2342 lum
1272 2311 1436 2352 generale,
1458 2309 1527 2341 fieri
1548 2320 1565 2341 0
1587 2307 1856 2341 reverendissimo
1872 2316 1924 2350 pa-

1187 2368 1234 2395 tre
1268 2368 1379 2395 nostro
1415 2361 1558 2404 generali
1595 2362 1683 2393 iuxta
1716 2360 1856 2403 priorem
1892 2364 1925 2391 01

1187 2415 1377 2458 dispositam
1400 2414 1642 2448 constitutionis
1666 2412 1922 2451 ordinationem,

1187 2478 1264 2511 quas
1294 2478 1310 2499 a
1335 2468 1464 2500 Summo
1490 2466 1652 2500 Pontefice
1677 2466 1775 2498 Paulo
1799 2464 1822 2497 V
1847 2474 1925 2497 con-

1224 2583 1233 2608 1
1259 2581 1292 2608 Ex
1314 2582 1418 2617 Regest.
1440 2582 1464 2607 in
1485 2581 1584 2607 Secret.
1607 2581 1687 2607 Brev.

1919 204 1966 231 An.
1986 204 2016 230 C.
2039 203 2104 230 ⁴667

1952 368 2042 393 Dei-oga!
2058 373 2107 388 cou-

1923 397 2003 415 tranis.

1987 1841 2114 1862 asseruntur

1932 1868 2065 1889 definitiones
2080 1873 2117 1887 ca-

1931 1895 2045 1921 pitulorum
2079 1900 2117 1919 ge-

1931 1921 2042 1941 nei-atium.
