2247 3208
183 212 236 241 An.
253 210 280 238 c.
305 209 370 237 {663
418 201 482 233 144

225 1790 379 1816 Ptenipotentia

198 1817 320 1837 conceditur
327 1818 349 1837 ut
358 1822 379 1836 m

199 1843 293 1865 rubrica.

385 256 526 290 motibus
550 253 624 286 inde
649 251 786 291 exortis,
816 249 924 292 regiae
953 248 1136 291 dignitatis¹

383 309 508 348 intuitu,
523 307 656 350 paterna
673 303 844 337 dilectione
862 301 1117 345 compescendis,

382 361 573 406 penitusque
590 356 752 397 sedandis,
770 366 837 389 non
855 356 958 389 solum
975 354 1119 389 cordium

382 411 548 447 scrutatori
571 410 646 450 Deo,
672 409 728 442 sed
745 407 902 441 universis
921 407 1018 440 etiam
1032 406 1118 439 chri-

385 464 575 499 stifidelibus
587 467 618 495 et
626 460 826 506 principibus
839 459 1016 500 catholicis,
1026 469 1119 503 prae-

382 516 484 561 cipuis
504 513 663 548 Ecclesiae
680 513 766 554 filiis,
788 514 965 546 contestata
981 512 1044 545 side
1061 522 1119 545 no-

381 570 502 604 tissima
526 573 609 601 sunt.
630 566 715 606 Quae
729 566 842 599 maiori
856 565 888 598 in
907 565 975 598 dies
993 565 1118 598 fervore

382 625 617 667 prosequentes
639 624 675 651 ut
699 628 831 662 gregem
852 622 980 651 nostrae
1011 622 1119 650 custo-

383 676 454 710 diae
478 672 685 708 commissum
709 671 743 704 in
764 673 886 704 summa
908 681 1015 703 rerum
1032 675 1119 703 tran-

383 728 543 773 quillitate
569 729 729 758 servatum
752 723 863 757 Datori
887 732 980 756 verae
1004 723 1092 766 pacis
1108 749 1115 763 ‚

384 781 438 825 qui
462 789 562 823 usque
586 778 620 811 in
644 776 741 809 finem
758 776 870 809 dilexit
886 785 954 816 nos,
972 775 1119 808 illaesum

384 844 455 868 cum
469 833 599 866 foenore
613 830 734 873 gratiae
752 828 890 862 fideliter
903 828 1117 869 restituamus,

384 888 521 922 libenter
546 884 725 928 accepimus
744 882 884 925 desuper
900 886 970 914 acta
986 880 1117 914 Parisiis

385 951 443 985 per
467 938 602 972 dilectos
628 936 712 969 filios
736 933 916 978 principum
945 933 1119 966 catholico-

385 1003 455 1027 rum
478 990 639 1025 ministros
662 988 764 1032 gratia
791 987 954 1031 publicam
979 986 1120 1030 quietem

386 1042 604 1083 conservandi,
629 1046 673 1083 ut,
691 1040 778 1074 omni
798 1040 968 1074 formidine
985 1039 1018 1071 in
1034 1038 1120 1072 chri-

386 1099 487 1133 stiana
518 1094 683 1139 republica
713 1103 845 1137 prorsus
875 1092 1015 1131 sublata,
1046 1101 1121 1124 vera

387 1162 448 1196 pax
484 1151 614 1189 floreat,
651 1152 827 1191 nostraque
859 1151 1006 1189 tempora
1035 1144 1119 1178 felici

387 1205 565 1239 animarum
607 1201 780 1235 concordia
819 1205 852 1234 et
888 1199 1120 1243 tranquillitate

389 1258 552 1297 fruantur,
579 1266 690 1289 eorum
714 1255 818 1288 zelum
842 1263 878 1287 ac
911 1253 1064 1296 pietatem
1088 1252 1121 1284 in

389 1311 451 1345 hoc
474 1308 750 1344 commendantes.
785 1307 921 1350 Visaque
951 1311 1123 1350 propterea

388 1362 621 1406 subscriptione
646 1360 685 1394 ab
710 1359 831 1393 eisdem
849 1359 938 1399 facta,
957 1369 1020 1402 qua
1039 1358 1072 1391 in
1089 1369 1122 1391 se

389 1416 475 1460 ipsos
490 1424 596 1448 curam
610 1417 829 1456 susceperunt,
852 1411 938 1455 quod
957 1411 1010 1444 hie
1027 1411 1123 1444 etiam

390 1468 618 1503 convenienter
654 1465 789 1500 satisfiet
823 1464 991 1508 postulatis
1027 1473 1124 1507 super

390 1522 523 1555 vallibus
554 1519 693 1554 Comacli
730 1524 761 1552 et
796 1519 913 1552 ducatu
941 1516 1121 1557 Castrensi,

392 1575 544 1619 quodque
575 1583 657 1613 nOS,
692 1572 746 1616 qui
771 1581 908 1615 aequum
941 1576 973 1604 et
1006 1570 1125 1603 iustum

391 1636 518 1670 semper
535 1625 719 1666 amavimus,
743 1624 852 1658 faciles
878 1623 998 1656 erimus
1018 1622 1053 1655 in
1073 1622 1123 1654 his

392 1678 618 1718 concedendiS,
646 1688 727 1721 quae
751 1676 872 1710 iustitia
897 1675 1064 1715 suadebit,
1090 1685 1126 1707 ac

393 1737 499 1765 rectae
524 1729 739 1764 conscientiae
764 1739 876 1762 norma
902 1727 1086 1772 permittet:

438 1784 452 1827 ᾗ
469 1783 501 1817 2.
520 1783 605 1823 Ideo,
620 1792 823 1826 summopere
840 1781 1006 1825 cupientes
1019 1779 1128 1813 omnia

395 1842 427 1870 et
450 1836 576 1879 singula
598 1846 657 1879 pro
683 1834 843 1868 communi
859 1835 946 1867 bono
965 1844 1001 1866 ac
1018 1832 1126 1866 stabili

396 1890 538 1924 omnium
563 1889 669 1933 quiete
687 1888 847 1932 componi,
876 1892 908 1920 et
930 1886 1049 1920 efficaci
1077 1896 1128 1918 ca-

397 1942 512 1976 rissimi
537 1942 595 1975 filii
620 1941 724 1974 nostri
754 1941 840 1983 regis
870 1939 1128 1973 christianissimi

399 1994 666 2038 interpositione¹,
686 2005 792 2038 quam,
813 1998 849 2026 ut
868 2003 926 2036 par
943 1998 1000 2032 est,
1021 1992 1129 2034 magni

400 2047 539 2088 facimus,
558 2052 712 2090 quantum
732 2047 765 2080 in
792 2046 928 2080 Domino
950 2056 1128 2089 possumus,

400 2100 585 2133 satisfacere
610 2102 773 2140 volentes,
799 2105 887 2133 motu
912 2099 1042 2143 proprio
1059 2125 1066 2139 ,
1093 2109 1131 2131 ex

401 2155 485 2187 certa
509 2153 644 2186 scientia
668 2158 700 2186 et
726 2155 848 2186 matura
879 2151 1129 2192 deliberatione,

401 2206 506 2250 deque
520 2207 715 2249 apostolicae
730 2207 900 2250 potestatis
918 2205 1130 2249 plenitudine,

402 2263 446 2300 te,
474 2259 513 2292 de
538 2259 628 2292 cuius
646 2259 720 2300 fide,
737 2259 913 2303 prudentia
933 2263 965 2292 et
984 2259 1017 2291 in
1034 2259 1132 2291 rebus

402 2311 537 2354 agendis
553 2312 743 2345 dexteritate
761 2312 935 2355 plurimum
949 2311 983 2344 in
996 2310 1133 2344 Domino

402 2363 603 2404 confidimus,
618 2375 716 2408 super
734 2364 935 2408 praemissis,
953 2370 984 2397 et
1001 2363 1134 2407 quibus-

403 2427 542 2460 cumque
567 2417 638 2450 aliis
663 2418 702 2450 ad
727 2428 838 2450 casum
858 2418 1041 2461 praefatum
1055 2427 1135 2461 quo-

404 2469 586 2503 modolibet
611 2474 643 2502 et
674 2470 954 2513 qualitercumque
985 2475 1136 2514 spectan-

439 2583 454 2611 1
476 2582 567 2610 Potius
586 2582 645 2618 lege
664 2583 875 2617 inici-positioni
889 2584 927 2618 (R.
947 2583 995 2617 τ.).

960 200 1138 225 BULLARIUM
1162 198 1312 224 ROMANL'M

1151 247 1236 281 tibus
1254 256 1434 291 eorumque
1451 246 1623 280 occasione
1647 246 1882 290 proponendis,

1151 299 1344 339 tractandis,
1370 298 1546 342 debitoque
1570 298 1635 332 fine
1651 326 1658 339 ,
1684 304 1720 332 ut
1744 299 1885 343 praemi-

1151 352 1260 392 simus,
1276 351 1520 391 concludemus,
1536 351 1568 383 in
1586 356 1734 384 nostrum
1748 356 1779 384 et
1792 351 1883 383 Sedis

1151 404 1359 447 Apostolicae
1384 403 1708 447 plenipotentiarium
1738 403 1885 436 nomina-

1151 467 1222 489 mus
1249 461 1282 489 et
1307 457 1511 499 deputamus,
1530 466 1566 488 ac
1582 460 1617 487 ut
1634 461 1748 488 nostro
1766 456 1886 489 dictae-

1152 520 1215 553 que
1240 509 1332 543 Sedis
1359 508 1491 542 nomine
1517 519 1589 541 cum
1613 508 1767 552 praefatis
1798 509 1884 551 regis

1151 561 1415 595 christianissimi
1440 571 1477 594 ac
1502 560 1686 604 principum
1710 561 1886 594 catholico-

1151 625 1222 647 rum
1246 614 1423 655 ministris,
1449 614 1589 657 ipsoque
1623 619 1721 655 rege,
1753 618 1785 646 et
1816 614 1885 646 aliis

1152 668 1425 712 quibuscumque,
1452 668 1490 700 de
1515 666 1704 710 praemissis
1735 666 1885 699 omnibus

1152 725 1184 754 et
1208 720 1346 763 singulis
1371 731 1477 763 agere,
1497 720 1677 763 eademque
1696 724 1836 752 tractare
1855 724 1887 752 et

1151 773 1356 813 concludere,
1383 784 1419 806 ac
1443 778 1637 816 perpetuam
1660 778 1693 805 et
1717 772 1888 805 inviolabi-

1151 826 1217 858 lem
1242 827 1473 859 conclusorum
1493 825 1758 858 observationem
1777 836 1815 858 ex
1832 836 1888 858 no-

1152 880 1219 910 stra
1244 878 1415 922 dictaeque
1441 878 1532 911 Sedis
1556 883 1649 922 parte
1674 879 1838 921 spondere
1857 883 1888 911 et

1152 930 1321 974 polliceri,
1349 931 1523 974 omniaque
1555 931 1680 974 pariter
1705 936 1737 963 et
1762 931 1888 973 singula

1153 983 1192 1016 de
1206 988 1238 1016 et
1252 993 1353 1026 super
1370 983 1561 1027 praemissis
1581 984 1699 1022 facere,
1727 982 1887 1026 perficere

1154 1040 1187 1068 et
1209 1036 1392 1076 absolvere,
1418 1035 1544 1068 etiamsi
1570 1035 1646 1068 talia
1668 1036 1783 1075 forent,
1805 1045 1887 1078 quae

1153 1088 1330 1132 specialem
1351 1094 1383 1122 et
1399 1089 1599 1122 individuam
1619 1089 1820 1121 mentionem
1839 1099 1890 1121 re-

1154 1141 1343 1186 quirerent,
1370 1141 1452 1175 nihil
1479 1141 1610 1174 omnino
1636 1141 1847 1184 excipiendo,

1198 1194 1260 1238 §3
1287 1194 1417 1238 Nosque
1444 1200 1476 1227 et
1499 1194 1616 1227 Sedem
1636 1194 1836 1237 praedictam
1850 1194 1889 1226 ad

1154 1247 1210 1281 illa
1235 1247 1444 1291 adimplenda
1461 1252 1492 1279 et
1509 1245 1662 1280 firmiter'
1685 1247 1889 1279 observanda

1155 1300 1244 1334 omni
1256 1300 1385 1333 meliori
1403 1305 1435 1333 et
1451 1300 1600 1333 validiori
1619 1300 1717 1332 modo
1732 1296 1889 1341 obligare,

1157 1355 1366 1397 desuperque
1392 1364 1505 1386 omnes
1532 1353 1711 1396 scripturas
1740 1362 1891 1384 necessa-

1156 1407 1220 1439 rias
1246 1411 1279 1440 et
1304 1406 1553 1450 quomodolibet
1588 1410 1789 1449 opportunas
1815 1415 1892 1437 con-

1157 1460 1267 1500 ficere,
1293 1464 1325 1493 et
1349 1459 1465 1493 confici
1484 1459 1590 1492 facere
1612 1463 1645 1491 et
1669 1457 1890 1498 subscribere,

1158 1512 1262 1545 libere
1288 1522 1324 1545 ac
1342 1511 1429 1545 licite
1448 1511 1555 1554 possis
1574 1516 1606 1544 et
1621 1511 1744 1551 valeas,
1759 1510 1891 1554 plenam

1159 1570 1191 1598 et
1215 1566 1355 1609 amplam
1381 1565 1580 1604 facultatem,
1603 1569 1718 1597 tenore
1736 1573 1893 1607 praesen—

1159 1618 1249 1659 tium,
1276 1618 1488 1651 concedimus
1514 1622 1547 1650 et
1570 1616 1788 1660 impertimur.

1203 1671 1217 1714 ξ
1236 1671 1268 1703 4.
1296 1671 1518 1704 Decernentes
1539 1670 1695 1709 validum,
1716 1668 1846 1701 firmum
1863 1674 1896 1701 et

1161 1723 1270 1756 efficax
1298 1724 1367 1756 fore
1394 1722 1552 1767 quidquid
1577 1721 1803 1766 praesentium
1836 1721 1896 1754 hu-

1160 1777 1300 1810 iusmodi
1332 1777 1443 1820 vigore
1469 1782 1503 1809 tu
1528 1776 1635 1819 egeris
1651 1802 1659 1816 ‚
1692 1775 1896 1818 tractaveris,

1161 1831 1364 1871 conveneris,
1381 1829 1582 1863 concluseris
1597 1834 1630 1861 et
1643 1828 1895 1872 subscripseris;

1162 1884 1193 1917 id
1226 1894 1322 1917 omne
1354 1888 1459 1916 ratum
1494 1887 1527 1915 et
1562 1886 1689 1924 gratum
1722 1881 1896 1922 habentes,

1163 1948 1289 1981 nosque
1316 1942 1348 1970 et
1371 1936 1488 1970 Sedem
1512 1936 1691 1980 praefatam
1716 1935 1757 1968 ad
1781 1944 1899 1978 perpe-

1165 1996 1253 2023 tuam
1276 1990 1362 2024 illius
1388 1988 1655 2023 observationem
1680 1987 1806 2029 teneri,
1831 1997 1897 2020 non

1164 2054 1259 2076 secus
1278 2054 1314 2076 ac
1329 2043 1355 2075 si
1370 2053 1387 2075 a
1401 2041 1566 2075 nobismet
1583 2040 1661 2084 ipsis
1679 2039 1900 2084 personaliter

1165 2101 1280 2135 actum,
1297 2099 1480 2134 tractatum,
1496 2093 1689 2137 pollicitum,
1708 2093 1898 2125 conclusum

1166 2153 1197 2182 et
1222 2147 1445 2191 subscriptum
1468 2146 1605 2185 fuisset,
1632 2146 1745 2188 sicque
1779 2150 1810 2178 et
1833 2154 1899 2177 non

1166 2201 1261 2234 aliter
1293 2200 1326 2232 in
1360 2198 1551 2243 praemissis
1583 2208 1643 2241 per
1673 2207 1900 2241 quoscumque

1166 2254 1291 2286 iudices
1315 2251 1501 2285 ordinarios
1530 2256 1562 2283 et
1586 2251 1769 2292 delegatos,
1804 2249 1902 2282 etiam

1167 2316 1341 2340 causarum
1366 2304 1479 2349 palatii
1511 2302 1683 2347 apostolici
1709 2302 1877 2335 auditores
1894 2328 1901 2342 ,

1168 2371 1205 2393 ac
1229 2359 1260 2393 S.
1280 2359 1318 2391 R.
1338 2359 1373 2391 E.
1400 2358 1595 2398 cardinales,
1623 2358 1722 2390 etiam
1743 2357 1782 2390 de
1800 2357 1903 2389 latere

1168 2415 1317 2456 legatos,
1344 2422 1472 2455 nosque
1504 2411 1594 2455 ipsos
1631 2416 1663 2444 et
1693 2419 1903 2443 successores

1171 2472 1314 2508 nostros,
1333 2477 1370 2499 ac
1389 2466 1507 2500 Sedem
1523 2465 1732 2510 praedictam,
1750 2469 1782 2497 et
1806 2473 1906 2507 quos-

1206 2582 1217 2609 1
1240 2580 1289 2608 Ed.
1299 2580 1378 2607 Mein.
1392 2579 1458 2615 legit
1469 2579 1606 2615 formiter
1619 2586 1668 2615 pro
1682 2577 1905 2614 firmiter(n.·r.).

1895 196 1945 223 An.
1963 196 1989 222 C.
2013 196 2079 224 ¹663

1936 1679 2054 1701 clausulae.
