2247 3208
965 243 1061 269 innsx
1086 244 1191 270 annun
1742 237 1805 272 859

309 292 519 341 Idelphonsus
544 297 702 332 Salizanes
727 299 871 332 minister
895 299 1054 343 generalis
1079 300 1213 333 fratrum
1239 300 1399 334 Minorum
1426 301 1528 334 sancti
1553 300 1716 335 Francisci
1735 302 1772 335 de
1792 302 1854 335 Ob-

401 353 570 394 servantist,
593 353 669 387 300.

310 405 513 440 Iesuatorum
539 407 745 451 congregatio
770 407 799 440 S.
822 407 1018 451 Hieronymi,
1045 408 1116 440 vide
1141 407 1363 451 Congregatio.

304 459 446 503 Ignatius
472 461 535 503 (S.)
560 461 727 494 Sociclalis
753 462 821 494 Iesu
847 461 1010 502 fundator,
1034 461 1096 494 110
1121 473 1158 501 [13
1179 463 1397 505 superioribus
1418 462 1550 496 Ordinis
1569 464 1693 497 nullum
1709 463 1854 507 praefixit

394 514 536 556 spatium
562 514 739 547 durationis
765 514 796 546 in
822 514 937 547 officiis
962 514 1011 547 vel
1035 515 1238 548 cesssationis
1264 516 1303 548 ab
1330 515 1422 559 ipsis,
1451 516 1511 549 110
1536 527 1554 549 ιι
1582 522 1612 549 et
1636 517 1673 558 b;
1698 517 1766 550 eius
1785 518 1854 550 olfi-

401 567 486 600 cium
512 566 571 600 sub
596 567 659 600 ritu
685 567 802 610 duplici
828 566 1068 609 celebrandum,
1090 567 1154 600 578
1173 569 1200 600 Ι).

307 619 470 664 Impositio
495 621 637 654 decimae
662 620 692 652 in
718 621 823 664 regnis
849 620 1001 654 Castellae
1027 626 1057 653 et
1081 621 1242 664 LegioniS,
1259 632 1293 654 ac
1312 622 1491 665 Aragoniae
1517 628 1546 655 et
1570 622 1743 662 Valentiae,
1770 623 1854 656 aliis-

397 684 472 717 que,
498 683 556 716 pro
580 683 654 716 rege
678 673 847 714 catholico,
876 673 912 705 71
943 673 979 713 b3
1014 674 1089 707 item
1116 685 1213 718 super
1238 674 1396 708 fructibus
1419 675 1644 710 ecclesiasticis
1669 686 1724 720 pro
1750 676 1854 719 Repu-

398 727 480 760 blica
507 728 645 767 Veneta,
669 726 728 760 601
757 737 776 759 α
802 732 832 760 ct
855 737 916 769 seq.
1419 729 1439 736 ''

307 780 472 824 Impositio
498 785 710 813 tercentorum
726 780 863 813 millium
888 786 1051 814 scutorum
1066 786 1212 814 monetae
1225 791 1322 823 super
1338 781 1431 815 bonis
1452 782 1603 815 undecim
1627 785 1851 826 congregatio-

399 844 475 866 num
502 832 696 876 regularium
723 842 780 876 pro
806 833 896 866 Sedis
921 833 1122 877 Apostolicae
1147 835 1402 876 necessitatibus,
1429 835 1493 868 147
1518 836 1545 868 b.

307 886 530 929 Incorporatio
561 886 748 929 provinciae
782 893 813 919 et
851 892 989 930 quatuor
1026 889 1295 922 monasteriorum
1326 890 1586 933 congregationis
1617 891 1849 924 canonicorum

396 939 427 973 S.
453 939 579 983 Georgii
600 940 632 972 in
656 940 734 984 Aiga
758 940 963 974 Veneti-arum
989 942 1019 973 in
1046 952 1142 985 regno
1160 942 1285 975 Siciliae
1315 943 1556 986 congregationi
1582 944 1769 977 eorumdem
1795 956 1845 977 ca-

395 993 587 1026 nonicorum
612 993 762 1033 Venetae,
787 992 829 1026 80
853 1005 891 1034 (z3
918 995 986 1027 ride
1011 994 1044 1027 S.
1073 995 1199 1038 Georgii
1225 996 1257 1027 in
1282 996 1370 1038 Alga.

306 1045 470 1080 Indiarum
497 1046 705 1080 Orientalium
731 1047 900 1080 missiones
926 1047 1145 1091 multiplieiter
1168 1049 1368 1091 regulantur,
1395 1049 1458 1083 816
1484 1060 1515 1087 α,
1543 1049 1605 1083 819
1633 1049 1648 1082 b
1673 1056 1702 1083 et
1726 1061 1787 1094 seq.

306 1099 507 1144 Indulgentia
532 1099 674 1142 plenaria
699 1105 853 1144 perpetua
878 1111 935 1143 pro
966 1100 1169 1135 visitantibus
1195 1102 1343 1136 ecclesias
1368 1103 1536 1136 Societatis
1561 1104 1633 1137 Iesu
1661 1105 1747 1138 sestis
1777 1115 1849 1138 san-

396 1159 520 1186 ctorum
538 1152 654 1196 Ignatii
671 1164 707 1186 ac
733 1153 892 1186 Francisci
914 1154 1039 1187 Xaverii
1061 1155 1212 1188 confessis
1241 1167 1277 1188 ac
1302 1157 1531 1190 communione
1558 1157 1692 1198 refectis,
1715 1157 1780 1191 184
1805 1169 1847 1198 α;

394 1206 447 1239 illa
482 1216 540 1249 pro
574 1207 654 1239 festo
689 1205 719 1239 S.
745 1206 905 1239 Francisci
940 1207 1059 1240 Xaverii
1100 1211 1289 1242 transfertur
1323 1219 1340 1241 a
1367 1210 1509 1243 secunda
1542 1210 1573 1242 in
1601 1211 1724 1243 tertiam
1762 1211 1848 1244 diem

398 1258 590 1299 decembris,
616 1258 681 1291 184
705 1259 732 1292 b.

306 1312 526 1356 Indulgentiae
550 1324 608 1357 pro
633 1313 897 1347 christifidelibus
922 1314 1028 1347 Status
1052 1315 1265 1349 Ecclesiastici
1290 1316 1394 1349 Italiae
1426 1316 1671 1361 insularumque
1702 1317 1850 1351 adiacen-

394 1367 473 1401 tium
498 1366 666 1400 orantibus
703 1377 760 1410 pro
796 1367 877 1400 felici
913 1367 1067 1401 electione
1103 1369 1186 1412 regis
1224 1370 1371 1404 Poloniae
1403 1382 1438 1403 ac
1470 1370 1659 1404 liberatione
1697 1371 1807 1405 Cretae
1832 1383 1849 1404 a

395 1419 519 1459 Turcis,
545 1419 608 1452 727
634 1419 668 1461 b3
693 1418 756 1452 730
782 1431 818 1460 α’,
842 1419 905 1453 782
932 1422 966 1461 b,
992 1427 1023 1454 et
1047 1422 1163 1455 iterum
1189 1422 1252 1456 807
1278 1424 1307 1456 b.

305 1472 526 1517 Indulgentiae
551 1479 747 1507 renovantur
771 1483 828 1516 pro
853 1473 952 1507 Indiis
976 1483 1147 1507 concessae
1171 1474 1210 1508 ad
1236 1475 1344 1518 viginti
1370 1486 1484 1517 annos,
1508 1475 1570 1509 750
1596 1476 1624 1509 b.

305 1526 469 1560 Indultum
493 1527 682 1560 nominandi
702 1526 741 1559 ad
759 1527 957 1560 cathedrales
975 1528 1126 1560 ecclesias
1146 1529 1332 1562 conceditur
1350 1529 1413 1571 regi
1433 1528 1710 1569 christianissimo,
1729 1529 1795 1562 324
1812 1542 1848 1569 a,

393 1579 456 1613 648
482 1591 502 1613 a
528 1585 558 1612 et
581 1590 652 1622 seq,
679 1579 755 1612 item
782 1579 820 1612 ad
846 1579 1016 1622 dignitates
1041 1580 1234 1619 abbatialeS,
1261 1588 1321 1615 etc.
1356 1581 1389 1614 in
1414 1582 1547 1625 Belgicis
1579 1582 1644 1615 suis
1670 1583 1848 1616 ditionibus

396 1633 454 1666 651
485 1633 502 1666 b
527 1638 557 1666 et
580 1643 641 1675 seq.

303 1686 441 1720 infirmis
466 1686 717 1720 Ministrantium
743 1686 856 1730 religio
882 1686 929 1720 vel
954 1687 1172 1730 congregatio,
1199 1687 1268 1720 vide
1293 1687 1537 1721 Ministrantinm
1560 1688 1709 1722 infirmis.

305 1740 478 1784 Inquisitor
502 1740 681 1773 haereticae
706 1740 869 1783 pravitatis
894 1752 911 1773 a
936 1740 1060 1773 civitate
1095 1747 1124 1773 et
1157 1741 1275 1773 ducatu
1308 1742 1480 1776 Mantuano
1514 1744 1677 1785 expulsus,
1712 1743 1775 1776 507
1804 1744 1844 1783 [¹3

395 1793 609 1827 committitur
640 1793 880 1837 archiepiscopo
911 1794 1106 1827 Ferrariensi
1143 1804 1311 1836 processus
1336 1801 1447 1828 contra
1476 1795 1718 1840 delinquentes,
1743 1797 1847 1837 2·bz‘d.;

394 1846 467 1879 item
492 1845 572 1880 alius
597 1846 768 1890 inquisitor
792 1859 809 1879 a
834 1846 976 1879 dominio
1006 1847 1151 1880 Ianuensi
1179 1847 1348 1890 expulsus,
1377 1847 1440 1881 808
1465 1848 1504 1889 [23
1543 1859 1712 1892 processus
1735 1855 1847 1882 contra

393 1899 589 1943 expulsores,
616 1899 693 1932 ibid.

302 1952 492 1986 Investitura
518 1953 601 1986 leudi
626 1952 793 1986 Montafiae
818 1952 930 1986 Carolo
955 1953 1128 1987 philiberto
1154 1953 1331 1997 Hyacinthe
1355 1955 1394 1987 de
1419 1954 1560 1987 Simiana
1580 1955 1758 1988 marchioni
1777 1956 1846 1989 Pla-

392 2006 546 2039 nitiarum
570 2006 774 2039 Taurinensis
800 2005 966 2043 dioecesis,
989 2005 1048 2038 495
1073 2017 1113 2046 α;
1139 2005 1216 2039 item
1241 2007 1425 2041 investitura
1453 2008 1650 2051 principatus
1676 2009 1842 2042 lllasserani

393 2065 423 2092 et
443 2059 612 2092 comitatus
638 2059 817 2102 Crepacorii
844 2059 1012 2092 Francisco
1037 2059 1198 2092 Ludovico
1219 2060 1363 2094 Ferrerio
1389 2061 1506 2101 Flisco,
1530 2060 1593 2093 622
1619 2073 1649 2094 α.

302 2111 435 2144 Ioannes
460 2111 602 2154 Baptista
634 2111 773 2156 Begiami
805 2112 943 2155 acquirit
975 2112 1104 2145 feudum
1136 2112 1325 2154 Montaliae,
1357 2113 1421 2146 405
1446 2114 1483 2154 bg
1515 2114 1719 2158 declaratque
1751 2115 1842 2148 illum

392 2165 597 2208 acquisivisse
624 2175 680 2208 pro
705 2165 816 2198 Carolo
840 2165 1011 2198 Emanuele
1040 2165 1215 2198 philiberto
1232 2167 1410 2210 Hyacinthe
1435 2167 1473 2200 de
1498 2167 1638 2200 Simiana
1657 2169 1842 2202 marchione

393 2217 614 2258 planitiarum,
643 2218 847 2251 Taurinensis
873 2218 1041 2258 dioecesis,
1067 2218 1131 2251 406
1156 2229 1175 2250 α
1200 2225 1231 2251 et
1250 2231 1314 2262 seq.

301 2269 434 2303 Ioannes
459 2271 598 2314 Baptista
624 2271 793 2304 cardinalis
819 2272 985 2312 Pallottus,
1013 2272 1181 2315 episcopus
1206 2273 1402 2314 AlbanensiS,
1428 2280 1589 2318 protector
1613 2278 1837 2318 congregatio-

391 2324 442 2356 nis
466 2323 657 2357 clericorum
696 2325 892 2367 regularium
927 2325 1097 2364 Minorum,
1126 2325 1188 2357 ‘199
1213 2325 1247 2362 b;
1285 2332 1445 2369 protector
1480 2327 1607 2361 Ordinis
1632 2330 1840 2363 eremitarum

390 2375 491 2407 sancti
517 2375 704 2418 Augustini,
731 2375 794 2409 289
813 2388 849 2415 cv,
873 2377 949 2410 item
974 2378 1145 2421 episcopus
1170 2379 1388 2419 Tusculanus,
1413 2380 1472 2413 531
1500 2381 1537 2421 b,
1561 2382 1610 2415 ius
1636 2383 1679 2415 illi
1703 2383 1840 2416 defendi-

388 2433 438 2460 tur
455 2427 494 2460 ad
511 2427 824 2461 administrationem
843 2431 1004 2474 cappellae
1023 2431 1055 2464 S.
1075 2431 1188 2464 Mariae
1206 2432 1331 2465 Maioris
1350 2433 1389 2465 de
1412 2433 1493 2467 Urbe
1521 2434 1560 2467 ad
1593 2435 1748 2479 praesepe
1772 2437 1836 2469 Do-

386 2480 465 2513 mini
483 2487 700 2524 nuncupatae,
719 2481 783 2514 672
801 2493 819 2515 a
839 2489 870 2515 et
887 2494 949 2526 seq.

296 2532 432 2566 Ioannes
456 2533 596 2577 Baptista
628 2533 667 2567 de
701 2534 829 2567 Morinis
861 2535 990 2568 Ordinis
1022 2537 1283 2570 Praedicatorum
1316 2539 1466 2581 magister
1497 2541 1676 2583 generalis,
1703 2540 1767 2574 302
1792 2552 1835 2580 α’,

386 2586 485 2629 ipsius
517 2586 640 2620 litterae
679 2588 716 2621 de
751 2588 946 2632 pertinentia
977 2589 1103 2631 collegii
1141 2589 1171 2622 S.
1208 2590 1362 2624 Ludovici
1392 2592 1650 2636 Angelopolitani
1682 2594 1721 2626 ad
1754 2605 1835 2626 con-

386 2644 513 2672 ventum
550 2639 580 2673 S.
608 2640 766 2674 Dominici
803 2641 953 2675 Mexicani
980 2647 1010 2675 et
1033 2643 1228 2686 provinciam
1266 2644 1296 2677 S.
1324 2644 1431 2678 lacohi
1469 2645 1597 2679 Ordinis
1622 2647 1832 2686 huiusmodi,
