2247 3208
100 169 152 196 An.
171 168 201 196 C.
224 168 292 195 1655

87 1651 201 1676 irritatque
213 1651 272 1677 qnis-

89 1677 139 1704 quid
159 1683 219 1697 ancus
243 1678 273 1697 fa-

89 1707 145 1725 ctum
162 1704 233 1724 suut-tt.

124 2231 214 2256 Dernssnt
231 2237 277 2251 rnn-

95 2260 173 2278 traria».

289 216 339 249 nis
366 226 398 248 et
419 215 604 254 interdicti,
639 215 774 258 aliisque
801 214 1027 247 ecclesiasticis

287 269 466 307 sententiis,
493 268 636 300 censuris
661 273 692 300 et
710 268 835 311 poenis,
853 278 871 299 a
889 267 957 299 iure
979 267 1027 299 vel

288 320 327 353 ab
354 321 496 359 homine,
524 320 634 363 quavis
660 320 832 352 occasione
857 320 906 352 vel
932 322 1027 352 causa

288 374 375 413 latis,
409 374 433 405 si
468 373 584 416 quibus
610 372 855 415 quomodolibet
879 371 1024 405 innodati

287 426 438 465 existunt,
464 426 502 459 ad
524 425 674 459 effectum
694 425 915 468 praesentium
934 425 1026 456 durn-

287 484 371 511 taxat
396 479 681 521 consequendum,
710 479 823 510 liarum
856 477 940 509 serie
976 476 1026 508 ab·

286 533 449 566 solventes
474 538 505 565 et
530 533 698 565 absolutos
724 532 791 564 sore
828 535 1023 570 censentes,

286 595 413 618 necnon
454 585 684 624 instrumenti,
725 584 1025 627 scripturarumque

287 638 472 671 huiusmodi
499 643 582 671 totos
608 643 747 676 tenores,
775 635 960 680 praemissis
981 642 1026 668 ta-

286 702 360 724 men
384 691 516 724 minime
549 689 749 729 contrarios,
780 700 816 722 ac
847 689 1024 727 ecclesiae,

286 750 462 777 conventus
496 749 527 776 et
561 750 664 776 terrae
689 743 885 786 petiolarum
914 741 1026 774 liuius-

286 797 371 830 modi
405 797 613 835 situationes,
646 795 809 835 confines,
847 794 1023 833 vocabula,

285 849 579 888 denominationes,
591 848 763 891 qualitates
777 854 808 880 et
827 848 1024 891 quantitates

284 903 511 946 praesentibus
535 912 596 945 pro
611 901 769 944 expressis
783 901 952 940 habentes,
971 901 1025 933 hu-

284 954 423 988 iusmodi
453 954 742 998 supplicationibus
768 954 936 991 inclinati,
963 953 1025 986 dis-

285 1008 423 1042 cretioni
465 1013 536 1040 tuae
577 1018 635 1051 per
683 1007 862 1050 apostolica
905 1007 1025 1050 scripta

284 1062 488 1102 mandamus,
505 1067 665 1104 quatenus
679 1061 923 1094 concessionem
936 1070 1025 1103 prae—

282 1115 411 1155 dictam,
437 1126 485 1153 ac,
510 1120 608 1157 prout
633 1124 704 1146 eam
730 1118 943 1149 concernunt,
972 1113 1026 1145 de-

282 1178 381 1211 super
398 1168 562 1200 consectas
583 1167 758 1209 scripturas
777 1177 813 1198 ac
831 1166 1025 1198 instrumen-

283 1225 349 1253 tum
371 1220 550 1264 praedicta,
573 1230 644 1252 cum
661 1219 812 1252 omnibus
834 1224 866 1251 ct
889 1219 1024 1260 singuli<

282 1273 356 1307 inde
377 1273 519 1315 legitime
539 1273 682 1315 sequutis
701 1278 731 1304 ct
749 1272 933 1315 sequendis,
955 1282 1025 1314 per—

282 1331 390 1369 petuo,
405 1326 473 1358 sine
492 1325 627 1359 alicuius
646 1325 852 1368 pracindicio,
870 1325 953 1357 dicta
971 1336 1024 1357 au-

282 1379 441 1418 ctoritate,
467 1378 629 1422 approbes
650 1389 685 1410 ac
705 1378 890 1416 confirmes,
917 1388 951 1410 ac
979 1379 1023 1411 eis

282 1437 458 1474 perpetuae
485 1436 516 1463 et
540 1431 735 1463 inviolabilis
753 1431 951 1473 apostolicae
972 1430 1023 1462 fir-

282 1484 401 1517 mitatis
427 1484 527 1516 robur
552 1484 696 1523 adiicias,
724 1495 858 1526 eamque
886 1483 1023 1516 validam

283 1543 315 1570 et
338 1536 501 1570 efficacem
527 1543 687 1580 perpetuo
715 1537 781 1569 l'ore
807 1542 837 1569 et
865 1547 956 1574 csse,
989 1547 1024 1568 ae

284 1590 324 1622 ab
349 1590 500 1622 omnibus
526 1589 571 1621 uti
598 1589 740 1631 legitime
768 1590 881 1621 factam
914 1589 1024 1622 obser-

284 1643 349 1675 vari
375 1648 406 1676 et
430 1642 598 1685 adimpleri
625 1643 755 1681 debere,
774 1643 895 1685 sicque,
911 1649 942 1675 et
960 1653 1024 1675 non

285 1695 375 1735 alias²
395 1705 453 1738 per
470 1705 691 1738 quoscumque
711 1694 831 1727 iudices
843 1695 1025 1727 ordinarios

286 1754 318 1780 et
352 1748 540 1790 delegatos,
577 1747 673 1781 etiam
709 1758 881 1780 causarum
914 1749 1023 1791 palatii

286 1801 455 1844 apostolici
482 1801 656 1841 auditores,
683 1812 719 1833 ae
743 1802 774 1833 S.
803 1801 839 1833 P..
866 1801 900 1833 E.
922 1801 1025 1833 cardi-

287 1855 397 1893 naleS,
423 1854 520 1887 etiam
554 1855 593 1887 de
626 1855 727 1887 latere
761 1856 904 1897 legatos,
946 1855 1027 1887 vice-

288 1909 430 1950 legatos,
457 1912 489 1940 et
519 1907 610 1940 Sedis
639 1908 841 1950 Apostolicae
873 1908 1025 1945 nuncios,

287 1966 318 1993 et
344 1960 474 2003 quosvis
500 1961 590 1999 alios,
617 1960 751 1992 iudicari
770 1966 803 1992 et
827 1960 955 1993 deliniri
974 1961 1027 1993 de-

289 2013 387 2053 bere,
421 2023 457 2045 ac
490 2013 648 2056 quidquid
681 2024 774 2046 secus
801 2014 973 2057 superbis
1009 2025 1026 2046 a

289 2076 471 2109 quoquam,
500 2066 611 2109 quavis
641 2067 848 2107 auctoritate,
886 2066 1027 2099 scienter

288 2120 339 2152 vel
355 2119 565 2161 ignoranter,
593 2120 768 2162 contigerit
792 2120 954 2159 attentari,
980 2120 1026 2151 di-

290 2173 340 2204 eta
366 2172 556 2205 auctoritate
583 2173 752 2205 decernas.

334 2224 397 2267 gss.
421 2224 490 2258 Non
512 2226 715 2258 obstantibus
741 2226 1026 2259 constitutionibus

291 2283 322 2310 et
348 2278 608 2311 ordinationibus
635 2279 838 2322 apostolicis,
874 2290 925 2318 ac,
952 2290 1028 2322 qua-

292 2336 386 2364 tenus
413 2342 493 2374 opns
520 2332 567 2370 sit,
594 2332 776 2374 primodicti
802 2331 931 2365 Ordinis
949 2333 1027 2365 iura-

292 2389 425 2424 mento,
457 2384 704 2418 confirmatione
741 2386 940 2428 apostolica,
977 2387 1025 2419 vel

293 2437 402 2480 quavis
428 2437 579 2470 firmitate
605 2438 667 2470 alia
692 2438 871 2475 roboratis,
899 2440 1025 2471 statutis

293 2497 325 2523 et
349 2492 637 2524 consuetudinibus
653 2519 660 2531 ‚
696 2492 877 2535 ceterisque
904 2499 1029 2525 contra-

293 2543 349 2575 riis
369 2544 640 2587 quibuscumque.

884 166 1070 189 §iimmot-:tt
1094 166 1138 189 ΥΠ
1165 166 1211 189 FP.

1705 159 1769 188 ΜΓ)

1120 214 1230 246 Datum
1256 213 1388 253 Romae,
1416 213 1500 256 apud
1527 213 1556 245 S.
1585 213 1714 245 Mariam
1749 213 1810 244 Illa-

1072 267 1173 299 iorem
1195 295 1202 306 ,
1242 277 1326 299 anno
1358 266 1591 299 lncarnationis
1623 266 1809 299 Dominicae

1070 329 1215 356 unctui,
1246 320 1341 352 nonis
1372 320 1573 360 decembris,
1603 318 1809 362 pontificatus

1070 373 1171 405 nostri
1198 383 1283 405 anno
1307 383 1351 406 xi.

1105 433 1164 460 Dat.
1181 433 1223 460 die
1238 434 1269 461 5·
1285 433 1438 461 decembris
1456 434 1533 483 ¹ssq5'
1549 434 1647 470 pontis.
1668 442 1738 461 anno
1754 441 1791 460 ιι.

1371 557 1504 590 ΟΧΧΙΧ.

1069 626 1254 659 Dec-laralio
1279 628 1364 659 eirca
1389 628 1579 660 solationem
1598 628 1740 661 decimae
1753 640 1808 661 oc-

1114 680 1332 721 tinqenlorum
1358 679 1505 711 millium
1530 686 1674 713 monetae
1690 681 1807 724 Hispa-

1112 733 1246 764 uiarum
1260 732 1368 764 clarae
1387 734 1559 766 memoriae
1583 733 1742 777 Philippo
1760 734 1810 768 IV

1112 795 1273 818 concessae
1290 783 1310 817 ⁹.

1068 856 1235 883 Venerabili
1275 856 1364 883 fratri
1397 856 1547 884 Vitaliano
1584 855 1808 891 archiepiscopi>

1103 900 1258 933 Ephesium
1292 904 1395 927 nostro
1420 904 1450 928 et.
1471 901 1659 934 Apostottcae
1675 901 1760 929 Sedis
1778 902 1805 930 in

1101 945 1201 978 regnis
1218 945 1428 978 Hispaniarum
1443 946 1564 977 nuncio,

1261 999 1428 1026 Alexander
1451 999 1530 1032 Papa
1550 999 1611 1027 vn.

1283 1061 1468 1087 venerahilis
1485 1061 1589 1093 frater,

1102 1104 1230 1130 salutem
1252 1108 1282 1131 et
1301 1104 1499 1137 apostoticam
1518 1105 1769 1134 benedictionem.

1112 1169 1196 1201 Alias
1222 1180 1291 1207 nos,
1318 1169 1349 1201 in
1375 1170 1591 1203 subventione
1616 1171 1721 1204 clarae
1739 1182 1805 1205 me·
1851 1174 1895 1191 ’Μ
1912 1182 1923 1193 '¹

1067 1220 1187 1252 moriae.
1210 1221 1349 1263 Philippi
1372 1220 1416 1257 tv,
1439 1221 1514 1252 dum
1534 1221 1618 1260 vixit,
1638 1222 1805 1264 Hispania-

1065 1284 1136 1305 rum
1163 1273 1248 1315 i‘··gis
1274 1274 1446 1311 catholici,
1481 1274 1655 1306 indiximus
1685 1281 1717 1307 ct
1748 1275 1806 1307 im-

1045 1342 1046 1368 3
1066 1326 1234 1368 posuimus
1260 1337 1355 1358 unam
1375 1327 1477 1358 semel
1503 1326 1535 1358 in
1561 1327 1688 1359 duobus
1712 1328 1805 1359 annis

1067 1384 1142 1410 tunc.
1167 1379 1343 1422 proximis,
1366 1379 1496 1411 illorum
1523 1390 1640 1422 nempe
1677 1380 1804 1423 singulo

1068 1442 1125 1474 pro
1150 1432 1324 1464 medietate
1352 1433 1604 1474 persolvendam
1630 1433 1803 1471 decimam,

1067 1496 1146 1528 quae
1172 1485 1204 1517 in
1224 1491 1323 1517 totum
1349 1486 1386 1517 ad
1413 1496 1572 1518 summam
1599 1486 1804 1525 octingento-

1066 1549 1136 1570 rum
1161 1539 1297 1571 millium
1318 1539 1506 1570 ducatorum
1524 1544 1674 1571 monetae
1693 1539 1805 1581 Hispa-

1068 1592 1137 1624 niae
1172 1591 1383 1625 ascenderet.
1417 1591 1503 1623 iuxta
1539 1597 1643 1623 taxam
1678 1601 1695 1623 a
1731 1597 1806 1623 tuno

1068 1644 1225 1676 existente
1252 1649 1364 1676 nostro
1386 1649 1417 1675 et
1435 1644 1643 1686 Apostolicae
1663 1643 1753 1676 Sedis
1772 1644 1804 1675 in

1066 1697 1175 1739 regnis
1202 1697 1426 1739 Hispaniarum
1460 1697 1578 1729 nuncio
1607 1697 1777 1729 taxandam
1796 1724 1803 1736 ,

1067 1750 1212 1783 omnium
1238 1752 1414 1788 fructuum,
1439 1750 1644 1789 reddituum,
1671 1760 1806 1792 proven-

1068 1810 1166 1842 tuum,
1195 1804 1321 1842 iuriuui,
1340 1804 1584 1838 obventionum.
1608 1804 1806 1835 emolumen-

1069 1862 1173 1889 torum
1198 1862 1230 1889 et
1255 1857 1520 1889 distributiomim
1540 1856 1806 1899 quotidianarum

1068 1910 1214 1942 omnium
1229 1910 1441 1942 ecclesiarum
1459 1909 1804 1951 archiepiscopalium,

1069 1962 1311 2006 episcopalium,
1330 1962 1574 2004 collegiatarum
1589 1967 1620 1993 ct
1636 1961 1807 2004 parocbia-

1069 2016 1157 2055 lium,
1172 2025 1300 2047 necnon
1320 2015 1593 2047 monasteriorum
1620 2020 1651 2046 et
1672 2024 1807 2046 conven-

1071 2075 1171 2108 tuum,
1197 2079 1231 2102 ac
1257 2068 1354 2101 etiam
1380 2078 1565 2100 mensarum
1587 2067 1804 2105 abbatialium,

1069 2121 1311 2164 capitularium,
1338 2126 1400 2153 tam
1426 2120 1682 2160 cathedralium,
1709 2119 1807 2151 etiam

1069 2173 1405 2217 metropolitanarum,
1421 2184 1515 2216 quam
1531 2182 1807 2216 quarumcumque

1069 2227 1315 2269 collegiatarum
1341 2227 1550 2259 ecclesiarum
1564 2232 1596 2258 et
1612 2231 1809 2258 conventua-

1069 2281 1157 2317 lium,
1183 2281 1384 2323 prioratuum
1411 2290 1552 2322 quoque,
1574 2290 1607 2311 ac
1624 2284 1809 2311 ceterorum

1068 2334 1303 2367 beneficiorum
1321 2333 1624 2372 ecclesiasticorum,
1643 2343 1714 2364 cum
1733 2335 1808 2364 cura

1070 2394 1097 2420 et
1125 2387 1192 2420 sine
1218 2390 1305 2426 cura,
1333 2387 1526 2419 secularium
1555 2396 1590 2418 ac
1621 2385 1806 2429 quorumvis

1069 2440 1224 2473 Ordinum
1259 2439 1426 2482 utriusque
1452 2449 1555 2478 sexus,
1590 2439 1685 2471 etiam
1719 2437 1806 2469 Meu-

1105 2511 1115 2536 1
1141 2509 1188 2536 Ed.
1206 2509 1283 2536 Maio.
1301 2509 1333 2536 ad
1354 2509 1504 2544 marginem
1523 2512 1599 2535 notat
1618 2508 1635 2535 9
1656 2510 1692 2543 (n.
1712 2509 1759 2542 τ.).

1105 2553 1120 2580 ἓ
1143 2553 1177 2580 Ex
1201 2553 1305 2589 aegest.
1329 2554 1354 2580 in
1375 2554 1476 2580 secret.
1496 2553 1574 2580 Brev.
1728 2560 1730 2562 ’

1816 164 1855 189 Au
1884 163 1911 190 Π.
1936 164 2002 191 1535
