2247 3208
183 234 232 261 An.
250 235 278 260 U.
305 234 369 260 1168

992 230 1134 253 CLEMHNS
1160 230 1186 251 tx
1213 230 1259 251 ΓΡ.

378 280 578 313 necessariae
616 279 680 311 sivi*
718 278 964 321 ‹ittclnodoiilnft
997 287 1115 320 (ippor-

376 340 470 365 tunae
502 333 587 365 visae
614 332 752 370 suerint,
790 331 997 374 1111110111η1111,
1025 337 1112 362 taxas

375 386 643 418 ⁴·a¹n·ellariaruin
670 391 732 417 tam
758 384 966 417 tribunalium
996 383 1113 425 guber-

374 445 519 472 natorum
556 450 650 482 quam
687 437 950 471 cotnnnmitatuni
982 441 1013 469 et
1044 435 1113 468 uni-

375 493 561 525 versitatum
588 492 825 536 praedictarum
852 491 882 523 in
918 489 1020 522 causis
1049 495 1112 521 tam

373 545 520 583 civilibus
554 556 648 588 quam
673 544 894 577 criminalituis
929 548 959 574 et
986 542 1108 579 mixtis,

375 609 502 631 net-non
527 603 616 631 taxas
643 598 844 631 exactionum
863 596 1062 638 gabellarum
1081 600 1113 626 et

372 651 512 682 cuiusvis
543 651 671 692 generis
704 649 937 691 gravaminum,
964 648 1111 690 pondera

372 715 502 746 quoque
528 710 559 736 et
583 714 749 735 mensuras
773 701 963 739 revidendi,
991 701 1109 742 illaque

372 757 410 789 ad
445 757 588 789 debitum
621 761 652 788 et
685 754 933 787 convenientem
970 753 1110 785 iustitiae

371 809 502 841 modum
526 807 723 847 reducendi,
752 807 847 839 etiam
881 812 1039 849 qnatenus
1072 806 1109 838 ad

371 862 590 904 appaltatores
625 861 802 893 camerales
839 865 985 903 spectat,
1025 860 1111 891 iuxta

372 914 506 947 tabellas
533 914 679 947 eiusdem
705 924 849 946 camerae
871 913 928 955 (ita
952 918 1059 945 tamen
1077 917 1111 944 nt

370 972 527 1009 quantum
553 968 592 999 ad
618 967 677 1000 hos
701 967 860 1009 procedas
885 977 957 998 cum
983 966 1111 998 [111-111111-

371 1020 455 1052 tibus
480 1019 590 1052 dilecti
614 1019 671 1052 lilii
697 1029 844 1051 camerae
870 1024 1000 1052 nostrae
1034 1029 1111 1061 apo-

370 1073 503 1105 stolicae
530 1072 699 1105 tesaurarii
726 1072 908 1114 goia-ratis,
943 1082 1021 1114 quas
1053 1071 1109 1103 tibi

370 1127 409 1158 ad
443 1127 531 1159 hunc
563 1125 712 1158 effectum
738 1126 1046 1167 communicamus)‚
1074 1135 1110 1156 ac

370 1190 441 1211 cum
466 1179 590 1212 eisdem
615 1179 819 1211 facultatibus
852 1177 1108 1221 recognoscendi

370 1243 466 1265 omne
492 1243 593 1275 genus
625 1232 865 1274 gravaminum,
899 1242 978 1274 quae
1011 1231 1109 1263 iidem

369 1286 590 1328 appaltatores
620 1286 669 1317 vel
700 1286 955 1317 subcollectores
988 1284 1109 1326 spolio-

370 1349 448 1378 rum,
476 1339 543 1371 sive
568 1338 621 1371 alii
646 1338 785 1370 ministri
812 1344 843 1369 et
867 1337 1030 1377 officiales,
1056 1341 1109 1370 aut

369 1391 587 1431 commissarii,
615 1396 678 1423 tam
704 1390 813 1423 civiles
840 1400 934 1433 quam
964 1389 1109 1422 erimina-

369 1446 428 1482 les,
450 1444 568 1487 aliique
588 1443 726 1486 quilibet
743 1454 802 1487 per
818 1443 943 1477 litteras
961 1447 1108 1486 patentes

370 1498 474 1530 dietae
499 1507 643 1529 camerae
670 1497 815 1539 deputati
831 1496 848 1537 ⁴,
868 1497 983 1539 quovis
1009 1496 1107 1529 modo

371 1553 474 1584 t'orsan
496 1550 642 1589 inferant,
660 1556 691 1582 et
707 1550 873 1592 signanter
891 1560 948 1592 per
965 1549 1108 1591 gabellas

371 1615 453 1646 qnae
472 1603 596 1636 noviter
613 1603 814 1636 introductae
833 1608 1022 1635 asseruntur
1043 1602 1108 1634 abs-

370 1668 432 1700 que
458 1657 664 1699 beneplacito
690 1656 869 1699 apostolico
896 1661 928 1688 et
958 1655 1107 1688 facultate

370 1710 563 1750 necessaria,
590 1715 621 1742 et
638 1709 877 1742 observantiam
897 1708 992 1741 edicti
1011 1709 1108 1741 Aido-

369 1763 522 1796 brandini
554 1763 728 1805 nuncupati
753 1763 955 1806 aliarumque
981 1762 1110 1795 ordina-

370 1818 495 1849 tionum
521 1821 553 1848 et
577 1816 804 1848 mandatorum
828 1815 923 1856 variis
954 1816 1109 1858 tempori-

369 1870 429 1902 bus
448 1870 595 1902 datorum
612 1873 644 1900 et
663 1870 820 1901 sactorum
838 1874 869 1901 et
886 1879 991 1911 nuper
1014 1868 1108 1901 inno-

369 1928 515 1955 vatorum
530 1921 734 1966 procurandi,
750 1922 891 1954 rationes
908 1927 940 1953 et
956 1927 1109 1964 computa

369 1975 546 2014 solidandi,
573 1986 609 2008 ac
634 1974 881 2014 controversias,
907 1974 991 2007 inter
1022 1985 1109 2007 com-

370 2029 545 2061 munitates
572 2033 604 2060 et
632 2027 859 2060 universitates
893 2037 1019 2060 necnon
1053 2038 1109 2069 ap-

370 2082 547 2124 paltatores
585 2080 650 2113 sive
675 2080 755 2114 alios
781 2079 944 2112 ministros
977 2084 1008 2112 et
1040 2081 1109 2112 ossi-

370 2135 467 2167 ciales
500 2144 536 2167 ac
570 2133 810 2167 commissarios
843 2144 899 2166 seu
938 2133 1131 2179 deputatos!

371 2187 558 2220 huiusmodi
585 2187 764 2230 respective
785 2192 953 2226 vertentes,
980 2197 1109 2229 compo·
1129 2182 1131 2186 ’

371 2240 469 2272 nendi
484 2245 514 2272 et
526 2239 706 2278 decidendi,
723 2239 952 2282 repartitiones
968 2249 1108 2281 qnoque,

372 2303 454 2335 quae
468 2303 526 2335 pro
540 2293 745 2336 reparatione
772 2293 892 2325 viarum
913 2298 944 2325 et
960 2292 1108 2335 pontium

372 2344 473 2385 fiunt,
499 2345 689 2386 revidendi,
717 2352 824 2388 atque,
849 2345 874 2378 si
900 2345 976 2388 quid
1001 2345 1032 2377 in
1060 2345 1131 2384 his¹

373 2398 595 2431 inordinatum
620 2399 792 2441 repereris,
820 2399 973 2430 damnum
990 2397 1107 2429 iniuste

373 2450 530 2493 gravatis³
546 2450 633 2484 refici
652 2451 797 2490 curandi,
816 2461 851 2483 ac
868 2450 1061 2493 providendi
1076 2456 1110 2482 ut

410 2533 418 2557 1
441 2531 489 2558 Ed.
501 2531 581 2557 Main.
593 2530 658 2565 legit
670 2531 806 2565 deputari
822 2538 870 2565 pro
881 2530 1013 2564 deputati
1025 2530 1060 2564 (a.
1071 2531 1109 2564 T.)

407 2578 424 2601 ι).
439 2576 505 2603 Male
518 2576 582 2602 item
597 2575 640 2602 ed.
657 2575 736 2601 Main.
750 2575 814 2609 legit
828 2574 962 2609 ‚qr-avaris
977 2582 1024 2609 pro
1040 2582 1109 2608 yra—

372 2621 445 2649 vatis
462 2629 500 2653 111.
516 2623 565 2654 Τ.).

470 2676 549 2707 Bulb-
565 2677 645 2707 Rom.
662 2691 697 2697 —
718 2677 774 2704 Vol.
791 2675 882 2703 XVII.
1027 2676 1060 2703 88

1792 218 1852 248 (107

1159 275 1391 318 repartitiones¹
1417 274 1602 307 huiusmodi
1630 274 1660 306 in
1682 276 1823 306 futurum
1843 276 1896 306 ‹le-

1157 329 1222 361 bita
1246 328 1439 360 rectitudine
1466 333 1493 359 et
1522 332 1675 370 quantum
1706 327 1733 358 111
1748 328 1773 359 ri
1804 334 1895 370 pote-

1157 381 1197 413 rit
1221 380 1337 414 minori
1373 391 1442 413 cnm
1475 380 1676 412 subditorum
1710 385 1893 412 nostrorum

1157 434 1354 466 detrimento
1381 433 1478 473 fiant,
1502 438 1534 465 et
1558 444 1615 476 pro
1642 433 1892 475 praemissorum

1155 487 1297 519 onmium
1331 487 1523 519 executione
1560 492 1674 519 contra
1717 498 1894 529 quascum-

1156 551 1217 582 que
1237 551 1393 582 personas
1419 540 1515 572 etiam
1541 540 1652 582 quovis
1670 539 1842 582 privilegio
1862 546 1889 572 et

1155 592 1361 634 exemptione
1391 592 1534 624 suffultas
1560 592 1777 634 procedendi,
1809 593 1892 624 abu-

1154 655 1206 676 sus
1225 650 1256 677 et
1281 645 1541 677 inconvenientia
1563 655 1783 687 quam-umque
1808 645 1892 677 circa

1154 697 1340 729 exactiones
1366 708 1501 729 onerum
1521 698 1731 740 publicorum,
1757 703 1818 730 tam
1843 711 1892 730 ca-

1153 750 1334 789 meralium,
1347 761 1443 792 quam
1459 750 1803 788 eonnnunitaurorum,
1824 762 1892 783 uec-

1154 813 1218 835 non
1237 802 1268 834 in
1288 802 1405 834 ceteris
1431 803 1593 841 omnibus,
1620 814 1701 845 quae
1727 804 1890 836 servitium

1154 861 1186 887 et
1221 856 1429 887 sublevamen
1464 865 1611 887 camerae
1646 862 1678 887 et
1715 856 1892 887 eonnnuni-

1155 913 1253 940 tatum
1280 918 1315 940 ac
1345 907 1592 940 universitatum
1621 908 1890 951 sitlnlitoi·1iiiiqiie

1154 967 1341 994 nostrorum
1381 960 1623 1004 praedictorum
1664 967 1891 1000 concerrnuu,

1154 1013 1396 1057 quomodolibet
1413 1014 1613 1046 introductos
1627 1019 1658 1046 ct
1671 1018 1817 1045 emanata
1828 1025 1891 1045 res—

1154 1067 1278 1110 pective
1305 1067 1449 1106 tollendi,
1476 1066 1659 1109 perimendi
1679 1071 1710 1098 et
1727 1066 1890 1106 abolendi,

1153 1131 1189 1153 ac
1215 1120 1354 1162 denique
1381 1119 1488 1152 omnia
1514 1124 1544 1151 et
1563 1119 1688 1161 singula
1710 1119 1782 1159 alia,
1804 1130 1891 1152 corn-

1153 1174 1286 1205 modum
1326 1183 1473 1205 annonae
1512 1178 1544 1205 ct
1580 1182 1725 1205 camerae
1762 1182 1890 1204 necnon

1152 1226 1418 1260 connnunitatum
1452 1231 1483 1258 et
1512 1225 1755 1258 universitatum
1781 1225 1891 1257 subdi-

1153 1286 1320 1323 torumque
1340 1279 1521 1312 huiusmodi
1537 1278 1778 1318 concernentia,
1795 1279 1833 1310 ad
1849 1279 1891 1310 in-

1152 1338 1218 1365 star
1232 1332 1494 1375 congregationis
1513 1342 1610 1374 super
1626 1331 1713 1363 bono
1730 1331 1889 1373 regimine

1151 1385 1417 1418 (011111111111[11111111
1444 1389 1475 1416 et
1510 1383 1750 1415 universitatum
1784 1383 1889 1415 Status

1152 1439 1253 1471 nostri
1279 1437 1492 1470 Ecclesiastici
1517 1436 1675 1480 praedis-ti
1710 1437 1889 1480 deputatae,

1152 1491 1311 1530 faciendi,
1349 1490 1500 1529 dicendi,
1536 1489 1708 1522 mandandi
1743 1494 1773 1521 et
1811 1500 1887 1521 exe-

1152 1544 1284 1588 quendi,
1318 1542 1562 1586 praescribendi
1589 1542 1685 1574 etiam
1711 1542 1743 1574 in
1770 1541 1815 1574 eis
1842 1552 1890 1573 re-

1152 1599 1242 1640 gulas
1270 1595 1548 1635 etordimitiones,
1566 1595 1694 1638 quibus,
1720 1600 1754 1627 ut
1772 1596 1889 1627 abusus

1153 1650 1337 1683 huiusmodi
1359 1649 1397 1681 de
1418 1654 1527 1681 cetero
1554 1659 1620 1680 non
1645 1648 1890 1680 committantur

1152 1703 1336 1746 subditique
1364 1701 1466 1735 nostri
1491 1702 1529 1734 ab
1555 1701 1709 1734 indebitis
1735 1701 1891 1743 gravami-

1152 1757 1247 1789 nibus
1278 1756 1438 1788 immunes
1474 1759 1666 1794 serventur,
1705 1759 1889 1797 opportune

1152 1809 1315 1854 provideri
1340 1808 1452 1852 possit.

1195 1864 1209 1906 ἐ
1234 1863 1264 1896 3.
1293 1862 1444 1895 Volumus
1470 1866 1576 1893 autem
1601 1865 1633 1892 ut
1656 1871 1671 1892 a
1693 1860 1833 1893 decretis
1860 1865 1889 1893 et

1152 1915 1413 1949 ordinationibus
1428 1925 1485 1957 per
1500 1920 1529 1946 te
1544 1913 1652 1955 vigore
1670 1914 1890 1956 praesentium

1153 1969 1307 2002 faciendis
1334 1969 1422 2000 nulla
1446 1967 1485 1999 ad
1511 1976 1732 2010 quoscumque
1765 1966 1889 1998 iudices

1152 2022 1339 2056 admittatur
1364 2019 1550 2063 appellatio,
1577 2019 1632 2051 sed
1651 2029 1801 2051 recursus
1820 2024 1890 2051 tan-

1153 2082 1219 2108 tum
1245 2075 1428 2107 habeantur
1452 2073 1490 2105 ad
1516 2077 1727 2104 memoratam
1756 2082 1890 2114 congre-

1152 2129 1313 2172 gationem
1335 2137 1432 2169 snper
1452 2125 1670 2158 sublevamine
1689 2125 1886 2167 deputatam.

1195 2182 1209 2225 ᾗ
1233 2181 1264 2214 4.
1292 2180 1361 2213 Non
1380 2178 1582 2212 obstantibus
1604 2178 1890 2210 constitutionibus

1152 2242 1184 2269 et
1209 2233 1469 2268 ordinationibus
1495 2231 1695 2275 apostolicis,
1723 2242 1758 2263 ac
1783 2231 1890 2263 civita-

1153 2295 1229 2329 tum,
1258 2294 1436 2326 terrarum,
1463 2285 1660 2328 oppidorum
1687 2290 1718 2317 et
1741 2285 1890 2317 locorum

1152 2341 1379 2386 praefatorum,
1395 2339 1529 2381 aliisque
1546 2338 1720 2381 quibusvis,
1735 2337 1832 2370 etiam
1846 2337 1891 2369 iu-

1130 2387 1131 2391 *
1152 2399 1312 2434 ramento,
1340 2392 1587 2426 confirmatione
1612 2391 1808 2434 apostolica,
1841 2392 1891 2424 vel

1153 2448 1263 2492 quavis
1289 2446 1438 2479 firmitate
1469 2445 1533 2478 alia
1558 2445 1734 2485 roboratis,
1762 2445 1890 2477 statutis

1153 2507 1185 2535 et
1205 2499 1511 2539 consueuulinibus,
1539 2499 1716 2542 privilegii:
1746 2508 1890 2541 qnoque,

1152 2554 1287 2587 indultis
1321 2559 1353 2586 et
1384 2552 1497 2585 litteris
1527 2551 1711 2595 apostolicis
1746 2552 1775 2583 in
1808 2562 1888 2583 eon-

1153 2607 1286 2642 trarium
1296 2606 1550 2652 praemissorum
1565 2604 1809 2650 quomodolibet
1821 2614 1893 2638 con-

1902 226 1951 252 An.
1970 227 1997 252 (ἶ.
2021 227 2086 253 tona

1928 1871 1957 1891 At·
1980 1872 2026 1892 eius
2050 1873 2085 1892 ilc-

1901 1902 1965 1917 cretis
1988 1905 2028 1918 nun
2049 1899 2087 1916 a!-

1902 1927 1991 1944 11111111111·
2014 1926 2074 1949 ,111μὶ

1902 1951 1937 1970 tati
1949 1960 1952 1966 ν
1963 1967 1967 1973 ,

1903 1980 2088 2000 Γ(ιιι·;1·1·;.ξα1111111;111

1902 2003 2030 2029 deputatam.

1992 1957 2029 1970 tusi
2065 1952 2085 1968 .a

1973 2187 2086 2210 Det'opatio

1901 2216 2062 2234 conisarurrtnn.
