2247 3208
147 205 198 232 Au.
214 204 244 230 C.
269 203 334 231 tsffl

165 2125 283 2153 Expostuo.

931 205 1120 229 MENANDER
1145 205 1189 230 vn
1214 206 1262 229 rr.

1100 255 1101 276 ¹
1121 253 1224 295 pitulo
1237 252 1380 296 generali
1402 252 1477 285 dicti
1495 252 1624 288 Ordinis
1638 264 1721 286 anno
1737 263 1863 287 nncxtv

341 262 412 284 rum
438 251 637 292 huiusmodi,
664 252 760 285 etiam
786 253 976 293 iuramento,
1003 263 1079 285 con-

339 304 522 339 firmatione
548 306 744 349 apostolica,
770 307 819 339 vel
846 307 955 349 <piaris
980 296 1103 343 sirmi-i

341 362 404 390 tate
430 358 491 391 alia
515 359 685 399 roboratis,
701 359 826 392 statutis
852 366 884 393 et
908 366 1079 393 consuetu-

340 410 487 451 dinibus,
511 411 689 455 privilegiis
715 423 842 456 quoquc
858 440 865 452 ,
892 413 1023 446 indultis
1048 418 1080 446 et

338 463 454 496 litteris
479 465 665 508 apostolicis
699 466 731 498 in
765 467 962 499 contrarium
987 477 1079 509 prae-

338 516 506 550 missorum
532 519 778 560 quomodolibet
808 519 988 559 concessis,
1023 530 1079 562 ap-

337 569 483 613 probatis
512 575 543 604 et
576 571 758 611 innovatis;
785 571 901 614 quibus
927 571 1078 605 omnibus

338 626 371 656 et
395 622 538 666 singulis,
557 623 687 657 illorum
706 629 835 657 tenores
852 625 1077 667 praesentibus

336 686 398 719 pro
425 677 520 720 plene
553 682 585 710 et
617 676 816 710 sufficienter
847 677 1007 720 expressis
1041 688 1078 710 ac

340 729 380 763 de
404 730 503 763 verbo
529 730 569 763 ad
593 730 730 772 verbum
754 731 882 763 insertis
908 731 1077 772 habentes,

336 782 400 816 illis
425 783 503 816 alias
528 783 560 816 in
592 794 649 816 suo
682 783 799 817 robore
835 784 1074 827 permansuris,

335 835 376 868 ad
388 835 638 878 praemissorum
652 835 811 877 effectum,
825 837 885 869 hac
901 836 967 869 vice
986 837 1077 870 dum-

335 893 430 929 taxat,
444 888 628 932 specialiter
645 894 677 922 et
693 899 843 933 expresse
866 889 1074 933 derogamuffi

334 941 515 985 ceterisque
541 942 710 976 contrariis
736 943 1006 986 quibuscumque.

378 995 493 1029 Datum
516 995 656 1037 Romae,
682 997 766 1039 apud
799 996 830 1029 S.
858 996 989 1030 Mariam
1014 997 1076 1030 Mi-

337 1049 460 1090 iorem,
487 1049 545 1082 sub
570 1051 691 1084 annulo
715 1049 905 1090 piscatoris,
925 1050 975 1084 die
1003 1061 1074 1084 xxvi

336 1103 411 1135 maii
423 1112 580 1143 inflemur,
594 1102 800 1146 pontificatus
817 1103 921 1137 nostri
938 1115 1024 1138 anno
1040 1114 1071 1138 x.

368 1163 427 1192 Dat.
443 1164 488 1192 die
503 1163 538 1192 26
552 1164 615 1192 maii
633 1165 710 1199 1664,
726 1165 822 1200 pontis.
840 1173 911 1194 anno
926 1172 953 1193 x.

612 1308 790 1343 CDLXXVI.

333 1389 545 1432 Confirmatio
569 1389 688 1423 decreti
718 1390 980 1433 conqreqatiotiis
1011 1391 1074 1433 epi-

375 1453 543 1486 scoporum
568 1447 597 1476 et
621 1443 847 1485 requini-ium,
868 1454 931 1486 quo
955 1454 1073 1486 appro-

377 1497 475 1529 batur
490 1497 676 1529 constitutio
693 1496 834 1529 duorum
852 1496 1074 1539 capitulorum

374 1550 582 1592 yeneralium
600 1549 735 1583 Ordinis
749 1550 891 1592 fratrum
906 1550 941 1582 M
943 1551 1074 1582 inarum

375 1602 482 1634 sancti
505 1601 677 1634 Francisci
702 1602 739 1634 de
765 1601 994 1642 Obseruantia,
1018 1612 1075 1645 per

375 1665 476 1698 quam
496 1655 667 1687 stabilitur
682 1655 881 1687 alternatim
897 1655 1074 1697 officiorum

375 1709 460 1740 inter
481 1712 591 1751 patres
617 1708 754 1743 Criollos
782 1719 820 1741 ex
839 1709 908 1740 unci
931 1713 1026 1751 parte
1045 1713 1074 1741 et

374 1766 482 1804 patres
502 1761 602 1794 dictos
624 1762 825 1804 Cachapinos
845 1766 873 1794 et
892 1760 978 1803 filios
1000 1772 1075 1804 pro-

377 1815 509 1848 vinciae,
526 1815 680 1847 Nominis
710 1814 781 1847 Iesu
813 1814 850 1846 cle
881 1814 1075 1847 Gnatimala

378 1866 415 1899 in
435 1866 526 1899 Nova
545 1867 712 1909 Hispania
730 1866 865 1900 Ordinis
885 1867 1075 1899 huiusmodi

377 1929 416 1953 ea:
438 1920 554 1959 alterd,
581 1919 659 1952 etc.¹.

528 2001 696 2027 Alexander
716 2000 795 2034 Papa
817 2000 880 2033 vn,

475 2044 512 2072 ad
531 2044 665 2072 futuram
685 2044 731 2072 rei
751 2045 932 2072 memoriam.

378 2117 394 2160 g
418 2116 450 2150 1.
476 2116 585 2159 Nuper
609 2126 670 2160 pro
696 2120 790 2160 parte
815 2115 925 2150 dilecti
949 2115 1006 2149 filii
1024 2115 1076 2149 Al-

335 2170 456 2213 phonsi
487 2170 528 2203 de
559 2169 689 2212 Ortega,
716 2170 856 2205 custodis
887 2170 1074 2213 provinciae

334 2222 480 2256 Nominis
505 2223 574 2255 Iesu
600 2223 639 2256 de
664 2222 844 2256 Guatimala
862 2223 894 2255 in
916 2223 1002 2256 Nova
1020 2223 1075 2256 lli-

334 2276 447 2319 spania
471 2275 598 2309 Ordinis
623 2276 758 2308 fratrum
783 2275 942 2309 Minorum
973 2276 1075 2309 sancti

333 2327 494 2361 Francisci
519 2329 558 2361 de
572 2327 782 2361 Observantia
801 2333 1074 2371 nuncupatorum,

334 2382 583 2425 congregationi
611 2381 844 2415 venerabilium
865 2382 999 2415 fratrum
1017 2393 1076 2416 no-

335 2440 477 2468 strorum
493 2435 525 2468 S.
549 2435 586 2467 R.
606 2434 641 2467 E.
661 2434 876 2468 cardinalium
891 2435 1031 2478 negotiis
1044 2431 1076 2470 et

1761 196 1825 229 273
1872 208 1963 231 ³11.st
1990 206 2054 232 11:63

1121 306 1224 339 Toleti
1249 307 1413 340 celebrato
1440 307 1519 340 sacta
1547 307 1649 339 suerat
1673 307 1861 340 constitutio

1122 360 1243 392 tenoris
1263 359 1318 402 qui
1340 360 1493 403 sequitur,
1520 360 1684 393 videlicet:

1170 424 1183 443 <A
1209 412 1378 446 Praeterea
1396 412 1616 446 definitorium
1635 415 1785 456 gencrale
1808 414 1862 447 dc-
1905 423 2057 457 ,eommunis

1121 465 1254 498 claravit
1269 465 1357 508 quod
1382 466 1414 498 in
1439 467 1606 509 provincia
1622 467 1766 499 Nominis
1792 450 2054 501 lesi1i1}{'¹¹⁰¹¹⁵⁸‘'⁶¹“'

1121 518 1160 550 de
1185 517 1366 551 Guatimala
1391 518 1423 551 in
1441 521 1525 551 nova
1543 520 1695 562 Hispania
1713 520 1862 553 observe-

1120 574 1172 602 tur
1195 570 1383 603 alternatim
1409 571 1492 604 inter
1518 577 1622 614 patres
1640 572 1741 605 dictos
1759 572 1861 605 Criol-

1119 622 1168 655 los
1193 632 1231 655 ex
1256 624 1320 655 una
1344 628 1450 666 purte,
1469 628 1501 656 et
1517 624 1601 656 inter
1626 630 1733 667 patres
1759 625 1860 657 dit-los

1120 674 1321 718 Cachapinos
1347 681 1379 709 et
1402 675 1494 721 filios·
1512 677 1698 720 provinciae
1724 689 1760 710 cx
1788 680 1860 719 alla,

1119 734 1151 761 et
1175 729 1263 772 quod
1288 735 1396 762 cetera
1431 730 1536 763 officia
1571 731 1750 774 aequaliter
1783 732 1860 764 divi-

1120 782 1236 815 dantur
1272 782 1357 815 inter
1392 783 1574 826 praedictus
1600 784 1678 816 duas
1704 790 1812 826 partes<
1832 798 1858 825 „3

1119 846 1202 878 quae
1225 835 1414 868 constitutio
1432 836 1622 869 confirmata
1642 836 1743 869 suerat
1761 838 1792 870 in
1810 850 1861 870 ca-

1118 889 1221 932 pitulo
1258 889 1403 922 eiusdem
1438 889 1567 923 Ordinis
1598 901 1682 923 anno
1713 901 1858 924 nnetvnx

1118 943 1242 983 habito,
1269 943 1328 978 sub
1354 942 1447 976 titulo
1471 954 1529 986 pro
1545 943 1653 976 Indiis
1678 944 1858 976 occidenta-

1119 995 1215 1036 libus,
1244 1006 1332 1028 num.
1361 1006 1388 1037 1,
1416 995 1465 1028 his
1491 996 1615 1028 verbis:
1649 1011 1661 1027 i
1684 996 1858 1029 Confirma-

1117 1054 1169 1082 tur
1193 1050 1384 1082 alternativa
1398 1050 1430 1082 in
1444 1050 1609 1094 provincia
1626 1049 1771 1083 Nominis
1788 1051 1857 1083 Iesu

1117 1103 1157 1137 de
1186 1102 1364 1137 Gnatimala
1400 1103 1484 1136 inter
1516 1108 1622 1146 patres
1658 1103 1795 1136 Criollos
1820 1114 1857 1136 cx

1116 1158 1180 1189 una
1203 1162 1295 1199 parte
1321 1162 1353 1189 et
1376 1162 1484 1199 patres
1502 1156 1704 1200 Caehapinos
1725 1162 1757 1190 et
1772 1156 1857 1190 filios

1116 1209 1301 1253 provinciae
1326 1220 1364 1242 ex
1389 1210 1499 1248 altera,
1525 1210 1799 1252 quemadmodum
1825 1210 1857 1242 in

1116 1262 1259 1306 capitulo
1285 1261 1460 1302 Toletano,
1497 1272 1583 1295 anno
1614 1272 1742 1296 ›inextv
1774 1264 1858 1295 cele—

1115 1316 1218 1356 brato,
1233 1315 1378 1348 instituta
1398 1320 1455 1355 est,
1480 1315 1589 1358 sicque
1615 1316 1735 1348 servari
1761 1315 1858 1348 debet

1116 1369 1175 1402 sub
1200 1370 1307 1411 poena
1329 1368 1487 1402 nullitatis
1511 1368 1605 1401 aliter
1630 1369 1787 1402 sactorum
1806 1381 1833 1409 »3

1159 1421 1197 1454 Et
1232 1422 1265 1454 in
1299 1422 1411 1454 eadem
1444 1422 1647 1464 expositione
1683 1422 1857 1455 subiuncto

1116 1474 1205 1518 quod
1229 1474 1333 1507 dictus
1358 1475 1543 1518 Alphonsus
1561 1475 1721 1518 praestitas
1739 1474 1858 1507 consti-

1116 1528 1258 1561 tutiones
1283 1528 1473 1560 auctoritate
1499 1527 1602 1560 dictae
1631 1528 1858 1570 congregatio-

1116 1581 1166 1614 nis
1198 1580 1381 1614 confirmari
1416 1580 1593 1624 plurimum
1625 1581 1854 1614 desiderabat:

1116 1634 1277 1668 emanavit
1308 1634 1347 1666 ab
1379 1634 1492 1667 eadem
1524 1633 1776 1676 congregatione
1802 1634 1857 1666 de-

1116 1693 1238 1721 cretum
1262 1687 1383 1720 tenoris
1409 1687 1463 1730 qui
1488 1687 1642 1730 sequitur,
1668 1687 1837 1720 videlieet:

1161 1754 1173 1772 α
1188 1740 1283 1774 Sacra
1298 1741 1508 1784 congregatio
1526 1740 1855 1773 eminentissimorum
1893 1747 2053 1795 S.:²⁶,¹'³‘³-.“‘'·,”‘

1115 1795 1147 1828 S.
1167 1794 1205 1827 R.
1224 1794 1259 1827 E.
1280 1794 1491 1827 cardinalium
1511 1793 1650 1837 negotiis
1675 1798 1707 1826 et
1732 1779 1996 1827 consi1l<ffiffiiinis³⁰⁶
2016 1784 2052 1796 ω’

1117 1847 1290 1881 tationibus
1327 1847 1554 1890 episcoporum
1594 1851 1626 1879 et
1660 1847 1857 1888 regularium

1116 1900 1321 1944 praeposita,
1348 1900 1475 1933 attentis
1507 1900 1660 1941 narratis,
1686 1911 1721 1932 ae
1747 1900 1856 1932 audito

1117 1954 1265 1987 ministro
1302 1953 1446 1996 generali
1482 1952 1609 1986 Ordinis
1645 1953 1856 1993 huiusmodi,

1117 2007 1353 2051 praeinsertum
1379 2007 1544 2040 decretum
1569 2006 1784 2049 capitulorum
1805 2017 1858 2048 ge-

1117 2060 1276 2094 neralium
1305 2060 1446 2102 benigne
1472 2059 1662 2103 approbavit
1686 2064 1718 2092 et
1742 2058 1858 2091 confir-

1117 2113 1223 2153 mavit,
1249 2118 1281 2146 et
1305 2113 1392 2146 iuxta
1415 2113 1547 2146 illorum
1572 2117 1721 2146 tenorem
1745 2113 1777 2145 in
1801 2122 1857 2155 po-

1117 2174 1241 2201 sterum
1260 2167 1394 2201 omnino
1419 2166 1537 2200 servari
1561 2166 1735 2200 mandavit.

1161 2221 1282 2255 Romae
1308 2231 1339 2254 1x
1363 2220 1439 2253 maii
1464 2230 1615 2254 MDcxmv.

1271 2274 1311 2307 M.
1338 2273 1511 2307 cardinalis
1536 2274 1708 2308 Gmmrus.

1204 2328 1239 2361 E.
1260 2328 1414 2371 episcopo
1431 2327 1676 2368 Camerinensis,
1693 2332 1808 2360 secret.
1822 2340 1833 2357 n
1845 2353 1852 2359 .

1161 2382 1176 2426 ἓ
1200 2381 1231 2414 02.
1258 2381 1335 2415 Cum
1360 2385 1481 2420 autem,
1508 2381 1589 2413 sicut
1613 2381 1776 2424 praefatus
1802 2381 1855 2413 Al-

1117 2436 1264 2479 phonsus
1279 2434 1374 2468 nobis
1390 2434 1527 2468 subinde
1545 2434 1664 2477 exponi
1682 2434 1766 2473 fecit,
1786 2434 1854 2476 ipse

1879 2383 1991 2405 Decretum
2000 2384 2054 2404 Pon-

1866 2411 1915 2433 tifex
1926 2412 2042 2432 confirmat.

334 2488 625 2522 consultationibus
650 2488 877 2531 episcoporum
894 2494 927 2521 et
950 2490 1077 2532 regula·
1096 2501 1098 2510 ⁴
1119 2490 1284 2522 decretum
1310 2487 1504 2527 huiusmodi,
1531 2498 1589 2530 pro
1614 2487 1748 2519 firmiori
1769 2487 1855 2520 illius

336 2541 422 2574 rium
446 2541 652 2585 praepositae
677 2541 824 2584 exposito
851 2542 939 2584 quod
964 2542 997 2574 in
1025 2552 1076 2575 ca-

372 2605 384 2630 1
406 2603 444 2630 Ex
464 2603 573 2638 Regest.
592 2602 620 2630 in
640 2603 746 2630 Secret.
768 2602 846 2630 Brev.

414 2656 492 2684 Bull.
513 2656 598 2684 Rom.
618 2672 652 2676 —
675 2657 732 2686 Vol.
754 2656 846 2685 XVII.
991 2656 1026 2685 35

1118 2541 1340 2581 subsistentia,
1366 2541 1565 2584 apostolicae
1600 2540 1854 2573 confirmationis

1118 2600 1246 2629 nostrae
1275 2594 1395 2628 robore
1426 2593 1620 2628 communiri
1649 2604 1856 2637 summopere
