2247 3208
162 194 211 222 An.
227 194 256 222 C,
278 193 347 221 1668

215 1836 331 1866 Derogatic·

147 1866 309 1884 contrariorum.

976 188 1119 213 CLEMENS
1144 189 1173 212 lx
1198 189 1245 212 ΓΡ.

350 251 421 273 rum
445 249 617 284 procerum
644 239 868 278 consisterent,
894 238 943 271 vel
969 242 1088 280 tempo-

351 294 450 325 ralem
466 292 722 325 iurisdictionem
745 292 892 330 babeant,
909 302 944 323 ac
963 291 1086 323 etiamsi

351 345 524 389 prioratus,
556 345 813 388 praepositurae,
841 350 893 376 aut
918 344 1087 387 praeposi-

352 403 442 439 tatus,
461 409 586 431 necnon
604 398 797 430 monasteria
814 403 1084 440 nuncuparentur,

349 461 408 493 pro
436 456 582 494 tempore
608 457 754 483 vacantes
771 462 826 483 seu
853 449 1007 487 vau-antia,
1028 460 1086 492 per

351 514 409 536 nos
435 511 467 538 et
490 504 652 537 Romanos
686 504 857 536 Pontifices
883 512 1086 534 successores

349 564 478 591 nostros
514 559 553 590 ad
591 557 847 590 nominationem
872 562 975 594 tuam,
1003 555 1086 587 infra

349 612 461 644 deceni
487 621 616 644 menses
641 621 658 642 a
683 610 733 642 die
752 609 922 642 cuiuslibet
947 608 1086 640 vacatio-

349 664 397 696 nis
418 664 607 702 taciendam,
627 674 663 695 ae
681 662 772 695 nobis
791 668 820 694 et
840 662 984 694 Romano
1003 662 1086 693 Pon-

350 716 425 749 tifici
450 727 508 759 pro
534 721 679 758 tempore
705 714 853 747 existenti
879 719 1086 757 praesentan—

349 770 431 809 dam,
449 769 661 803 conferendos
687 774 718 800 et
742 768 947 807 conserenda,
974 773 1085 800 aueto-

348 822 441 855 ritate
478 822 670 865 apostolica,
703 826 814 854 tenore
850 821 1081 864 praesentium,

348 875 386 906 dc
413 875 564 917 specialis
597 875 683 908 dono
719 874 839 916 gratiae
876 874 1083 907 concedimus

347 932 378 960 et
402 927 629 970 indulgemus,
657 927 700 959 ita
718 932 752 959 ut
776 928 814 959 de
836 927 928 959 dictis
948 927 1084 969 dignita-

347 979 431 1013 tibus
467 980 703 1019 abbatialibns,
737 985 789 1012 aut
825 980 1082 1023 quibuscumque

347 1034 571 1070 monasteriis,
605 1033 824 1076 prioratibus,
849 1033 1082 1076 praeposituris

347 1092 378 1119 et
401 1086 676 1130 praepositalibus
712 1086 884 1128 praedictis
918 1096 977 1128 pro
1006 1091 1083 1118 tem-

346 1150 425 1181 pore
462 1139 675 1178 vacantibus,
706 1139 825 1182 absque
862 1139 1081 1172 nominatione

347 1195 399 1225 tua
424 1193 577 1236 praefata,
599 1194 637 1225 de
662 1193 732 1225 aliis
758 1203 833 1225 vero
858 1193 916 1225 sub
937 1193 1083 1226 nomina-

346 1245 434 1278 tione
460 1245 647 1278 liuiusmodi
679 1256 744 1278 non
775 1246 1021 1288 comprehensis
1052 1252 1081 1278 et

346 1299 470 1341 absque
496 1298 551 1330 illa
576 1298 676 1330 libere
702 1298 923 1338 conserendis,
947 1298 1082 1340 dignita-

347 1351 431 1383 tibus
456 1350 606 1383 vidclicet
641 1351 861 1389 secularibus,
894 1351 1082 1394 principali-

346 1405 405 1436 bus
431 1409 462 1436 et
488 1404 690 1446 regularibus
708 1410 777 1436 actu
804 1414 867 1436 non
886 1409 1081 1436 conventua-

345 1457 430 1489 libus
454 1457 538 1489 infra
570 1456 751 1500 praedictos
786 1457 950 1489 districtus
976 1457 1081 1489 consi-

345 1510 518 1549 stentibus,
545 1510 673 1542 nonnisi
700 1511 738 1542 (le
765 1509 843 1542 locis
871 1515 941 1542 tuae
968 1510 1079 1543 ditioni

345 1562 508 1601 subiectis,
528 1568 583 1594 aut
603 1562 658 1594 tibi
681 1562 780 1604 gratis
799 1568 830 1595 et
847 1563 984 1606 acceptis
1010 1573 1081 1606 per-

345 1615 452 1655 sonis,
479 1626 538 1659 per
573 1626 631 1648 nos
667 1622 694 1648 et
722 1626 928 1648 successores
953 1622 1080 1648 nostros

345 1668 506 1700 Romanos
533 1668 702 1701 Pontifices
728 1674 759 1701 et
784 1668 899 1701 Scdem
933 1670 1078 1702 eamdem

345 1731 403 1763 pro
423 1726 571 1764 tempore
593 1721 736 1764 disponi,
758 1726 789 1753 et
809 1722 985 1764 respective
1008 1733 1080 1766 pro-

345 1773 443 1806 videri
470 1774 600 1806 minime
627 1774 741 1816 possit.

386 1827 400 1869 g
425 1825 456 1859 3.
491 1826 560 1859 Non
591 1827 792 1859 obstantibus
822 1827 1078 1871 quibuscumque

342 1879 624 1912 constitutionibus
656 1885 687 1911 et
722 1880 979 1913 ordinationibus
1005 1892 1080 1924 apo-

342 1932 474 1971 stolicis,
489 1942 523 1964 ac
552 1932 756 1974 singulorum
772 1933 972 1975 prioratuum
991 1945 1080 1977 prae-

343 1985 512 2024 dictorum,
531 1996 566 2017 ac
587 1985 755 2023 Ordiiiiiru,
778 1997 914 2028 qnorum
932 1987 978 2019 illi
997 1994 1079 2027 sunt,

343 2048 399 2070 seu
426 2049 443 2070 a
466 2038 580 2080 quibus
600 2038 794 2081 dependent,
811 2039 905 2071 etiam
924 2039 1079 2072 iuramen-

341 2095 385 2129 to,
414 2090 662 2123 confirmatione
681 2092 869 2133 apostolica,
896 2093 945 2124 vel
969 2094 1078 2136 quavis

341 2143 492 2176 firmitate
519 2145 579 2176 alia
610 2145 781 2183 roboratis,
798 2146 923 2178 statutis
949 2152 979 2178 et
1008 2157 1079 2179 con-

342 2197 580 2236 suetudinibus,
608 2197 785 2240 privilegiis
811 2209 952 2241 quoque,
975 2199 1080 2232 indul-

342 2249 382 2281 tis
418 2256 449 2282 et
481 2250 595 2282 litteris
631 2251 835 2294 apostolicis,
862 2252 920 2283 snb
947 2252 1079 2295 quibus-

342 2313 479 2345 cumque
515 2303 682 2335 tenoribus
716 2309 747 2336 et
779 2304 909 2344 formis,
937 2316 972 2338 ae
1004 2316 1076 2337 cum

343 2355 505 2399 quibusvis
521 2357 673 2388 clausulis
696 2362 727 2389 et
744 2358 890 2396 decretis,
910 2358 942 2390 in
961 2369 1077 2400 genere

341 2409 391 2441 vel
417 2408 449 2440 in
475 2408 605 2451 specie,
638 2419 673 2440 ac
709 2409 787 2442 alias
819 2410 851 2441 in
885 2411 1078 2443 contrarium

343 2461 587 2503 quomodolibet
621 2461 801 2500 concessis,
832 2463 1016 2505 approbatis
1048 2469 1079 2495 et

342 2513 520 2552 innovatis;
549 2514 663 2556 quibus
689 2514 836 2546 omnibus
864 2520 896 2547 et
920 2515 1076 2557 singulis,

343 2567 468 2600 etiamsi
496 2567 534 2600 (ie
572 2568 633 2599 illis
659 2578 834 2612 eorumque
862 2568 934 2600 totis
961 2570 1079 2601 tenori-

1132 236 1198 275 bus,
1226 236 1386 280 specialis,
1412 235 1572 280 specifica,
1597 246 1746 279 expressa
1772 242 1803 269 et
1823 236 1870 269 in-

1108 289 1258 322 tdividua
1300 290 1422 322 mentio
1459 301 1512 323 seu
1549 290 1677 333 qnaeris
1718 290 1780 323 alia
1816 300 1869 322 ex-

1130 342 1256 384 pressio
1284 343 1434 375 babcnda
1460 344 1551 382 soret,
1577 343 1705 376 illorum
1739 349 1868 376 tenores

1130 396 1354 437 praesentibus
1372 407 1430 439 pro
1445 397 1604 439 expressis
1620 397 1786 436 babentes,
1802 397 1866 429 illis

1130 447 1207 478 alias
1242 447 1273 479 in
1304 459 1360 481 suo
1395 449 1512 481 robore
1545 451 1781 492 permansuris,
1807 451 1868 482 hae

1128 499 1196 531 vice
1232 501 1403 541 dumtaxat,
1437 502 1622 544 specialiter
1653 508 1685 535 et
1716 513 1866 545 expresse

1130 552 1343 594 derogamus3
1378 554 1560 598 ceterisque
1597 556 1764 588 contrariis
1796 556 1867 599 qui-

1128 604 1341 648 buscumque.

1172 657 1286 690 Datum
1312 658 1443 698 Romae,
1470 661 1556 702 apud
1582 661 1612 693 S.
1641 661 1780 701 Petrum,
1803 662 1864 694 sub

1128 711 1250 743 annulo
1261 710 1446 751 piscatoris,
1459 713 1509 745 die
1520 723 1549 745 ix
1563 714 1674 756 aprilis
1688 724 1863 755 atnCvani,

1127 761 1336 804 pontificatus
1362 764 1466 797 nostri
1492 776 1577 798 anno
1604 777 1644 799 1x.

1162 822 1220 850 Dat.
1238 823 1281 851 die
1297 825 1314 852 9
1329 825 1420 860 aprilis
1438 827 1515 861 1668,
1533 827 1628 861 pontit.
1644 835 1714 854 anno
1730 834 1748 854 1.

1458 969 1530 1002 LVI.

1126 1044 1305 1079 Damnatio
1344 1051 1373 1079 el
1408 1047 1587 1090 prohibitio
1628 1049 1706 1082 libri
1744 1049 1864 1092 qallz'co

1170 1098 1325 1132 idiomate
1352 1101 1502 1144 impressi
1525 1102 1581 1134 sul)
1608 1103 1702 1135 tilulo
1727 1103 1864 1136 Ritualis

1169 1162 1229 1194 pro
1255 1152 1396 1185 dioecesi
1422 1155 1564 1187 Aletensi
1586 1156 1680 1187 iumla
1700 1156 1864 1188 minutam

1171 1206 1397 1238 trzmsmissam
1419 1206 1448 1239 'a
1482 1209 1650 1240 reverendo
1683 1213 1776 1252 patre
1810 1209 1864 1241 do-

1169 1258 1258 1289 mino
1272 1269 1426 1291 assessore
1442 1260 1554 1292 Sanclz'
1569 1260 1688 1303 Officii,
1706 1262 1760 1293 cui
1776 1261 1864 1294 adie-

1168 1314 1216 1341 cta
1235 1315 1278 1342 est
1296 1311 1446 1344 clausula
1465 1316 1498 1344 a!
1521 1323 1671 1354 praesens
1685 1314 1786 1346 Breve
1804 1325 1864 1356 pu-

1169 1362 1260 1395 blicet
1284 1364 1405 1397 Romae
1435 1365 1469 1397 in
1501 1365 1577 1398 Iocis
1606 1366 1728 1405 solitis,
1757 1377 1794 1399 (ιε
1817 1369 1863 1400 sic

1165 1416 1371 1459 publicatam
1394 1418 1518 1460 afficiat
1533 1419 1668 1462 perinde
1685 1430 1722 1452 ac
1741 1421 1770 1452 si
1788 1421 1863 1453 11111-

1168 1471 1285 1512 cuique
1312 1471 1529 1513 personaliter
1554 1471 1747 1505 intimatum
1777 1474 1863 1515 suis-

1167 1527 1223 1563 set,
1247 1528 1346 1566 utque
1367 1526 1579 1568 transumptis
1602 1526 1678 1568 fides
1704 1526 1863 1559 habeatur

1168 1577 1250 1610 sicut
1275 1577 1466 1621 oriyinalffl.

1351 1658 1484 1685 Clemens
1505 1659 1582 1692 Papa
1604 1659 1641 1686 IX

1260 1704 1294 1729 ad
1317 1703 1450 1730 futuram
1474 1705 1518 1730 rei
1539 1705 1720 1730 memoriam.

1168 1773 1314 1806 Creditae
1333 1773 1448 1806 nobis⁹
1469 1774 1619 1807 divinitus
1645 1775 1790 1807 omnium
1815 1786 1863 1809 ee-

1124 1827 1293 1859 clesiarum
1317 1828 1542 1861 sollicitudinis
1578 1829 1658 1861 ratio
1684 1829 1783 1871 exigit
1807 1836 1860 1868 ut,

1124 1880 1362 1913 ecclesiasticae
1382 1881 1582 1924 disciplinae,
1606 1882 1693 1914 cuius
1711 1883 1861 1916 custodes

1124 1944 1140 1965 a
1157 1933 1293 1967 Domino
1320 1935 1487 1967 constituti
1506 1946 1625 1975 sumus,
1643 1937 1765 1978 ubique
1784 1947 1862 1968 con-

1123 1988 1299 2020 servandae
1335 1988 1453 2030 iugiter
1488 1988 1738 2028 incumbentes,
1774 1990 1860 2022 omni

1123 2042 1201 2072 cura
1237 2046 1331 2083 atque
1368 2042 1535 2083 vigilantia
1573 2053 1767 2085 praecavere
1797 2048 1862 2075 stu-

1100 2093 1276 2132 'deamus,
1303 2103 1343 2125 ne
1369 2093 1444 2135 quid
1471 2095 1503 2126 in
1536 2106 1605 2127 cam
1630 2095 1769 2138 irrepat,
1797 2103 1860 2138 quo

1123 2146 1369 2188 quomodolibet
1396 2146 1530 2185 turbari,
1550 2153 1605 2179 aut
1621 2158 1637 2179 a
1653 2147 1860 2191 praescriptis

1122 2199 1235 2231 ritibus
1260 2199 1421 2239 aberrare,
1441 2206 1472 2231 et
1488 2200 1535 2232 via
1561 2201 1724 2233 erroribus
1742 2201 1859 2244 aperiri

1122 2252 1235 2294 possit.

1167 2305 1181 2346 ξ,
1212 2305 1237 2336 l.
1258 2304 1335 2337 Cum
1354 2305 1473 2348 itaque,
1493 2306 1575 2338 sicut
1591 2306 1683 2338 nobis
1704 2306 1856 2347 innotuit,

1123 2367 1208 2390 anno
1240 2359 1384 2400 proxime
1418 2359 1529 2401 elapso
1568 2359 1649 2402 typis
1684 2360 1859 2402 impressus

1122 2421 1158 2443 ac
1182 2410 1215 2442 in
1240 2411 1343 2443 lucem
1370 2411 1499 2444 Parisiis
1533 2412 1636 2445 editus
1670 2412 1767 2446 suerit
1792 2415 1859 2456 gal-

1159 2492 1167 2515 1
1191 2489 1228 2516 Ex
1249 2489 1356 2524 aegest.
1377 2489 1404 2516 in
1424 2490 1530 2517 Secret.
1552 2490 1630 2518 Brev.

1156 2534 1171 2560 2
1186 2534 1303 2561 Similem
1317 2535 1374 2561 vide
1385 2543 1468 2570 supra
1481 2535 1531 2562 suh
1543 2544 1618 2563 1111111.
1633 2543 1704 2570 wa,
1718 2544 1778 2571 pag.
1793 2537 1856 2570 629,

1122 2577 1180 2604 beic
1196 2582 1285 2604 autem
1301 2579 1407 2606 additur
1422 2579 1454 2607 de
1468 2588 1536 2607 novo
1552 2580 1564 2615 ἓ
1579 2581 1596 2607 2
1609 2583 1648 2612 (11.
1667 2581 1714 2614 1.).

1767 178 1831 212 653
1877 187 1924 216 An.
1947 187 1975 215 C.
1997 187 2063 217 1001

1900 1786 2039 1808 Prooemium.

1897 2314 1985 2338 Motiva.
