2247 3208
169 177 216 202 An.
235 176 261 202 C.
286 176 351 203 ioci

189 1439 335 1461 Recensentur

149 1467 205 1487 almo
222 1467 314 1487 litterae.

399 165 464 200 594

359 224 449 256 cuius
464 223 580 255 notarii
596 221 716 265 publici
733 220 932 264 subscriptis
944 227 976 253 et
989 221 1094 263 sigillo

358 287 518 319 personae
537 276 569 307 in
591 275 747 317 dignitate
774 274 993 306 ecclesiastica
1018 284 1095 306 con-

357 329 487 361 stitutae
520 326 664 366 munitis,
696 327 808 359 eadem
843 336 979 369 prorsus
1013 325 1092 358 fides

357 381 474 423 ubique
500 379 716 418 adhibeatur,
755 389 835 421 quae
868 378 1094 420 praesentibus

356 432 587 471 adhiberetur,
615 431 640 462 si
667 431 773 463 forent
797 430 960 462 exhibitae
986 431 1036 462 vel
1062 441 1095 463 o-

357 490 495 517 stensae.

397 538 508 569 Datum
541 536 680 575 Romae,
707 536 790 579 apud
822 535 852 568 S.
881 535 1008 568 Mariam
1034 536 1095 567 Ma-

356 591 474 629 iorem,
502 589 560 621 sub
586 589 706 621 annulo
731 588 923 628 piscatoris,
947 588 998 620 die
1023 598 1093 620 xxrx

354 641 495 673 octobris
533 650 683 673 iiDchvii
704 668 711 681 ,
753 640 958 683 pontificatus
991 640 1092 672 nostri

352 706 436 727 anno
458 705 478 727 1.

388 756 444 781 Dat.
467 755 510 781 die
531 755 563 782 2¹9
583 755 701 782 octobris
724 755 801 788 1667,
823 755 916 790 pontis.
935 763 1003 782 anuo
1021 762 1037 781 1.

668 896 773 928 XXXI.

350 976 439 1008 Nova
476 976 631 1007 consessio
673 974 841 1016 facultatis
880 973 1088 1016 coquoscendz'

393 1038 506 1059 causas
553 1028 803 1058 wziversila[um
843 1031 871 1058 et
917 1027 1087 1058 hominum

393 1080 424 1112 S.
444 1080 597 1119 Benz'qni,
615 1080 829 1118 illontanarii,
847 1079 971 1117 Filetti,
996 1079 1087 1111 Lom-

394 1132 556 1169 bardom'i,
576 1136 604 1164 et
621 1132 764 1164 aliorum
787 1131 938 1171 locorum,
959 1133 1087 1164 nullius

392 1184 552 1221 dioecesis,
564 1184 752 1226 provinciae
770 1185 994 1226 Taurinensis,
1006 1195 1087 1217 mm-

391 1237 439 1267 cio
460 1236 645 1269 Sabaadiae
659 1235 676 1268 ¹.

563 1316 694 1342 Clemens
717 1316 795 1349 Papa
816 1317 865 1348 1x,

491 1359 526 1385 ad
546 1359 678 1385 futuram
697 1360 740 1386 rei
760 1360 938 1386 memoriam.

390 1429 404 1472 ἓ
433 1429 459 1461 l.
488 1430 572 1462 Alias
591 1430 664 1472 (pro
684 1435 774 1472 parte
794 1430 984 1463 dilectorum
1003 1430 1085 1464 filio-

347 1493 415 1514 rum
442 1482 688 1514 universitatum
715 1488 746 1515 et
771 1483 939 1515 hominum
968 1484 998 1516 S.
1028 1484 1085 1516 Be-

348 1534 446 1576 nigni,
473 1545 509 1566 ac
532 1534 722 1567 Montanarii
749 1540 781 1567 et
805 1535 929 1575 Filetti,
957 1546 1083 1568 necnon

346 1587 574 1620 Lombardonii
601 1592 633 1619 ct
653 1587 791 1619 aliorum
819 1589 962 1620 locorum
988 1589 1084 1621 iuris-

346 1640 497 1672 dictionis
515 1641 712 1680 monaster—ii,
730 1641 876 1674 abbatiae
892 1642 1081 1685 nuncupati,

345 1692 418 1725 Scdi
431 1692 634 1735 Apostolicae
653 1693 803 1733 subiecti,
819 1694 966 1726 eiusdem
982 1694 1012 1727 S.
1026 1695 1083 1728 Be-

345 1745 446 1787 nigni,
470 1745 598 1778 Ordinis
626 1746 724 1778 sancti
751 1746 935 1786 Benedicti,
963 1748 1082 1780 nullius

345 1798 510 1838 dioecesis,
533 1798 718 1841 provinciae
737 1798 956 1840 Taurinensis,
979 1800 1079 1833 felicis

345 1851 580 1884 recordationis
599 1851 698 1884 Paulo
721 1852 824 1895 Papae
845 1852 868 1883 V
892 1853 1082 1895 praedeces·

343 1904 409 1937 sori
428 1909 539 1937 nostro
559 1905 720 1948 exposito,
740 1905 827 1948 quod
845 1905 966 1938 dudum
989 1916 1080 1938 reco-

342 1957 457 1989 lendae
478 1957 653 1990 memoriae
672 1957 745 1989 Pius
764 1957 849 2000 Papa
866 1957 911 1996 IV,
931 1958 1080 1990 similiter

342 2010 578 2052 praedecessor
603 2014 723 2049 noster,
742 2010 836 2043 dictis
863 2010 1079 2043 universitati-

342 2063 401 2094 bus
428 2068 460 2095 et
484 2062 684 2102 hominibus,
712 2063 778 2106 qui,
806 2068 941 2106 propter
967 2074 1079 2096 eorum

342 2121 568 2158 paupertatem
604 2126 819 2159 magnamque
845 2116 1004 2149 dictorum
1033 2118 1079 2150 lo-

341 2178 451 2201 corum
477 2180 494 2201 a
518 2169 599 2202 Sede
618 2169 783 2212 praedicta
797 2169 988 2209 distantiam,
1010 2181 1078 2202 cau-

342 2231 390 2252 sas
416 2221 454 2253 ad
480 2222 597 2254 dictam
621 2222 738 2254 Sedem
763 2233 822 2264 pro
854 2228 997 2265 tempore
1024 2223 1078 2255 de-

342 2274 466 2305 volutas
491 2274 642 2317 prosequi
661 2275 851 2317 nequibant,
873 2280 947 2307 tunc
964 2280 995 2308 et
1017 2286 1076 2318 pro

342 2330 490 2368 tempore
525 2326 714 2359 existentem
748 2328 893 2359 eiusdem
924 2327 1014 2360 Sedis
1044 2328 1077 2360 in

340 2378 404 2411 illis
431 2379 577 2421 partibus
603 2380 754 2421 legatum,
772 2390 829 2412 seu
848 2380 1012 2420 nuncium,
1031 2380 1078 2412 iu-

341 2429 456 2469 dicem,
469 2431 523 2473 qui
534 2441 752 2475 quascumque
764 2443 875 2466 causas
889 2432 922 2466 in
933 2434 1076 2467 secunda

375 2544 386 2570 1
406 2543 442 2570 Ex
459 2543 566 2579 Regest.
583 2543 610 2571 in
624 2543 725 2572 Secret.
743 2544 819 2572 Brev.

940 174 1120 198 BELLARIUM
1145 174 1270 198 ROMANL'
1276 176 1297 199 M

1138 221 1291 253 instantia
1329 233 1346 254 a
1387 223 1645 265 quibuscumque
1681 222 1872 262 sententiis,

1138 283 1293 307 summani
1320 274 1554 317 quinquaginta
1572 280 1734 307 scutorum
1756 276 1821 308 auri
1842 277 1871 309 in

1138 335 1217 357 auro
1243 335 1306 357 non
1333 326 1547 366 excedentes,
1581 337 1639 368 per
1674 327 1775 370 ipsius
1806 339 1873 360 mo—

1138 377 1268 409 nasterii
1284 377 1432 410 abbatem
1447 383 1500 410 aut
1514 379 1552 410 ab
1571 389 1609 411 eo
1624 380 1795 421 deputatos
1813 391 1872 423 pro

1139 433 1281 471 tempore
1307 430 1397 469 latis,
1424 441 1638 472 cognoscere,
1665 432 1813 464 decidere
1841 438 1873 465 et

1137 480 1199 513 sine
1225 481 1334 514 debito
1361 482 1543 522 terminare,
1578 493 1613 514 ac
1648 483 1775 515 debitae
1801 494 1872 516 exe-

1137 533 1285 576 quutioni
1312 535 1509 567 demandare
1535 536 1676 574 valeret,
1702 536 1740 568 ad
1767 536 1869 579 ipsius

1136 586 1398 627 praedecessoris
1424 593 1455 619 ct
1479 587 1570 619 Sedis
1596 588 1782 631 praedictae
1817 589 1873 620 bc-

1136 639 1331 680 neplacitum
1357 640 1569 672 constituerat
1595 645 1625 672 et
1650 641 1870 683 deputaverat,

1136 695 1168 722 et
1193 691 1340 731 subinde,
1361 703 1419 734 pro
1441 703 1479 725 eo
1506 693 1590 735 quod
1609 693 1870 726 universitatibus

1135 749 1166 775 et
1191 744 1376 777 hominibus
1402 746 1575 787 praedictis
1597 751 1731 789 propter
1756 757 1870 780 eorum

1134 801 1358 838 paupertatem
1396 803 1427 829 et
1463 797 1646 830 distantiam
1680 798 1868 832 huiusmodi

1132 849 1223 881 valde
1249 849 1378 882 difficile
1405 855 1474 882 erat
1499 861 1557 893 pro
1592 851 1729 893 singulis
1762 853 1868 885 causis

1133 901 1250 933 dictam
1275 912 1433 935 summam
1452 903 1685 946 quinquaginta
1705 910 1867 937 scutorum

1132 953 1361 985 excedentibus
1372 954 1536 987 adSedem
1547 957 1691 988 eamdem
1702 968 1869 990 recursum

1133 1004 1263 1045 babere,
1280 1006 1534 1048 piaememoriae
1552 1008 1698 1041 Clemens
1709 1010 1794 1052 Papa
1804 1011 1867 1042 vul

1131 1057 1228 1089 etiam
1265 1059 1497 1101 praedecessor
1535 1065 1646 1093 noster
1685 1061 1868 1096 facultatem

1130 1110 1348 1151 cognoscendi
1375 1122 1597 1155 quascumque
1627 1124 1737 1146 causas
1762 1114 1795 1146 in
1821 1126 1869 1147 se-

1130 1163 1235 1194 cunda
1249 1162 1408 1203 instantia,
1424 1174 1524 1207 usque
1543 1165 1582 1197 ad
1601 1176 1758 1199 summam
1775 1167 1868 1210 quin-

1130 1215 1284 1257 quaginta
1298 1221 1463 1248 scutorum
1479 1217 1597 1250 nuncio
1614 1218 1781 1261 praedicto
1795 1230 1868 1252 con·

1129 1277 1265 1307 cessam,
1285 1269 1322 1301 ad
1342 1279 1455 1302 omnes
1475 1275 1507 1302 et
1522 1281 1740 1314 quascumque
1755 1282 1867 1304 causas

1129 1319 1161 1351 in
1187 1321 1330 1353 secunda
1354 1322 1505 1354 instantia
1530 1323 1655 1363 civiles,
1682 1324 1866 1358 criminales

1129 1377 1160 1403 et
1185 1372 1309 1413 mixtas,
1337 1385 1373 1406 ac
1398 1374 1615 1415 beneficiales,
1643 1387 1679 1409 ac
1703 1377 1866 1410 matrimo-

1129 1424 1240 1463 niales,
1255 1430 1286 1457 et
1303 1426 1381 1459 alias
1397 1438 1614 1470 quascumque
1632 1430 1772 1462 cuiusvis
1789 1441 1866 1473 qua-

1128 1476 1224 1509 litatis
1239 1479 1412 1511 existentes
1428 1486 1459 1512 et
1478 1481 1517 1513 ad
1535 1492 1770 1526 quamcumque
1785 1493 1865 1516 sum-

1127 1541 1209 1563 mam
1234 1533 1459 1573 ascendentes,
1481 1544 1539 1576 pro
1565 1539 1713 1578 tempore
1735 1547 1864 1569 moven-

1127 1583 1191 1622 das,
1219 1584 1256 1615 ad
1281 1589 1404 1616 certum
1432 1590 1504 1617 tunc
1527 1596 1713 1629 expressum
1734 1592 1860 1631 tempus

1126 1637 1327 1677 extenderat,
1354 1637 1523 1682 ipsumque
1542 1644 1668 1682 tempus
1688 1640 1810 1682 pluries
1832 1647 1863 1673 ct

1125 1689 1237 1721 ultimo
1263 1690 1302 1722 ad
1327 1690 1587 1733 quinquennium
1613 1695 1860 1736 prorogaverat.)

1126 1741 1209 1773 idem
1227 1741 1343 1775 Paulus
1355 1743 1588 1786 praedecessor
1605 1744 1860 1788 quinquennium

1125 1793 1310 1827 huiusmodi
1327 1800 1377 1827 ter
1391 1796 1570 1829 successive
1588 1797 1722 1840 singulis
1739 1798 1861 1831 vicibus

1124 1847 1162 1879 ad
1173 1847 1430 1890 quinquennium
1445 1850 1640 1892 prorogavit..
1654 1850 1861 1884 Postmodum

1123 1909 1200 1932 vero
1225 1899 1338 1932 similis
1363 1901 1597 1934 recordationis
1629 1902 1775 1936 Urbanus
1804 1904 1861 1937 Pa-

1123 1963 1164 1995 pa
1187 1952 1250 1984 vul
1276 1953 1397 1995 pariter
1418 1955 1649 1997 praedecessor
1674 1961 1793 1996 noster,
1819 1962 1860 1988 at-

1123 2009 1212 2037 tento
1224 2006 1309 2047 quod
1322 2006 1580 2049 quinspiennium
1595 2007 1709 2040 ultimo
1724 2013 1758 2040 ut
1771 2019 1858 2051 prae-

1122 2061 1223 2093 fertur
1247 2066 1456 2103 prorogatum
1480 2062 1692 2104 expiraverat,
1726 2061 1857 2094 faculta-

1122 2118 1185 2145 tem
1211 2113 1408 2156 praedictam
1425 2113 1464 2145 ad
1483 2113 1569 2146 aliud
1592 2113 1856 2156 quinquennium,

1122 2167 1181 2198 sub
1207 2165 1303 2198 certis
1330 2167 1426 2198 modo
1453 2170 1483 2197 et
1509 2166 1609 2198 forma
1629 2171 1704 2199 tunc
1727 2176 1857 2209 expres-

1121 2219 1175 2258 sis,
1197 2218 1363 2258 concessit,
1387 2219 1558 2261 ipsumque
1583 2218 1854 2261 quinquennium,

1121 2273 1215 2305 etiam
1240 2279 1288 2305 ter
1313 2272 1491 2304 successive
1518 2271 1652 2314 singulis
1675 2272 1796 2304 vicibus
1816 2272 1855 2304 ad

1121 2323 1381 2368 quinquennium
1413 2325 1609 2367 prorogavit.
1649 2325 1692 2356 Ae
1728 2324 1855 2356 demum

1119 2377 1233 2410 similis
1254 2377 1488 2410 recordationis
1508 2378 1689 2410 Alexander
1705 2377 1790 2420 Papa
1804 2375 1854 2408 Vll

1120 2429 1215 2462 etiam
1236 2431 1464 2472 praedecessor
1488 2435 1602 2462 noster
1632 2429 1777 2462 eamdem
1811 2428 1855 2460 sa-

1120 2484 1269 2515 cultatem
1296 2483 1335 2515 ad
1361 2483 1446 2515 aliud
1469 2482 1725 2525 quinquennium
1741 2481 1853 2513 itidem

1120 2536 1291 2577 concessit,
1306 2540 1337 2568 et
1362 2536 1439 2568 alias
1465 2540 1560 2579 prout
1586 2535 1617 2567 in
1635 2534 1768 2567 diversis
1787 2544 1853 2566 me·-

1884 173 1935 199 An.
1953 172 1981 199 C.
2001 172 2070 200 1667
