<?xml version="1.0" encoding="UTF-8"?>
<!DOCTYPE html PUBLIC "-//W3C//DTD XHTML 1.0 Transitional//EN"
    "http://www.w3.org/TR/xhtml1/DTD/xhtml1-transitional.dtd">
<html xmlns="http://www.w3.org/1999/xhtml" xml:lang="en" lang="en">
 <head>
  <title>
</title>
<meta http-equiv="Content-Type" content="text/html;charset=utf-8" />
  <meta name='ocr-system' content='tesseract 3.04.00' />
  <meta name='ocr-capabilities' content='ocr_page ocr_carea ocr_par ocr_line ocrx_word'/>
</head>
<body>
  <div class='ocr_page' id='page_1' title='image "./bullarumdiplomat17cath_0363.png"; bbox 0 0 2247 3208; ppageno 0'>
   <div class='ocr_carea' id='block_1_1' title="bbox 167 248 1100 2456">
    <p class='ocr_par' dir='ltr' id='par_1_1' title="bbox 167 248 1100 908">
     <span class='ocr_line' id='line_1_1' title="bbox 167 248 353 277; baseline -0.011 -1"><span class='ocrx_word' id='word_1_1' title='bbox 167 250 216 277; x_wconf 67' lang='grc' dir='ltr'>ΛΠ.</span> <span class='ocrx_word' id='word_1_2' title='bbox 233 249 260 276; x_wconf 85' lang='lat' dir='ltr'>C.</span> <span class='ocrx_word' id='word_1_3' title='bbox 287 248 353 275; x_wconf 68' lang='lat'>¹66³,</span> 
     </span>
     <span class='ocr_line' id='line_1_2' title="bbox 361 289 1098 338; baseline -0.012 -10"><span class='ocrx_word' id='word_1_4' title='bbox 361 296 503 338; x_wconf 75' lang='lat' dir='ltr'><strong>desuper</strong></span> <span class='ocrx_word' id='word_1_5' title='bbox 527 304 544 325; x_wconf 86' lang='lat' dir='ltr'>a</span> <span class='ocrx_word' id='word_1_6' title='bbox 570 302 747 335; x_wconf 82' lang='lat' dir='ltr'>quoquam,</span> <span class='ocrx_word' id='word_1_7' title='bbox 774 291 885 334; x_wconf 73' lang='lat' dir='ltr'>quavis</span> <span class='ocrx_word' id='word_1_8' title='bbox 899 289 1098 327; x_wconf 78' lang='lat' dir='ltr'>anctoritate,</span> 
     </span>
     <span class='ocr_line' id='line_1_3' title="bbox 361 343 1100 391; baseline -0.011 -11"><span class='ocrx_word' id='word_1_9' title='bbox 361 346 610 391; x_wconf 73' lang='lat' dir='ltr'>quomodolibet</span> <span class='ocrx_word' id='word_1_10' title='bbox 635 345 780 377; x_wconf 65' lang='lat' dir='ltr'>indebite</span> <span class='ocrx_word' id='word_1_11' title='bbox 813 343 1003 382; x_wconf 72' lang='lat' dir='ltr'>molestari,</span> <span class='ocrx_word' id='word_1_12' title='bbox 1030 352 1100 384; x_wconf 79' lang='lat' dir='ltr'>per-</span> 
     </span>
     <span class='ocr_line' id='line_1_4' title="bbox 359 395 1099 441; baseline -0.008 -9"><span class='ocrx_word' id='word_1_13' title='bbox 359 399 513 436; x_wconf 82' lang='lat' dir='ltr'>turbari,</span> <span class='ocrx_word' id='word_1_14' title='bbox 540 400 589 432; x_wconf 78' lang='lat' dir='ltr'>vel</span> <span class='ocrx_word' id='word_1_15' title='bbox 621 398 815 441; x_wconf 81' lang='lat' dir='ltr'>inquietari;</span> <span class='ocrx_word' id='word_1_16' title='bbox 842 395 1099 429; x_wconf 82' lang='lat' dir='ltr'>contradictores</span> 
     </span>
     <span class='ocr_line' id='line_1_5' title="bbox 360 451 1099 496; baseline -0.008 -10"><span class='ocrx_word' id='word_1_17' title='bbox 360 453 524 496; x_wconf 85' lang='lat' dir='ltr'>quoslibet</span> <span class='ocrx_word' id='word_1_18' title='bbox 560 457 591 484; x_wconf 87' lang='lat' dir='ltr'>et</span> <span class='ocrx_word' id='word_1_19' title='bbox 628 451 768 484; x_wconf 76' lang='lat' dir='ltr'>rebelles</span> <span class='ocrx_word' id='word_1_20' title='bbox 799 460 858 492; x_wconf 84' lang='lat' dir='ltr'>per</span> <span class='ocrx_word' id='word_1_21' title='bbox 890 458 1042 481; x_wconf 81' lang='lat' dir='ltr'>censuras</span> <span class='ocrx_word' id='word_1_22' title='bbox 1069 454 1099 480; x_wconf 82' lang='lat' dir='ltr'>et</span> 
     </span>
     <span class='ocr_line' id='line_1_6' title="bbox 359 503 1099 549; baseline -0.009 -10"><span class='ocrx_word' id='word_1_23' title='bbox 359 516 482 549; x_wconf 88' lang='lat' dir='ltr'>poenas</span> <span class='ocrx_word' id='word_1_24' title='bbox 501 504 746 543; x_wconf 84' lang='lat' dir='ltr'>ecclesiasticas,</span> <span class='ocrx_word' id='word_1_25' title='bbox 766 503 892 545; x_wconf 83' lang='lat' dir='ltr'>aliaque</span> <span class='ocrx_word' id='word_1_26' title='bbox 912 505 1099 544; x_wconf 84' lang='lat' dir='ltr'>opportuna</span> 
     </span>
     <span class='ocr_line' id='line_1_7' title="bbox 359 554 1100 597; baseline -0.008 -6"><span class='ocrx_word' id='word_1_27' title='bbox 359 558 437 591; x_wconf 90' lang='lat' dir='ltr'>iuris</span> <span class='ocrx_word' id='word_1_28' title='bbox 459 563 489 590; x_wconf 70' lang='lat' dir='ltr'>ct</span> <span class='ocrx_word' id='word_1_29' title='bbox 509 557 581 590; x_wconf 83' lang='lat' dir='ltr'>sacti</span> <span class='ocrx_word' id='word_1_30' title='bbox 599 556 750 595; x_wconf 85' lang='lat' dir='ltr'>remedia,</span> <span class='ocrx_word' id='word_1_31' title='bbox 777 554 999 597; x_wconf 68' lang='lat' dir='ltr'>appellatione</span> <span class='ocrx_word' id='word_1_32' title='bbox 1016 558 1100 596; x_wconf 88' lang='lat' dir='ltr'>post-</span> 
     </span>
     <span class='ocr_line' id='line_1_8' title="bbox 359 607 1100 654; baseline -0.009 -10"><span class='ocrx_word' id='word_1_33' title='bbox 359 611 476 654; x_wconf 81' lang='lat' dir='ltr'>posita,</span> <span class='ocrx_word' id='word_1_34' title='bbox 489 608 738 652; x_wconf 88' lang='lat' dir='ltr'>compescendo,</span> <span class='ocrx_word' id='word_1_35' title='bbox 765 607 981 649; x_wconf 73' lang='lat' dir='ltr'>legitimisque</span> <span class='ocrx_word' id='word_1_36' title='bbox 1000 616 1100 648; x_wconf 87' lang='lat' dir='ltr'>super</span> 
     </span>
     <span class='ocr_line' id='line_1_9' title="bbox 359 660 1098 703; baseline -0.009 -6"><span class='ocrx_word' id='word_1_37' title='bbox 359 664 409 697; x_wconf 87' lang='lat' dir='ltr'>his</span> <span class='ocrx_word' id='word_1_38' title='bbox 435 663 592 697; x_wconf 73' lang='lat' dir='ltr'>habendis</span> <span class='ocrx_word' id='word_1_39' title='bbox 616 662 750 695; x_wconf 84' lang='lat' dir='ltr'>servatis</span> <span class='ocrx_word' id='word_1_40' title='bbox 774 660 1000 703; x_wconf 74' lang='lat' dir='ltr'>processibus,</span> <span class='ocrx_word' id='word_1_41' title='bbox 1028 669 1098 691; x_wconf 89' lang='lat' dir='ltr'>cen-</span> 
     </span>
     <span class='ocr_line' id='line_1_10' title="bbox 360 713 1098 760; baseline -0.008 -10"><span class='ocrx_word' id='word_1_42' title='bbox 360 728 452 750; x_wconf 89' lang='lat' dir='ltr'>suras</span> <span class='ocrx_word' id='word_1_43' title='bbox 477 722 509 750; x_wconf 90' lang='lat' dir='ltr'>et</span> <span class='ocrx_word' id='word_1_44' title='bbox 533 726 654 760; x_wconf 85' lang='lat' dir='ltr'>poenas</span> <span class='ocrx_word' id='word_1_45' title='bbox 679 715 764 758; x_wconf 86' lang='lat' dir='ltr'>ipsas</span> <span class='ocrx_word' id='word_1_46' title='bbox 790 714 887 746; x_wconf 85' lang='lat' dir='ltr'>etiam</span> <span class='ocrx_word' id='word_1_47' title='bbox 911 713 1038 745; x_wconf 83' lang='lat' dir='ltr'>iteratis</span> <span class='ocrx_word' id='word_1_48' title='bbox 1054 713 1098 744; x_wconf 89' lang='lat' dir='ltr'>vi-</span> 
     </span>
     <span class='ocr_line' id='line_1_11' title="bbox 359 766 1098 812; baseline -0.008 -9"><span class='ocrx_word' id='word_1_49' title='bbox 359 770 448 803; x_wconf 82' lang='lat' dir='ltr'>cibus</span> <span class='ocrx_word' id='word_1_50' title='bbox 481 768 711 812; x_wconf 82' lang='lat' dir='ltr'>aggravando,</span> <span class='ocrx_word' id='word_1_51' title='bbox 746 767 896 799; x_wconf 84' lang='lat' dir='ltr'>invocato</span> <span class='ocrx_word' id='word_1_52' title='bbox 929 766 1025 798; x_wconf 89' lang='lat' dir='ltr'>etiam</span> <span class='ocrx_word' id='word_1_53' title='bbox 1058 766 1098 799; x_wconf 89' lang='lat' dir='ltr'>ad</span> 
     </span>
     <span class='ocr_line' id='line_1_12' title="bbox 360 819 1098 865; baseline -0.004 -11"><span class='ocrx_word' id='word_1_54' title='bbox 360 822 434 862; x_wconf 82' lang='lat' dir='ltr'>hoc,</span> <span class='ocrx_word' id='word_1_55' title='bbox 461 821 486 854; x_wconf 91' lang='lat' dir='ltr'>si</span> <span class='ocrx_word' id='word_1_56' title='bbox 512 831 592 865; x_wconf 89' lang='lat' dir='ltr'>opus</span> <span class='ocrx_word' id='word_1_57' title='bbox 618 820 731 859; x_wconf 88' lang='lat' dir='ltr'>suerit,</span> <span class='ocrx_word' id='word_1_58' title='bbox 758 819 876 852; x_wconf 78' lang='lat' dir='ltr'>auxilio</span> <span class='ocrx_word' id='word_1_59' title='bbox 901 819 1028 852; x_wconf 86' lang='lat' dir='ltr'>brachii</span> <span class='ocrx_word' id='word_1_60' title='bbox 1053 830 1098 852; x_wconf 89' lang='lat' dir='ltr'>se-</span> 
     </span>
     <span class='ocr_line' id='line_1_13' title="bbox 359 874 488 908; baseline -0.016 0"><span class='ocrx_word' id='word_1_61' title='bbox 359 874 488 908; x_wconf 86' lang='lat' dir='ltr'>cularis.</span> 
     </span>
    </p>

    <p class='ocr_par' dir='ltr' id='par_1_2' title="bbox 357 926 1099 2298">
     <span class='ocr_line' id='line_1_14' title="bbox 403 926 1098 971; baseline -0.001 -12"><span class='ocrx_word' id='word_1_62' title='bbox 403 928 417 971; x_wconf 64' lang='lat' dir='ltr'>g</span> <span class='ocrx_word' id='word_1_63' title='bbox 442 927 473 959; x_wconf 80' lang='lat'>4.</span> <span class='ocrx_word' id='word_1_64' title='bbox 501 926 570 962; x_wconf 86' lang='lat' dir='ltr'>Non</span> <span class='ocrx_word' id='word_1_65' title='bbox 595 926 796 960; x_wconf 72' lang='lat' dir='ltr'>obstantibus</span> <span class='ocrx_word' id='word_1_66' title='bbox 812 926 963 969; x_wconf 83' lang='lat' dir='ltr'>praefatis</span> <span class='ocrx_word' id='word_1_67' title='bbox 980 926 1098 959; x_wconf 87' lang='lat' dir='ltr'>nostris</span> 
     </span>
     <span class='ocr_line' id='line_1_15' title="bbox 357 979 1098 1023; baseline -0.001 -10"><span class='ocrx_word' id='word_1_68' title='bbox 357 980 474 1014; x_wconf 88' lang='lat' dir='ltr'>litteris</span> <span class='ocrx_word' id='word_1_69' title='bbox 499 990 597 1023; x_wconf 82' lang='lat' dir='ltr'>super</span> <span class='ocrx_word' id='word_1_70' title='bbox 627 979 872 1012; x_wconf 70' lang='lat' dir='ltr'>confirmatione</span> <span class='ocrx_word' id='word_1_71' title='bbox 900 980 1098 1023; x_wconf 86' lang='lat' dir='ltr'>supradicta-</span> 
     </span>
     <span class='ocr_line' id='line_1_16' title="bbox 358 1033 1099 1077; baseline -0.001 -11"><span class='ocrx_word' id='word_1_72' title='bbox 358 1044 429 1066; x_wconf 90' lang='lat' dir='ltr'>rum</span> <span class='ocrx_word' id='word_1_73' title='bbox 440 1033 619 1077; x_wconf 88' lang='lat' dir='ltr'>patentium</span> <span class='ocrx_word' id='word_1_74' title='bbox 635 1033 815 1066; x_wconf 85' lang='lat' dir='ltr'>litterarum</span> <span class='ocrx_word' id='word_1_75' title='bbox 834 1033 1002 1076; x_wconf 67' lang='lat' dir='ltr'>expeditis,</span> <span class='ocrx_word' id='word_1_76' title='bbox 1014 1033 1099 1066; x_wconf 88' lang='lat' dir='ltr'>aliis-</span> 
     </span>
     <span class='ocr_line' id='line_1_17' title="bbox 359 1086 1097 1130; baseline 0.003 -12"><span class='ocrx_word' id='word_1_77' title='bbox 359 1097 421 1130; x_wconf 88' lang='lat' dir='ltr'>que</span> <span class='ocrx_word' id='word_1_78' title='bbox 446 1086 644 1129; x_wconf 72' lang='lat' dir='ltr'>praemissis,</span> <span class='ocrx_word' id='word_1_79' title='bbox 675 1096 710 1118; x_wconf 88' lang='lat' dir='ltr'>ac</span> <span class='ocrx_word' id='word_1_80' title='bbox 736 1086 838 1119; x_wconf 85' lang='lat' dir='ltr'>felicis</span> <span class='ocrx_word' id='word_1_81' title='bbox 864 1086 1097 1120; x_wconf 85' lang='lat' dir='ltr'>recordationis</span> 
     </span>
     <span class='ocr_line' id='line_1_18' title="bbox 359 1139 1097 1182; baseline 0.001 -10"><span class='ocrx_word' id='word_1_82' title='bbox 359 1139 514 1172; x_wconf 84' lang='lat' dir='ltr'>Bonisacii</span> <span class='ocrx_word' id='word_1_83' title='bbox 539 1139 643 1182; x_wconf 91' lang='lat' dir='ltr'>Papae</span> <span class='ocrx_word' id='word_1_84' title='bbox 672 1139 734 1171; x_wconf 65' lang='lat' dir='ltr'>vln</span> <span class='ocrx_word' id='word_1_85' title='bbox 762 1139 1023 1182; x_wconf 75' lang='lat' dir='ltr'>praedecessoris</span> <span class='ocrx_word' id='word_1_86' title='bbox 1040 1151 1097 1173; x_wconf 92' lang='lat' dir='ltr'>no-</span> 
     </span>
     <span class='ocr_line' id='line_1_19' title="bbox 359 1192 1097 1235; baseline 0 -10"><span class='ocrx_word' id='word_1_87' title='bbox 359 1192 416 1225; x_wconf 89' lang='lat' dir='ltr'>stri</span> <span class='ocrx_word' id='word_1_88' title='bbox 435 1193 473 1225; x_wconf 91' lang='lat' dir='ltr'>de</span> <span class='ocrx_word' id='word_1_89' title='bbox 492 1195 562 1233; x_wconf 80' lang='lat' dir='ltr'>una,</span> <span class='ocrx_word' id='word_1_90' title='bbox 583 1198 613 1224; x_wconf 90' lang='lat' dir='ltr'>et</span> <span class='ocrx_word' id='word_1_91' title='bbox 631 1192 761 1225; x_wconf 86' lang='lat' dir='ltr'>concilii</span> <span class='ocrx_word' id='word_1_92' title='bbox 780 1193 942 1235; x_wconf 81' lang='lat' dir='ltr'>generalis</span> <span class='ocrx_word' id='word_1_93' title='bbox 960 1193 997 1225; x_wconf 87' lang='lat' dir='ltr'>de</span> <span class='ocrx_word' id='word_1_94' title='bbox 1020 1193 1097 1226; x_wconf 78' lang='lat' dir='ltr'>‹tua-</span> 
     </span>
     <span class='ocr_line' id='line_1_20' title="bbox 359 1245 1096 1289; baseline 0.001 -11"><span class='ocrx_word' id='word_1_95' title='bbox 359 1245 417 1278; x_wconf 85' lang='lat' dir='ltr'>bus</span> <span class='ocrx_word' id='word_1_96' title='bbox 441 1245 547 1286; x_wconf 87' lang='lat' dir='ltr'>dietis,</span> <span class='ocrx_word' id='word_1_97' title='bbox 566 1246 738 1278; x_wconf 87' lang='lat' dir='ltr'>dummodo</span> <span class='ocrx_word' id='word_1_98' title='bbox 764 1245 879 1289; x_wconf 89' lang='lat' dir='ltr'>aliquis</span> <span class='ocrx_word' id='word_1_99' title='bbox 904 1246 1096 1280; x_wconf 85' lang='lat' dir='ltr'>auctoritate</span> 
     </span>
     <span class='ocr_line' id='line_1_21' title="bbox 358 1299 1097 1342; baseline 0.003 -12"><span class='ocrx_word' id='word_1_100' title='bbox 358 1299 577 1342; x_wconf 86' lang='lat' dir='ltr'>praesentium</span> <span class='ocrx_word' id='word_1_101' title='bbox 611 1300 697 1332; x_wconf 86' lang='lat' dir='ltr'>ultra</span> <span class='ocrx_word' id='word_1_102' title='bbox 731 1304 794 1331; x_wconf 83' lang='lat' dir='ltr'>tres</span> <span class='ocrx_word' id='word_1_103' title='bbox 829 1300 930 1332; x_wconf 87' lang='lat' dir='ltr'>dietas</span> <span class='ocrx_word' id='word_1_104' title='bbox 956 1300 988 1332; x_wconf 89' lang='lat' dir='ltr'>in</span> <span class='ocrx_word' id='word_1_105' title='bbox 1014 1300 1097 1333; x_wconf 86' lang='lat' dir='ltr'>iudi-</span> 
     </span>
     <span class='ocr_line' id='line_1_22' title="bbox 359 1351 1098 1396; baseline 0.003 -12"><span class='ocrx_word' id='word_1_106' title='bbox 359 1351 443 1384; x_wconf 88' lang='lat' dir='ltr'>cium</span> <span class='ocrx_word' id='word_1_107' title='bbox 473 1362 539 1384; x_wconf 91' lang='lat' dir='ltr'>non</span> <span class='ocrx_word' id='word_1_108' title='bbox 571 1352 739 1392; x_wconf 79' lang='lat' dir='ltr'>trahatur,</span> <span class='ocrx_word' id='word_1_109' title='bbox 774 1352 908 1396; x_wconf 84' lang='lat' dir='ltr'>aliisque</span> <span class='ocrx_word' id='word_1_110' title='bbox 946 1354 1098 1386; x_wconf 87' lang='lat' dir='ltr'>constitu-</span> 
     </span>
     <span class='ocr_line' id='line_1_23' title="bbox 359 1404 1093 1449; baseline 0.004 -13"><span class='ocrx_word' id='word_1_111' title='bbox 359 1404 499 1437; x_wconf 85' lang='lat' dir='ltr'>tionibus</span> <span class='ocrx_word' id='word_1_112' title='bbox 533 1411 565 1437; x_wconf 88' lang='lat' dir='ltr'>et</span> <span class='ocrx_word' id='word_1_113' title='bbox 595 1405 853 1438; x_wconf 77' lang='lat' dir='ltr'>ordinationibus</span> <span class='ocrx_word' id='word_1_114' title='bbox 890 1407 1093 1449; x_wconf 79' lang='lat' dir='ltr'>apostolicis,</span> 
     </span>
     <span class='ocr_line' id='line_1_24' title="bbox 358 1458 1096 1502; baseline 0.004 -13"><span class='ocrx_word' id='word_1_115' title='bbox 358 1467 494 1497; x_wconf 84' lang='lat' dir='ltr'>necnon,</span> <span class='ocrx_word' id='word_1_116' title='bbox 510 1463 666 1500; x_wconf 87' lang='lat' dir='ltr'>quatenus</span> <span class='ocrx_word' id='word_1_117' title='bbox 680 1468 760 1502; x_wconf 90' lang='lat' dir='ltr'>opus</span> <span class='ocrx_word' id='word_1_118' title='bbox 775 1458 822 1497; x_wconf 88' lang='lat' dir='ltr'>sit,</span> <span class='ocrx_word' id='word_1_119' title='bbox 839 1458 965 1491; x_wconf 81' lang='lat' dir='ltr'>Ordinis</span> <span class='ocrx_word' id='word_1_120' title='bbox 983 1465 1013 1492; x_wconf 90' lang='lat' dir='ltr'>et</span> <span class='ocrx_word' id='word_1_121' title='bbox 1028 1470 1096 1502; x_wconf 93' lang='lat' dir='ltr'>pro-</span> 
     </span>
     <span class='ocr_line' id='line_1_25' title="bbox 358 1510 1096 1556; baseline 0.005 -14"><span class='ocrx_word' id='word_1_122' title='bbox 358 1510 556 1551; x_wconf 86' lang='lat' dir='ltr'>vinciarum,</span> <span class='ocrx_word' id='word_1_123' title='bbox 588 1517 765 1544; x_wconf 83' lang='lat' dir='ltr'>conventus</span> <span class='ocrx_word' id='word_1_124' title='bbox 791 1518 822 1545; x_wconf 83' lang='lat' dir='ltr'>et</span> <span class='ocrx_word' id='word_1_125' title='bbox 846 1513 976 1555; x_wconf 77' lang='lat' dir='ltr'>collegii</span> <span class='ocrx_word' id='word_1_126' title='bbox 1002 1524 1096 1556; x_wconf 84' lang='lat' dir='ltr'>prae-</span> 
     </span>
     <span class='ocr_line' id='line_1_26' title="bbox 358 1563 1096 1608; baseline 0.004 -12"><span class='ocrx_word' id='word_1_127' title='bbox 358 1563 517 1604; x_wconf 81' lang='lat' dir='ltr'>fatorum,</span> <span class='ocrx_word' id='word_1_128' title='bbox 543 1564 654 1597; x_wconf 85' lang='lat' dir='ltr'>aliisve</span> <span class='ocrx_word' id='word_1_129' title='bbox 679 1566 889 1608; x_wconf 73' lang='lat' dir='ltr'>quibuslibet,</span> <span class='ocrx_word' id='word_1_130' title='bbox 907 1566 1096 1603; x_wconf 87' lang='lat' dir='ltr'>etiarniura-</span> 
     </span>
     <span class='ocr_line' id='line_1_27' title="bbox 358 1617 1095 1664; baseline 0.004 -13"><span class='ocrx_word' id='word_1_131' title='bbox 358 1622 479 1656; x_wconf 83' lang='lat' dir='ltr'>mento,</span> <span class='ocrx_word' id='word_1_132' title='bbox 499 1617 743 1651; x_wconf 72' lang='lat' dir='ltr'>confirmatione</span> <span class='ocrx_word' id='word_1_133' title='bbox 756 1619 941 1661; x_wconf 76' lang='lat' dir='ltr'>apostolica,</span> <span class='ocrx_word' id='word_1_134' title='bbox 958 1621 1007 1652; x_wconf 89' lang='lat' dir='ltr'>vel</span> <span class='ocrx_word' id='word_1_135' title='bbox 1022 1630 1095 1664; x_wconf 85' lang='lat' dir='ltr'>qua·</span> 
     </span>
     <span class='ocr_line' id='line_1_28' title="bbox 358 1668 1095 1712; baseline 0.007 -12"><span class='ocrx_word' id='word_1_136' title='bbox 358 1669 404 1701; x_wconf 90' lang='lat' dir='ltr'>vis</span> <span class='ocrx_word' id='word_1_137' title='bbox 428 1668 577 1702; x_wconf 77' lang='lat' dir='ltr'>firmitate</span> <span class='ocrx_word' id='word_1_138' title='bbox 612 1670 674 1703; x_wconf 81' lang='lat' dir='ltr'>alia</span> <span class='ocrx_word' id='word_1_139' title='bbox 706 1671 884 1712; x_wconf 85' lang='lat' dir='ltr'>roboratis,</span> <span class='ocrx_word' id='word_1_140' title='bbox 910 1673 1035 1705; x_wconf 84' lang='lat' dir='ltr'>statutis</span> <span class='ocrx_word' id='word_1_141' title='bbox 1065 1679 1095 1705; x_wconf 86' lang='lat' dir='ltr'>et</span> 
     </span>
     <span class='ocr_line' id='line_1_29' title="bbox 358 1723 1096 1769; baseline 0.007 -15"><span class='ocrx_word' id='word_1_142' title='bbox 358 1723 653 1763; x_wconf 88' lang='lat' dir='ltr'>consuetudinibus,</span> <span class='ocrx_word' id='word_1_143' title='bbox 680 1724 857 1767; x_wconf 73' lang='lat' dir='ltr'>privilegiis</span> <span class='ocrx_word' id='word_1_144' title='bbox 882 1736 1026 1769; x_wconf 86' lang='lat' dir='ltr'>quoque,</span> <span class='ocrx_word' id='word_1_145' title='bbox 1051 1727 1096 1759; x_wconf 90' lang='lat' dir='ltr'>in-</span> 
     </span>
     <span class='ocr_line' id='line_1_30' title="bbox 360 1775 1094 1819; baseline 0.007 -12"><span class='ocrx_word' id='word_1_146' title='bbox 360 1775 456 1808; x_wconf 86' lang='lat' dir='ltr'>dultis</span> <span class='ocrx_word' id='word_1_147' title='bbox 471 1782 502 1808; x_wconf 88' lang='lat' dir='ltr'>et</span> <span class='ocrx_word' id='word_1_148' title='bbox 518 1776 632 1809; x_wconf 88' lang='lat' dir='ltr'>litteris</span> <span class='ocrx_word' id='word_1_149' title='bbox 649 1777 833 1819; x_wconf 87' lang='lat' dir='ltr'>apostolicis</span> <span class='ocrx_word' id='word_1_150' title='bbox 851 1778 883 1810; x_wconf 91' lang='lat' dir='ltr'>in</span> <span class='ocrx_word' id='word_1_151' title='bbox 900 1780 1094 1813; x_wconf 85' lang='lat' dir='ltr'>contrarium</span> 
     </span>
     <span class='ocr_line' id='line_1_31' title="bbox 359 1829 1093 1873; baseline 0.01 -15"><span class='ocrx_word' id='word_1_152' title='bbox 359 1829 607 1871; x_wconf 86' lang='lat' dir='ltr'>praemissorum</span> <span class='ocrx_word' id='word_1_153' title='bbox 633 1830 877 1872; x_wconf 84' lang='lat' dir='ltr'>quomodolibet</span> <span class='ocrx_word' id='word_1_154' title='bbox 910 1833 1069 1865; x_wconf 78' lang='lat' dir='ltr'>concessis</span> <span class='ocrx_word' id='word_1_155' title='bbox 1086 1860 1093 1873; x_wconf 92' lang='lat'>,</span> 
     </span>
     <span class='ocr_line' id='line_1_32' title="bbox 359 1881 1095 1926; baseline 0.005 -13"><span class='ocrx_word' id='word_1_156' title='bbox 359 1881 546 1923; x_wconf 88' lang='lat' dir='ltr'>approbatis</span> <span class='ocrx_word' id='word_1_157' title='bbox 563 1887 595 1914; x_wconf 91' lang='lat' dir='ltr'>et</span> <span class='ocrx_word' id='word_1_158' title='bbox 611 1882 785 1921; x_wconf 69' lang='lat' dir='ltr'>innovatis,</span> <span class='ocrx_word' id='word_1_159' title='bbox 813 1883 927 1926; x_wconf 86' lang='lat' dir='ltr'>quibus</span> <span class='ocrx_word' id='word_1_160' title='bbox 947 1885 1095 1917; x_wconf 85' lang='lat' dir='ltr'>omnibus</span> 
     </span>
     <span class='ocr_line' id='line_1_33' title="bbox 360 1935 1095 1979; baseline 0.005 -13"><span class='ocrx_word' id='word_1_161' title='bbox 360 1940 391 1966; x_wconf 88' lang='lat' dir='ltr'>et</span> <span class='ocrx_word' id='word_1_162' title='bbox 416 1935 562 1977; x_wconf 81' lang='lat' dir='ltr'>singulis,</span> <span class='ocrx_word' id='word_1_163' title='bbox 582 1935 710 1968; x_wconf 87' lang='lat' dir='ltr'>illorum</span> <span class='ocrx_word' id='word_1_164' title='bbox 729 1941 854 1968; x_wconf 82' lang='lat' dir='ltr'>tenores</span> <span class='ocrx_word' id='word_1_165' title='bbox 871 1938 1095 1979; x_wconf 85' lang='lat' dir='ltr'>praesentibus</span> 
     </span>
     <span class='ocr_line' id='line_1_34' title="bbox 359 1988 1095 2032; baseline 0.005 -13"><span class='ocrx_word' id='word_1_166' title='bbox 359 1997 418 2030; x_wconf 89' lang='lat' dir='ltr'>pro</span> <span class='ocrx_word' id='word_1_167' title='bbox 443 1990 538 2030; x_wconf 89' lang='lat' dir='ltr'>plene</span> <span class='ocrx_word' id='word_1_168' title='bbox 556 1994 585 2020; x_wconf 92' lang='lat' dir='ltr'>et</span> <span class='ocrx_word' id='word_1_169' title='bbox 611 1988 809 2021; x_wconf 80' lang='lat' dir='ltr'>sufficienter</span> <span class='ocrx_word' id='word_1_170' title='bbox 825 1990 984 2032; x_wconf 77' lang='lat' dir='ltr'>expressis</span> <span class='ocrx_word' id='word_1_171' title='bbox 1003 2001 1037 2023; x_wconf 85' lang='lat' dir='ltr'>ac</span> <span class='ocrx_word' id='word_1_172' title='bbox 1056 1992 1095 2023; x_wconf 88' lang='lat' dir='ltr'>de</span> 
     </span>
     <span class='ocr_line' id='line_1_35' title="bbox 359 2040 1095 2083; baseline 0.007 -12"><span class='ocrx_word' id='word_1_173' title='bbox 359 2040 456 2073; x_wconf 65' lang='lat' dir='ltr'>verbo</span> <span class='ocrx_word' id='word_1_174' title='bbox 476 2042 515 2074; x_wconf 87' lang='lat' dir='ltr'>ad</span> <span class='ocrx_word' id='word_1_175' title='bbox 540 2041 674 2074; x_wconf 82' lang='lat' dir='ltr'>verbum</span> <span class='ocrx_word' id='word_1_176' title='bbox 690 2042 821 2074; x_wconf 82' lang='lat' dir='ltr'>insertis</span> <span class='ocrx_word' id='word_1_177' title='bbox 847 2042 1015 2083; x_wconf 85' lang='lat' dir='ltr'>babentes,</span> <span class='ocrx_word' id='word_1_178' title='bbox 1032 2044 1095 2076; x_wconf 89' lang='lat' dir='ltr'>illis</span> 
     </span>
     <span class='ocr_line' id='line_1_36' title="bbox 360 2093 1094 2138; baseline 0.004 -12"><span class='ocrx_word' id='word_1_179' title='bbox 360 2093 438 2126; x_wconf 76' lang='lat' dir='ltr'>alias</span> <span class='ocrx_word' id='word_1_180' title='bbox 474 2093 507 2128; x_wconf 90' lang='lat' dir='ltr'>in</span> <span class='ocrx_word' id='word_1_181' title='bbox 539 2105 597 2127; x_wconf 89' lang='lat' dir='ltr'>suo</span> <span class='ocrx_word' id='word_1_182' title='bbox 629 2095 744 2127; x_wconf 79' lang='lat' dir='ltr'>robore</span> <span class='ocrx_word' id='word_1_183' title='bbox 780 2096 1021 2138; x_wconf 81' lang='lat' dir='ltr'>permansuris,</span> <span class='ocrx_word' id='word_1_184' title='bbox 1056 2097 1094 2129; x_wconf 86' lang='lat' dir='ltr'>ad</span> 
     </span>
     <span class='ocr_line' id='line_1_37' title="bbox 360 2148 1096 2192; baseline 0.003 -12"><span class='ocrx_word' id='word_1_185' title='bbox 360 2148 608 2192; x_wconf 87' lang='lat' dir='ltr'>praemissorum</span> <span class='ocrx_word' id='word_1_186' title='bbox 633 2148 799 2188; x_wconf 70' lang='lat' dir='ltr'>ellectum,</span> <span class='ocrx_word' id='word_1_187' title='bbox 828 2149 886 2181; x_wconf 82' lang='lat' dir='ltr'>liae</span> <span class='ocrx_word' id='word_1_188' title='bbox 912 2149 978 2181; x_wconf 83' lang='lat' dir='ltr'>vice</span> <span class='ocrx_word' id='word_1_189' title='bbox 1005 2150 1096 2182; x_wconf 87' lang='lat' dir='ltr'>dum-</span> 
     </span>
     <span class='ocr_line' id='line_1_38' title="bbox 361 2201 1094 2244; baseline 0.003 -11"><span class='ocrx_word' id='word_1_190' title='bbox 361 2206 453 2241; x_wconf 82' lang='lat' dir='ltr'>taxat,</span> <span class='ocrx_word' id='word_1_191' title='bbox 472 2201 656 2244; x_wconf 75' lang='lat' dir='ltr'>specialiter</span> <span class='ocrx_word' id='word_1_192' title='bbox 674 2207 704 2234; x_wconf 88' lang='lat' dir='ltr'>et</span> <span class='ocrx_word' id='word_1_193' title='bbox 723 2212 871 2244; x_wconf 78' lang='lat' dir='ltr'>expresse</span> <span class='ocrx_word' id='word_1_194' title='bbox 889 2203 1094 2244; x_wconf 74' lang='lat' dir='ltr'>derogamus;</span> 
     </span>
     <span class='ocr_line' id='line_1_39' title="bbox 360 2255 1024 2298; baseline 0.003 -12"><span class='ocrx_word' id='word_1_195' title='bbox 360 2255 538 2297; x_wconf 83' lang='lat' dir='ltr'>ceterisque</span> <span class='ocrx_word' id='word_1_196' title='bbox 563 2255 732 2287; x_wconf 73' lang='lat' dir='ltr'>contrariis</span> <span class='ocrx_word' id='word_1_197' title='bbox 757 2255 1024 2298; x_wconf 86' lang='lat' dir='ltr'>quibuscumque.</span> 
     </span>
    </p>

    <p class='ocr_par' dir='ltr' id='par_1_3' title="bbox 360 2307 1095 2456">
     <span class='ocr_line' id='line_1_40' title="bbox 404 2307 1095 2351; baseline 0.006 -13"><span class='ocrx_word' id='word_1_198' title='bbox 404 2308 419 2351; x_wconf 67' lang='lat' dir='ltr'>g</span> <span class='ocrx_word' id='word_1_199' title='bbox 451 2307 482 2339; x_wconf 85' lang='lat'>5.</span> <span class='ocrx_word' id='word_1_200' title='bbox 514 2307 668 2340; x_wconf 72' lang='lat' dir='ltr'>Volumus</span> <span class='ocrx_word' id='word_1_201' title='bbox 700 2313 807 2341; x_wconf 83' lang='lat' dir='ltr'>autem</span> <span class='ocrx_word' id='word_1_202' title='bbox 838 2314 875 2340; x_wconf 90' lang='lat' dir='ltr'>ut</span> <span class='ocrx_word' id='word_1_203' title='bbox 906 2310 1095 2342; x_wconf 88' lang='lat' dir='ltr'>earumdem</span> 
     </span>
     <span class='ocr_line' id='line_1_41' title="bbox 360 2359 1093 2405; baseline 0.004 -14"><span class='ocrx_word' id='word_1_204' title='bbox 360 2359 585 2402; x_wconf 88' lang='lat' dir='ltr'>praesentium</span> <span class='ocrx_word' id='word_1_205' title='bbox 628 2360 809 2392; x_wconf 79' lang='lat' dir='ltr'>litterarum</span> <span class='ocrx_word' id='word_1_206' title='bbox 851 2362 1065 2405; x_wconf 77' lang='lat' dir='ltr'>transumptis</span> <span class='ocrx_word' id='word_1_207' title='bbox 1086 2391 1093 2402; x_wconf 58' lang='grc' dir='ltr'><em>Ι</em></span> 
     </span>
     <span class='ocr_line' id='line_1_42' title="bbox 360 2411 1094 2456; baseline 0.001 -12"><span class='ocrx_word' id='word_1_208' title='bbox 360 2422 418 2444; x_wconf 89' lang='lat' dir='ltr'>seu</span> <span class='ocrx_word' id='word_1_209' title='bbox 445 2411 620 2455; x_wconf 76' lang='lat' dir='ltr'>exemplis,</span> <span class='ocrx_word' id='word_1_210' title='bbox 657 2413 754 2444; x_wconf 85' lang='lat' dir='ltr'>etiam</span> <span class='ocrx_word' id='word_1_211' title='bbox 785 2413 966 2456; x_wconf 86' lang='lat' dir='ltr'>impressis,</span> <span class='ocrx_word' id='word_1_212' title='bbox 998 2425 1094 2447; x_wconf 85' lang='lat' dir='ltr'>manu</span> 
     </span>
    </p>
   </div>
   <div class='ocr_carea' id='block_1_2' title="bbox 163 942 348 996">
    <p class='ocr_par' dir='ltr' id='par_1_4' title="bbox 163 942 348 996">
     <span class='ocr_line' id='line_1_43' title="bbox 231 942 348 964; baseline -0.009 0"><span class='ocrx_word' id='word_1_213' title='bbox 231 942 348 964; x_wconf 83' lang='lat' dir='ltr'>Contrariis</span> 
     </span>
     <span class='ocr_line' id='line_1_44' title="bbox 163 970 258 996; baseline 0 -5"><span class='ocrx_word' id='word_1_214' title='bbox 163 970 258 996; x_wconf 58' lang='lat' dir='ltr'>detegat.</span> 
     </span>
    </p>
   </div>
   <div class='ocr_carea' id='block_1_3' title="bbox 166 2316 349 2368">
    <p class='ocr_par' dir='ltr' id='par_1_5' title="bbox 166 2316 349 2368">
     <span class='ocr_line' id='line_1_45' title="bbox 202 2316 349 2338; baseline -0.007 -1"><span class='ocrx_word' id='word_1_215' title='bbox 202 2316 264 2337; x_wconf 46' lang='lat' dir='ltr'>fuiss</span> <span class='ocrx_word' id='word_1_216' title='bbox 279 2316 349 2338; x_wconf 76' lang='lat' dir='ltr'>danda</span> 
     </span>
     <span class='ocr_line' id='line_1_46' title="bbox 166 2344 309 2368; baseline -0.007 -5"><span class='ocrx_word' id='word_1_217' title='bbox 166 2344 309 2368; x_wconf 68' lang='lat' dir='ltr'>transumptis.</span> 
     </span>
    </p>
   </div>
   <div class='ocr_carea' id='block_1_4' title="bbox 955 240 1283 264">
    <p class='ocr_par' dir='ltr' id='par_1_6' title="bbox 955 240 1283 264">
     <span class='ocr_line' id='line_1_47' title="bbox 955 240 1283 264; baseline -0.003 0"><span class='ocrx_word' id='word_1_218' title='bbox 955 240 1142 264; x_wconf 65' lang='lat' dir='ltr'>ALEXANDER</span> <span class='ocrx_word' id='word_1_219' title='bbox 1166 241 1209 264; x_wconf 74' lang='lat' dir='ltr'>Vll</span> <span class='ocrx_word' id='word_1_220' title='bbox 1235 241 1283 264; x_wconf 84' lang='lat' dir='ltr'>PP.</span> 
     </span>
    </p>
   </div>
   <div class='ocr_carea' id='block_1_5' title="bbox 1140 288 1879 638">
    <p class='ocr_par' dir='ltr' id='par_1_7' title="bbox 1142 288 1877 429">
     <span class='ocr_line' id='line_1_48' title="bbox 1142 288 1876 331; baseline 0.005 -12"><span class='ocrx_word' id='word_1_221' title='bbox 1142 288 1264 321; x_wconf 82' lang='lat' dir='ltr'>iudicio</span> <span class='ocrx_word' id='word_1_222' title='bbox 1295 299 1390 331; x_wconf 87' lang='lat' dir='ltr'>quam</span> <span class='ocrx_word' id='word_1_223' title='bbox 1428 293 1518 322; x_wconf 78' lang='lat' dir='ltr'>extra</span> <span class='ocrx_word' id='word_1_224' title='bbox 1551 288 1630 323; x_wconf 89' lang='lat' dir='ltr'>illud</span> <span class='ocrx_word' id='word_1_225' title='bbox 1666 289 1876 331; x_wconf 84' lang='lat' dir='ltr'>adhibeatur,</span> 
     </span>
     <span class='ocr_line' id='line_1_49' title="bbox 1143 341 1877 385; baseline 0.005 -13"><span class='ocrx_word' id='word_1_226' title='bbox 1143 351 1224 384; x_wconf 87' lang='lat' dir='ltr'>quae</span> <span class='ocrx_word' id='word_1_227' title='bbox 1242 341 1391 384; x_wconf 86' lang='lat' dir='ltr'>ipsismet</span> <span class='ocrx_word' id='word_1_228' title='bbox 1404 342 1635 385; x_wconf 86' lang='lat' dir='ltr'>praesentibus</span> <span class='ocrx_word' id='word_1_229' title='bbox 1651 343 1877 385; x_wconf 76' lang='lat' dir='ltr'>adhiberetur,</span> 
     </span>
     <span class='ocr_line' id='line_1_50' title="bbox 1142 393 1755 429; baseline 0.005 -4"><span class='ocrx_word' id='word_1_230' title='bbox 1142 393 1168 425; x_wconf 88' lang='lat' dir='ltr'>si</span> <span class='ocrx_word' id='word_1_231' title='bbox 1194 394 1302 425; x_wconf 73' lang='lat' dir='ltr'>forent</span> <span class='ocrx_word' id='word_1_232' title='bbox 1323 394 1486 427; x_wconf 78' lang='lat' dir='ltr'>exhibitae</span> <span class='ocrx_word' id='word_1_233' title='bbox 1513 396 1564 428; x_wconf 83' lang='lat' dir='ltr'>vel</span> <span class='ocrx_word' id='word_1_234' title='bbox 1590 401 1755 429; x_wconf 85' lang='lat' dir='ltr'>ostensae.</span> 
     </span>
    </p>

    <p class='ocr_par' dir='ltr' id='par_1_8' title="bbox 1140 445 1879 638">
     <span class='ocr_line' id='line_1_51' title="bbox 1184 445 1879 491; baseline 0.007 -14"><span class='ocrx_word' id='word_1_235' title='bbox 1184 445 1297 478; x_wconf 87' lang='lat' dir='ltr'>Datum</span> <span class='ocrx_word' id='word_1_236' title='bbox 1324 446 1459 487; x_wconf 84' lang='lat' dir='ltr'>Romae,</span> <span class='ocrx_word' id='word_1_237' title='bbox 1487 448 1572 491; x_wconf 89' lang='lat' dir='ltr'>apud</span> <span class='ocrx_word' id='word_1_238' title='bbox 1602 447 1632 480; x_wconf 90' lang='lat' dir='ltr'>S.</span> <span class='ocrx_word' id='word_1_239' title='bbox 1660 449 1791 481; x_wconf 81' lang='lat' dir='ltr'>Mariam</span> <span class='ocrx_word' id='word_1_240' title='bbox 1816 449 1879 482; x_wconf 80' lang='lat' dir='ltr'>Ma-</span> 
     </span>
     <span class='ocr_line' id='line_1_52' title="bbox 1141 497 1878 542; baseline 0.009 -12"><span class='ocrx_word' id='word_1_241' title='bbox 1141 498 1254 539; x_wconf 91' lang='lat' dir='ltr'>iorem,</span> <span class='ocrx_word' id='word_1_242' title='bbox 1282 500 1342 531; x_wconf 92' lang='lat' dir='ltr'>sub</span> <span class='ocrx_word' id='word_1_243' title='bbox 1367 501 1487 533; x_wconf 81' lang='lat' dir='ltr'>annulo</span> <span class='ocrx_word' id='word_1_244' title='bbox 1512 497 1701 542; x_wconf 77' lang='lat' dir='ltr'>piscatoris,</span> <span class='ocrx_word' id='word_1_245' title='bbox 1722 503 1773 537; x_wconf 90' lang='lat' dir='ltr'>dic</span> <span class='ocrx_word' id='word_1_246' title='bbox 1795 514 1878 537; x_wconf 75' lang='lat' dir='ltr'>xxvn</span> 
     </span>
     <span class='ocr_line' id='line_1_53' title="bbox 1141 552 1878 596; baseline 0.009 -13"><span class='ocrx_word' id='word_1_247' title='bbox 1141 552 1336 594; x_wconf 82' lang='lat' dir='ltr'>septembris</span> <span class='ocrx_word' id='word_1_248' title='bbox 1357 562 1505 592; x_wconf 76' lang='lat' dir='ltr'>MDCwa,</span> <span class='ocrx_word' id='word_1_249' title='bbox 1532 553 1739 596; x_wconf 82' lang='lat' dir='ltr'>pontificatus</span> <span class='ocrx_word' id='word_1_250' title='bbox 1772 557 1878 590; x_wconf 89' lang='lat' dir='ltr'>nostri</span> 
     </span>
     <span class='ocr_line' id='line_1_54' title="bbox 1140 614 1281 638; baseline 0 -2"><span class='ocrx_word' id='word_1_251' title='bbox 1140 614 1226 636; x_wconf 87' lang='lat' dir='ltr'>anno</span> <span class='ocrx_word' id='word_1_252' title='bbox 1251 615 1281 638; x_wconf 91' lang='lat' dir='ltr'>x.</span> 
     </span>
    </p>
   </div>
   <div class='ocr_carea' id='block_1_6' title="bbox 1176 665 1877 704">
    <p class='ocr_par' dir='ltr' id='par_1_9' title="bbox 1176 665 1877 704">
     <span class='ocr_line' id='line_1_55' title="bbox 1176 665 1877 704; baseline 0.007 -11"><span class='ocrx_word' id='word_1_253' title='bbox 1176 665 1233 693; x_wconf 80' lang='lat' dir='ltr'>Dat.</span> <span class='ocrx_word' id='word_1_254' title='bbox 1251 665 1294 694; x_wconf 85' lang='lat' dir='ltr'>die</span> <span class='ocrx_word' id='word_1_255' title='bbox 1311 665 1343 694; x_wconf 74' lang='lat'>27</span> <span class='ocrx_word' id='word_1_256' title='bbox 1355 666 1519 702; x_wconf 80' lang='lat' dir='ltr'>septembris</span> <span class='ocrx_word' id='word_1_257' title='bbox 1540 667 1619 704; x_wconf 72' lang='lat'>1664,</span> <span class='ocrx_word' id='word_1_258' title='bbox 1643 669 1737 704; x_wconf 83' lang='lat' dir='ltr'>pontif.</span> <span class='ocrx_word' id='word_1_259' title='bbox 1764 678 1834 698; x_wconf 86' lang='lat' dir='ltr'>auno</span> <span class='ocrx_word' id='word_1_260' title='bbox 1850 677 1877 698; x_wconf 81' lang='lat' dir='ltr'>x.</span> 
     </span>
    </p>
   </div>
   <div class='ocr_carea' id='block_1_7' title="bbox 1446 808 1569 842">
    <p class='ocr_par' dir='ltr' id='par_1_10' title="bbox 1446 808 1569 842">
     <span class='ocr_line' id='line_1_56' title="bbox 1446 808 1569 842; baseline 0 0"><span class='ocrx_word' id='word_1_261' title='bbox 1446 808 1569 842; x_wconf 78' lang='lat' dir='ltr'>CDXCI.</span> 
     </span>
    </p>
   </div>
   <div class='ocr_carea' id='block_1_8' title="bbox 1142 887 1879 1081">
    <p class='ocr_par' dir='ltr' id='par_1_11' title="bbox 1142 887 1879 1081">
     <span class='ocr_line' id='line_1_57' title="bbox 1142 887 1878 932; baseline 0.005 -12"><span class='ocrx_word' id='word_1_262' title='bbox 1142 887 1225 921; x_wconf 78' lang='lat' dir='ltr'>Unio</span> <span class='ocrx_word' id='word_1_263' title='bbox 1249 889 1440 921; x_wconf 77' lang='lat' dir='ltr'>monasterii</span> <span class='ocrx_word' id='word_1_264' title='bbox 1452 889 1483 922; x_wconf 89' lang='lat' dir='ltr'>S.</span> <span class='ocrx_word' id='word_1_265' title='bbox 1502 890 1627 923; x_wconf 70' lang='lat' dir='ltr'>Mariae</span> <span class='ocrx_word' id='word_1_266' title='bbox 1644 890 1681 923; x_wconf 82' lang='lat' dir='ltr'>de</span> <span class='ocrx_word' id='word_1_267' title='bbox 1698 891 1878 932; x_wconf 72' lang='lat' dir='ltr'>Saqictario</span> 
     </span>
     <span class='ocr_line' id='line_1_58' title="bbox 1185 941 1879 977; baseline 0.001 -2"><span class='ocrx_word' id='word_1_268' title='bbox 1185 941 1319 975; x_wconf 77' lang='lat' dir='ltr'>Ordinis</span> <span class='ocrx_word' id='word_1_269' title='bbox 1346 942 1562 976; x_wconf 72' lang='lat' dir='ltr'>Cistercicnsis</span> <span class='ocrx_word' id='word_1_270' title='bbox 1586 945 1690 976; x_wconf 75' lang='lat' dir='ltr'>sancti</span> <span class='ocrx_word' id='word_1_271' title='bbox 1714 944 1879 977; x_wconf 73' lang='lat' dir='ltr'>Bernardi</span> 
     </span>
     <span class='ocr_line' id='line_1_59' title="bbox 1182 994 1879 1040; baseline 0.003 -14"><span class='ocrx_word' id='word_1_272' title='bbox 1182 994 1403 1037; x_wconf 68' lang='lat' dir='ltr'>Anqlonensis</span> <span class='ocrx_word' id='word_1_273' title='bbox 1440 994 1589 1028; x_wconf 71' lang='lat' dir='ltr'>dioecesis</span> <span class='ocrx_word' id='word_1_274' title='bbox 1636 997 1879 1040; x_wconf 67' lang='lat' dir='ltr'>conyreyationi</span> 
     </span>
     <span class='ocr_line' id='line_1_60' title="bbox 1187 1047 1726 1081; baseline 0.004 -2"><span class='ocrx_word' id='word_1_275' title='bbox 1187 1047 1321 1080; x_wconf 75' lang='lat' dir='ltr'>Tusciae</span> <span class='ocrx_word' id='word_1_276' title='bbox 1346 1047 1479 1081; x_wconf 74' lang='lat' dir='ltr'>Ordinis</span> <span class='ocrx_word' id='word_1_277' title='bbox 1505 1047 1726 1081; x_wconf 50' lang='lat' dir='ltr'>huiusmodi&amp;</span> 
     </span>
    </p>
   </div>
   <div class='ocr_carea' id='block_1_9' title="bbox 1280 1122 1728 1200">
    <p class='ocr_par' dir='ltr' id='par_1_12' title="bbox 1280 1122 1728 1200">
     <span class='ocr_line' id='line_1_61' title="bbox 1332 1122 1691 1161; baseline 0.003 -8"><span class='ocrx_word' id='word_1_278' title='bbox 1332 1127 1501 1154; x_wconf 79' lang='lat' dir='ltr'>Alexander</span> <span class='ocrx_word' id='word_1_279' title='bbox 1521 1127 1599 1161; x_wconf 84' lang='lat' dir='ltr'>Papa</span> <span class='ocrx_word' id='word_1_280' title='bbox 1619 1122 1691 1161; x_wconf 83' lang='lat' dir='ltr'>vn,&#39;</span> 
     </span>
     <span class='ocr_line' id='line_1_62' title="bbox 1280 1171 1728 1200; baseline 0.004 -2"><span class='ocrx_word' id='word_1_281' title='bbox 1280 1173 1315 1198; x_wconf 83' lang='lat' dir='ltr'>ad</span> <span class='ocrx_word' id='word_1_282' title='bbox 1331 1171 1464 1200; x_wconf 82' lang='lat' dir='ltr'>futuram</span> <span class='ocrx_word' id='word_1_283' title='bbox 1483 1172 1527 1199; x_wconf 81' lang='lat' dir='ltr'>rei</span> <span class='ocrx_word' id='word_1_284' title='bbox 1548 1173 1728 1200; x_wconf 84' lang='lat' dir='ltr'>memoriam.</span> 
     </span>
    </p>
   </div>
   <div class='ocr_carea' id='block_1_10' title="bbox 1137 1242 1880 2456">
    <p class='ocr_par' dir='ltr' id='par_1_13' title="bbox 1138 1242 1880 1871">
     <span class='ocr_line' id='line_1_63' title="bbox 1182 1242 1877 1282; baseline 0.004 -7"><span class='ocrx_word' id='word_1_285' title='bbox 1182 1242 1357 1275; x_wconf 87' lang='lat' dir='ltr'>Pastoralis</span> <span class='ocrx_word' id='word_1_286' title='bbox 1384 1242 1478 1276; x_wconf 81' lang='lat' dir='ltr'>officii</span> <span class='ocrx_word' id='word_1_287' title='bbox 1503 1243 1605 1282; x_wconf 87' lang='lat' dir='ltr'>nobis,</span> <span class='ocrx_word' id='word_1_288' title='bbox 1628 1245 1719 1277; x_wconf 88' lang='lat' dir='ltr'>nullo</span> <span class='ocrx_word' id='word_1_289' title='bbox 1745 1245 1877 1279; x_wconf 87' lang='lat' dir='ltr'>merito-</span> 
     </span>
     <span class='ocr_line' id='line_1_64' title="bbox 1139 1294 1877 1338; baseline 0.005 -11"><span class='ocrx_word' id='word_1_290' title='bbox 1139 1306 1209 1328; x_wconf 90' lang='lat' dir='ltr'>rum</span> <span class='ocrx_word' id='word_1_291' title='bbox 1233 1301 1421 1328; x_wconf 87' lang='lat' dir='ltr'>nostrorum</span> <span class='ocrx_word' id='word_1_292' title='bbox 1439 1294 1600 1338; x_wconf 76' lang='lat' dir='ltr'>suffragio,</span> <span class='ocrx_word' id='word_1_293' title='bbox 1621 1297 1772 1330; x_wconf 88' lang='lat' dir='ltr'>divinitus</span> <span class='ocrx_word' id='word_1_294' title='bbox 1789 1309 1877 1331; x_wconf 91' lang='lat' dir='ltr'>com-</span> 
     </span>
     <span class='ocr_line' id='line_1_65' title="bbox 1139 1348 1875 1391; baseline 0.004 -11"><span class='ocrx_word' id='word_1_295' title='bbox 1139 1348 1230 1380; x_wconf 91' lang='lat' dir='ltr'>missi</span> <span class='ocrx_word' id='word_1_296' title='bbox 1256 1348 1338 1384; x_wconf 90' lang='lat' dir='ltr'>ratio</span> <span class='ocrx_word' id='word_1_297' title='bbox 1364 1349 1520 1391; x_wconf 86' lang='lat' dir='ltr'>postulat,</span> <span class='ocrx_word' id='word_1_298' title='bbox 1538 1354 1572 1380; x_wconf 92' lang='lat' dir='ltr'>ut</span> <span class='ocrx_word' id='word_1_299' title='bbox 1588 1349 1763 1391; x_wconf 77' lang='lat' dir='ltr'>religiosos</span> <span class='ocrx_word' id='word_1_300' title='bbox 1789 1351 1875 1383; x_wconf 84' lang='lat' dir='ltr'>viros</span> 
     </span>
     <span class='ocr_line' id='line_1_66' title="bbox 1139 1401 1879 1444; baseline 0.001 -10"><span class='ocrx_word' id='word_1_301' title='bbox 1139 1401 1296 1434; x_wconf 84' lang='lat' dir='ltr'>Altissimi</span> <span class='ocrx_word' id='word_1_302' title='bbox 1323 1401 1490 1444; x_wconf 84' lang='lat' dir='ltr'>obsequiis</span> <span class='ocrx_word' id='word_1_303' title='bbox 1524 1401 1582 1434; x_wconf 90' lang='lat' dir='ltr'>sub</span> <span class='ocrx_word' id='word_1_304' title='bbox 1608 1402 1696 1434; x_wconf 85' lang='lat' dir='ltr'>suavi</span> <span class='ocrx_word' id='word_1_305' title='bbox 1721 1403 1879 1436; x_wconf 87' lang='lat' dir='ltr'>monasti-</span> 
     </span>
     <span class='ocr_line' id='line_1_67' title="bbox 1139 1454 1880 1500; baseline 0.003 -13"><span class='ocrx_word' id='word_1_306' title='bbox 1139 1465 1194 1488; x_wconf 86' lang='lat' dir='ltr'>cae</span> <span class='ocrx_word' id='word_1_307' title='bbox 1212 1455 1296 1488; x_wconf 85' lang='lat' dir='ltr'>vitae</span> <span class='ocrx_word' id='word_1_308' title='bbox 1321 1454 1398 1498; x_wconf 77' lang='lat' dir='ltr'>iugo</span> <span class='ocrx_word' id='word_1_309' title='bbox 1419 1455 1622 1498; x_wconf 86' lang='lat' dir='ltr'>mancipatos</span> <span class='ocrx_word' id='word_1_310' title='bbox 1640 1457 1798 1499; x_wconf 81' lang='lat' dir='ltr'>peculiari</span> <span class='ocrx_word' id='word_1_311' title='bbox 1824 1468 1880 1500; x_wconf 86' lang='lat' dir='ltr'>pa-</span> 
     </span>
     <span class='ocr_line' id='line_1_68' title="bbox 1139 1508 1880 1553; baseline 0.001 -12"><span class='ocrx_word' id='word_1_312' title='bbox 1139 1515 1250 1542; x_wconf 80' lang='lat' dir='ltr'>ternae</span> <span class='ocrx_word' id='word_1_313' title='bbox 1288 1508 1456 1542; x_wconf 88' lang='lat' dir='ltr'>charitatis</span> <span class='ocrx_word' id='word_1_314' title='bbox 1497 1509 1727 1542; x_wconf 75' lang='lat' dir='ltr'>benevolentia</span> <span class='ocrx_word' id='word_1_315' title='bbox 1764 1520 1880 1553; x_wconf 91' lang='lat' dir='ltr'>prose-</span> 
     </span>
     <span class='ocr_line' id='line_1_69' title="bbox 1139 1562 1879 1606; baseline 0.004 -13"><span class='ocrx_word' id='word_1_316' title='bbox 1139 1569 1287 1606; x_wconf 88' lang='lat' dir='ltr'>quentes,</span> <span class='ocrx_word' id='word_1_317' title='bbox 1313 1562 1446 1595; x_wconf 90' lang='lat' dir='ltr'>illorum</span> <span class='ocrx_word' id='word_1_318' title='bbox 1471 1562 1652 1595; x_wconf 90' lang='lat' dir='ltr'>commodis</span> <span class='ocrx_word' id='word_1_319' title='bbox 1673 1569 1706 1596; x_wconf 89' lang='lat' dir='ltr'>et</span> <span class='ocrx_word' id='word_1_320' title='bbox 1723 1564 1809 1596; x_wconf 81' lang='lat' dir='ltr'>felici</span> <span class='ocrx_word' id='word_1_321' title='bbox 1828 1574 1879 1596; x_wconf 90' lang='lat' dir='ltr'>re-</span> 
     </span>
     <span class='ocr_line' id='line_1_70' title="bbox 1139 1615 1877 1658; baseline 0.003 -11"><span class='ocrx_word' id='word_1_322' title='bbox 1139 1615 1264 1658; x_wconf 77' lang='lat' dir='ltr'>gimini,</span> <span class='ocrx_word' id='word_1_323' title='bbox 1298 1626 1335 1648; x_wconf 90' lang='lat' dir='ltr'>ac</span> <span class='ocrx_word' id='word_1_324' title='bbox 1364 1615 1396 1650; x_wconf 90' lang='lat' dir='ltr'>in</span> <span class='ocrx_word' id='word_1_325' title='bbox 1424 1616 1473 1648; x_wconf 79' lang='lat' dir='ltr'>via</span> <span class='ocrx_word' id='word_1_326' title='bbox 1499 1617 1726 1655; x_wconf 70' lang='lat' dir='ltr'>wandatorum</span> <span class='ocrx_word' id='word_1_327' title='bbox 1750 1617 1877 1649; x_wconf 90' lang='lat' dir='ltr'>Domini</span> 
     </span>
     <span class='ocr_line' id='line_1_71' title="bbox 1138 1668 1878 1712; baseline 0.003 -12"><span class='ocrx_word' id='word_1_328' title='bbox 1138 1668 1354 1712; x_wconf 71' lang='lat' dir='ltr'>progressui,</span> <span class='ocrx_word' id='word_1_329' title='bbox 1389 1668 1616 1711; x_wconf 78' lang='lat' dir='ltr'>regularisque</span> <span class='ocrx_word' id='word_1_330' title='bbox 1651 1669 1878 1702; x_wconf 81' lang='lat' dir='ltr'>observantiae</span> 
     </span>
     <span class='ocr_line' id='line_1_72' title="bbox 1138 1721 1878 1765; baseline 0 -10"><span class='ocrx_word' id='word_1_331' title='bbox 1138 1721 1380 1755; x_wconf 85' lang='lat' dir='ltr'>conservationi</span> <span class='ocrx_word' id='word_1_332' title='bbox 1411 1727 1443 1754; x_wconf 88' lang='lat' dir='ltr'>et</span> <span class='ocrx_word' id='word_1_333' title='bbox 1468 1721 1693 1762; x_wconf 85' lang='lat' dir='ltr'>incremento,</span> <span class='ocrx_word' id='word_1_334' title='bbox 1721 1728 1878 1765; x_wconf 86' lang='lat' dir='ltr'>quantum</span> 
     </span>
     <span class='ocr_line' id='line_1_73' title="bbox 1138 1775 1877 1816; baseline -0.003 -7"><span class='ocrx_word' id='word_1_335' title='bbox 1138 1776 1232 1810; x_wconf 88' lang='lat' dir='ltr'>nobis</span> <span class='ocrx_word' id='word_1_336' title='bbox 1259 1785 1296 1808; x_wconf 85' lang='lat' dir='ltr'>ex</span> <span class='ocrx_word' id='word_1_337' title='bbox 1322 1776 1387 1808; x_wconf 87' lang='lat' dir='ltr'>alto</span> <span class='ocrx_word' id='word_1_338' title='bbox 1414 1775 1616 1816; x_wconf 87' lang='lat' dir='ltr'>conceditur,</span> <span class='ocrx_word' id='word_1_339' title='bbox 1637 1777 1811 1809; x_wconf 85' lang='lat' dir='ltr'>consulere</span> <span class='ocrx_word' id='word_1_340' title='bbox 1830 1776 1877 1809; x_wconf 91' lang='lat' dir='ltr'>iu-</span> 
     </span>
     <span class='ocr_line' id='line_1_74' title="bbox 1138 1829 1465 1871; baseline 0 -11"><span class='ocrx_word' id='word_1_341' title='bbox 1138 1829 1223 1871; x_wconf 78' lang='lat' dir='ltr'>giter</span> <span class='ocrx_word' id='word_1_342' title='bbox 1248 1834 1445 1870; x_wconf 79' lang='lat' dir='ltr'>satagamus.</span> <span class='ocrx_word' id='word_1_343' title='bbox 1462 1834 1465 1837; x_wconf 71' lang='grc'><strong><em>’</em></strong></span> 
     </span>
    </p>

    <p class='ocr_par' dir='ltr' id='par_1_14' title="bbox 1137 1881 1880 2456">
     <span class='ocr_line' id='line_1_75' title="bbox 1181 1881 1878 1925; baseline 0.003 -12"><span class='ocrx_word' id='word_1_344' title='bbox 1181 1882 1195 1924; x_wconf 60' lang='lat' dir='ltr'>g</span> <span class='ocrx_word' id='word_1_345' title='bbox 1213 1881 1244 1914; x_wconf 68' lang='grc'>’1.</span> <span class='ocrx_word' id='word_1_346' title='bbox 1267 1881 1344 1914; x_wconf 85' lang='lat' dir='ltr'>Cum</span> <span class='ocrx_word' id='word_1_347' title='bbox 1359 1881 1478 1924; x_wconf 86' lang='lat' dir='ltr'>itaque,</span> <span class='ocrx_word' id='word_1_348' title='bbox 1495 1881 1579 1914; x_wconf 89' lang='lat' dir='ltr'>sicut</span> <span class='ocrx_word' id='word_1_349' title='bbox 1592 1882 1788 1925; x_wconf 86' lang='lat' dir='ltr'>accepimus,</span> <span class='ocrx_word' id='word_1_350' title='bbox 1804 1893 1878 1915; x_wconf 87' lang='lat' dir='ltr'>con-</span> 
     </span>
     <span class='ocr_line' id='line_1_76' title="bbox 1138 1934 1879 1977; baseline 0.004 -12"><span class='ocrx_word' id='word_1_351' title='bbox 1138 1934 1284 1977; x_wconf 76' lang='lat' dir='ltr'>gregatio</span> <span class='ocrx_word' id='word_1_352' title='bbox 1299 1934 1399 1966; x_wconf 84' lang='lat' dir='ltr'>sancti</span> <span class='ocrx_word' id='word_1_353' title='bbox 1415 1934 1572 1969; x_wconf 85' lang='lat' dir='ltr'>Bernardi</span> <span class='ocrx_word' id='word_1_354' title='bbox 1584 1934 1694 1967; x_wconf 88' lang='lat' dir='ltr'>ltaliae</span> <span class='ocrx_word' id='word_1_355' title='bbox 1707 1936 1879 1968; x_wconf 86' lang='lat' dir='ltr'>monacho-</span> 
     </span>
     <span class='ocr_line' id='line_1_77' title="bbox 1138 1986 1879 2029; baseline 0.003 -10"><span class='ocrx_word' id='word_1_356' title='bbox 1138 1997 1210 2019; x_wconf 89' lang='lat' dir='ltr'>rum</span> <span class='ocrx_word' id='word_1_357' title='bbox 1235 1986 1365 2019; x_wconf 86' lang='lat' dir='ltr'>Ordinis</span> <span class='ocrx_word' id='word_1_358' title='bbox 1391 1986 1628 2025; x_wconf 86' lang='lat' dir='ltr'>Cisterciensis,</span> <span class='ocrx_word' id='word_1_359' title='bbox 1649 1998 1732 2029; x_wconf 85' lang='lat' dir='ltr'>quae</span> <span class='ocrx_word' id='word_1_360' title='bbox 1750 1998 1786 2020; x_wconf 75' lang='lat' dir='ltr'>ex</span> <span class='ocrx_word' id='word_1_361' title='bbox 1803 1989 1879 2021; x_wconf 81' lang='lat' dir='ltr'>dua—</span> 
     </span>
     <span class='ocr_line' id='line_1_78' title="bbox 1138 2039 1879 2082; baseline 0.003 -11"><span class='ocrx_word' id='word_1_362' title='bbox 1138 2041 1198 2071; x_wconf 89' lang='lat' dir='ltr'>bus</span> <span class='ocrx_word' id='word_1_363' title='bbox 1224 2039 1398 2082; x_wconf 82' lang='lat' dir='ltr'>provinciis</span> <span class='ocrx_word' id='word_1_364' title='bbox 1421 2039 1555 2071; x_wconf 82' lang='lat' dir='ltr'>Tusciae</span> <span class='ocrx_word' id='word_1_365' title='bbox 1582 2040 1707 2073; x_wconf 82' lang='lat' dir='ltr'>scilicet</span> <span class='ocrx_word' id='word_1_366' title='bbox 1732 2046 1763 2073; x_wconf 88' lang='lat' dir='ltr'>et</span> <span class='ocrx_word' id='word_1_367' title='bbox 1789 2041 1879 2073; x_wconf 91' lang='lat' dir='ltr'>Lom-</span> 
     </span>
     <span class='ocr_line' id='line_1_79' title="bbox 1138 2091 1879 2135; baseline 0.001 -10"><span class='ocrx_word' id='word_1_368' title='bbox 1138 2092 1270 2125; x_wconf 86' lang='lat' dir='ltr'>bardiae</span> <span class='ocrx_word' id='word_1_369' title='bbox 1294 2097 1433 2131; x_wconf 82' lang='lat' dir='ltr'>constat,</span> <span class='ocrx_word' id='word_1_370' title='bbox 1453 2091 1568 2124; x_wconf 79' lang='lat' dir='ltr'>eximia</span> <span class='ocrx_word' id='word_1_371' title='bbox 1585 2093 1745 2135; x_wconf 73' lang='lat' dir='ltr'>regularis</span> <span class='ocrx_word' id='word_1_372' title='bbox 1767 2093 1879 2126; x_wconf 88' lang='lat' dir='ltr'>obser-</span> 
     </span>
     <span class='ocr_line' id='line_1_80' title="bbox 1137 2145 1878 2189; baseline 0.003 -12"><span class='ocrx_word' id='word_1_373' title='bbox 1137 2145 1262 2178; x_wconf 87' lang='lat' dir='ltr'>vantiae</span> <span class='ocrx_word' id='word_1_374' title='bbox 1287 2146 1382 2178; x_wconf 88' lang='lat' dir='ltr'>laude</span> <span class='ocrx_word' id='word_1_375' title='bbox 1414 2146 1551 2186; x_wconf 85' lang='lat' dir='ltr'>floreat,</span> <span class='ocrx_word' id='word_1_376' title='bbox 1583 2148 1688 2189; x_wconf 80' lang='lat' dir='ltr'>eaque</span> <span class='ocrx_word' id='word_1_377' title='bbox 1714 2147 1753 2179; x_wconf 87' lang='lat' dir='ltr'>de</span> <span class='ocrx_word' id='word_1_378' title='bbox 1780 2149 1878 2180; x_wconf 76' lang='lat' dir='ltr'>causa</span> 
     </span>
     <span class='ocr_line' id='line_1_81' title="bbox 1138 2198 1877 2234; baseline 0.001 -2"><span class='ocrx_word' id='word_1_379' title='bbox 1138 2198 1245 2232; x_wconf 86' lang='lat' dir='ltr'>omnia</span> <span class='ocrx_word' id='word_1_380' title='bbox 1271 2199 1346 2234; x_wconf 84' lang='lat' dir='ltr'>dicti</span> <span class='ocrx_word' id='word_1_381' title='bbox 1368 2198 1497 2232; x_wconf 86' lang='lat' dir='ltr'>Ordinis</span> <span class='ocrx_word' id='word_1_382' title='bbox 1514 2200 1713 2233; x_wconf 86' lang='lat' dir='ltr'>monasteria</span> <span class='ocrx_word' id='word_1_383' title='bbox 1734 2199 1766 2232; x_wconf 91' lang='lat' dir='ltr'>in</span> <span class='ocrx_word' id='word_1_384' title='bbox 1786 2200 1877 2233; x_wconf 81' lang='lat' dir='ltr'>Statu</span> 
     </span>
     <span class='ocr_line' id='line_1_82' title="bbox 1138 2252 1878 2296; baseline 0.003 -12"><span class='ocrx_word' id='word_1_385' title='bbox 1138 2258 1252 2285; x_wconf 89' lang='lat' dir='ltr'>nostro</span> <span class='ocrx_word' id='word_1_386' title='bbox 1274 2252 1516 2292; x_wconf 83' lang='lat' dir='ltr'>Ecclesiastico,</span> <span class='ocrx_word' id='word_1_387' title='bbox 1536 2258 1567 2285; x_wconf 87' lang='lat' dir='ltr'>et</span> <span class='ocrx_word' id='word_1_388' title='bbox 1590 2254 1748 2296; x_wconf 85' lang='lat' dir='ltr'>pleraque</span> <span class='ocrx_word' id='word_1_389' title='bbox 1775 2254 1807 2285; x_wconf 88' lang='lat' dir='ltr'>in</span> <span class='ocrx_word' id='word_1_390' title='bbox 1832 2265 1878 2287; x_wconf 86' lang='lat' dir='ltr'>re-</span> 
     </span>
     <span class='ocr_line' id='line_1_83' title="bbox 1138 2306 1876 2350; baseline 0.003 -12"><span class='ocrx_word' id='word_1_391' title='bbox 1138 2317 1200 2349; x_wconf 79' lang='lat' dir='ltr'>gno</span> <span class='ocrx_word' id='word_1_392' title='bbox 1215 2306 1430 2349; x_wconf 79' lang='lat' dir='ltr'>Neapolitano</span> <span class='ocrx_word' id='word_1_393' title='bbox 1451 2307 1633 2350; x_wconf 85' lang='lat' dir='ltr'>respective</span> <span class='ocrx_word' id='word_1_394' title='bbox 1652 2308 1876 2348; x_wconf 86' lang='lat' dir='ltr'>consistentia,</span> 
     </span>
     <span class='ocr_line' id='line_1_84' title="bbox 1137 2360 1880 2403; baseline -0.001 -9"><span class='ocrx_word' id='word_1_395' title='bbox 1137 2365 1335 2394; x_wconf 87' lang='lat' dir='ltr'>memoratae</span> <span class='ocrx_word' id='word_1_396' title='bbox 1368 2360 1554 2403; x_wconf 85' lang='lat' dir='ltr'>provinciae</span> <span class='ocrx_word' id='word_1_397' title='bbox 1580 2360 1714 2393; x_wconf 87' lang='lat' dir='ltr'>Tusciae</span> <span class='ocrx_word' id='word_1_398' title='bbox 1740 2361 1880 2393; x_wconf 82' lang='lat' dir='ltr'>auctori-</span> 
     </span>
     <span class='ocr_line' id='line_1_85' title="bbox 1139 2412 1880 2456; baseline 0.003 -11"><span class='ocrx_word' id='word_1_399' title='bbox 1139 2419 1203 2446; x_wconf 90' lang='lat' dir='ltr'>tate</span> <span class='ocrx_word' id='word_1_400' title='bbox 1230 2412 1408 2456; x_wconf 77' lang='lat' dir='ltr'>apostolica</span> <span class='ocrx_word' id='word_1_401' title='bbox 1433 2414 1529 2446; x_wconf 84' lang='lat' dir='ltr'>etiam</span> <span class='ocrx_word' id='word_1_402' title='bbox 1548 2425 1564 2446; x_wconf 86' lang='lat' dir='ltr'>a</span> <span class='ocrx_word' id='word_1_403' title='bbox 1584 2414 1679 2447; x_wconf 88' lang='lat' dir='ltr'>nobis</span> <span class='ocrx_word' id='word_1_404' title='bbox 1705 2415 1794 2446; x_wconf 84' lang='lat' dir='ltr'>unita</span> <span class='ocrx_word' id='word_1_405' title='bbox 1815 2415 1880 2447; x_wconf 88' lang='lat' dir='ltr'>sue-</span> 
     </span>
    </p>
   </div>
   <div class='ocr_carea' id='block_1_11' title="bbox 358 2465 1878 2510">
    <p class='ocr_par' dir='ltr' id='par_1_15' title="bbox 358 2465 1878 2510">
     <span class='ocr_line' id='line_1_86' title="bbox 358 2465 1878 2510; baseline 0.001 -12"><span class='ocrx_word' id='word_1_406' title='bbox 358 2465 496 2498; x_wconf 84' lang='lat' dir='ltr'>alicuius</span> <span class='ocrx_word' id='word_1_407' title='bbox 527 2466 647 2499; x_wconf 87' lang='lat' dir='ltr'>notarii</span> <span class='ocrx_word' id='word_1_408' title='bbox 668 2466 791 2509; x_wconf 89' lang='lat' dir='ltr'>publici</span> <span class='ocrx_word' id='word_1_409' title='bbox 827 2467 1034 2510; x_wconf 85' lang='lat' dir='ltr'>subscriptis,</span> <span class='ocrx_word' id='word_1_410' title='bbox 1065 2474 1097 2501; x_wconf 87' lang='lat' dir='ltr'>et</span> <span class='ocrx_word' id='word_1_411' title='bbox 1138 2466 1212 2506; x_wconf 89' lang='lat' dir='ltr'>rint,</span> <span class='ocrx_word' id='word_1_412' title='bbox 1238 2466 1325 2499; x_wconf 89' lang='lat' dir='ltr'>unde</span> <span class='ocrx_word' id='word_1_413' title='bbox 1362 2466 1462 2499; x_wconf 88' lang='lat' dir='ltr'>divini</span> <span class='ocrx_word' id='word_1_414' title='bbox 1484 2466 1607 2499; x_wconf 88' lang='lat' dir='ltr'>servitii</span> <span class='ocrx_word' id='word_1_415' title='bbox 1634 2473 1878 2509; x_wconf 85' lang='lat' dir='ltr'>augumentum,</span> 
     </span>
    </p>
   </div>
   <div class='ocr_carea' id='block_1_12' title="bbox 358 2519 1095 2715">
    <p class='ocr_par' dir='ltr' id='par_1_16' title="bbox 358 2519 1095 2562">
     <span class='ocr_line' id='line_1_87' title="bbox 358 2519 1095 2562; baseline 0.004 -11"><span class='ocrx_word' id='word_1_416' title='bbox 358 2519 467 2562; x_wconf 78' lang='lat' dir='ltr'>sigillo</span> <span class='ocrx_word' id='word_1_417' title='bbox 486 2519 620 2552; x_wconf 86' lang='lat' dir='ltr'>alicuius</span> <span class='ocrx_word' id='word_1_418' title='bbox 636 2529 799 2562; x_wconf 87' lang='lat' dir='ltr'>personae</span> <span class='ocrx_word' id='word_1_419' title='bbox 820 2519 852 2552; x_wconf 92' lang='lat' dir='ltr'>in</span> <span class='ocrx_word' id='word_1_420' title='bbox 871 2521 1095 2554; x_wconf 82' lang='lat' dir='ltr'>ecclesiastica</span> 
     </span>
    </p>

    <p class='ocr_par' dir='ltr' id='par_1_17' title="bbox 360 2571 1095 2614">
     <span class='ocr_line' id='line_1_88' title="bbox 360 2571 1095 2614; baseline 0.004 -10"><span class='ocrx_word' id='word_1_421' title='bbox 360 2571 516 2614; x_wconf 80' lang='lat' dir='ltr'>dignitate</span> <span class='ocrx_word' id='word_1_422' title='bbox 557 2572 754 2605; x_wconf 85' lang='lat' dir='ltr'>constitutae</span> <span class='ocrx_word' id='word_1_423' title='bbox 797 2573 952 2613; x_wconf 87' lang='lat' dir='ltr'>munitis,</span> <span class='ocrx_word' id='word_1_424' title='bbox 981 2575 1095 2607; x_wconf 85' lang='lat' dir='ltr'>eadem</span> 
     </span>
    </p>

    <p class='ocr_par' dir='ltr' id='par_1_18' title="bbox 360 2623 1095 2715">
     <span class='ocr_line' id='line_1_89' title="bbox 360 2623 1095 2668; baseline 0.003 -12"><span class='ocrx_word' id='word_1_425' title='bbox 360 2635 498 2668; x_wconf 90' lang='lat' dir='ltr'>prorsus</span> <span class='ocrx_word' id='word_1_426' title='bbox 529 2623 609 2657; x_wconf 83' lang='lat' dir='ltr'>fides</span> <span class='ocrx_word' id='word_1_427' title='bbox 634 2625 756 2668; x_wconf 84' lang='lat' dir='ltr'>ubique</span> <span class='ocrx_word' id='word_1_428' title='bbox 781 2627 925 2658; x_wconf 83' lang='lat' dir='ltr'>locorum</span> <span class='ocrx_word' id='word_1_429' title='bbox 963 2631 1026 2659; x_wconf 89' lang='lat' dir='ltr'>tam</span> <span class='ocrx_word' id='word_1_430' title='bbox 1062 2627 1095 2658; x_wconf 93' lang='lat' dir='ltr'>in</span> 
     </span>
     <span class='ocr_line' id='line_1_90' title="bbox 469 2686 1073 2715; baseline 0.003 -2"><span class='ocrx_word' id='word_1_431' title='bbox 469 2686 544 2713; x_wconf 78' lang='lat' dir='ltr'>Butl.</span> <span class='ocrx_word' id='word_1_432' title='bbox 560 2686 643 2714; x_wconf 84' lang='lat' dir='ltr'>Rom.</span> <span class='ocrx_word' id='word_1_433' title='bbox 656 2702 688 2706; x_wconf 95' lang='lat'><strong>—</strong></span> <span class='ocrx_word' id='word_1_434' title='bbox 709 2687 768 2714; x_wconf 78' lang='lat' dir='ltr'>Vol.</span> <span class='ocrx_word' id='word_1_435' title='bbox 786 2687 876 2714; x_wconf 80' lang='lat' dir='ltr'><em>XVII.</em></span> <span class='ocrx_word' id='word_1_436' title='bbox 1039 2687 1073 2715; x_wconf 85' lang='lat'>39</span> 
     </span>
    </p>
   </div>
   <div class='ocr_carea' id='block_1_13' title="bbox 1139 2520 1879 2563">
    <p class='ocr_par' dir='ltr' id='par_1_19' title="bbox 1139 2520 1879 2563">
     <span class='ocr_line' id='line_1_91' title="bbox 1139 2520 1879 2563; baseline 0 -10"><span class='ocrx_word' id='word_1_437' title='bbox 1139 2520 1350 2563; x_wconf 81' lang='lat' dir='ltr'>exactiorque</span> <span class='ocrx_word' id='word_1_438' title='bbox 1369 2520 1562 2563; x_wconf 89' lang='lat' dir='ltr'>disciplinae</span> <span class='ocrx_word' id='word_1_439' title='bbox 1583 2520 1743 2563; x_wconf 81' lang='lat' dir='ltr'>regularis</span> <span class='ocrx_word' id='word_1_440' title='bbox 1770 2521 1879 2554; x_wconf 87' lang='lat' dir='ltr'>obser·</span> 
     </span>
    </p>
   </div>
   <div class='ocr_carea' id='block_1_14' title="bbox 1174 2633 1646 2670">
    <p class='ocr_par' dir='ltr' id='par_1_20' title="bbox 1174 2633 1646 2670">
     <span class='ocr_line' id='line_1_92' title="bbox 1174 2633 1646 2670; baseline -0.002 -8"><span class='ocrx_word' id='word_1_441' title='bbox 1174 2636 1185 2662; x_wconf 89' lang='lat'>1</span> <span class='ocrx_word' id='word_1_442' title='bbox 1208 2633 1244 2661; x_wconf 86' lang='lat' dir='ltr'>Ex</span> <span class='ocrx_word' id='word_1_443' title='bbox 1265 2635 1376 2670; x_wconf 80' lang='lat' dir='ltr'>Regest.</span> <span class='ocrx_word' id='word_1_444' title='bbox 1397 2634 1424 2661; x_wconf 90' lang='lat' dir='ltr'>in</span> <span class='ocrx_word' id='word_1_445' title='bbox 1445 2634 1548 2661; x_wconf 83' lang='lat' dir='ltr'>Secret.</span> <span class='ocrx_word' id='word_1_446' title='bbox 1570 2633 1646 2661; x_wconf 85' lang='lat' dir='ltr'>Brev.</span> 
     </span>
    </p>
   </div>
   <div class='ocr_carea' id='block_1_15' title="bbox 1771 232 2066 271">
    <p class='ocr_par' dir='ltr' id='par_1_21' title="bbox 1771 232 2066 271">
     <span class='ocr_line' id='line_1_93' title="bbox 1771 232 2066 271; baseline 0.007 -2"><span class='ocrx_word' id='word_1_447' title='bbox 1771 232 1836 266; x_wconf 78' lang='grc'>305</span> <span class='ocrx_word' id='word_1_448' title='bbox 1882 243 1931 271; x_wconf 70' lang='lat' dir='ltr'>An.</span> <span class='ocrx_word' id='word_1_449' title='bbox 1952 243 1980 271; x_wconf 80' lang='lat' dir='ltr'>C.</span> <span class='ocrx_word' id='word_1_450' title='bbox 1999 243 2066 271; x_wconf 67' lang='lat'>1651.</span> 
     </span>
    </p>
   </div>
   <div class='ocr_carea' id='block_1_16' title="bbox 1914 1253 2034 1277">
    <p class='ocr_par' dir='ltr' id='par_1_22' title="bbox 1914 1253 2034 1277">
     <span class='ocr_line' id='line_1_94' title="bbox 1914 1253 2034 1277; baseline -0.008 -2"><span class='ocrx_word' id='word_1_451' title='bbox 1914 1253 2034 1277; x_wconf 82' lang='lat' dir='ltr'>Exordium.</span> 
     </span>
    </p>
   </div>
   <div class='ocr_carea' id='block_1_17' title="bbox 1888 1889 2073 1965">
    <p class='ocr_par' dir='ltr' id='par_1_23' title="bbox 1888 1889 2073 1965">
     <span class='ocr_line' id='line_1_95' title="bbox 1920 1889 2072 1919; baseline 0 -9"><span class='ocrx_word' id='word_1_452' title='bbox 1920 1889 2014 1919; x_wconf 9' lang='lat' dir='ltr'>§.tl-aiva·</span> <span class='ocrx_word' id='word_1_453' title='bbox 2025 1890 2072 1910; x_wconf 76' lang='lat' dir='ltr'>tatis</span> 
     </span>
     <span class='ocr_line' id='line_1_96' title="bbox 1888 1920 2073 1938; baseline 0 -1"><span class='ocrx_word' id='word_1_454' title='bbox 1888 1923 1923 1937; x_wconf 82' lang='lat' dir='ltr'>unt</span> <span class='ocrx_word' id='word_1_455' title='bbox 1935 1924 1971 1937; x_wconf 63' lang='lat' dir='ltr'>uus</span> <span class='ocrx_word' id='word_1_456' title='bbox 1980 1920 2001 1937; x_wconf 80' lang='lat' dir='ltr'>ut</span> <span class='ocrx_word' id='word_1_457' title='bbox 2011 1923 2030 1938; x_wconf 86' lang='grc' dir='ltr'>ιιι</span> <span class='ocrx_word' id='word_1_458' title='bbox 2040 1923 2073 1937; x_wconf 84' lang='lat' dir='ltr'>ru-</span> 
     </span>
     <span class='ocr_line' id='line_1_97' title="bbox 1890 1945 1956 1965; baseline 0.03 -2"><span class='ocrx_word' id='word_1_459' title='bbox 1890 1945 1956 1965; x_wconf 64' lang='lat' dir='ltr'>burra.</span> 
     </span>
    </p>
   </div>
  </div>
 </body>
</html>
