2247 3208
128 229 176 254 An.
193 225 222 253 C.
245 224 313 252 1669

167 2598 319 2625 ‘rnmumpio-

135 2630 182 2647 mm
197 2625 257 2646 tiles.

939 216 1086 242 CLEMENS
1110 217 1140 239 tx
1164 217 1212 240 FP.

321 271 370 305 vel
397 270 599 314 specialibus,
619 267 907 301 constitutionibus
929 272 961 298 et
978 265 1058 298 ordi-

320 323 524 361 nationibus,
550 332 693 362 necnon,
715 326 872 364 quatenus
898 329 979 362 opus
1004 317 1056 358 sit,

321 376 504 421 quorumvis
539 376 714 415 Ordinnm,
746 373 1055 417 congregationum,
1079 417 1080 423 ἵ

321 431 529 470 societatum,
556 428 651 462 etiam
675 428 757 468 lesu,
777 433 808 460 et
825 426 1057 466 institutorum,
1078 426 1081 456 l

321 495 356 516 ac
382 483 601 521 ecclesiarum,
627 481 907 519 monasteriorum,
934 478 1059 522 provin-

322 537 455 577 ciarum,
481 541 714 574 conventuum,
745 534 934 571 domorum,
960 531 1060 564 colle-

322 590 448 632 giorum
473 594 504 622 et
527 590 672 622 locorum
694 586 888 629 regularium
906 594 1060 627 quorum-

318 652 471 685 cumque,
490 642 585 674 etiam
610 641 801 678 iuramento,
815 637 1058 671 confirmatione

322 694 510 738 apostolica,
525 695 575 727 vel
590 693 699 737 quavis
716 692 864 724 firmitate
883 691 945 723 alia
962 691 1060 723 robo-

321 747 407 787 ratis,
435 748 562 780 statutis
588 752 620 780 et
644 744 945 785 consuetudinibus,
964 743 1060 787 privi-

322 799 414 842 legiis
439 810 579 843 quoque,
598 798 732 831 indultis
750 803 782 830 et
798 797 913 830 litteris
932 801 1060 840 aposto-

321 853 400 892 licis,
419 852 583 896 quibusvis
602 851 789 889 Ordinibus,
805 850 1060 893 congregationi-

320 907 389 946 bus,
404 905 623 946 societatibus,
641 905 736 938 etiam
750 905 830 945 lesu,
849 909 881 937 et
893 903 1057 943 institutis,

320 969 358 992 ac
382 959 536 997 ecclesiis,
555 958 768 999 monasteriisy
783 957 966 1001 provinciis,
985 967 1061 990 eon-

319 1011 479 1051 ventibus,
505 1011 662 1051 domibus,
682 1010 829 1053 collegiis
855 1014 886 1042 et
911 1009 992 1042 locis
1011 1020 1060 1042 re-

320 1064 510 1107 gularibus,
536 1064 733 1108 illorumque
769 1063 994 1107 superioribus
1028 1068 1060 1096 et

320 1117 474 1161 personis
500 1118 776 1161 quibuscumque,
807 1118 864 1149 suh
891 1116 1058 1159 quibusvis

321 1171 495 1204 verborum
520 1171 690 1203 tenoribus
723 1176 753 1203 et
782 1170 900 1209 formis,
927 1179 965 1207 n
987 1179 1059 1202 cum

321 1224 576 1267 quibuscumque
599 1224 692 1256 etiam
713 1223 995 1265 derogatoriarum
1009 1223 1059 1256 de·

319 1277 504 1319 rogatoriis,
523 1277 660 1320 aliisque
686 1277 929 1316 efficacioribus,
954 1276 1060 1309 effica-

321 1330 455 1362 cissimis
474 1335 505 1362 et
522 1329 662 1363 insolitis
689 1330 843 1362 clausulis
861 1334 892 1362 et
906 1329 1056 1369 decretis,

319 1383 352 1415 in
367 1393 487 1425 genere
507 1384 556 1415 vel
577 1383 608 1414 in
627 1383 745 1426 specie,
761 1383 857 1415 etiam
876 1387 966 1414 motu
985 1392 1059 1425 pro-

320 1434 405 1477 prio,
432 1440 463 1467 et
481 1434 519 1467 de
539 1434 736 1478 apostolicae
760 1434 932 1478 potestatis
955 1434 1060 1477 pleni-

320 1487 446 1527 tudine,
473 1498 509 1520 ac
534 1487 811 1528 consistorialiter,
832 1492 864 1520 et
883 1487 960 1520 alifis
981 1498 1061 1531 quo-

320 1541 510 1582 modolibet,
533 1540 566 1573 in
584 1541 782 1574 contrarium
806 1540 1059 1584 praemissorum

321 1594 495 1635 concessis,
517 1593 714 1626 confirmatis
735 1598 768 1626 et
786 1593 909 1636 pluries
935 1593 1059 1626 innova·

322 1647 379 1687 tis,
407 1647 523 1690 quibus
538 1647 686 1679 omnibus
711 1651 743 1678 et
767 1646 914 1688 singulis,
934 1645 1059 1679 etiamsi

322 1710 382 1743 pro
417 1700 548 1733 illorum
580 1699 751 1733 sufficienti
782 1699 994 1742 derogatione
1021 1699 1059 1732 de

323 1754 387 1786 illis
414 1763 596 1797 eorumque
620 1754 695 1787 totis
720 1752 887 1786 tenoribus
912 1752 1061 1796 speciali-

322 1807 404 1847 bus,
431 1806 600 1850 specifica,
628 1817 777 1850 expressa
810 1811 841 1839 et
871 1806 1035 1839 individua
1053 1832 1060 1845 ,

323 1870 360 1892 ac
379 1859 418 1892 de
435 1860 535 1892 verbo
553 1860 593 1892 ad
610 1860 756 1900 verbum,
782 1870 845 1892 non
871 1864 977 1892 autem
1002 1869 1061 1902 pei·

323 1914 486 1946 clausulas
517 1914 686 1956 generales
717 1913 803 1946 idem
832 1912 1083 1956 importantes,=

324 1967 446 1999 mentio
476 1977 532 2000 seu
561 1966 692 2010 quaevis
723 1966 786 1999 alia
816 1965 981 2009 expressio
1006 1966 1063 1998 ba-

323 2019 432 2054 benda
463 2025 517 2053 aut
540 2020 648 2063 aliqua
677 2019 740 2052 alia
772 2019 931 2062 exquisita
961 2019 1083 2051 forma

324 2074 364 2106 ad
389 2074 453 2106 hoc
489 2074 647 2107 servanda
671 2073 773 2112 foret,
800 2078 927 2105 tenores
951 2072 1062 2104 liuius-

324 2127 433 2167 modi,
460 2138 496 2160 ac
521 2127 546 2160 si
571 2127 610 2160 de
631 2126 727 2159 verbo
749 2127 787 2159 ad
812 2126 955 2166 verbum,
980 2125 1062 2158 nibil

324 2179 455 2222 penitus
482 2179 609 2219 omisso,
627 2185 658 2212 et
682 2180 784 2212 forma
808 2179 840 2211 in
867 2178 930 2212 illis
948 2178 1063 2211 tradita
1083 2211 1084 2215 ,

326 2233 513 2274 observata,
539 2233 800 2276 exprimerentur
825 2238 856 2265 et
880 2232 1063 2265 inserereii-
1083 2244 1085 2261 ι

327 2290 386 2326 tur,
404 2286 629 2328 praesentibus
646 2296 704 2328 pro
724 2287 821 2329 plene
848 2290 879 2318 et
905 2284 1064 2317 sussicien-

326 2343 376 2371 ter
401 2338 562 2381 expressis
588 2344 619 2372 et
642 2339 773 2372 insertis
799 2339 973 2379 habentes,
1000 2338 1063 2370 illis
1084 2358 1085 2364 κ

327 2391 406 2425 alias
439 2391 473 2423 in
506 2402 565 2424 suo
602 2391 720 2424 robore
744 2391 989 2434 permansuris,
1024 2391 1085 2423 ad*

326 2444 583 2489 praemissorum
607 2444 771 2484 etl‘ectum,
798 2445 858 2477 hac
882 2444 949 2477 vice
975 2443 1065 2476 duni-2

327 2500 421 2538 taxal,
441 2498 625 2542 specialiter
642 2504 673 2530 et
690 2508 840 2540 expresse
856 2498 1061 2539 derogamus,

329 2553 512 2596 ceterisque
530 2551 704 2584 contrariis
726 2551 999 2593 quibuscumque.

373 2605 388 2649 ἑ
422 2604 454 2638 9.
487 2604 640 2638 Volumus
673 2609 776 2636 autem
812 2608 845 2635 ut
877 2602 1062 2635 earumdem

1100 263 1320 306 praesentium
1341 263 1520 296 litterarum
1538 262 1756 305 transumptis,
1783 272 1839 294 seu

1101 316 1265 359 exemplis,
1285 316 1378 349 etiam
1397 315 1574 359 impressis,
1593 325 1685 348 manu
1705 315 1838 348 alicuius

1100 369 1216 402 notarii
1234 369 1355 413 publici
1381 368 1578 412 subscriptis,
1597 374 1628 401 et
1643 368 1749 411 sigillo
1768 379 1840 412 per-

1101 432 1201 455 sonae
1225 422 1257 454 in
1283 422 1501 455 ecclesiastica
1533 421 1688 464 dignitate
1720 422 1840 455 consti-

1101 480 1187 506 tutae
1212 475 1353 514 munitis‚
1373 475 1485 507 eadem
1504 485 1638 517 prorsus
1664 475 1744 507 sides
1768 475 1840 507 ubi·

1102 538 1164 570 que
1183 528 1326 561 locorum
1353 533 1415 561 tam
1433 527 1465 560 in
1484 528 1602 561 iudicio
1628 539 1721 571 quam
1752 534 1840 561 extra

1101 580 1181 614 illud
1206 581 1374 621 habeatur,
1393 592 1474 624 qnae
1500 581 1579 625 ipsis
1612 582 1840 625 praesentibus

1102 633 1287 674 haberetur,
1306 634 1332 666 si
1352 634 1459 667 forent
1484 634 1648 667 exhibitae
1666 635 1716 668 vel
1735 640 1841 668 osten-

1102 696 1167 720 sae.

1146 740 1257 772 Datum
1283 740 1420 781 Romae,
1440 741 1523 784 apud
1545 741 1575 774 S.
1596 741 1723 774 Mariam
1745 741 1841 775 Maio-

1101 803 1178 833 rem,
1197 792 1258 826 sub*
1286 794 1404 826 annulo
1425 793 1604 833 piscatoris,
1631 794 1682 827 die
1706 805 1763 828 xiii
1789 804 1841 827 se-

1102 846 1258 890 ptembris
1276 856 1423 888 iunctxix,
1443 847 1645 890 pontificatus
1666 847 1766 881 nostri
1784 858 1841 881 an-

1102 911 1144 933 no
1168 910 1218 934 iii.

1138 962 1195 990 Dat.
1214 962 1257 990 die
1278 962 1310 990 13
1329 962 1492 998 septembris
1509 963 1584 997 1669,
1597 963 1693 998 pontif.
1712 971 1781 990 anno
1797 969 1836 990 iii.

1423 1105 1525 1138 cxlx.

1103 1182 1314 1224 Confirmatio
1336 1188 1364 1216 ec
1382 1185 1523 1216 extensio
1548 1184 1745 1217 decretorum
1768 1184 1842 1218 Ale-

1144 1237 1268 1269 xandri
1303 1237 1368 1270 VII
1394 1242 1423 1270 el
1460 1238 1679 1270 cardinalium
1705 1239 1842 1280 neyotiis

1144 1290 1385 1333 Propayandae
1404 1291 1502 1323 Fidei?
1519 1291 1779 1333 praeposi'tommz
1805 1291 1842 1323 de

1145 1343 1317 1375 nonnullis
1334 1343 1485 1376 abusibus
1501 1344 1785 1376 ecclesiasticorum
1806 1345 1843 1376 in

1146 1395 1254 1428 indiis
1280 1395 1506 1430 Orientalibus
1524 1397 1706 1439 deyentium
1732 1397 1844 1429 tollen—

1146 1448 1208 1481 dis.

1321 1520 1454 1547 Clemens
1476 1520 1554 1553 Papa
1575 1520 1623 1553 IX,

1226 1565 1262 1591 ad
1283 1568 1456 1598 perpetuam
1477 1566 1521 1591 rei
1541 1565 1722 1591 memoriam.

1146 1645 1180 1678 ln
1206 1646 1331 1679 excelsa
1355 1645 1446 1678 Sedis
1472 1645 1678 1687 Apostolicae
1697 1645 1838 1688 specula,

1103 1698 1227 1731 meritis
1253 1698 1329 1732 licet
1354 1698 1540 1741 imparibus,
1559 1709 1618 1741 per
1642 1698 1841 1732 ineffabilem

1106 1752 1233 1784 divinae
1260 1751 1438 1795 sapientiae
1457 1757 1552 1795 atque
1573 1751 1727 1784 bonitatis
1745 1752 1845 1784 abun-

1104 1805 1247 1838 dantiam
1280 1804 1470 1844 constituti,
1494 1804 1681 1846 vigilantiae
1713 1809 1844 1837 nostrae

1105 1858 1217 1890 oculos
1250 1867 1309 1900 per
1346 1857 1514 1890 universas
1548 1857 1719 1890 christiani
1758 1857 1845 1890 orbis

1104 1916 1213 1955 partes
1230 1910 1349 1954 iugiter
1361 1910 1628 1951 circumferimus,
1648 1915 1680 1943 et
1697 1910 1844 1943 sollicitis

1105 1965 1220 1998 studiis
1250 1965 1420 2008 providere
1453 1965 1626 2007 satagimus
1657 1969 1692 1996 ut
1716 1964 1843 1997 divinus

1105 2019 1213 2051 cultus
1238 2018 1360 2061 ubique
1387 2018 1512 2058 floreat,
1532 2019 1729 2061 populorum
1754 2017 1845 2050 devo-

1105 2072 1150 2104 tio
1183 2072 1344 2104 excitetur
1379 2077 1411 2104 et
1446 2072 1610 2110 foveatur,
1637 2082 1673 2103 ac
1699 2071 1842 2103 oninium

1105 2124 1367 2157 christifidelium
1384 2151 1391 2165 ,
1418 2123 1610 2167 praesertim
1635 2123 1667 2155 in
1693 2123 1844 2156 remotis-

1106 2176 1195 2210 simis
1213 2177 1358 2220 partibus
1385 2177 1580 2219 degentium,
1600 2176 1700 2219 quieti
1722 2182 1753 2208 et
1777 2175 1844 2207 ani-

1105 2241 1231 2263 marum
1249 2230 1343 2263 saluti
1363 2236 1546 2273 opportune
1562 2231 1761 2262 consulatur.
1777 2228 1845 2261 Hoc

1106 2283 1244 2316 consilio
1262 2294 1306 2323 ea,
1326 2293 1408 2326 quae
1427 2293 1486 2325 pro
1504 2282 1625 2315 salubri
1651 2282 1781 2315 illorum
1800 2282 1846 2314 di-

1106 2336 1251 2369 rectione
1272 2347 1290 2368 a
1307 2335 1461 2368 Romanis
1480 2334 1690 2367 Pontificibus
1710 2334 1846 2378 praede-

1107 2389 1293 2422 cessoribus
1320 2388 1450 2429 nostris,
1470 2398 1647 2431 eorumque
1673 2389 1774 2427 iussu,
1794 2387 1845 2431 pie

1107 2443 1350 2486 prudenterque
1377 2442 1506 2474 decreta
1543 2447 1637 2484 atque
1668 2442 1844 2474 constituta

1107 2496 1203 2532 fuisse
1230 2495 1454 2538 comperimus,
1472 2501 1507 2527 ut
1526 2495 1646 2527 firmius
1671 2496 1845 2527 subsistant

1107 2554 1139 2582 et
1162 2553 1332 2582 serventur
1356 2548 1516 2588 exactius,
1547 2548 1715 2592 apostolici
1742 2547 1845 2580 muni-

1106 2602 1201 2634 minis
1226 2601 1331 2634 nostri
1357 2601 1537 2645 patrocinio
1572 2603 1841 2642 corroboramus,

1735 205 1798 238 sio
1830 191 1891 241 in,
1914 212 1942 240 c,
1968 211 2034 240 ¹cco

1879 1655 2021 1677 Prooomtmn.
