2247 3208
116 201 162 228 An.
186 200 213 226 C.
235 200 299 228 1057

157 262 251 283 ΑὴειιΙνίΙ
278 267 290 281 a

102 295 199 310 censuris
243 294 290 315 pro-

103 319 151 342 pter
166 318 289 335 conventio-

103 349 140 364 uos
156 347 254 363 incursis.

125 2104 213 2125 Frui-‚ius
223 2106 241 2123 et
252 2103 297 2124 red·

112 2131 168 2150 duos
184 2130 238 2150 malo
251 2136 296 2159 per-

111 2159 186 2183 captos
201 2159 295 2177 remittit.

936 198 1017 222 CLEM
1024 198 1078 221 [Ns
1102 199 1132 222 ix
1157 198 1204 222 1¹1³.

348 247 363 292 g
388 248 418 281 4.
438 247 570 281 Necnon
595 257 707 280 omnes
729 247 863 281 cosdem
885 246 1043 280 conclavi-

304 306 369 334 stas
388 299 580 343 aquibusvis
595 300 955 340 excommunicationis,
974 309 1044 331 sus-

304 353 474 397 pensionis
505 358 537 385 et
565 353 749 393 interdicti,
775 353 911 396 aliisque
939 353 1044 384 eccle-

303 406 443 439 siasticis
471 406 663 445 sententiis,
685 406 834 439 censuris
860 411 889 438 et
908 405 1042 448 poenis,

302 459 328 491 si
343 469 420 502 quas
436 459 682 502 quomodolibet
699 463 834 502 propter
854 463 1043 491 contraven-

302 513 407 545 tiones
431 518 662 545 contentorum
693 512 726 544 in
759 511 1026 544 constitutionibu

302 575 398 608 super
431 565 595 598 creatione
625 564 762 598 Romani
793 563 955 597 Pontificis
982 573 1040 605 pro

302 623 448 661 tempore
475 617 582 657 editis,
606 619 657 650 vel
683 617 761 650 alias
783 616 1040 660 quomodolibet,

301 670 517 711 incurrerunt,
537 671 569 703 in
588 671 658 703 soro
679 669 896 703 conscientiae
916 674 1041 701 tantum

302 723 494 756 absolvimus
521 728 552 756 ct
576 723 770 763 liberamus,
798 732 834 754 ae
869 732 983 755 omnes
1009 726 1041 754 et

302 787 520 821 quoscumque
546 776 699 816 desectus,
725 776 750 808 si
776 775 830 819 qui
856 776 939 809 sorte
965 775 1040 815 sint,

302 829 447 864 omnium
467 829 702 872 provisionum,
730 828 978 867 beneficiorum,
1000 828 1042 862 di-

302 883 469 925 gnitatum,
490 893 527 914 ac
549 881 827 925 permutationum
853 882 1041 914 eorumdem

302 935 582 974 conclavistarum,
606 940 670 967 tam
690 945 726 968 ex
747 935 986 978 multiplicitate
1005 935 1042 967 ti-

302 990 463 1028 tulorum,
489 998 525 1021 ac
560 989 601 1021 ob
637 988 859 1021 incursionem
890 999 1042 1031 quarum·

303 1053 443 1085 cumque
468 1052 676 1074 censurarum
701 1047 732 1075 et
763 1042 1014 1085 irregularitatis
1032 1070 1039 1084 ,

303 1106 398 1139 quam
431 1094 508 1128 alias
534 1105 570 1127 ex
596 1095 708 1138 quavis
731 1098 825 1128 causa
850 1097 1043 1138 provenien-

304 1153 362 1187 tes,
388 1157 551 1187 sanamus‚
572 1158 607 1180 ac
632 1148 817 1181 huiusmodi
842 1148 1042 1191 provisiones

302 1200 414 1243 vigore
433 1210 542 1233 eorum
561 1200 816 1244 privilegiorum,
834 1201 866 1233 in
881 1201 950 1234 soro
967 1212 1043 1234 con-

304 1253 458 1286 scientiae
485 1258 626 1292 tantum,
662 1254 797 1296 perinde
831 1264 866 1286 ac
892 1253 918 1286 si
944 1264 1040 1287 novas

303 1306 506 1349 provisiones
521 1305 746 1345 obtinuissent,
767 1307 988 1347 revalidamus,
1000 1313 1040 1347 et,

303 1363 462 1401 quatenus
487 1369 568 1402 opus
593 1358 643 1398 sit,
668 1359 816 1392 omnibus
845 1364 876 1392 et
905 1360 1040 1402 singulis

303 1420 417 1444 eorum
438 1411 477 1444 de
510 1411 659 1444 omnibus
684 1417 716 1444 et
738 1411 879 1454 ,singulis
904 1412 1042 1455 dignita-

303 1463 399 1502 tibus,
422 1468 454 1496 et
478 1463 548 1497 aliis
574 1475 646 1497 cum
667 1467 744 1497 cura
761 1465 879 1498 etsine
897 1467 971 1498 eura
986 1466 1042 1499 be-

303 1516 427 1550 nefieiis
452 1517 677 1550 ecclesiasticis
700 1518 947 1561 quomodolibet
969 1529 1043 1562 qua-

250 1604 254 1607 ,
304 1569 429 1603 lisicatis
462 1575 494 1603 et
524 1571 742 1614 nuncupatis,
775 1572 871 1604 etiam
902 1572 1059 1605 cuiusvis

304 1621 432 1656 Ordinis
457 1623 672 1666 regularibus,
698 1634 758 1667 per
783 1634 838 1657 eos
863 1625 1042 1668 respective

305 1673 466 1715 obtentis,
499 1679 532 1707 et
561 1674 599 1707 de
625 1673 830 1708 novo-etiam
862 1676 1041 1719 respective

305 1726 519 1770 providemus,
546 1737 583 1760 ac
600 1737 712 1760 omnes
739 1733 769 1761 et
795 1728 939 1770 singulas
963 1739 1043 1772 pen-

305 1779 434 1819 siones,
473 1780 518 1812 eis
554 1785 586 1812 et
623 1791 736 1813 eorum
771 1781 904 1823 singulis
947 1792 1044 1825 super

305 1833 489 1875 quorumvis
504 1832 735 1866 beneficiorum
755 1834 1043 1867 ecclesiastieorum

305 1885 553 1929 quomodolibet
577 1885 834 1929 qualificatorum
867 1892 899 1919 et
923 1897 1044 1919 nuncu-

307 1943 466 1982 patorum,
492 1938 589 1971 etiam
614 1939 750 1980 alicuius
776 1939 904 1972 Ordinis
922 1941 1046 1982 regula-

305 1991 398 2032 rium,
424 1991 593 2033 fructibus,
615 1997 690 2031 etc„
709 1982 1045 2035 respectivereserva-

307 2049 363 2085 tas,
386 2044 536 2078 similiter
561 2045 600 2078 de
622 2056 703 2078 novo
729 2056 943 2079 reservamus.

351 2099 365 2141 ἓ
390 2097 420 2130 5.
448 2098 591 2141 Ipsisque
617 2098 840 2139 conclavistis,
868 2110 1045 2143 eorumque

308 2150 452 2193 singulis,
465 2161 686 2195 quoscumque
706 2151 835 2191 fructus,
849 2152 995 2185 redditus
1016 2159 1047 2185 et

309 2209 483 2245 proventus
508 2203 747 2237 ecclesiasticos
774 2205 943 2237 occasione
971 2216 1047 2248 qua-

309 2265 522 2298 rumcumque
541 2256 743 2299 dignitatum,
757 2257 1002 2290 canonicatuum
1016 2264 1048 2290 et

308 2308 581 2351 praebendarum,
595 2310 796 2353 aliorumque
814 2310 1047 2344 beneficiorum

309 2361 609 2394 ecclesiasticorum
627 2373 904 2406 quorumcumque
923 2369 953 2396 et
970 2375 1047 2406 spia-

309 2423 519 2457 rumcumque
544 2414 739 2456 pensionum
764 2425 941 2447 annuarum
968 2416 1045 2458 ipsis

309 2471 341 2499 et
368 2477 482 2499 eorum
514 2466 645 2499 cuilibet
671 2468 863 2500 collatorum
889 2474 920 2500 et
944 2479 1047 2501 reser-

310 2524 461 2559 vatarum,
481 2525 544 2552 tam
562 2530 597 2552 ex
616 2520 796 2561 antedictis,
808 2532 902 2563 quam
921 2531 956 2553 ex
976 2521 1045 2554 aliis

310 2571 490 2605 defectibus
509 2578 540 2605 et
558 2573 793 2613 occasionibus,
809 2573 903 2606 etiam
921 2573 1045 2607 ratione

1723 186 1786 219 519

1086 244 1270 278 omissionis
1296 245 1495 279 recitationis
1513 246 1666 279 horarum
1693 243 1822 277 canoni-

1087 309 1204 338 carum,
1220 299 1363 332 indebite
1382 304 1566 342 perceptos,
1590 290 1822 340 cuiuscumque

1087 351 1272 393 quantitatis
1300 352 1431 392 suerint,
1457 352 1597 395 gratiose
1630 349 1823 384 remittimus

1087 410 1117 437 et
1141 405 1373 444 condonamus,
1396 416 1431 437 ac
1447 415 1518 437 cum
1537 405 1582 437 eis
1607 414 1706 447 super
1730 403 1824 436 inha-

1085 457 1211 490 bilitate
1230 463 1262 490 et
1285 458 1523 499 irregularitate
1544 467 1603 500 per
1621 467 1676 490 eos
1698 461 1823 499 propte·

1086 520 1142 543 rea
1172 510 1417 553 quomodolibet
1449 512 1625 549 contracta,
1651 510 1700 542 vel
1726 509 1823 542 etiam

1086 573 1123 594 ex
1157 573 1195 595 eo
1229 563 1314 605 quod
1339 563 1485 595 censuris
1516 562 1699 595 huiusmodi
1733 561 1821 606 ligati

1085 614 1197 647 missas
1223 619 1255 647 et
1278 615 1340 647 alia
1365 615 1473 647 divina
1498 615 1618 654 officia,
1646 615 1821 647 dummodo

1087 672 1192 700 tamen
1217 678 1282 700 non
1307 667 1339 700 in
1364 673 1585 710 contemptum
1604 667 1752 707 clavium,
1771 677 1821 700 ce·

1086 720 1298 759 lebraverint,
1322 725 1375 752 aut
1398 720 1475 752 alias
1508 720 1539 751 in
1566 719 1679 752 divinis
1705 730 1739 752 se
1765 718 1823 752 im-

1086 773 1293 812 miscuerint,
1321 773 1472 816 quodque
1499 773 1553 805 ill-:1
1579 778 1610 805 et
1635 772 1704 804 aliis
1729 782 1823 815 prae-

1085 825 1191 858 missis
1213 836 1277 858 non
1304 825 1505 858 obstantibus
1528 825 1567 857 ad
1593 835 1703 857 omnes
1729 824 1824 857 etiam

1085 888 1193 910 saeros
1212 878 1492 921 etpresbyteratus
1503 877 1643 916 ordines,
1657 877 1735 910 alias
1751 877 1822 916 rite,

1086 935 1118 963 et
1143 923 1317 963 dummodo
1343 932 1466 964 nullum
1484 930 1572 963 aliud
1597 930 1693 963 alicui
1711 940 1824 962 eorum

1086 983 1190 1016 obstet
1215 983 1405 1016 canonicum
1436 983 1717 1026 impedimentum,
1749 993 1824 1025 pro-

1085 1037 1216 1076 moveri,
1237 1036 1316 1069 etin
1337 1036 1401 1069 illis
1420 1036 1497 1068 etin
1514 1035 1671 1078 susceptis
1692 1045 1749 1078 per
1770 1045 1824 1068 eos

1086 1090 1164 1122 alias
1190 1089 1248 1122 rite
1275 1089 1444 1123 ordinibus
1467 1089 1564 1121 etiam
1583 1089 1616 1121 in
1642 1088 1750 1122 altaris
1766 1089 1824 1121 mi-

1086 1143 1222 1176 nisterio
1248 1143 1429 1175 ministrare
1457 1142 1551 1175 etiam
1569 1142 1670 1175 libere
1688 1147 1720 1174 et
1736 1141 1821 1174 licite

1085 1196 1223 1234 valeant,
1245 1196 1482 1238 dispensamus.

1128 1249 1143 1291 ξ
1168 1247 1198 1280 6.
1227 1248 1269 1279 Ae
1294 1247 1425 1280 eosdem
1452 1247 1684 1287 conclavistas,
1713 1246 1737 1279 si
1768 1245 1821 1290 qui
1859 1254 1969 1277 evasurum
1993 1254 2015 1274 u·

1833 1282 1944 1306 legitimos.

1085 1311 1198 1334 eorum
1223 1300 1383 1333 desectum
1407 1300 1561 1332 natalium
1586 1299 1757 1343 patiantur,
1783 1310 1821 1331 ex

1086 1363 1289 1397 quocumque
1322 1353 1472 1385 damnato
1505 1358 1536 1384 et
1569 1351 1683 1384 illicito
1716 1350 1820 1392 coitu,

1085 1406 1208 1440 etiarnsi
1247 1417 1283 1439 ex
1324 1405 1536 1439 nobilissimis
1570 1405 1759 1449 parentibus
1793 1410 1824 1438 et

1085 1459 1201 1492 vilibus
1234 1458 1361 1491 seminis
1399 1458 1507 1490 forsan
1533 1457 1703 1503 procreati·
1734 1456 1821 1497 sint,

1085 1512 1209 1545 etiamsi
1236 1512 1313 1545 alias
1338 1510 1506 1553 legitimati
1523 1521 1587 1544 non
1612 1510 1759 1549 existant,
1779 1511 1824 1543 le-

1085 1566 1277 1609 gitimamus,
1297 1575 1492 1608 omnemque
1510 1565 1549 1596 ab
1567 1563 1630 1597 illis
1652 1563 1823 1606 geniturae

1087 1618 1269 1651 huiusmodi
1294 1618 1451 1650 maculam
1479 1617 1545 1650 sive
1566 1622 1674 1650 notam
1699 1617 1824 1649 abster-

1086 1672 1187 1714 gimus
1212 1677 1242 1704 et
1268 1671 1447 1710 abolemus,
1472 1681 1507 1703 ac
1534 1669 1685 1712 legitimis
1712 1668 1825 1701 natali-

1086 1726 1144 1758 bus
1169 1725 1377 1764 restituimus,
1397 1729 1428 1757 et
1450 1734 1521 1756 eum
1540 1733 1651 1756 eorum
1676 1722 1824 1764 singulis,

1086 1778 1175 1810 utin
1201 1777 1459 1820 quibuscumque
1491 1776 1584 1808 bonis
1618 1775 1761 1818 paternis
1793 1779 1825 1807 et

1087 1831 1242 1864 maternis
1279 1836 1309 1863 et
1341 1830 1474 1862 aliorum
1508 1828 1825 1871 consanguineorum

1087 1895 1141 1917 seu
1167 1889 1397 1927 cognatorum,
1423 1884 1472 1916 vel
1498 1882 1636 1915 aliorum
1670 1891 1825 1925 quorum-

1088 1948 1236 1981 cumque,
1254 1937 1323 1969 sine
1350 1942 1455 1969 tamen
1473 1936 1672 1979 praeiudicio
1698 1935 1824 1967 venien-

1086 1985 1167 2023 tium
1192 1991 1231 2023 ab
1253 1990 1404 2022 intestato
1422 1990 1473 2022 vel
1499 2000 1535 2021 ex
1560 1987 1822 2027 fideicommisso,

1089 2055 1145 2077 seu
1171 2044 1250 2076 alias
1276 2044 1314 2076 de
1340 2043 1408 2076 iure
1430 2042 1533 2075 valida
1550 2041 1775 2084 dispositione,
1793 2045 1826 2073 et

1089 2103 1318 2141 praeterquam
1345 2097 1376 2128 in
1401 2096 1494 2128 bouis
1530 2093 1756 2128 ecclesiasticis
1794 2099 1826 2126 et

1089 2151 1128 2183 ab
1144 2150 1288 2183 Ecclesia
1305 2147 1778 2192 provenientibus,succedere,
1795 2151 1826 2178 et

1089 2204 1145 2237 illa
1186 2202 1369 2236 donationis
1408 2202 1456 2234 vel
1491 2201 1554 2233 alio
1587 2200 1698 2243 quovis
1731 2199 1825 2232 titulo

1090 2256 1243 2300 consequi
1259 2261 1291 2289 et
1315 2255 1446 2295 habere,
1467 2265 1502 2287 ac
1520 2254 1559 2286 ad
1585 2254 1735 2296 aequales
1753 2262 1826 2295 por—

1090 2310 1194 2343 tiones
1219 2319 1291 2341 cum
1320 2308 1472 2350 legitimis
1497 2307 1685 2345 succedere,
1710 2316 1766 2338 eos
1786 2306 1825 2338 ad

1089 2362 1196 2395 omnia
1216 2362 1295 2399 iura,
1314 2360 1473 2403 legitimas
1490 2359 1711 2391 successiones
1727 2369 1764 2390 ex
1779 2363 1826 2390 te-

1091 2420 1249 2448 stamento
1284 2414 1334 2446 vel
1359 2413 1398 2445 al)
1424 2412 1573 2445 intestato
1593 2410 1824 2450 haereditates,

1090 2469 1205 2510 tegata,
1233 2467 1399 2500 libertates
1427 2465 1626 2498 restituendo
1645 2463 1776 2496 realiter
1794 2467 1827 2496 et

1090 2531 1161 2552 cuni
1179 2519 1302 2559 effectu,
1321 2530 1356 2551 ac
1375 2519 1413 2551 ad
1432 2518 1617 2560 dignitates,
1636 2517 1777 2549 honores
1795 2520 1827 2547 et

1090 2583 1310 2617 quaecumque
1332 2572 1393 2605 alia
1408 2571 1511 2604 officia
1529 2570 1684 2603 secularia
1698 2569 1827 2613 publica

1832 194 1880 221 An.
1904 193 1930 220 C.
1951 193 2014 221 1667
