2247 3208
115 236 165 263 An.
187 235 215 263 C.
234 235 300 263 1662

900 233 1088 258 ALEXANDER
1110 234 1155 257 vlt
1181 234 1228 257 rP.

312 283 508 315 matutinum
527 282 634 315 media
653 287 758 323 nocte,
781 282 890 315 statim
913 293 951 315 eo
972 293 1047 325 per-

313 337 440 376 soluto;
460 337 500 369 ab
525 335 596 369 aliis
620 347 697 368 vero
724 337 886 376 omuibus,
907 336 960 379 qui
979 346 1043 368 11011

311 389 418 422 media
436 393 531 422 noete
556 389 779 421 interfuerunt
804 388 983 427 matutinis,
1005 389 1044 420 ab

312 442 394 475 liora
413 442 587 485 squuinta
607 442 766 474 matutina
794 451 897 484 usque
916 441 954 473 ad
974 451 1045 473 sex-

312 501 387 528 tam.
421 496 571 539 Exceptis
602 501 711 528 tamen
737 495 828 528 sestis
859 495 892 526 in
924 493 1042 537 quibus

311 550 417 582 media
442 554 537 582 nocte
569 549 696 591 integre
724 548 916 581 decantatur
941 552 1045 579 matu-

313 603 434 642 tinuiu;
461 602 494 634 in
519 612 557 635 eo
583 602 669 634 enim
704 601 924 644 persolvendo
954 600 1044 632 insu-

310 661 444 688 muntur
468 656 551 688 duae
576 655 697 693 horae,
725 659 757 686 et
782 653 889 686 adhuc
912 653 1044 707 Qum·

310 708 358 741 uis
396 708 486 741 horis
523 708 636 750 plures
672 707 889 739 decantantur
923 706 1042 738 missae

309 761 468 800 maiores;
488 760 574 794 unde
591 760 656 792 illis
675 759 790 792 diebus
816 769 882 792 non
903 769 1043 791 conven-

310 814 452 853 tualiter,
479 813 537 846 sed
561 812 696 856 private,
716 822 776 856 pro
802 813 959 855 temporis
985 822 1043 854 op-

307 866 519 910 portunitate,
550 865 778 909 unusquisque
811 864 938 897 vacabit
971 874 1043 897 ora-

308 919 387 952 tioni
408 919 554 951 mentali.

348 982 379 1006 v.
406 971 468 1004 Pro
494 971 585 1004 sestis
617 970 733 1003 diebus
766 970 787 1002 ii
821 970 875 1013 qui
901 974 977 1002 sunt
1002 969 1040 1003 de

306 1035 445 1068 corpore
482 1025 591 1064 studii,
620 1023 756 1057 alternis
784 1023 920 1063 vicibus,
953 1023 1041 1055 iuxta

307 1077 456 1110 ordinem
479 1077 678 1116 scholarum,
705 1085 880 1108 numerum
907 1075 1041 1108 studen-

308 1130 396 1170 tium,
413 1136 444 1163 et
458 1130 709 1173 dispositionem
729 1129 831 1173 patris
846 1129 976 1172 prioris,
992 1129 1041 1161 in-

308 1183 440 1216 tersint¹
455 1183 563 1216 officio
582 1183 704 1222 divino;
725 1182 826 1214 ceteri
845 1192 932 1221 vero,
952 1181 1040 1213 iuxta

306 1246 343 1268 ea
375 1245 458 1278 quae
492 1235 672 1278 disponunt
704 1233 958 1267 constitutiones
982 1243 1041 1266 110-

305 1292 401 1327 strae,
427 1292 511 1330 part.
534 1297 553 1325 1,
581 1297 653 1330 cap.
680 1296 725 1326 111,
744 1286 758 1329 ἓ
775 1286 794 1318 7
812 1292 844 1318 et
862 1285 892 1318 8.
920 1287 944 1318 A
969 1286 1040 1319 lita-

305 1340 366 1373 niis
391 1351 469 1373 vero
495 1341 530 1373 B.
549 1339 667 1372 Mariae
693 1339 843 1382 Virginis,
866 1350 948 1382 quae
974 1339 1040 1372 sin-

304 1393 388 1436 gulis
422 1394 537 1426 diebus
570 1393 696 1426 sabbati
732 1403 793 1436 per
824 1397 929 1425 totum
963 1393 1037 1425 anni

304 1446 463 1479 circulum
487 1446 674 1479 immediate
700 1451 775 1489 post
807 1456 980 1489 vesperas,
1007 1450 1037 1477 et

304 1503 451 1541 tempore
484 1498 754 1542 quadragesimae
787 1503 862 1542 post
895 1498 1039 1541 comple-

304 1551 424 1584 torium
439 1551 732 1595 processionaliter
748 1562 809 1595 per
826 1553 968 1584 claustra
983 1552 1039 1584 de-

303 1609 485 1645 cantantur,
510 1605 621 1638 nullus
643 1604 880 1648 cuiuscumque
900 1604 1038 1648 qualita-

305 1657 343 1690 tis
369 1662 402 1690 et
421 1657 506 1690 tituli
533 1658 649 1690 abesse
675 1658 804 1691 audeat.

345 1721 389 1744 vr
427 1711 531 1743 Feriis
567 1711 666 1744 sextis
703 1712 790 1744 inter
825 1716 954 1744 octavas
980 1712 1038 1744 Pa—

303 1764 402 1797 schae
429 1769 460 1797 et
483 1764 705 1804 Pentecostes,
732 1775 798 1797 non
824 1775 918 1798 secus
944 1776 979 1798 ac
1004 1766 1053 1802 in,

304 1817 440 1861 reliquis
467 1818 555 1850 seriis
585 1817 683 1850 sextis
709 1827 769 1861 per
799 1828 936 1858 annum,
963 1807 1054 1856 can-i

304 1874 392 1901 tetur
425 1869 567 1902 officium
603 1880 740 1913 parvum
765 1870 800 1902 B.
828 1870 945 1903 Mariae
970 1870 1038 1903 vir-

303 1922 387 1965 ginis
405 1923 444 1956 de
468 1922 586 1963 Gratia,
604 1924 701 1966 vulgo
715 1923 891 1956 Benedicta
906 1927 939 1956 Iu
956 1914 1054 1956 nun-3

303 1980 470 2018 cupatum.

346 2039 403 2062 vn.
418 2028 553 2066 Quando
567 2029 654 2062 fores
673 2029 832 2062 eeclesiae
850 2035 927 2062 sunt
944 2040 1038 2072 aper-

305 2085 364 2121 tae,
384 2087 417 2114 et
441 2082 716 2125 quotiescumque
743 2082 888 2115 divinum
910 2083 1037 2126 persol-

303 2134 389 2166 vitur
413 2133 556 2167 officium
581 2134 614 2166 in
640 2135 751 2174 choro,
774 2140 829 2167 aut
849 2134 968 2168 missae
987 2146 1038 2168 ce-

304 2186 495 2227 lebrantur,
527 2188 636 2220 nullu:
673 2187 791 2221 audeat
827 2188 1037 2221 deambulare

303 2250 363 2282 per
394 2240 584 2280 ecclesiam,
621 2246 676 2272 aut
708 2251 769 2284 per
801 2241 959 2282 claustra,
985 2242 1036 2274 vel

304 2292 367 2325 alio
392 2293 465 2325 loco
491 2294 647 2336 publico,
677 2293 709 2325 in
735 2294 854 2337 quibus
883 2299 958 2327 tunc
983 2295 1038 2327 ad-

304 2350 381 2378 sunt
405 2347 591 2386 seculares3
610 2357 718 2390 neque
744 2346 842 2380 etiam
868 2347 938 2380 aliis
957 2353 1037 2381 tem-

303 2398 439 2442 poribus
466 2404 556 2431 extra
573 2409 781 2432 communem
799 2400 1037 2434 recreationem

305 2452 368 2484 hue
389 2453 438 2485 vel
467 2452 545 2485 illue
568 2463 630 2496 per
651 2458 857 2495 conventum,
878 2455 1035 2495 claustra,

305 2505 437 2537 hortum
455 2511 510 2538 aut
526 2516 587 2549 per
612 2506 804 2539 dormitoria
829 2508 957 2550 vagari,
980 2509 1036 2541 sed

304 2558 540 2602 unusquisque,
556 2560 689 2599 orando,
704 2561 754 2592 vel
776 2561 973 2602 meditando,
992 2563 1038 2595 le-

339 2621 350 2646 1
368 2620 438 2648 Edit.
455 2621 537 2649 Main.
554 2621 618 2657 legit
635 2622 748 2650 intersit
765 2625 800 2656 (fl.
812 2623 860 2659 T.).

1080 282 1196 323 gendo,
1220 286 1275 314 aut
1300 281 1471 322 studendo,
1490 282 1522 315 in
1543 282 1678 326 propria
1695 283 1814 315 cellula

1080 340 1259 366 remaneat.
1287 334 1565 367 Contrat'acientes
1591 345 1705 367 severe
1723 346 1741 367 a
1756 346 1814 379 pa-

1080 391 1127 417 tre.
1146 387 1256 429 priore
1279 392 1467 429 arguantur,
1486 389 1535 420 vel
1557 388 1653 421 etiam
1674 389 1814 432 punian-

1078 444 1154 479 tur;
1182 450 1245 482 qua
1269 440 1301 472 in
1327 451 1361 472 re
1388 440 1535 473 eiusdem
1563 442 1665 484 patris
1690 442 1810 486 prioris

1077 492 1313 525 conscientiam
1338 493 1481 535 graviter
1505 504 1689 535 gravamus.

1120 556 1189 578 vul.
1210 545 1352 588 Singulis
1367 546 1456 578 seriis
1473 547 1581 586 sextis,
1596 551 1811 590 peractaora-

1078 598 1165 631 tione
1191 599 1345 638 serotina,
1368 604 1399 631 et
1419 604 1594 642 antequam
1615 602 1810 635 matutinum

1077 651 1116 684 de
1142 662 1216 685 sero
1241 652 1435 695 incipiatur,
1462 653 1502 685 ab
1535 653 1696 693 omnibus,
1722 655 1810 688 iuxta

1076 714 1202 737 morem
1228 704 1321 737 istius
1348 710 1527 737 conventus
1555 710 1586 738 et
1611 707 1750 749 collegii,
1776 708 1809 739 in

1076 757 1178 790 choro
1204 758 1387 790 communis
1421 758 1583 790 habeatur
1615 758 1808 802 disciplina,

1076 822 1148 844 eum
1181 811 1374 844 recitatione
1407 811 1524 854 psalmi
1564 812 1715 845 Miserere
1746 813 1811 845 mei

1075 864 1180 905 Deus,
1205 864 1406 908 antiphonae
1434 864 1581 899 Christus
1613 865 1718 907 factus
1742 870 1807 906 esc,

1075 922 1173 960 atque
1199 917 1405 950 orationum¹
1431 916 1573 960 Respice,
1600 927 1806 960 quaesumuS,

1075 970 1222 1011 Domine,
1251 975 1284 1003 et
1307 970 1445 1003 aliarum
1471 980 1554 1013 quae
1587 970 1753 1003 habentur
1775 971 1809 1003 in

1075 1023 1305 1056 caeremoniali
1319 1022 1447 1055 Ordinis
1462 1034 1469 1063 ;
1490 1022 1544 1066 qui
1559 1033 1636 1056 vero
1653 1034 1670 1056 a
1687 1024 1743 1056 tali
1762 1023 1810 1056 di-

1074 1076 1212 1119 sciplina
1237 1074 1429 1115 absum-inst,
1456 1075 1542 1108 dicto
1568 1075 1739 1117 matutino,
1757 1077 1808 1109 vel

1074 1130 1135 1162 alia
1148 1129 1227 1173 ipsis
1243 1128 1459 1162 commodiori
1475 1128 1565 1168 hora,
1581 1129 1697 1162 eodem
1709 1129 1807 1162 modo

1074 1183 1193 1215 saciant
1218 1182 1434 1225 disciplinam,
1461 1182 1528 1215 sive
1553 1182 1586 1215 in
1607 1182 1719 1222 choro,
1739 1183 1806 1216 sive

1073 1236 1105 1268 in
1126 1236 1277 1269 ecclesia.

1116 1300 1157 1323 ix.
1171 1289 1287 1328 Nullus
1301 1289 1455 1322 sacerdos
1470 1289 1510 1322 ad
1522 1289 1721 1322 secularium
1731 1300 1807 1324 con-

1073 1343 1234 1375 sessiones
1259 1342 1438 1375 audiendas
1462 1347 1696 1385 praesentetur
1719 1344 1808 1376 loco-

1072 1406 1144 1428 rum
1161 1395 1340 1428 Ordinariis
1359 1396 1593 1439 approbandus
1616 1396 1678 1428 nisi
1698 1396 1808 1429 debita

1072 1454 1178 1482 aetate
1210 1449 1345 1492 triginta
1377 1459 1537 1482 annorum
1570 1453 1603 1482 et
1627 1449 1806 1492 capacitate

1071 1502 1251 1546 praeditus,
1278 1513 1314 1535 ae
1338 1502 1476 1546 insuper
1500 1503 1688 1545 rigorosum
1713 1502 1806 1546 prius

1072 1556 1213 1589 subierit
1247 1566 1395 1588 examen.
1431 1556 1519 1588 Idem
1556 1555 1733 1588 dicendum
1766 1555 1805 1587 de

1071 1606 1367 1651 praedicatoribus.
1395 1606 1474 1640 Cum
1506 1607 1576 1639 istis
1613 1611 1742 1648 tamen,
1770 1616 1805 1639 re

1071 1666 1198 1693 mature
1231 1660 1401 1703 inspecta,
1428 1659 1551 1703 poterit
1575 1665 1670 1703 pater
1693 1660 1804 1703 prior,

1070 1714 1158 1746 iuxta
1176 1713 1324 1745 locorum
1343 1717 1375 1745 et
1390 1717 1577 1755 temporum
1598 1713 1804 1755 exigentiam,

1071 1767 1263 1810 dispensare
1289 1776 1390 1809 super
1414 1770 1530 1806 aetate,
1557 1770 1726 1809 quatenus·
1745 1766 1806 1799 sci-

1070 1819 1147 1852 licet
1164 1824 1237 1851 ante
1260 1818 1465 1861 trigesimum
1491 1828 1621 1858 annum,
1645 1818 1683 1850 de
1705 1817 1806 1850 lieen-

1071 1872 1113 1904 tia
1132 1872 1389 1910 Ordinariorum,
1413 1877 1562 1915 tempore
1587 1871 1806 1914 praedieatio-

1070 1925 1120 1957 nis
1145 1925 1303 1957 adventus
1326 1929 1357 1957 et
1376 1924 1647 1967 quadragesimae
1673 1924 1805 1957 audiant

1071 1978 1296 2011 consessiones
1321 1982 1411 2010 extra
1435 1977 1519 2011 hanc
1536 1982 1684 2011 nostram
1702 1978 1806 2010 eccle-

1071 2031 1163 2064 siam.

1113 2095 1142 2118 x.
1169 2083 1283 2117 Nullus
1320 2084 1418 2117 etiam
1455 2085 1495 2117 ad
1527 2094 1638 2117 sacros
1671 2083 1804 2117 ordines

1070 2137 1220 2170 mittatur
1238 2138 1316 2181 quin
1329 2143 1464 2181 peracto
1481 2136 1714 2182 philosophiae
1733 2147 1806 2170 cur-

1071 2202 1108 2223 su
1126 2201 1186 2234 per
1211 2190 1344 2234 aliquod
1361 2195 1491 2234 tempus
1510 2189 1695 2233 theologiae
1713 2201 1806 2223 vaca-

1070 2244 1171 2283 verit;
1200 2244 1240 2276 ad
1264 2243 1531 2287 presbyteratus3
1554 2254 1633 2276 vero
1655 2243 1804 2276 ordinem

1071 2297 1180 2330 nullus
1205 2297 1284 2329 item
1302 2296 1451 2330 mittatur
1474 2297 1536 2329 nisi
1559 2297 1599 2330 ad
1616 2296 1723 2329 minus
1745 2306 1806 2340 per

1070 2360 1192 2383 annum
1209 2350 1375 2393 integrum
1393 2349 1499 2383 eidem
1520 2349 1705 2392 theologiae
1726 2359 1805 2393 ope-

1107 2448 1117 2473 1
1145 2446 1266 2474 Pessime
1290 2446 1354 2473 edit.
1379 2445 1458 2473 nain.
1483 2445 1549 2481 legit
1571 2446 1734 2474 oratorium
1756 2454 1805 2482 pro

1070 2492 1235 2519 orationum
1249 2493 1286 2524 (a.
1303 2491 1351 2525 T.).

1105 2536 1121 2562 2
1145 2535 1215 2562 Edit.
1236 2535 1314 2563 lttain.
1335 2535 1401 2571 legit
1420 2535 1572 2570 adfuerint
1591 2544 1639 2571 pro
1659 2535 1804 2570 abfuerint

1104 2601 1109 2606 .
1127 2588 1152 2607 T.
1170 2602 1174 2606 .
1586 2591 1591 2594 ·

1069 2582 1122 2651 (RS
1141 2582 1212 2651 E)dit.
1233 2623 1311 2651 Maia.
1329 2624 1392 2659 legit
1407 2625 1638 2659 presbyteratum
1654 2624 1691 2658 (n.
1708 2623 1754 2656 T.).

1739 225 1780 258 ⁶2¹.)
1827 235 1874 260 An.
1897 233 1925 261 c.
1944 234 2011 261 1062
