2247 3208
126 173 179 200 An.
197 173 226 199 C.
249 173 314 201 1663

141 655 258 676 contrariis
267 655 302 676 de-

117 685 186 707 regat.

147 1817 268 1838 Exordium.

151 2239 268 2265 expositio.

907 173 986 196 ‚unx
995 173 1094 195 XNDER
1118 173 1161 196 Vll
1188 174 1235 195 Pr.

1740 161 1798 192 tiz

323 232 463 264 cumque
480 221 562 254 alios
582 221 690 264 quavis
705 226 866 263 potestate
887 223 1059 262 iungentes
1095 226 1128 251 et
1152 220 1345 263 praesertim
1364 220 1499 251 loannes
1524 218 1667 261 Baptista
1696 219 1828 253 ssauthn,

319 285 407 307 nunc
426 279 457 306 et
475 284 534 317 pro
553 278 702 316 tempore
721 273 911 312 existentes,
931 273 1060 305 sublata

320 327 368 359 eis
393 331 425 359 et
449 336 561 359 eorum
586 326 720 358 cuilibet
748 325 858 368 quavis
885 325 979 358 aliter
1010 325 1059 356 iu·

320 378 450 412 dicandi
488 384 520 411 et
556 378 798 421 interpretandi
836 378 985 410 fat-tiliato
1026 382 1058 409 et

319 431 523 471 auctoritate,
549 431 685 464 iudicari
713 437 740 463 et
769 430 897 463 deliniri
923 430 1054 467 debere,

318 495 356 517 ae
380 484 507 516 irritum
535 490 564 516 et
590 485 687 516 inane
713 484 737 515 si
764 494 857 515 serus
876 492 975 525 super
1004 482 1055 513 his

317 549 336 570 a
361 548 533 580 quoquam,
553 537 664 580 quavis
689 536 891 573 auctoritate,
911 535 1056 566 scienter

317 590 368 622 vel
393 589 596 632 ignoranter,
623 588 798 629 contigerit
822 587 986 619 attentari.

362 643 376 685 ἓ
400 642 431 675 5.
458 642 529 674 Non
555 641 762 674 obstantibus
789 639 992 682 apostolicis,
1020 649 1060 693 εις

318 696 350 728 in
386 694 627 727 universalibus
664 693 987 736 provinrialibusque
1024 697 1056 723 et

318 748 530 791 synodalibus
552 746 698 778 conciliis
720 745 826 783 editis,
846 745 1053 785 generalibus

317 803 368 834 vel
393 799 599 843 specialibus,
626 798 921 831 constitutionilms
940 803 972 830 et
1004 809 1055 830 or-

317 852 552 891 dinationibus,
574 850 761 894 ceterisque
783 850 957 883 contrariis
984 851 1055 893 qni-

316 906 537 947 buscumque.

360 957 476 990 Datum
485 956 620 996 Romae,
632 956 718 999 apud
729 955 759 988 S.
774 956 918 995 Petrum,
931 957 991 988 sub
1001 967 1056 988 an-

318 1011 398 1043 nulo
415 1010 601 1049 piscatoris,
618 1009 669 1042 die
683 1020 757 1042 xxm
776 1009 882 1041 martii
897 1019 1054 1049 MDCLxm,

316 1061 528 1106 pontificatus
547 1061 652 1094 nostri
674 1072 760 1094 anno
785 1071 854 1094 vni.

354 1124 412 1151 Dat.
433 1124 477 1151 die
495 1123 529 1151 23
549 1123 638 1151 martii
657 1123 733 1156 1663,
756 1123 844 1158 pontif
867 1131 938 1150 anno
954 1129 1007 1150 vm,

609 1266 765 1299 CDXXXI.

320 1348 360 1381 Ul
384 1351 446 1381 tres
470 1352 642 1380 conventus
673 1347 835 1380 custodiae
859 1347 914 1380 SS⁴
946 1347 972 1379 T
972 1347 1057 1378 rini-

363 1401 439 1433 tatis
471 1401 508 1432 in
536 1400 708 1443 provincia
739 1401 861 1432 maiori
896 1400 1058 1432 throniae

364 1452 500 1486 Ordinis
538 1453 706 1486 Minorum
745 1453 851 1484 sancti
888 1452 1059 1484 Francz'sci

361 1507 456 1538 uniri
472 1507 597 1549 possint
619 1506 806 1548 provinciae
830 1505 984 1538 viciniori
1001 1510 1058 1538 (cut

363 1558 569 1592 commodiori
600 1560 850 1602 reformatorum
873 1568 929 1591 seu
953 1558 1055 1591 recol-

364 1613 530 1653 Iectorum,
558 1616 603 1645 etc
635 1612 654 1644 ¹.

513 1693 677 1721 Alexa-ider
696 1693 775 1726 Papa
794 1693 858 1725 vu,

464 1739 499 1764 ad
515 1738 647 1764 futuram
666 1737 711 1764 rei
731 1737 913 1763 memoriam.

364 1807 529 1840 Militantis
549 1806 711 1839 Ecclesiae
731 1806 882 1848 regimini
902 1816 962 1849 per
978 1805 1060 1838 inef-

322 1861 452 1893 fabilem
477 1860 604 1893 divinae
636 1860 793 1892 bonitatis
825 1860 1057 1892 abundantiam

321 1915 410 1947 nullo
430 1914 508 1946 licet
528 1913 722 1946 meritorum
740 1917 929 1945 nostrorum
946 1912 1059 1945 sutfra-

321 1967 376 2009 gio
401 1966 595 2010 praepositi,
622 1965 707 1998 felici
729 1965 960 2007 religiosorum
976 1965 1060 1998 viro-

322 2030 406 2059 rum,
419 2024 494 2052 vota
510 2029 568 2051 sua
585 2018 652 2050 Deo
677 2018 814 2050 reddere
835 2017 956 2060 iugiter
979 2023 1060 2050 sata-

322 2071 479 2115 gentium,
495 2070 647 2113 regimini
662 2075 694 2102 et
707 2069 806 2112 quieti
827 2069 969 2102 libenter
983 2080 1060 2102 con-

323 2125 480 2165 salimus7
507 2123 591 2156 sicut
617 2122 651 2154 in
675 2122 812 2154 Domino
838 2121 1059 2164 conspicimus

323 2178 501 2211 salubriter
523 2176 687 2219 expedire.

368 2232 382 2274 ξ
402 2230 430 2262 1.
457 2229 581 2273 Exponi
600 2228 763 2271 siquidem
780 2228 875 2260 nobis
893 2238 999 2270 nuper
1015 2227 1061 2260 fe-

324 2288 437 2316 cerunt
467 2282 575 2315 dilecti
607 2281 665 2314 filii
696 2281 900 2324 Theophilus
931 2280 1062 2313 Carrier

324 2341 450 2374 custos,
479 2345 514 2367 ac
536 2344 649 2367 omnes
675 2333 790 2366 fratres
816 2338 881 2365 tam
911 2333 1062 2376 superio-

324 2400 376 2421 res
402 2398 498 2431 quani
523 2386 696 2419 inferiores
726 2385 892 2418 custodiae
916 2385 969 2418 SS.
993 2385 1062 2417 Tri-

325 2442 436 2475 nitatis
461 2441 598 2473 fratrum
624 2439 784 2471 Minorum
807 2438 937 2471 Ordinis
959 2439 1061 2472 sancti

325 2493 490 2527 Francisci
507 2493 770 2526 Recollectorum
787 2496 1059 2534 nuncupatorum,

363 2558 375 2584 1
396 2555 435 2583 Ex
453 2556 565 2590 Regest.
586 2554 613 2580 in
633 2553 735 2580 Secret.
755 2552 833 2579 Brev.

427 2608 506 2638 Bull.
521 2608 606 2636 Rom.
618 2622 650 2626 —
670 2606 730 2634 Vol.
747 2605 838 2633 XVII.
1002 2605 1034 2632 19

1095 284 1210 305 eorum
1224 272 1374 315 specialis
1390 272 1449 304 liae
1468 272 1499 303 in
1518 276 1609 313 parte
1626 276 1828 313 protairattior,

1095 327 1192 369 quod,
1218 336 1277 368 pro
1299 325 1532 357 reformatione
1554 323 1739 367 provinciae
1765 335 1830 355 ma-

1093 379 1172 410 ioris
1197 377 1357 410 Turoniae
1396 377 1528 409 fratrum
1561 376 1718 409 Minorum
1752 376 1827 408 dicti

1092 430 1222 463 Ordinis
1238 431 1362 472 (vigore
1378 431 1591 473 quarumdam
1608 431 1709 463 felicis
1726 441 1829 462 recor<

1092 484 1234 515 dationis
1259 482 1380 515 Urbani
1405 483 1511 525 Papae
1540 483 1601 515 x’ttl
1631 484 1828 526 praedeees-

1092 536 1175 568 soris
1199 536 1303 568 nostri
1330 536 1361 567 in
1388 535 1484 568 simili
1513 536 1613 567 forma
1640 536 1749 568 Brevis
1777 537 1827 569 lit-

1091 593 1234 620 terarum
1259 587 1309 619 die
1333 598 1391 620 xxx
1415 588 1542 629 augusti
1563 598 1706 625 noemi,
1723 600 1759 620 ae
1777 589 1826 620 die

1088 650 1151 673 xxn
1175 640 1311 672 ianuarii
1330 646 1362 672 et
1387 641 1437 672 die
1461 651 1523 673 xxti
1544 641 1655 683 aprilis
1672 651 1826 679 uncxitin,

1090 702 1219 725 necnon
1237 703 1260 725 11
1285 692 1391 724 martii
1416 702 1555 725 nncxmv
1579 693 1758 735 respective
1775 705 1828 734 px-

1090 746 1297 789 peditarum)
1324 746 1409 778 dicta
1435 746 1584 778 custodia
1609 747 1709 785 (iuxta
1736 757 1828 789 quas-

1091 799 1165 831 dam
1204 799 1398 832 recolendae
1439 799 1613 831 memoriae
1650 799 1826 831 Clementis

1090 853 1195 895 Papae
1212 851 1277 884 VIII
1301 851 1566 894 praedecessoris
1585 851 1707 894 pariter
1722 852 1827 884 nostri

1091 905 1230 948 litteras)
1249 905 1281 937 in
1302 905 1443 947 capitulo
1464 904 1656 947 provinciali
1678 904 1827 937 eiusdem

1091 958 1300 1000 provinciae,
1329 957 1380 989 die
1417 968 1487 990 xxix
1517 957 1644 999 augusti
1682 967 1828 990 ,uncxmn

1092 1010 1259 1043 Rhedonis
1292 1010 1475 1049 celebrato,
1514 1020 1572 1052 per
1608 1009 1828 1042 venerabilem

1092 1064 1223 1095 fratrem
1239 1063 1414 1095 Henricum
1432 1068 1509 1095 tunc
1526 1061 1717 1105 episcopum
1742 1062 1828 1094 Rhe-

1092 1117 1282 1155 donensem‚
1304 1116 1521 1158 apostolicum
1550 1116 1610 1147 hac
1631 1115 1663 1147 in
1682 1126 1715 1146 re
1740 1126 1828 1147 eoni-

1091 1169 1275 1201 missarium
1291 1196 1298 1207 ,
1326 1174 1433 1201 erecta
1466 1174 1496 1200 ct
1532 1168 1723 1200 confirmata
1749 1167 1825 1207 suit,

1092 1221 1204 1264 illique
1230 1232 1284 1254 sex
1309 1226 1496 1259 conventus,
1523 1220 1674 1252 videlicet
1697 1221 1828 1253 Rhodo-

1092 1275 1211 1313 nensis,
1236 1274 1446 1313 Venetensis,
1472 1273 1746 1316 Corizopitensis,
1773 1273 1829 1305 Va-

1092 1328 1256 1367 stinensis‚
1282 1326 1505 1360 Inicastrensis
1532 1331 1563 1358 et
1583 1325 1829 1368 Castrireginal-

1093 1381 1200 1414 densis
1227 1380 1383 1423 assignati
1409 1380 1551 1412 fuerunt.
1573 1379 1689 1411 Verum
1713 1379 1827 1411 fratres

1092 1434 1197 1467 [lictae
1222 1433 1407 1477 provinciae
1425 1432 1588 1464 Turoniae
1617 1431 1663 1464 sic
1688 1437 1828 1464 erectam

1846 169 1893 194 An.
1911 167 1938 193 C.
1963 166 2030 193 tssCP.

1093 1493 1124 1519 et
1157 1486 1381 1520 confirmatam
1420 1484 1612 1517 auctoritate
1652 1484 1830 1526 apostolica
1862 1518 1867 1526 ¹

1092 1540 1271 1573 custodiam
1298 1537 1496 1577 huiusmodi,
1525 1537 1590 1569 imo
1621 1542 1651 1569 et
1679 1538 1719 1568 ab
1748 1537 1827 1579 ipsis

1092 1598 1263 1636 receptam,
1289 1591 1452 1624 laudatam
1478 1595 1510 1623 et
1532 1590 1743 1633 approbatam
1770 1590 1828 1622 sub

1092 1645 1232 1689 propriis
1259 1643 1501 1687 chirographis,
1519 1642 1625 1675 statim
1640 1642 1673 1674 in
1687 1643 1829 1674 cunabu-

1092 1699 1130 1731 lis
1155 1698 1339 1741 opprimere
1366 1702 1398 1729 et
1423 1697 1588 1729 destruere
1614 1700 1827 1734 attentarunt,

1093 1751 1186 1783 obliti
1212 1750 1420 1783 obedientiae
1442 1754 1474 1782 et
1498 1748 1701 1781 reverentiae
1722 1746 1830 1779 Sedis¹

1093 1804 1311 1848 apostolicae,
1325 1814 1421 1847 quani
1438 1807 1608 1842 voverunt,
1624 1812 1661 1834 ae
1678 1801 1830 1844 propriae

1094 1857 1180 1897 adei,
1208 1867 1303 1900 quam
1327 1857 1361 1888 in
1386 1855 1516 1898 scriptis
1553 1854 1744 1887 solemniter
1777 1853 1830 1885 de-

1094 1912 1220 1944 derant.
1236 1909 1403 1953 Siquidem
1420 1913 1599 1941 conventus
1614 1908 1830 1940 Venetensem

1094 1968 1126 1996 et
1160 1962 1435 2005 Corizopitensem
1468 1960 1618 1992 fratribus
1646 1959 1830 1992 reformatis

1095 2016 1220 2048 tradere
1245 2015 1440 2053 noluerunt,
1467 2023 1590 2056 eosque
1623 2023 1641 2044 a
1669 2017 1830 2045 conventu

1094 2068 1306 2101 Rbedonensi
1331 2077 1429 2099 manu
1452 2066 1603 2104 violenta,
1624 2065 1759 2103 baculis,
1783 2075 1832 2097 ar-

1094 2122 1153 2154 inis
1179 2126 1210 2153 et
1234 2120 1304 2153 aliis
1329 2118 1562 2159 instrumentis,
1582 2128 1653 2150 cum
1674 2117 1831 2151 effusione

1095 2172 1263 2216 sanguinis
1300 2177 1332 2205 et
1366 2171 1513 2215 periculo
1536 2170 1620 2203 vitae
1653 2172 1832 2203 multorum

1094 2226 1334 2269 religiosorum,
1353 2224 1527 2263 eiecerunt,
1546 2233 1674 2255 necnon
1700 2223 1738 2254 ab
1760 2223 1831 2255 aliis

1096 2279 1199 2311 tribus
1217 2277 1428 2310 conventibus
1447 2277 1634 2309 iamdudum
1658 2275 1833 2308 eiecissent

1095 2331 1156 2364 nisi
1181 2341 1198 2364 a
1223 2330 1389 2364 carissimo
1414 2330 1448 2362 in
1472 2329 1601 2362 Christo
1627 2329 1693 2361 titio
1720 2333 1832 2361 nostro

1095 2385 1255 2418 Ludovico
1279 2383 1476 2416 Francorum
1501 2393 1579 2425 rege
1599 2381 1833 2414 christianissi-

1095 2448 1164 2477 mo,
1190 2448 1227 2470 ac
1252 2448 1270 2469 a
1295 2435 1434 2469 dominis
1468 2440 1499 2468 et
1531 2435 1654 2467 civibus
1680 2434 1831 2474 urbium,

1095 2492 1128 2524 in
1146 2491 1261 2535 quibus
1276 2489 1338 2533 ipsi
1356 2495 1534 2522 conventus
1554 2488 1735 2521 constructi
1749 2493 1832 2527 sunt,

1132 2555 1143 2580 1
1165 2552 1258 2588 Aptius
1272 2552 1409 2587 legeretur
1423 2551 1493 2578 Sedi
1508 2559 1555 2586 pro
1571 2550 1655 2577 Sedis
1668 2551 1708 2585 (n.
1725 2549 1774 2583 τ.).
