2247 3208
226 238 275 265 An.
293 237 322 264 c.
347 236 413 264 1608
459 224 522 258 (188

418 284 518 328 possit
543 286 596 313 aut
621 279 746 317 debeat,
765 277 824 308 sul]
850 275 962 318 quovis
988 278 1155 317 praetextu

419 340 616 369 assertorum
634 330 886 375 privilegiorum,
907 328 1107 360 indultorum
1125 330 1157 358 et

420 387 660 431 exemptionum
685 381 826 428 quibus¹
852 380 1083 425 suprascriptis
1108 379 1156 411 iu-

421 442 554 479 dicibus,
572 436 820 482 protectoribUS,
843 432 1156 468 commendatoribus

421 499 452 526 et
478 493 546 525 aliis
572 491 827 534 quibuscumque
860 487 1017 531 expressis
1043 491 1074 518 et
1098 495 1157 517 no-

422 545 549 580 minatis
576 554 612 576 ac
640 544 678 576 de
712 541 906 574 necessitate
938 538 1156 583 exprimendis

422 605 452 633 et
476 596 700 636 nominandis,
731 595 807 638 quin
839 593 943 627 omnis
977 592 1156 625 iurisdictio

423 657 454 686 et
478 649 684 694 superioritas
711 648 743 680 in
769 648 916 680 omnibus
955 651 986 678 et
1021 644 1157 687 singulis

423 705 528 738 causis
554 700 782 746 suprascriptis
808 706 839 733 et
862 699 932 732 aliis
957 698 1158 741 quibuscum-

423 769 485 802 que
511 757 659 790 civilibus
686 759 717 787 et
742 752 977 790 criminalibus,
1002 750 1101 783 meris
1128 754 1159 782 et

423 810 527 845 mixtis
552 810 658 852 ipsum
684 806 857 849 collegium
883 809 914 838 et
939 804 1005 837 eius
1032 803 1159 835 schola-

425 875 475 897 res
500 874 537 896 ac
562 861 712 895 ecclesias
739 860 844 892 eidem
869 857 1006 899 collegio
1031 856 1159 894 unitas,

424 917 602 956 ministros,
623 913 774 947 officiales
793 917 826 944 et
849 920 1015 954 personas,
1035 919 1160 942 eorum-

425 981 485 1014 que
509 970 603 1008 bona,
624 977 675 1000 res
701 970 731 998 et
759 966 826 997 iura
851 969 883 996 et
906 973 1017 996 curam
1043 961 1160 994 anima-

426 1034 507 1063 rum,
533 1022 684 1063 illiusque
710 1018 905 1056 exercitium,
924 1027 960 1048 ac
985 1024 1161 1048 sacramen-

426 1082 531 1110 torum
547 1072 836 1108 ecclesiasticorum
847 1068 1161 1102 administrationem

426 1137 479 1164 aut
503 1129 580 1162 alias
611 1124 853 1170 quomodolibet
877 1120 1160 1159 concernentibus,

428 1185 465 1218 ad
497 1181 678 1227 praedictos
716 1179 888 1212 modernos
924 1180 955 1208 et
988 1185 1045 1218 pro
1085 1180 1163 1206 tem-

427 1247 506 1281 pore
531 1235 706 1267 existentes
731 1230 874 1264 eiusdem
900 1227 1028 1270 collegii
1053 1231 1164 1271 prote-

429 1295 546 1329 ctores,
570 1287 621 1320 vel
647 1295 755 1319 eorum
782 1282 922 1315 iudicem
943 1291 999 1313 seu
1023 1279 1160 1320 iudices,

430 1343 619 1385 deputatum
644 1349 699 1371 seu
726 1337 906 1380 deputatosy
933 1334 983 1366 vel
1009 1333 1165 1376 deputan-

431 1396 506 1428 dum
523 1404 579 1426 seu
598 1391 812 1434 deputandos,
830 1389 928 1432 pleno
950 1386 1018 1418 iure
1039 1386 1071 1418 in
1090 1396 1166 1429 qna-

431 1456 568 1490 cumque
593 1443 746 1477 instantia
766 1442 861 1474 etiam
878 1439 1031 1483 privative
1058 1439 1164 1482 quoad

431 1500 584 1534 vicarium
619 1497 711 1530 Urbis
750 1506 784 1528 ac
821 1503 1042 1537 quoscumque
1078 1493 1166 1524 loco-

431 1564 502 1587 rum
535 1550 719 1585 Ordinarios
752 1553 784 1581 et
815 1557 926 1580 omnes
960 1545 1041 1578 alios
1071 1555 1167 1587 quos-

433 1615 570 1648 cumque
595 1603 715 1636 iudices
740 1601 917 1645 praefatos,
939 1599 1034 1632 etiam
1060 1597 1165 1641 quoad

433 1659 560 1692 illarum
597 1657 731 1689 totalem
771 1659 803 1687 et
838 1653 968 1685 finalem
1005 1651 1168 1683 executio-

434 1722 519 1751 nem,
544 1721 614 1744 cum
633 1709 781 1742 facultate
799 1707 870 1740 illas
896 1715 1008 1739 omnes
1035 1714 1168 1747 quomo-

435 1764 558 1798 dolibet
581 1773 689 1795 coram
714 1761 784 1794 aliis
813 1759 978 1803 quibusvis
1007 1757 1166 1790 iudicibus

434 1817 633 1850 introductas
652 1820 683 1847 et
695 1814 873 1857 pendentes
891 1810 1123 1850 reassumendi‚
1139 1816 1169 1843 et

436 1871 508 1910 illis,
536 1869 592 1902 sub
619 1866 843 1912 ecclesiasticis
861 1864 1040 1904 sententiis,
1058 1874 1170 1896 censu-

436 1924 479 1957 ris
504 1928 536 1955 et
560 1921 672 1965 poenis
697 1919 828 1953 arbitrio
854 1929 910 1950 suo
944 1917 1167 1960 imponendis,

436 1975 644 2009 moderandis
663 1979 695 2006 et
711 1972 924 2016 applicandis,
938 1970 1116 2011 inhibendi,
1135 1980 1170 2002 ac

438 2029 469 2062 in
496 2034 643 2061 eventum
669 2037 734 2059 non
759 2025 929 2069 paritionis
955 2024 1171 2056 contradicto-

438 2093 490 2115 res
516 2086 547 2114 ct
571 2080 799 2113 inobedientes
817 2088 971 2110 censuras
993 2082 1024 2109 et
1048 2087 1171 2120 poenas

439 2135 524 2178 ipsas
549 2132 723 2166 incurrisse
756 2133 878 2164 servatii
909 2131 1010 2163 forma
1036 2128 1170 2161 Concilii

440 2186 617 2220 Tridentini
643 2184 828 2218 huiusmodi
846 2183 1040 2223 declarandi,
1061 2192 1172 2225 aggra-

440 2240 547 2279 vandi,
574 2237 817 2280 reaggravandi,
835 2235 1064 2275 interdicendi,
1087 2235 1173 2267 auxi-

442 2293 583 2335 liumque
607 2290 732 2323 brachii
759 2289 926 2329 secularis,
951 2288 975 2320 si
1001 2298 1080 2331 opus
1110 2288 1175 2319 fue-

442 2346 491 2385 rit,
506 2343 688 2383 invocandi,
701 2347 854 2386 attentata
870 2346 902 2374 et
917 2342 1066 2374 innovata
1084 2338 1175 2384 quae-

444 2408 581 2440 cumque
616 2396 804 2436 revocandi,
843 2394 1015 2437 omniaque
1048 2394 1109 2426 alia
1145 2398 1178 2426 et

444 2452 569 2494 singula
593 2451 625 2483 in
652 2450 837 2494 praemissis
862 2448 1042 2482 necessaria
1067 2452 1098 2480 et
1123 2458 1178 2490 op-

445 2510 584 2548 portuna
610 2503 763 2543 faciendi,
782 2502 909 2535 dicendi
930 2507 962 2534 et
986 2501 1176 2544 exequendi,

445 2562 590 2600 spectare
616 2562 645 2589 ct
671 2556 833 2599 pertinere
850 2556 882 2587 in
901 2554 1048 2587 omnibus
1070 2558 1100 2586 et
1119 2564 1179 2596 per

483 2619 493 2645 t
515 2618 645 2654 Legerein
665 2618 811 2653 quibusvis
831 2625 878 2652 pro
898 2616 1001 2651 quibus
1020 2616 1061 2650 (R.
1077 2614 1125 2650 T.)-

996 227 1177 251 BULLARIUM
1202 226 1354 250 ROMANUM

1199 273 1306 306 omnia
1330 278 1488 316 perpetuo
1511 275 1663 316 debeant,
1687 283 1719 310 et
1744 279 1840 311 etiarn
1866 290 1935 312 mo-

1200 326 1309 358 dernis
1327 330 1358 358 et
1374 336 1434 369 pro
1457 332 1602 370 tempore
1624 330 1833 364 existentibus
1859 333 1934 365 dicti

1199 378 1330 421 collegii
1361 379 1604 422 protectoribus
1641 387 1671 414 et
1705 383 1933 418 defensoribus

1200 441 1380 474 eorumque
1405 432 1563 465 iudicibus
1601 438 1714 466 tenore
1747 437 1935 470 earumdem

1199 485 1418 528 praesentium
1445 486 1484 518 dc
1509 496 1592 519 novo
1613 492 1770 530 perpetuo
1791 489 1936 532 indulge·

1200 549 1279 577 mus,
1308 538 1420 581 eisque
1439 539 1604 591 Jiberam,
1631 541 1770 583 plenam,
1796 544 1936 585 amplam

1201 595 1232 622 et
1257 590 1478 623 omnimodam
1515 592 1658 634 desuper
1694 593 1876 627 facultatem
1905 600 1936 628 et

1201 643 1426 675 auctoritatem
1444 643 1669 686 impartiinur;
1697 645 1843 679 districte
1865 658 1937 690 pro-

1201 701 1314 739 pterea
1338 696 1525 729 inhibentes
1562 697 1710 730 omnibus
1740 703 1770 731 et
1803 699 1936 741 singulis

1203 749 1430 792 suprascriptis
1446 749 1617 789 iudicibus,
1634 751 1934 794 archipresbyteris,

1202 802 1451 846 protectoribus,
1479 804 1805 843 commendatoribus
1825 814 1938 837 consu-

1203 855 1287 887 libus
1313 856 1408 888 etiam
1441 857 1516 888 artis
1552 856 1782 898 agriculturae,
1811 861 1841 889 et
1867 856 1936 889 aliis

1204 908 1460 952 quibuscumque
1478 909 1637 942 iudicibus
1663 909 1891 941 ecclesiasticis
1909 914 1940 941 et

1204 961 1415 1001 secularibus,
1430 962 1538 1004 quavis
1563 961 1763 1001 auctoritate,
1783 961 1937 1004 dignitate

1205 1014 1299 1047 etiam
1326 1014 1503 1058 episcopali
1529 1020 1561 1047 et
1585 1014 1852 1057 archiepiscopali
1881 1024 1939 1046 seu

1205 1067 1266 1100 alia
1282 1067 1397 1099 maiori
1422 1072 1581 1110 potestate
1601 1066 1806 1109 fungentibus
1825 1072 1856 1098 et
1874 1066 1942 1098 fun-

1206 1120 1316 1160 cturis,
1333 1120 1442 1152 tamin
1461 1120 1544 1152 dicta
1556 1119 1639 1152 Urbe
1655 1130 1751 1162 quam
1766 1124 1854 1151 extra
1871 1129 1942 1151 eam

1206 1173 1469 1212 consistentibus,
1484 1183 1535 1213 ne,
1550 1172 1610 1204 sub
1624 1172 1778 1205 nullitatis
1795 1171 1941 1204 omnium

1207 1232 1238 1259 et
1262 1226 1460 1268 singulorum
1486 1230 1622 1264 actuum,
1644 1234 1861 1268 processuum,
1888 1224 1943 1256 de-

1207 1285 1382 1320 cretorum,
1409 1279 1633 1311 mandatorum
1658 1282 1690 1310 et
1714 1277 1848 1310 aliorum
1867 1287 1944 1320 quo-

1208 1343 1417 1375 rumcumque
1448 1342 1505 1374 per
1530 1342 1585 1364 eos
1610 1331 1798 1370 fiendomm,
1830 1335 1945 1362 contra

1209 1391 1414 1429 praesentem
1440 1390 1584 1417 nostram
1611 1384 1874 1422 declarationem,
1898 1383 1944 1415 in-

1210 1440 1332 1472 dultum
1357 1444 1388 1471 et
1407 1439 1589 1470 facultatem
1608 1437 1638 1469 in
1658 1436 1732 1469 dicti
1758 1435 1885 1478 collegii
1905 1435 1944 1468 il-

1939 233 1992 258 An.
2009 232 2038 259 C.
2062 233 2130 260 1663

1209 1493 1334 1535 liusque
1349 1500 1570 1535 personarum,
1581 1501 1616 1522 ac
1630 1499 1738 1522 rerum
1752 1488 1865 1527 causis,
1880 1487 1943 1520 liti-
1962 1516 1967 1522 .

1209 1547 1277 1586 bus,
1295 1545 1438 1588 negociis
1457 1550 1487 1577 et
1504 1542 1740 1582 controversiis,
1762 1547 1826 1574 tam
1847 1541 1945 1573 civili-

1210 1600 1270 1631 bus
1300 1609 1395 1642 quam
1411 1597 1642 1635 criminalibus,
1660 1595 1759 1627 meris
1777 1599 1809 1627 et
1826 1593 1944 1633 mixtis,

1211 1652 1322 1696 quovis
1347 1651 1444 1684 modo
1471 1660 1528 1682 seu
1552 1653 1736 1692 praetextu,
1764 1651 1795 1680 et
1818 1646 1945 1679 ratione

1211 1704 1453 1749 privilegiorum
1471 1708 1501 1735 et
1527 1702 1728 1734 indultorum
1752 1698 1830 1742 ipsis
1848 1703 1880 1732 et
1893 1709 1947 1731 eo-

1212 1769 1282 1790 rum
1314 1757 1426 1790 officiis
1453 1762 1483 1788 et
1515 1754 1730 1787 tribunalibus
1761 1753 1856 1785 etiam
1888 1762 1948 1795 per

1212 1811 1326 1844 Sedem
1350 1808 1548 1853 praedictam
1573 1812 1627 1839 aut
1650 1806 1728 1839 alias
1749 1804 1949 1848 quomodoli-

1212 1865 1267 1897 bet
1283 1872 1525 1901 concessorum,
1545 1870 1613 1892 sese
1634 1860 1786 1901 ingerere
1808 1858 1950 1890 audeant

1213 1928 1267 1950 seu
1291 1919 1500 1960 praesumant
1520 1923 1651 1957 quoquo
1677 1912 1793 1951 modo;
1820 1920 1948 1943 necnon

1213 1970 1340 2002 irritum
1365 1973 1397 2000 et
1420 1968 1516 1999 inane
1550 1965 1754 1998 decernimus
1791 1963 1949 2007 quidquid

1214 2032 1306 2055 secus
1331 2030 1429 2064 super
1453 2019 1504 2051 his
1529 2029 1546 2051 a
1570 2027 1743 2061 quoquam,
1768 2015 1878 2059 quavis
1896 2026 1950 2048 au-

1214 2075 1369 2113 ctoritate,
1395 2073 1536 2105 scienter
1562 2072 1611 2103 vel
1638 2071 1845 2112 ignoranter,
1876 2079 1950 2102 con-

1216 2128 1325 2170 tigerit
1349 2125 1512 2159 attentari.
1551 2123 1620 2157 Non
1654 2122 1858 2156 obstantibus
1883 2121 1948 2154 litis

1215 2179 1421 2225 pendentiis,
1448 2178 1473 2210 si
1499 2187 1581 2221 quae
1606 2176 1686 2215 sint,
1720 2185 1756 2207 ac
1785 2175 1950 2218 quibusvis

1216 2232 1415 2277 apostolicis,
1442 2230 1538 2263 etiarn
1564 2231 1596 2262 in
1616 2228 1854 2261 universalibus
1879 2238 1951 2272 pro-

1217 2286 1408 2319 vincialibus
1418 2290 1450 2317 et
1462 2283 1670 2328 synodalibus
1686 2281 1833 2314 conciliis
1846 2280 1949 2320 editis,

1218 2338 1414 2383 specialibus
1440 2338 1488 2370 vel
1510 2335 1727 2379 generalibus,
1751 2334 1953 2367 constitutio-

1219 2393 1313 2426 nibus
1339 2397 1370 2425 et
1386 2389 1659 2429 ordinationibus,
1681 2387 1860 2431 privilegiis
1878 2397 1952 2430 quo-

1220 2457 1292 2490 que,
1314 2444 1447 2477 indultis
1474 2448 1506 2475 et
1531 2442 1649 2475 litteris
1674 2440 1859 2484 apostolicis
1888 2440 1953 2482 qui-

1219 2498 1327 2531 busvis
1346 2496 1583 2535 tribunalibus,
1613 2493 1729 2534 curiis,
1756 2493 1953 2535 illorumque

1220 2551 1388 2590 iudicibus,
1404 2554 1436 2582 et
1453 2548 1522 2581 aliis
1540 2547 1804 2591 quibuscumque,
1819 2551 1850 2578 et
1866 2555 1955 2588 prae-

1221 2604 1332 2638 sertim
1357 2603 1460 2636 dictae
1495 2611 1642 2634 camerae
1677 2599 1875 2643 apostolicae
1900 2610 1960 2643 gei-s
