2247 3208
239 265 289 292 an.
307 264 334 292 c.
357 265 423 292 teca
471 256 534 289 782]

241 483 353 503 ‹·1..usutao
363 488 424 508 prae-

240 511 365 529 servativa&

263 2007 378 2029 Contrariis
389 2008 425 2029 do-

242 2037 310 2059 rogat.

434 315 521 346 tendi
545 313 659 356 possit,
687 311 874 344 auctoritate
900 310 1095 353 apostolica,
1124 315 1169 341 te-

433 377 513 400 nore
539 365 769 409 praesentium,
795 363 1002 397 concedimus
1018 368 1052 395 'et
1068 362 1169 395 indul-

434 431 557 464 gemus.

477 472 539 515 §2
566 472 788 504 Dec-eruentes
819 471 949 503 eosdem
974 469 1101 502 nobiles
1123 469 1168 500 di-

433 530 500 558 ctae
527 525 662 557 civitatis
687 523 779 563 cives,
795 534 879 555 nunc
897 528 928 556 et
942 533 1001 566 pro
1022 527 1167 564 temporo

433 578 701 621 quandocumque
738 577 939 615 existentes,
975 575 1029 617 qui
1066 580 1167 606 artem

432 631 606 674 praefatam
632 629 836 667 exercebunt,
856 629 888 660 in
906 628 1019 660 eodem
1037 627 1167 659 omnino

432 682 610 716 nobilitatis
628 683 728 724 gradu
746 692 825 721 esse,
841 681 918 719 fore,
932 691 968 712 ac
988 689 1167 716 remancre,

432 736 528 769 etiam
554 736 592 768 ad
619 734 766 767 effectum
784 733 1005 776 consequendi
1022 732 1167 764 habitum

430 793 464 821 et
488 799 616 821 crucem
644 788 779 820 fratrum
805 787 942 819 rnilitum
968 787 1006 818 de
1031 785 1164 823 lustitia,

431 841 602 884 hospitalis
620 840 650 873 S.
667 840 794 873 loannis
813 838 1094 881 Hierosolymitani
1118 839 1167 870 vel

430 895 462 928 S.
485 894 654 937 Stephani,
681 893 880 935 aliarumque
907 890 1090 934 quarumvis
1115 891 1168 922 mi-

430 946 583 985 litiarum,
610 955 785 988 eorumque
812 943 997 987 privilegiis,
1034 953 1167 986 praero-

432 999 555 1042 gativiS,
583 997 859 1042 praeeminemus,
881 996 1070 1035 honoribus,
1089 995 1167 1027 iuri-

432 1052 491 1085 bus
518 1056 550 1084 et
575 1051 687 1093 gratiis
714 1050 841 1082 fruendi
867 1054 896 1081 et
922 1048 1105 1091 gaudendi,
1131 1058 1167 1080 ac

432 1104 538 1147 quoad
563 1103 624 1136 alia
658 1102 766 1135 omnia
791 1107 822 1134 et
846 1101 993 1143 singula,
1021 1100 1059 1132 ad
1086 1108 1166 1142 quae

431 1156 558 1190 nobiles
586 1156 688 1188 dictae
707 1154 842 1187 civitatis
855 1153 1102 1197 quomodolibet,
1115 1153 1167 1185 ad-

431 1209 513 1242 mitti
539 1213 570 1241 et
594 1207 692 1250 recipi
727 1211 985 1245 consueverunt,
1011 1216 1068 1238 seu
1093 1215 1167 1248 pos—

432 1267 506 1295 sunt
531 1266 586 1293 aut
611 1260 750 1299 debent,
778 1269 840 1292 non
866 1269 956 1291 secus
993 1269 1027 1290 ac
1060 1258 1085 1289 si
1119 1268 1168 1289 ar-

433 1320 497 1348 tem
515 1314 733 1358 supradictam
751 1322 914 1354 nunquam
930 1310 1165 1348 exercuissent;

432 1373 620 1411 praesentes
647 1376 722 1398 vero
748 1365 870 1397 litteras
906 1363 1022 1402 firmas,
1048 1363 1167 1395 validas

434 1426 466 1454 et
495 1421 639 1453 efficaces
671 1419 810 1451 existere
840 1422 872 1450 et
909 1417 995 1455 sore,
1029 1426 1166 1459 suosque

433 1473 598 1517 plenarios
624 1477 656 1504 et
679 1471 821 1512 integros
849 1469 978 1501 etl'ectus
1006 1468 1113 1500 sortiri
1138 1472 1169 1500 et

434 1527 590 1565 obtinere,
610 1535 646 1557 ac
670 1524 733 1557 illis
752 1524 790 1556 ad
809 1533 889 1566 quos
910 1527 1034 1565 spectat
1054 1527 1086 1553 et
1110 1531 1167 1564 pro

434 1585 579 1622 tempore
601 1577 759 1620 spectabit
775 1576 961 1618 plenissime
985 1574 1166 1616 sull'ragari,

435 1631 548 1674 sicque
580 1640 641 1673 per
674 1638 897 1672 quoscumque
930 1627 1055 1660 iudices
1082 1621 1191 1659 ordi-l

434 1683 544 1716 narios
571 1688 602 1715 et
636 1683 823 1724 delegatos,
862 1681 956 1714 etiam
995 1690 1191 1712 causarumt

433 1736 547 1781 palatii
573 1735 745 1779 apostolici
778 1734 956 1773 auditores,
980 1733 1117 1765 iudicari
1137 1738 1168 1764 et

433 1788 562 1822 definiri
588 1789 730 1827 debere,
758 1798 793 1819 ac
818 1786 947 1818 irritum
978 1790 1009 1818 et
1026 1786 1122 1817 inane
1142 1785 1166 1817 si

434 1852 529 1874 secus
547 1851 648 1883 super
668 1840 718 1872 his
745 1850 761 1871 a
783 1849 959 1882 quoquam,
987 1838 1099 1881 quavis
1113 1848 1169 1869 au-

435 1894 600 1933 ctoritate,
620 1893 764 1925 scienter
794 1893 842 1924 vel
863 1892 1066 1933 ignoranter,
1093 1901 1169 1923 con-

436 1947 548 1990 tigerit
572 1945 739 1978 attentari.

479 2001 494 2044 5
513 2001 545 2033 3.
567 1999 637 2032 Non
658 1998 860 2032 obstantibus
885 1998 1169 2031 constitutionibus
1190 2018 1192 2032 ι

438 2058 469 2086 et
485 2052 741 2086 ordinationibus
764 2051 961 2094 apostolicis,
984 2062 1020 2083 ac
1041 2050 1168 2093 legibus

998 248 1188 286 ‘britanum
1212 249 1363 285 nonistrx'rn

1210 314 1242 341 et
1264 308 1407 351 singulis,
1426 308 1554 341 illorum
1573 313 1699 342 tenores
1720 308 1943 352 praesentibus

1210 371 1268 404 pro
1293 362 1388 404 plene
1407 366 1438 394 et
1454 361 1650 394 sufficienter
1674 363 1832 404 expressis
1849 372 1885 395 ac
1904 362 1943 395 de

1209 414 1306 447 verbo
1327 414 1364 446 ad
1382 414 1513 446 verbum
1538 414 1665 447 insertis
1684 415 1854 456 habentes,
1880 415 1943 448 illis

1211 468 1288 499 alias
1321 467 1353 500 in
1388 478 1445 499 suo
1484 467 1600 499 robore
1636 468 1871 509 permansuris,
1904 468 1943 500 ad

1211 520 1458 563 praemissorum
1476 519 1631 559 effectum,
1651 520 1710 552 hac
1727 520 1794 553 vice
1821 520 1944 553 dumta-

1210 578 1278 612 xat,
1304 572 1488 615 specialiter
1505 577 1537 605 et
1556 582 1709 615 expresse
1728 572 1941 615 derogamus3

1210 625 1390 668 ceterisque
1417 624 1588 657 contrariis
1613 625 1886 668 quibuscumque.

1253 678 1365 710 Datum
1390 677 1522 715 Romae,
1540 677 1624 720 apud
1657 677 1687 710 S.
1721 677 1858 717 Petrum,
1884 677 1943 709 sub

1210 730 1330 762 annulo
1348 730 1536 769 piscatoris,
1549 729 1599 762 die
1618 740 1653 762 111
1668 729 1780 773 aprilis
1795 739 1944 771 Mnctxix,

1211 782 1413 825 pontificatus
1442 782 1541 814 nostri
1568 792 1651 815 anno
1676 792 1711 815 11.

1245 843 1302 870 Dat.
1321 843 1366 870 die
1381 843 1397 870 3
1417 843 1507 878 aprilis
1530 843 1607 875 1669,
1628 842 1718 878 pontis
1740 851 1784 869 an.
1800 849 1829 870 u.

1548 959 1605 992 CV.

1214 1030 1375 1063 Concessio
1399 1029 1681 1071 indulyentiarum
1701 1039 1761 1072 pro
1785 1029 1942 1070 christifi-

1227 1104 1231 1109 .
1253 1082 1377 1114 delibus
1402 1082 1521 1114 Italiae
1546 1087 1574 1113 et
1595 1082 1781 1113 insularum
1798 1081 1946 1114 adiacen-

1255 1135 1337 1166 tium
1362 1134 1511 1166 divinum
1541 1134 1707 1166 auxilium
1731 1133 1943 1176 imploranti-

1254 1187 1310 1219 bus
1327 1197 1386 1228 pro
1402 1186 1491 1228 felici
1508 1186 1658 1218 electione
1670 1187 1754 1229 reyis
1774 1186 1943 1225 Polom‘ae,

1254 1249 1289 1270 uc
1315 1238 1504 1270 liberatione
1537 1239 1647 1271 Cretae
1674 1249 1695 1270 α
1720 1237 1894 1280 tyrannide
1917 1240 1947 1269 et

1253 1292 1355 1324 armis
1379 1291 1553 1324 communis
1579 1291 1689 1324 hostis.

1429 1363 1562 1390 Clemens
1583 1363 1660 1395 Papa
1680 1362 1735 1396 lx,

1351 1408 1388 1434 ad
1403 1408 1536 1435 futuram
1550 1407 1596 1434 rei
1615 1408 1798 1434 memoriam.

1253 1470 1361 1513 Nuper
1381 1480 1448 1509 nos,
1468 1470 1506 1502 ad
1533 1469 1672 1502 divinam
1690 1480 1786 1512 opem
1804 1470 1836 1502 in
1850 1480 1944 1513 prae-

1212 1523 1359 1556 sentibus
1383 1522 1544 1554 Ecclesiae
1569 1522 1816 1555 necessitatibus
1834 1523 1947 1566 implo-

1211 1577 1352 1613 randam,
1368 1576 1399 1607 in
1417 1576 1567 1608 omnibus
1587 1577 1690 1608 almae
1708 1575 1802 1608 Urbis
1817 1582 1946 1609 nostrae

1212 1629 1482 1673 patriarchalibus
1507 1634 1537 1661 et
1573 1629 1753 1671 collegiatis
1786 1639 1822 1663 ac
1854 1640 1947 1672 paro-

1213 1682 1371 1715 chialibus
1397 1687 1427 1714 et
1461 1682 1530 1714 aliis
1557 1682 1720 1725 quibusvis
1753 1683 1946 1715 secularium

1213 1741 1243 1769 et
1266 1735 1461 1777 regularium
1485 1735 1653 1778 utriusque
1680 1746 1774 1768 sexus
1804 1735 1946 1768 ecclesiis

1190 1791 1400 1833 lcampanam
1427 1788 1582 1821 maiorem
1616 1789 1695 1821 hora
1726 1789 1867 1821 secunda
1891 1799 1947 1822 no-

1213 1841 1271 1874 ctis
1296 1840 1463 1884 quotidie,
1489 1852 1506 1874 a
1531 1841 1582 1874 die
1609 1852 1617 1875 1
1643 1841 1797 1874 currentis
1829 1841 1947 1874 mensis

1214 1894 1334 1937 aprilis,
1359 1894 1462 1926 donec
1486 1894 1578 1927 aliter
1603 1894 1867 1934 ordinaverimus,
1887 1904 1947 1937 per

1213 1947 1351 1990 spatium
1365 1952 1495 1979 octavae
1513 1947 1613 1990 partis
1634 1947 1733 1979 horae
1753 1946 1871 1989 pulsari
1890 1946 1949 1979 ius-

1213 2000 1322 2033 simus.
1344 2001 1387 2031 Ac
1401 1999 1550 2032 omnibus
1564 1999 1732 2042 utriusque
1751 2010 1846 2032 sexus
1865 1999 1949 2031 chri-

1213 2052 1414 2092 stifidelibus,
1441 2052 1493 2095 qui
1520 2052 1654 2085 durante
1676 2063 1754 2086 sono
1773 2063 1946 2095 campanae

437 2107 531 2139 etiam
566 2105 786 2149 imperialibus
823 2110 853 2138 et
892 2104 1140 2147 municipalibus
1162 2103 1193 2144 ,ζ

437 2170 565 2192 necnon
590 2159 727 2192 civitatis
763 2169 799 2190 ac
834 2157 1000 2200 hospitalis
1026 2163 1058 2190 et
1086 2157 1194 2197 mili-3

437 2212 552 2244 tiarum
590 2211 798 2249 huiusmodi,
840 2210 948 2243 aliisve
985 2202 1193 2252 (liiibtisvis‚i

1214 2105 1399 2138 huiusmodi
1413 2105 1502 2137 flexis
1518 2105 1662 2147 genibus,
1682 2105 1731 2137 vel
1747 2104 1840 2137 aliter
1850 2110 1949 2147 prout

1215 2159 1376 2197 valerent,
1400 2158 1571 2201 quinquies
1605 2157 1786 2190 orationem
1812 2157 1949 2193 dominiss

1214 2222 1283 2244 cam
1309 2216 1341 2244 et
1364 2210 1590 2243 salutationem
1620 2210 1798 2252 angelicam
1825 2208 1856 2240 in
1889 2209 1948 2241 ho-

437 2265 532 2297 etiam
556 2264 745 2303 iuramento,
771 2262 1015 2295 confirmatione
1041 2267 1171 2305 aposto·
1191 2275 1193 2311 j
1215 2274 1327 2297 norem
1354 2263 1496 2306 quinque
1515 2264 1679 2305 plagarum
1701 2260 1828 2294 Domini
1847 2262 1948 2294 nostri

438 2317 510 2357 lica,
528 2318 576 2349 vel
603 2316 713 2359 quavis
738 2315 888 2348 firmitate
914 2315 975 2348 alia
1001 2316 1169 2355 roboratis,

436 2370 562 2401 statutis
588 2375 619 2401 et
643 2369 942 2408 consuctudinibus,
976 2369 1172 2401 stabilimen-

1215 2317 1284 2349 Iesu
1309 2316 1424 2348 Christi
1451 2316 1564 2347 devote
1589 2315 1783 2353 recitarent,
1811 2325 1847 2347 ac
1871 2314 1949 2347 divi-

1215 2380 1287 2401 nam
1302 2368 1504 2402 clementiam
1518 2368 1738 2411 implorarent,
1754 2373 1788 2400 ut
1807 2367 1948 2410 quietam

436 2421 483 2463 tis,
509 2421 618 2453 usibus
644 2426 675 2453 ct
698 2422 832 2461 naturis,
859 2432 894 2454 ac
915 2421 1171 2454 ordinationibus
1192 2437 1193 2458 1
1215 2433 1250 2455 ac
1275 2421 1490 2455 communiter
1515 2426 1635 2463 gratam
1665 2425 1696 2453 et
1713 2425 1876 2463 acceptam
1892 2419 1949 2452 Ec-

436 2475 688 2517 capitularihus,
726 2475 900 2517 privilegiis
938 2485 1086 2518 quoque,
1124 2475 1172 2507 in-

1216 2475 1395 2518 clesiaeque
1420 2474 1474 2507 Dei
1512 2475 1624 2507 utilem
1649 2474 1722 2507 novi
1749 2473 1833 2515 regis
1859 2472 1949 2505 Polo-

437 2527 533 2559 dultis
548 2532 578 2559 et
600 2527 711 2559 litteris
727 2528 907 2569 apostolicis
932 2527 963 2559 in
978 2528 1172 2559 contrarium
1216 2529 1287 2561 niae
1307 2528 1499 2560 electionem
1516 2526 1655 2569 benigne
1681 2526 1800 2568 largiri,
1820 2535 1948 2558 necnon

438 2580 683 2622 praemissorum
715 2581 955 2622 quomodolibet
991 2581 1169 2619 concessis,

1216 2581 1326 2613 Cretae
1362 2590 1498 2622 regnum
1534 2591 1550 2612 a
1584 2579 1750 2622 tyrannide
1783 2583 1814 2610 ct
1853 2578 1950 2610 armis

440 2633 635 2665 confirmatis
654 2639 682 2665 et
702 2633 867 2671 innovatis3
889 2633 1003 2675 quibus
1022 2633 1170 2665 omnibus
1215 2632 1391 2665 communis
1418 2632 1518 2665 hostis
1544 2631 1682 2664 liberare
1709 2630 1868 2673 dignetur,
1887 2629 1950 2662 sin-

1948 259 2000 286 An.
2018 259 2046 287 C.
2067 260 2135 288 1669

1983 1477 2123 1501 Prooemium
