2247 3208
219 194 272 221 Ar..
293 195 320 223 c.
339 196 405 222 1668
454 186 516 220 7⁶28

251 1574 400 1600 Transumpio-

216 1607 261 1621 rum
277 1601 336 1621 fides.

411 245 580 287 utriusque
592 255 684 277 sexus
700 245 967 278 christifidelibus
981 256 1056 278 vere
1074 256 1151 288 poe-

412 297 589 330 nitentibus
622 302 653 330 ct
679 297 853 338 confessis,
882 308 918 330 ac
942 300 1032 330 sacra
1062 308 1157 338 com-,

411 350 564 383 munione
583 350 722 389 resectis,
742 350 795 393 qui
813 350 1077 393 processionibus
1095 350 1150 382 hu-

411 402 549 435 iusmodi
574 402 749 444 respective
775 402 997 443 interfuerint,
1024 403 1073 435 vel
1098 412 1148 435 ec-

411 455 534 495 clesias,
561 465 577 487 a
603 466 665 498 qua
689 460 720 487 et
750 456 789 489 ad
815 467 912 498 quam
943 455 1050 499 aliqua
1076 467 1148 499 pro-

411 508 596 541 cessionum
616 507 803 541 huiusmodi
821 507 884 548 fiet,
904 519 943 541 eo
962 508 1012 541 die
1032 509 1146 542 devote

410 561 629 601 visitaverint,
657 561 767 604 ibique
800 561 940 594 divinum
974 562 1145 603 auxilium,

409 619 444 646 ut
468 614 695 657 praemittitur,
722 614 988 657 imploraverint,
1018 625 1146 649 necnon

409 666 613 709 regularibus
637 666 807 709 utriusque
824 677 916 699 sexus
942 667 974 699 in
1000 668 1146 700 clausura

409 719 600 759 viventibus,
618 709 672 762 qui
693 719 841 751 similiter
858 720 995 752 confessi
1014 725 1046 752 et
1059 722 1146 752 sacra

409 772 636 805 communione
662 772 774 804 resecti
792 772 861 815 pias
886 773 923 805 ad
949 773 1048 805 Deum
1076 783 1147 816 pre-

410 836 462 857 ces
488 825 521 857 in
546 825 611 857 suis
636 825 812 868 respective
837 825 980 858 eeclesiis
1001 836 1056 858 seu
1079 836 1146 859 mo-

410 877 558 910 nasteriis
571 877 790 920 parisormiter
803 878 952 918 fuderint,
967 878 1145 921 plenariam

410 929 556 962 omnium
581 935 786 972 peecatorum
818 940 949 962 suorum
974 930 1146 973 indulgen-

413 983 487 1016 tiam
512 989 543 1016 et
567 983 791 1016 remissionem
824 983 1032 1016 concedimus
1058 984 1145 1016 simi-

409 1036 485 1069 liter
509 1042 540 1068 et
564 1036 748 1078 elargimur.
776 1036 820 1068 Ac
844 1036 1005 1079 praefatis,
1027 1041 1058 1069 et
1074 1037 1144 1070 aliis

410 1089 686 1129 christifidelibus,
710 1089 763 1132 qui
790 1094 862 1122 ante
888 1089 938 1122 SS.
964 1089 1145 1126 Sacramen-

409 1147 490 1182 tum,
510 1147 544 1174 ut
561 1142 742 1185 praefertur
760 1143 998 1185 exponendum,
1017 1153 1076 1185 per
1092 1143 1145 1175 ali-

409 1195 497 1238 quod
523 1195 682 1237 temporis
712 1195 850 1237 spatium
874 1195 927 1237 pie
953 1195 1076 1228 orando
1101 1195 1146 1228 di-

408 1247 515 1280 vinam
534 1258 637 1290 opem,
651 1252 687 1279 ut
703 1258 809 1290 supra,
824 1247 1052 1287 invocaverint,
1071 1259 1147 1291 quo—

410 1301 471 1333 ties
496 1301 529 1333 id
555 1300 690 1343 egerint,
716 1301 811 1333 toties
836 1305 961 1343 septem
986 1311 1089 1333 annos
1116 1305 1147 1333 et

409 1353 545 1385 totidem
583 1353 807 1396 quadragenas
842 1353 880 1385 de
915 1353 1066 1385 iniunctis
1102 1353 1147 1385 eis

410 1410 464 1438 aut
487 1406 565 1438 alias
602 1405 846 1449 quomodolibet
881 1405 997 1438 debitis
1033 1406 1148 1449 poeni-

410 1458 521 1491 tentiis
551 1458 583 1490 in
608 1459 709 1491 forma
741 1458 962 1491 ecclesiastica
992 1461 1148 1492 consuete

410 1512 603 1544 relaxamus.

455 1564 523 1608 §Aa
558 1564 715 1597 Volumus
748 1569 858 1597 autem
889 1570 924 1596 ut
956 1564 1146 1597 earumdem

409 1617 634 1661 praesentium
651 1617 834 1650 litterarum
849 1617 1070 1660 transumptis,
1089 1628 1146 1650 seu

410 1670 577 1713 exemplis,
597 1670 694 1702 etiani
720 1670 898 1713 impressis,
925 1682 1023 1703 manu
1047 1665 1147 1704 'alieu-

408 1722 458 1756 ius
484 1723 603 1756 notarii
620 1723 742 1766 publici
769 1723 1024 1767 subscriptis,et
1038 1724 1146 1766 sigillo

408 1787 571 1820 personae
586 1777 618 1808 in
647 1776 870 1809 ecelesiastica
895 1776 1054 1819 dignitate
1074 1788 1147 1809 con-

408 1829 542 1862 stitutae
579 1829 730 1869 munitis,
763 1830 876 1862 eadem
898 1840 1035 1873 prorsus
1065 1829 1168 1863 fit-lest

408 1881 439 1914 in
466 1881 587 1914 iudicio
622 1887 654 1914 et.
686 1887 775 1914 extra
811 1882 1035 1924 adhibeatur,
1063 1894 1168 1926 quac*

408 1934 638 1978 praesentibus
654 1934 733 1978 ipsis
752 1935 977 1976 adhiberetur,
994 1936 1019 1968 si
1038 1936 1147 1969 forent

409 1988 574 2020 exhibitae
593 1989 642 2020 vel
669 1993 835 2021 ostensae.

452 2041 567 2073 Datum
589 2041 730 2080 Rbmae,
758 2042 844 2085 apud
869 2042 900 2074 S.
928 2042 1059 2075 Mariani
1084 2043 1147 2076 Ma-

409 2094 525 2134 iorem,
553 2095 613 2127 sub
639 2094 760 2127 annulo
786 2095 973 2136 piscatoris,
1000 2096 1051 2129 die
1077 2107 1147 2131 xxvl

409 2148 601 2190 septembris
626 2159 802 2189 iiDchvin,
817 2149 1027 2193 pontificatus
1041 2151 1145 2184 nostri
1166 2170 1168 2179 ‚

411 2211 495 2233 RHHO
521 2212 557 2234 11.

445 2262 502 2289 Dat
525 2263 567 2290 die
582 2263 615 2290 26
631 2264 794 2299 septembris
813 2265 888 2297 1668,
905 2265 1001 2300 pontif.
1025 2274 1095 2294 anno
1115 2274 1145 2294 11.

712 2433 843 2467 LXXXI.

412 2519 599 2554 Commissio
624 2522 777 2564 episcopis
803 2522 1005 2564 Calurcensi,
1029 2524 1143 2557 Lemo-

455 2573 572 2605 viceusi
607 2577 635 2606 el
660 2574 864 2617 sarlatensi,
890 2581 925 2610 ut
949 2578 1147 2611 monasteria

1000 198 1180 222 BULLARIUM
1205 198 1354 222 ROMANUM

1238 245 1431 278 monialium
1462 247 1499 279 de
1529 247 1583 281 Bel
1616 249 1700 282 Loco
1735 253 1763 281 et
1795 249 1855 281 loci
1889 249 1928 282 cle

1237 297 1335 329 Fieux
1362 298 1398 330 ab
1424 299 1578 342 hospitali
1598 301 1630 333 S.
1656 301 1789 334 Ioannis
1813 302 1927 334 Hiero-

1234 351 1426 393 solymitnni
1467 352 1696 395 dependentia,
1726 355 1928 388 Canu-censis

1234 404 1393 445 dioecesis,
1417 405 1545 438 visitent
1558 404 1579 438 ¹.

1189 474 1414 502 Venerabilihus
1456 475 1600 503 fratribus
1645 477 1790 510 episcopis
1825 479 1928 506 Lemo-

1223 518 1332 550 viensi,
1355 519 1539 553 caturcensi,
1563 523 1593 548 et
1622 521 1798 553 sarlatensi,
1819 530 1852 549 ac
1875 530 1923 549 eo-

1223 568 1287 587 rum
1309 562 1445 595 cuilibet,

1407 607 1540 635 clemens
1561 609 1641 642 Papa
1660 610 1707 637 IX.

1390 661 1581 689 Venerabiles
1602 662 1722 692 fratres,

1223 705 1352 732 salutem
1377 708 1407 732 et
1430 706 1623 739 apostolicam
1642 707 1888 735 benedictionem.

1232 771 1374 809 onerosa
1398 777 1568 820 pastoralis
1601 777 1697 810 officii
1727 789 1802 811 cura
1835 781 1924 812 nullo

1189 826 1340 870 suffragio
1364 829 1557 862 meritorum
1582 831 1675 863 nobis
1694 842 1729 863 ex
1749 833 1812 864 alto
1838 842 1926 864 eom-

1188 880 1282 913 niissa
1306 883 1447 923 postulat
1473 887 1507 914 ut
1532 883 1571 915 ad
1596 893 1633 915 ea
1657 883 1842 926 vigilantiae
1868 895 1926 917 no-

1189 939 1273 965 strae
1292 939 1400 976 partes
1422 937 1618 978 propensius
1636 937 1848 978 intendamus,
1867 950 1926 982 per

1189 998 1271 1029 quae
1296 989 1566 1021 monasteriorum
1593 991 1813 1033 quorumlibet
1837 1004 1927 1035 prae-

1189 1040 1300 1072 sertim
1327 1041 1619 1074 sanctimonialium
1654 1043 1739 1076 selici
1772 1046 1865 1077 statui
1891 1056 1927 1078 ac

1188 1104 1348 1136 prospero
1380 1105 1591 1137 personarum
1625 1095 1658 1127 in
1684 1097 1729 1129 eis
1761 1098 1925 1131 Altissimo

1189 1148 1411 1180 sanmlantium
1441 1149 1592 1190 regimini
1623 1155 1654 1182 et
1679 1150 1777 1193 quieti
1807 1162 1925 1194 oppor-

1189 1206 1264 1233 tune
1289 1200 1516 1243 provideatur,
1550 1212 1584 1233 ac
1616 1202 1649 1234 in
1682 1203 1737 1236 illa
1769 1204 1925 1246 pristinae

1190 1253 1346 1296 regularis
1379 1254 1602 1288 observantiae
1627 1266 1743 1289 norma
1766 1257 1852 1290 iuxta
1877 1268 1926 1290 sa-

1190 1317 1319 1339 crorum
1344 1317 1504 1340 canonum
1521 1308 1723 1351 praescripta
1742 1309 1924 1343 introduca-

1191 1365 1249 1400 tur,
1274 1365 1303 1392 et
1331 1366 1484 1402 quantum
1509 1360 1540 1393 in
1565 1361 1701 1394 Domino
1727 1361 1795 1394 sieri
1821 1369 1928 1406 potest

1189 1412 1388 1451 restituatur,
1404 1419 1499 1456 prout
1512 1413 1728 1456 conspicimus
1744 1415 1776 1447 in
1791 1416 1925 1450 Domino

1190 1466 1363 1499 salubriter
1388 1466 1556 1509 expedire3
1582 1467 1673 1499 vohis
1698 1467 1806 1511 itaque
1825 1474 1856 1501 et
1876 1480 1926 1502 ve-

1190 1524 1290 1551 strum
1316 1519 1469 1558 cuilibet,
1496 1520 1534 1552 de
1566 1530 1707 1563 quorum
1732 1522 1924 1564 prudentia,

1189 1572 1271 1611 side,
1296 1571 1483 1614 integritate
1509 1577 1540 1605 et
1564 1573 1731 1615 religionis
1756 1575 1825 1607 zelo
1856 1576 1926 1618 plu-

1190 1625 1305 1657 rimum
1330 1624 1363 1657 in
1388 1625 1523 1658 Domino
1549 1625 1749 1668 confidimus,
1768 1628 1807 1660 de
1833 1639 1927 1661 vene-

1190 1677 1340 1710 rabilium
1355 1678 1487 1710 fratrum
1501 1684 1684 1712 nostrorum
1698 1679 1729 1712 S.
1750 1680 1786 1712 R.
1807 1680 1841 1713 E.
1858 1691 1926 1713 car-

1190 1731 1346 1764 dinalium
1387 1731 1529 1773 negociis
1566 1737 1598 1763 et
1632 1733 1925 1766 consultationibus

1190 1784 1416 1826 episcoporum
1441 1789 1473 1816 et
1503 1779 1698 1826 regularium
1722 1786 1926 1828 praeposito-

1190 1847 1261 1869 rum
1287 1837 1432 1877 consilio,
1458 1847 1517 1880 per
1542 1844 1731 1880 praesentes
1756 1839 1927 1872 committi-

1190 1900 1260 1922 mus
1284 1894 1315 1922 et
1339 1889 1548 1929 mandamus,
1584 1895 1741 1932 quatenus
1773 1902 1843 1930 vos,
1877 1893 1925 1925 vel

1190 1943 1263 1983 duo,
1279 1948 1333 1975 aut
1348 1953 1431 1975 unus
1449 1948 1599 1984 vestrum,
1620 1944 1657 1975 de
1676 1944 1736 1976 Bel
1752 1944 1832 1976 Loco
1852 1955 1926 1977 nun-

1189 2002 1339 2039 cupatum
1376 2002 1407 2029 et
1431 1996 1478 2029 illi
1503 1996 1627 2029 unitum
1663 1996 1725 2029 loci
1757 1997 1795 2030 dc
1820 1997 1927 2030 FieuJ:

1189 2049 1378 2082 monialium
1396 2049 1592 2082 monasteria
1610 2060 1626 2081 a
1645 2049 1787 2092 prioratu
1802 2050 1830 2082 S.
1846 2050 1927 2093 AEgi-

1190 2101 1232 2134 dii
1253 2101 1423 2144 hospitalis
1441 2101 1471 2134 S.
1492 2101 1619 2134 Ioannis
1645 2102 1925 2145 Hierosolymitani

1189 2161 1223 2188 ut
1260 2156 1412 2188 asseritur
1446 2156 1687 2198 dependentia,
1721 2156 1924 2190 Caturccnsis

1189 2220 1245 2242 seu
1263 2209 1394 2241 alterius
1412 2208 1580 2248 dioecesis
1600 2209 1839 2252 quamprimum
1856 2210 1925 2242 sieri

1189 2262 1328 2305 poterit,
1359 2262 1548 2294 auctoritate
1572 2265 1681 2295 nostra
1706 2262 1859 2302 visitetis,
1889 2274 1926 2296 ae

1190 2320 1252 2347 tam
1278 2314 1309 2346 in
1334 2314 1440 2357 capite
1467 2324 1563 2357 quam
1587 2315 1619 2347 in
1644 2315 1798 2348 membris
1828 2316 1926 2348 resor-

1189 2367 1282 2400 metis
1317 2372 1349 2399 et
1381 2367 1550 2409 corrigatis
1567 2395 1574 2409 ,
1607 2378 1643 2399 ac
1667 2367 1699 2399 in
1725 2368 1926 2410 singularum

1189 2420 1381 2452 monialium
1406 2420 1592 2453 huiusmodi
1616 2421 1720 2462 vitam7
1747 2432 1860 2459 mores,
1888 2422 1925 2454 ri-

1190 2478 1240 2506 tus
1262 2477 1293 2505 et
1318 2473 1521 2517 disciplinam
1547 2474 1722 2517 diligenter
1745 2474 1923 2517 inquiratis,

1224 2589 1235 2615 1
1254 2587 1292 2614 Ex
1307 2586 1413 2623 Regest.
1431 2587 1458 2615 in
1472 2587 1575 2616 Secret.
1593 2587 1671 2615 Brev.

1930 201 1980 227 An.
2002 201 2031 228 C.
2051 202 2118 230 1603

1963 788 2084 810 Exordium.
