2247 3208
233 262 282 287 An.
299 261 326 288 c,
352 259 416 286 1067
464 250 527 284 5¹16

256 321 343 343 lituum.

239 1158 341 1179 indultum
353 1159 402 1180 Gre-

219 1192 272 1212 gurii
287 1185 332 1207 XV.

236 2571 348 2592 Confirmat
372 2575 394 2593 ut

209 2598 231 2618 iu
247 2600 339 2620 rutirita.

470 307 484 349 ξ
508 307 538 339 t.
566 306 691 338 Dudum
715 305 874 348 siquidem
893 305 994 338 felicis
1012 304 1162 337 recorda-

424 358 520 391 tionis
545 357 701 400 Gregorio
726 357 830 401 Papae
848 357 899 390 XV
915 358 1159 400 praedecessori

422 415 534 443 nostro
560 420 619 453 pro
646 415 735 452 parte
771 415 847 443 tunc
880 410 1084 443 existentium
1110 421 1159 443 ar-

421 463 621 506 chiepiscopi
647 473 682 495 ac
706 462 837 506 capituli
863 467 894 496 et
928 463 1157 496 canonicorum

421 526 550 548 necnon
575 515 653 548 cleri
686 515 843 549 ecclesiae
876 516 1156 559 Compostellanae

420 568 576 611 exposito,
594 569 681 611 quod
706 568 777 612 ipsi,
797 579 856 612 pro
874 569 1041 612 peculiari,
1062 580 1155 612 quem

420 631 497 663 erga
522 620 552 653 S.
573 621 721 653 Iacobum
747 622 938 664 apostolum,
957 621 1047 654 cuius
1066 632 1156 654 vene-

420 674 554 706 randum
581 684 699 717 corpus
713 673 745 706 in
763 674 877 707 eadem
894 674 1155 716 Compostellana

419 725 556 758 ecclesia
581 725 761 769 quiescere,
789 736 824 758 ac
850 726 987 758 maxima
1011 726 1156 769 peregri-

417 787 475 810 nor
555 788 590 810 ex
617 778 764 810 omnibus
790 778 877 810 orbis
906 778 1052 821 partibus
1078 778 1154 810 illuc

417 788 560 872 quoRe
586 830 818 863 confluentium
839 831 1022 873 frequentia
1033 825 1152 862 visitari

416 883 627 923 asserebatur,
645 884 810 925 gerebant,
829 884 1009 916 devotionis
1028 882 1151 923 affectu,

416 935 555 969 officium
582 937 620 970 de
657 937 772 969 eodem
805 935 835 968 S.
866 936 979 968 Iacobo
1010 936 1153 979 qualibet

415 990 557 1022 secunda
581 990 658 1022 seria
685 989 834 1028 recitare,
862 999 897 1021 ac
921 999 1153 1021 commemora—

417 1041 535 1074 tionem
561 1041 630 1074 sieri
648 1052 743 1085 posse
765 1051 969 1084 summopere
992 1041 1153 1074 desidera-

414 1094 491 1126 bant
511 1106 518 1134 ·,

457 1147 471 1190 ἓ
495 1146 526 1179 ⁶2.
543 1147 630 1180 idem
648 1147 822 1190 Gregorius
841 1147 1076 1190 praedecessor,
1097 1157 1151 1180 eo-

413 1210 483 1232 rum
509 1200 802 1243 supplicationibus
838 1200 1029 1238 inclinatus,
1053 1206 1087 1232 ut
1112 1211 1148 1232 ex

413 1258 490 1284 tunc
514 1252 552 1285 de
579 1258 686 1284 cetero
712 1253 877 1295 perpetuis
904 1252 1149 1295 suturistempo-

412 1305 502 1337 ribus
527 1305 566 1337 de
592 1305 704 1337 eodem
731 1306 760 1338 S.
790 1305 903 1337 Iacobo
930 1305 1071 1348 qualibet
1100 1316 1150 1337 se-

412 1358 516 1390 cunda
543 1358 630 1395 seria,
656 1368 721 1390 non
748 1358 900 1400 impedita
926 1358 1008 1390 festo
1035 1368 1148 1390 novem

411 1411 599 1449 lectionum,
628 1415 659 1441 et
684 1410 955 1453 quadragesimali
982 1421 1016 1442 ac
1049 1410 1148 1442 domi-

413 1463 478 1495 nici
503 1463 657 1495 adventus
685 1468 842 1505 tempore,
862 1474 896 1494 ac
914 1463 1031 1505 vigiliis
1053 1463 1146 1495 etiam

411 1516 565 1558 exceptis,
581 1515 732 1553 osticium,
751 1514 828 1547 alias
842 1525 858 1546 a
873 1515 1068 1547 recolendae
1084 1526 1148 1547 iuc-

410 1567 532 1600 moriae
557 1567 644 1600 Sixto
671 1567 753 1609 Papa
778 1567 800 1598 V
826 1568 1075 1610 praedecessore
1097 1579 1147 1610 pa-

409 1620 489 1653 riter
513 1626 623 1652 nostro
650 1619 707 1651 sub
727 1619 777 1651 die
796 1630 804 1652 1
822 1620 971 1652 februarii
989 1630 1147 1652 itDLxxxix

410 1682 469 1715 pro
496 1673 607 1705 eadem
635 1672 772 1703 ecclesia
794 1673 1018 1714 approbatum,
1043 1673 1145 1705 libere

410 1729 441 1756 et
466 1724 552 1757 licite
579 1725 609 1756 in
637 1725 822 1766 supradicta
848 1724 983 1757 ecclesia
1010 1724 1168 1770 Compo-¹

1167 1773 1308 1812 iertur,
1336 1775 1375 1807 ad
1399 1775 1582 1807 universum
1608 1774 1836 1817 Hispaniarum
1860 1776 1925 1807 ole-

408 1778 544 1810 stellana
569 1778 628 1809 sub
652 1779 715 1810 ritu
742 1778 964 1821 semiduplici,
990 1778 1144 1810 sumendo

408 1829 564 1863 lectiones
590 1831 685 1873 primi
703 1831 849 1863 nocturni
866 1832 904 1863 de
919 1831 1077 1873 scriptura
1098 1842 1145 1863 oc-

408 1888 569 1922 currente,
597 1884 732 1923 recitari,
761 1894 886 1916 necnon
912 1884 1008 1916 etiam
1029 1884 1066 1916 de
1093 1894 1145 1915 eo-

408 1936 480 1968 dem
504 1936 534 1967 S.
561 1936 676 1968 Iacobo
702 1937 734 1968 in
760 1938 823 1969 tota
855 1937 1029 1978 Hispania,
1056 1937 1144 1968 cuius
1165 1933 1167 1943 '

406 1993 562 2030 patronus
587 1988 701 2028 existit,
722 1989 998 2027 commemoratio,
1016 1990 1144 2031 quando

407 2040 492 2072 iuxta
505 2042 634 2083 regulas
648 2041 800 2074 breviarii
814 2042 937 2074 romani
964 2042 1044 2074 aliae
1063 2041 1143 2074 tiunt

405 2094 741 2134 commemorati-ones,
766 2094 836 2127 fieri
861 2100 969 2137 posset
993 2099 1024 2126 et
1046 2094 1143 2127 debe—

404 2152 471 2186 ret,
499 2147 686 2179 auctoritate
723 2147 901 2190 apostolica
926 2148 1088 2180 licentiam
1114 2153 1142 2180 et

404 2199 584 2231 facultatem
610 2200 770 2232 concessit
794 2205 825 2232 et
843 2200 987 2239 indulsit,
1006 2206 1037 2232 et
1055 2201 1141 2238 alias,

404 2303 519 2336 litteris
545 2305 684 2347 desuper
715 2305 747 2336 in
780 2305 875 2338 simili
908 2306 1011 2338 forma
1037 2306 1144 2338 Brevis

403 2365 461 2389 xxx
486 2357 628 2389 octobris
653 2368 771 2391 MDCXXI
803 2358 982 2401 expeditis,
1008 2369 1143 2400 quarum

403 2413 552 2441 tenorem
578 2410 801 2452 praesentibus
828 2421 886 2453 pro
912 2412 1008 2453 plene
1031 2415 1061 2442 ct
1079 2410 1143 2442 sus-

1010 257 1191 282 BULLARIL‘M
1217 257 1371 282 ROMANL'M

1204 309 1290 336 ctum
1308 304 1408 337 filium
1420 305 1573 338 Didacum
1589 306 1627 338 de
1641 305 1846 338 Colmenarcs
1860 305 1940 338 Hur—

1202 356 1276 389 tado
1290 356 1328 389 de
1343 357 1494 399 Mendoza
1510 358 1774 390 archidiaconum
1792 358 1831 390 de
1848 357 1938 390 Cam-

1201 419 1260 451 pos
1287 415 1318 442 et
1342 410 1533 443 canonicum
1559 410 1589 442 in
1615 410 1753 442 ecclesia
1771 411 1936 443 palentina

1201 472 1237 494 ac
1262 468 1410 504 agentem
1444 464 1629 505 generalem
1661 467 1760 495 status
1785 463 1938 498 ecclesia-

1200 514 1269 547 stici
1296 525 1470 557 regnorum
1489 515 1714 558 Hispaniarum
1735 515 1768 547 in
1785 516 1868 548 alma
1881 515 1939 547 Ur-

1198 566 1238 600 be
1263 569 1374 600 nostra
1398 573 1650 600 commorantem
1675 567 1839 600 humiliter
1863 578 1937 610 por-

1198 620 1293 652 rectis
1317 620 1457 662 benigne
1483 625 1673 659 annuentes,
1696 620 1839 663 ipsorum
1857 620 1935 652 cleri

1198 676 1229 703 et
1254 671 1362 704 Didaci
1387 672 1567 713 singulares
1592 682 1745 715 personas
1767 682 1784 704 a
1805 672 1936 714 quibus-

1196 723 1242 756 vis
1271 724 1630 764 excommunicationis,
1659 725 1876 767 suspensionis
1904 730 1937 758 et

1197 776 1367 816 interdicti,
1398 776 1531 819 aliisque
1562 777 1784 810 ecclesiasticis
1809 782 1936 810 senten-

1196 828 1257 868 tiis,
1278 829 1422 861 censuris
1447 834 1475 860 et
1502 830 1614 872 poenis
1630 857 1637 868 ,
1671 840 1688 861 a
1714 830 1781 862 iure
1813 830 1862 862 vel
1895 830 1933 862 ab

1196 880 1339 920 homine,
1366 882 1475 924 quavis
1500 882 1665 914 occasione
1699 883 1746 915 vel
1772 884 1865 915 causa
1889 883 1935 915 la-

1197 933 1254 971 tis,
1281 933 1306 964 si
1336 933 1452 976 quibus
1483 934 1726 976 quomodolibet
1760 935 1932 969 innodatae

1195 985 1356 1025 existunt,
1381 986 1419 1018 ad
1439 986 1585 1018 effectum
1606 987 1824 1029 praesentium
1842 988 1933 1021 dum-

1195 1041 1279 1069 taxat
1311 1039 1594 1080 consequendum,
1627 1039 1740 1071 harum
1770 1040 1852 1072 serie
1878 1041 1932 1072 ab·

1194 1091 1353 1123 solventes
1391 1095 1421 1122 et
1457 1091 1616 1123 absolutas
1642 1091 1708 1124 fore
1742 1097 1930 1132 censenteS,

1194 1143 1233 1175 de
1254 1136 1490 1176 venerabilium
1509 1144 1644 1176 fratrum
1659 1151 1843 1178 nostrorum
1857 1156 1930 1178 san-

1193 1200 1262 1228 ctae
1289 1196 1451 1229 Romanae
1470 1197 1630 1229 Ecclesiae
1652 1198 1863 1231 cardinalium
1881 1209 1930 1231 sa-

1192 1248 1254 1280 cris
1280 1249 1394 1280 ritibus
1418 1249 1675 1292 praepositorum
1702 1251 1854 1291 consiliO,
1881 1251 1929 1284 in-

1192 1302 1315 1334 dultum
1340 1302 1494 1334 recitandi
1526 1303 1658 1344 singulis
1692 1302 1804 1335 diebus
1830 1303 1927 1336 seriae

1191 1355 1349 1386 secundae
1375 1365 1438 1387 non
1464 1355 1625 1397 impeditis
1644 1355 1723 1387 sesto
1742 1356 1861 1398 duplici
1878 1358 1926 1388 vel

1191 1406 1394 1448 semiduplici
1421 1407 1588 1448 (adventus
1613 1412 1644 1439 et
1661 1408 1926 1449 quadragesimae

1190 1459 1391 1500 temporibus
1424 1470 1459 1491 ac
1485 1459 1601 1501 vigiliis
1634 1460 1729 1491 etiam
1762 1460 1926 1502 exceptis)

1190 1511 1329 1543 officium
1343 1512 1509 1544 memorati
1526 1512 1556 1545 S.
1574 1512 1678 1544 lacobi
1692 1513 1842 1555 apostoli.
1857 1514 1928 1545 uni—

1189 1564 1215 1595 ci
1238 1569 1269 1595 et
1285 1564 1457 1606 singularis
1475 1564 1700 1607 Hispaniarum
1712 1565 1854 1607 patroni,
1866 1565 1926 1597 suh

1188 1616 1251 1648 ritu
1277 1617 1495 1659 semiduplici,
1525 1617 1611 1649 clero
1637 1617 1771 1649 civitatis
1790 1623 1821 1650 et
1838 1618 1926 1650 dioe-

1189 1669 1271 1701 cesis
1296 1668 1576 1711 Compostellanae
1602 1679 1618 1700 a
1643 1670 1789 1711 praefato
1804 1669 1926 1711 Grego-

1187 1722 1235 1754 rio
1261 1723 1514 1764 praedecessore
1553 1732 1743 1754 coucessum
1766 1728 1800 1754 ut
1832 1733 1926 1765 prae-

1187 1838 1266 1867 rum,
1293 1828 1479 1860 auctoritate
1497 1827 1684 1870 apostolica,
1704 1832 1814 1860 tenore
1831 1838 1924 1870 prae—

1187 1882 1335 1918 sentium,
1364 1881 1563 1913 extendimus
1585 1886 1616 1913 et
1641 1881 1844 1923 ampliamus.

1229 1933 1244 1975 g
1267 1932 1297 1964 4.
1325 1932 1394 1964 Non
1415 1933 1619 1965 obstantibus
1642 1932 1922 1965 constitutionibus

1188 1991 1219 2017 et
1254 1985 1512 2017 ordinationibus
1537 1985 1734 2028 apostolicis,
1769 1996 1816 2024 ac,
1844 1996 1923 2028 qua-

1189 2045 1280 2071 tenus
1303 2050 1382 2081 opus
1409 2039 1461 2076 sit,
1487 2039 1669 2080 quarumxis
1697 2039 1919 2079 ecclesiarum,

1187 2091 1281 2124 etiam
1306 2091 1495 2130 iuramento,
1525 2091 1768 2123 confirmatione
1794 2096 1923 2133 aposto-

1187 2144 1255 2183 lica,
1271 2144 1320 2175 vel
1347 2143 1455 2186 quavis
1480 2143 1629 2175 firmitate
1665 2143 1726 2175 alia
1754 2143 1921 2183 roboratis,

1187 2196 1310 2228 statutis
1347 2201 1378 2228 et
1409 2195 1712 2233 consuetudinibus,
1739 2195 1922 2237 ceterisque

404 2257 500 2294 prout
524 2252 555 2283 in
581 2252 681 2294 ipsius
707 2252 854 2295 Gregorii
884 2253 1144 2295 praedecessoris
1186 2248 1356 2281 contrariis
1383 2248 1654 2290 (illihUSfflqullG-

1230 2302 1244 2343 ξ
1277 2301 1306 2333 5.
1341 2301 1492 2333 Volumus
1523 2306 1631 2332 autem
1663 2306 1697 2332 ut
1732 2301 1920 2332 earumdem

1186 2354 1409 2397 praesentium
1426 2353 1607 2385 litterarum
1627 2353 1847 2395 transumptis,
1864 2363 1920 2384 seu

1187 2407 1352 2449 exemplis,
1370 2407 1465 2438 etiam
1483 2406 1770 2448 ii‘iip1·essis,1uanu
1784 2404 1919 2437 alicuius

402 2459 551 2493 sicienter
576 2472 726 2504 expresso
752 2468 781 2494 et
807 2463 927 2495 inserto
954 2463 1065 2494 haberi
1091 2473 1143 2494 vo-
1162 2449 1165 2506 i
1186 2459 1303 2491 notarii
1329 2459 1475 2502 pubblici
1508 2457 1711 2500 subscriptis,
1748 2462 1780 2489 et
1810 2456 1919 2498 sigillo

403 2514 518 2552 lamus,
545 2514 675 2546 uberius
695 2515 888 2547 continetur.

449 2569 463 2611 ξ
485 2567 515 2599 3.
544 2566 632 2599 Nunc
652 2573 757 2599 autem
771 2578 837 2608 uos,
855 2569 915 2610 piis
931 2568 1080 2610 precibus
1096 2574 1143 2600 to-

407 2621 468 2652 tius
494 2619 718 2662 Hispaniarum
751 2620 826 2652 cleri
859 2621 952 2652 nobis
979 2630 1035 2663 per
1063 2620 1142 2651 dilc-

1186 2522 1347 2554 personae
1365 2512 1398 2543 in
1416 2511 1571 2552 dignitate
1598 2509 1819 2542 ecclesiastica
1845 2519 1921 2541 con-

1162 2571 1164 2591 t
1185 2565 1314 2597 stitutae
1336 2564 1476 2603 munitis,
1497 2564 1609 2595 eadem
1629 2572 1764 2605 prorsus
1781 2561 1861 2594 fides
1887 2561 1920 2594 in

1186 2618 1301 2649 tutam
1328 2622 1357 2649 ct
1384 2621 1472 2649 extra
1497 2616 1700 2655 adhibeatur,
1722 2625 1802 2658 quac
1830 2625 1919 2657 prae-

1958 258 2002 282 xn.
2016 256 2044 282 C.
2069 256 2132 284 “⁸167

2003 1939 2116 1968 Diei-namu

1933 1968 2093 1986 ratiti-arturum.

1970 2304 2033 2325 Fides
2057 2308 2114 2326 trau-

1929 2334 2066 2357 soniptssruin·
