2247 3208
181 152 267 182 1⁴1).st
283 155 347 182 ⁸667

186 319 307 341 rizardi-nn.

191 901 285 922 Litterae
302 900 346 920 Alo*

163 928 237 949 xxa-tri
250 926 293 947 Vll.

174 1531 255 1552 motiva
263 1536 349 1557 suspen·

166 1559 238 1579 muts.

972 148 1113 173 cti-:MENS
1137 148 1166 172 tx
1192 148 1238 171 PP.

568 200 701 227 Clemens
722 199 800 232 Papa
822 198 878 232 IX,

476 247 512 272 ad
532 248 706 278 perpetuam
726 244 769 271 rei
789 243 969 270 memoriam.

400 307 565 340 iniunctae
592 306 686 339 nobis
714 306 867 338 divinitus
893 304 1091 347 apostolicae

356 360 517 394 servitutis
531 360 613 392 ratio
632 359 739 402 exigit,
757 364 800 399 ut,
818 358 1091 391 conscientiarum

355 413 455 457 quieti
482 414 651 446 consulere
678 417 868 454 satagentes,
897 422 942 447 ea,
969 420 1049 453 quae
1076 421 1091 441 a

355 466 508 499 Romanis
544 465 752 498 Pontificibus
782 462 1091 507 praedecessoribus

355 519 473 552 nostris
496 519 548 562 pie
578 518 710 561 quidem
729 528 765 549 ac
790 515 1036 550 rationabilibus
1055 526 1091 547 cx

354 572 458 607 causis
495 572 668 605 constituta
694 572 839 609 suerunt,
865 570 890 601 si
924 580 960 601 ex
992 569 1092 601 nimio

355 625 486 658 illorum
507 624 617 666 rigore
643 623 766 666 aliquid
799 626 948 654 nascatur
972 621 1093 654 incom-

355 678 444 710 modi
468 677 554 710 unde
580 675 750 708 animabus
774 675 863 707 labes
884 673 996 706 inferri
1018 683 1093 716 pos-

356 736 416 769 set,
435 728 585 772 prudenti
602 727 824 760 moderatione
850 727 951 759 lenire
969 726 1095 759 studea-

357 794 435 823 mus,
454 782 535 816 sicut
553 781 780 824 cognoscimus
798 780 829 812 in
855 780 990 813 Domino
1016 780 1095 812 salu-

357 836 459 868 briter
475 834 640 877 expedire.

402 889 416 932 ᾖ
440 888 471 921 1.
498 888 584 920 Alias
609 887 768 931 siquidem
791 891 987 920 emanarunt
1010 897 1027 918 a
1052 886 1095 918 se-

357 941 429 975 licis
455 940 691 973 recordationis
725 940 906 972 Alexandro
936 940 1021 982 Papa
1045 938 1095 971 Vll

358 993 609 1038 praedecessore
623 998 734 1025 nostro
760 993 799 1025 ad
824 991 1095 1035 supplicationem

358 1048 462 1080 clarae
486 1045 662 1078 memoriae
691 1044 832 1087 Philippi
858 1045 894 1076 lv
920 1044 996 1076 dum
1020 1044 1097 1077 vixit

358 1099 583 1143 Hispaniarum
610 1099 695 1141 regis
728 1098 876 1131 catholici
907 1098 1031 1130 litterae
1063 1098 1095 1130 in

360 1152 457 1185 simili
472 1152 571 1184 forma
590 1150 711 1190 Brevis,
727 1151 849 1183 tenoris
868 1150 922 1193 qui
940 1151 1094 1192 sequitur,

358 1205 509 1237 videlicet
524 1215 530 1236 τ

402 1256 591 1291 Alexander
614 1257 706 1298 Papa
738 1255 816 1293 VII,
844 1256 886 1288 acl
910 1260 1097 1299 perpetuom

357 1311 406 1343 rei
427 1309 629 1342 memoriam.
650 1309 823 1341 pastoralis
841 1309 947 1347 officii,
967 1319 1028 1351 qua
1046 1308 1098 1341 Ec-

359 1363 479 1397 clesiae
505 1362 690 1395 Catholicae
716 1372 774 1405 per
798 1361 1006 1401 universum,
1033 1365 1095 1394 etc.

360 1415 515 1459 (Reliqua
546 1415 688 1447 invenies
719 1415 752 1446 in
784 1424 841 1446 suo
872 1413 936 1446 loco
967 1413 1023 1446 sub
1047 1413 1100 1446 die

359 1479 417 1502 xxx
440 1468 591 1501 ianuarii
614 1466 787 1510 moctxv¹).

404 1521 419 1564 ἓ
444 1520 474 1560 2.
502 1521 579 1554 Cum
600 1526 719 1560 autem,
741 1520 822 1553 sicut
851 1520 981 1554 nomine
1003 1520 1101 1553 caris-

361 1574 431 1607 simi
450 1574 483 1606 in
497 1573 623 1607 Christo
648 1573 703 1606 tilii
730 1573 832 1606 nostri
851 1573 956 1606 Caroli
982 1583 1100 1606 earum-

361 1628 433 1661 dem
451 1626 676 1670 Hispaniarum
694 1627 779 1668 regis
803 1626 954 1659 catholici
979 1636 1036 1669 per
1055 1626 1101 1658 (Ιί-
1121 1627 1123 1654 l

361 1681 480 1714 lectum
497 1679 599 1713 filium
624 1680 767 1713 nobilem
784 1679 889 1712 virum
910 1679 1100 1712 modernum

360 1732 583 1766 marchionem
601 1733 639 1765 de
658 1732 804 1775 Astorga‚
823 1732 921 1776 ipsius
935 1732 1039 1765 Caroli
1056 1742 1102 1765 re·
1123 1737 1125 1762 1

361 1785 409 1829 gis
442 1786 528 1830 apud
566 1795 624 1818 nos
666 1790 697 1817 et
735 1785 850 1818 Sedem
884 1786 1102 1828 Apostolicam

363 1843 537 1879 oratorem,
564 1838 658 1871 nobis
684 1849 787 1881 nuper
810 1839 989 1881 expositum
1022 1839 1102 1877 suit,

362 1903 398 1926 ex
424 1894 530 1936 poena
555 1891 898 1924 excommunicationis
925 1892 1006 1924 latae
1037 1902 1103 1924 sen-

363 1946 504 1986 tentiae,
533 1955 614 1988 quae
650 1955 708 1988 per
739 1945 860 1977 litteras
885 1945 1103 1987 praeinsertas

362 2009 474 2032 earum
499 1997 800 2031 contraventoribus
826 1998 911 2030 inter
935 1997 1014 2030 alias
1049 1998 1105 2030 ini-

362 2053 470 2096 posita
501 2052 683 2095 reperitur,
720 2051 861 2084 diversae
900 2051 1105 2084 difficultates

364 2105 519 2144 oriantur,
533 2109 563 2137 et
578 2109 640 2137 tam
654 2104 812 2136 moniales
827 2104 989 2146 praefatae
1009 2114 1105 2147 quam

364 2168 475 2191 eorum
505 2156 688 2200 superiores
718 2156 814 2189 variis
846 2161 1006 2198 angantur
1030 2167 1107 2189 con-

365 2209 572 2243 scientiarum
596 2209 766 2253 scrupulis,
785 2209 909 2252 aliaque
931 2215 1108 2253 sequantur

364 2263 578 2302 incommoda,
598 2273 680 2306 quae
698 2262 896 2305 experientia
920 2273 1028 2295 rerum
1047 2274 1108 2296 ma·

364 2316 465 2359 gistra
496 2315 640 2358 quotidie
671 2315 890 2355 demonstrat‘,
917 2315 1009 2349 nobis
1034 2327 1108 2359 pro-

364 2374 477 2414 pterea
493 2368 661 2402 memorati
679 2367 783 2401 Caroli
802 2369 888 2411 regis
905 2369 1034 2402 nomine
1049 2380 1108 2412 per

366 2423 548 2467 praefatum
573 2421 798 2455 marchionem
835 2421 1003 2454 humiliter
1035 2432 1109 2465 sup-

364 2476 521 2521 plicatum
538 2476 596 2508 suit
616 2480 649 2508 ut
670 2475 703 2508 in
720 2475 906 2518 praemissis
926 2480 1108 2518 opportune

405 2540 416 2565 1
440 2537 505 2564 Vide
524 2546 606 2573 supra
625 2545 684 2573 pag.
708 2537 756 2564 331
779 2539 816 2571 (n.
834 2538 883 2570 τ.).

477 2594 554 2623 Buzc.
572 2594 652 2622 Rom.
670 2608 703 2613 -—
723 2593 780 2621 Vol.
798 2593 889 2620 XVII.
1035 2592 1068 2620 75

1772 135 1835 168 593

1134 195 1303 239 providere
1330 195 1368 227 de
1394 193 1594 236 benignitate
1624 194 1800 236 apostolica
1827 193 1872 224 di-

1134 258 1319 291 gnaremur.

1178 301 1191 343 ξ
1216 301 1247 333 3.
1276 300 1337 332 Nos
1364 300 1473 342 igitur,
1500 299 1560 342 piis
1585 299 1771 332 huiusmodi
1798 309 1872 342 sup·
1896 310 2067 336 Suzpcndnpna·

1883 343 1930 357 nain
1947 342 2067 356 nummulu-

1883 144 1932 169 An*
1950 145 1978 168 (ἶ,
2001 144 2064 169 1667

1112 377 1115 384 .
1135 353 1361 396 plicationibus
1387 357 1522 395 paterno
1547 352 1662 385 affectu
1684 357 2003 390 sssssstwlltess,rin-numus.
2019 368 2066 386 μω.

1112 400 1114 408 ’
1134 417 1273 449 poenam
1291 406 1635 439 excommunicationis
1652 407 1733 438 latae
1748 412 1872 438 senten-

1883 393 1903 409 ut
1918 396 1938 409 tu
1951 389 2032 408 tulin-:a
2039 403 2043 408 .

1136 460 1198 492 tiae
1215 459 1411 497 huiusmodi,
1431 470 1490 502 per
1512 460 1728 501 praeinsertas
1744 460 1875 491 Alexan-

1136 512 1183 544 dri
1209 512 1468 554 praedecessoris
1490 511 1610 544 litteras
1632 512 1822 553 impositam,
1842 512 1872 544 in

1135 566 1284 598 omnibus
1320 565 1358 597 iis
1391 565 1515 597 casibus
1548 565 1580 597 in
1614 565 1727 607 quibus
1762 565 1873 597 eadem

1136 628 1241 661 poena
1266 628 1283 649 a
1308 617 1377 649 iure
1396 617 1558 649 communi
1587 618 1635 649 vel
1663 618 1732 649 aliis
1758 617 1877 650 consti-

1137 669 1314 702 tutionibus
1347 674 1379 702 et
1404 669 1665 701 ordinationibus
1691 670 1876 712 apostolicis

1136 722 1288 765 imposita
1313 731 1378 754 non
1404 720 1582 763 reperitur,
1607 722 1691 753 salva
1716 726 1820 754 tamen
1847 726 1878 753 et

1137 776 1169 808 in
1194 785 1250 807 suo
1280 774 1389 816 vigore
1423 774 1527 816 quoad
1558 773 1680 816 reliqua
1716 774 1822 806 omnia
1846 778 1878 806 et

1137 829 1263 871 singula
1287 832 1473 860 remanente
1496 827 1681 858 earumdem
1707 827 1874 859 Alexandri

1138 880 1393 925 praedecessoris
1428 879 1606 912 litterarum
1643 879 1875 922 dispositione,

1138 934 1329 968 auctoritate
1354 934 1551 976 apostolica,
1584 938 1695 965 tenore
1728 943 1878 976 praesen-

1138 987 1228 1027 tium,
1255 986 1491 1029 suspendimus.

1182 1040 1241 1083 gli.
1261 1040 1482 1072 Decernentes
1509 1039 1596 1083 ipsas
1621 1044 1812 1081 praesentes
1831 1039 2073 1091 ¹³¹³N1¹2³Sff2²2¹¹¹2dsss

1139 1099 1225 1126 teras
1252 1103 1383 1135 semper
1412 1091 1530 1131 firmas,
1555 1091 1677 1124 validas
1708 1096 1738 1123 et
1772 1085 1934 1123 efficat-suia
1951 1096 2045 1118 subl-³¹³·

1140 1157 1193 1179 ces
1220 1146 1360 1178 existere
1381 1151 1411 1177 et
1438 1146 1518 1184 sore,
1548 1155 1689 1187 suosque
1711 1145 1878 1187 plenarios

1140 1204 1172 1231 et
1196 1198 1343 1240 integros
1370 1196 1504 1229 effectus
1531 1196 1641 1229 sortiri
1661 1201 1693 1229 et
1714 1197 1877 1235 obtinere,

1141 1263 1177 1284 ac
1202 1251 1276 1290 illis,
1296 1251 1335 1283 ad
1354 1261 1434 1293 quos
1454 1256 1485 1283 et
1507 1261 1584 1293 quas
1610 1254 1737 1292 spectat
1762 1255 1794 1281 et
1819 1260 1879 1292 pro

1142 1309 1290 1347 tempore
1310 1303 1483 1346 spectabit,
1497 1302 1685 1345 plenissime
1701 1301 1878 1344 suffragari,

1141 1358 1254 1401 sicque
1281 1357 1312 1389 in
1339 1355 1528 1399 praemissis
1564 1365 1623 1398 per
1654 1365 1883 1398 quoscumque

1141 1410 1265 1443 iudices
1291 1409 1476 1442 ordinarios
1503 1413 1533 1440 et
1564 1408 1756 1450 delegatos,
1786 1408 1883 1441 etiam

1143 1475 1314 1499 causarum
1352 1462 1463 1507 palatii
1497 1461 1670 1505 apostolici
1703 1461 1881 1500 auditores,

1143 1530 1178 1552 ac
1205 1518 1235 1551 S.
1259 1517 1295 1549 R.
1319 1516 1353 1549 E.
1381 1515 1543 1559 praefatae
1573 1515 1764 1553 cardinales,
1792 1519 1823 1546 et
1843 1515 1883 1547 de

1143 1573 1243 1605 latere
1269 1571 1394 1612 legatos
1431 1568 1600 1610 dictaeque
1622 1567 1711 1599 Sedis
1736 1567 1883 1607 nuncios,

1144 1630 1177 1657 et
1200 1625 1280 1657 alios
1306 1631 1527 1666 quoscumque
1563 1620 1707 1664 qualibet
1731 1621 1885 1663 praeemi-

1145 1678 1252 1711 nentia
1278 1681 1308 1710 et
1334 1680 1491 1719 potestate
1518 1674 1689 1716 fungentes
1709 1678 1741 1706 et
1761 1674 1886 1706 sunctu-

1145 1741 1208 1771 ros,
1229 1730 1355 1763 sublata
1371 1729 1416 1761 eis
1434 1733 1465 1761 et
1482 1737 1595 1760 eorum
1619 1726 1751 1759 cuilibet
1776 1727 1886 1770 quavis

1146 1784 1240 1817 aliter
1276 1781 1439 1815 iudicandi
1467 1785 1498 1813 et
1524 1779 1757 1823 interpretandi
1787 1780 1887 1812 sacul-

1146 1841 1210 1869 tate
1236 1840 1267 1868 et
1291 1834 1502 1871 auctoritate,
1529 1832 1666 1864 indicari
1699 1836 1732 1864 et
1757 1831 1886 1864 definiri

1147 1889 1289 1927 debere,
1324 1897 1359 1920 ac
1385 1886 1515 1919 irritum
1553 1889 1585 1917 et
1614 1884 1710 1916 inane
1737 1883 1763 1916 si
1790 1894 1885 1916 secus

1148 1952 1250 1985 super
1274 1941 1325 1973 bis
1355 1951 1370 1972 a
1403 1948 1579 1982 quoquam,
1607 1937 1720 1981 quavis
1743 1937 1886 1969 auctori-

1148 2000 1227 2035 tate,
1245 1994 1390 2027 scienter
1407 1993 1456 2025 vel
1482 1992 1687 2034 ignoranter,
1707 1990 1887 2033 contigerit

1148 2048 1316 2082 attentari.

1193 2103 1207 2145 g
1232 2101 1263 2134 5.
1291 2101 1360 2134 Non
1386 2099 1601 2139 obstantibus,
1623 2097 1729 2141 quoad
1748 2107 1785 2130 ea
1803 2097 2084 2147 quaecomssissgffiffio

1148 2154 1375 2198 praesentibus
1409 2153 1617 2186 adversantur
1633 2178 1640 2191 ‚
1678 2150 1888 2194 praeinsertis

1150 2207 1322 2241 Alexandri
1337 2204 1600 2250 praedecessoris
1618 2203 1744 2243 litteris,
1761 2213 1887 2236 necnon

1150 2262 1299 2295 omnibus
1318 2266 1349 2293 et
1367 2259 1502 2302 singulis
1527 2269 1609 2302 quae
1626 2259 1659 2291 in
1677 2258 1797 2291 eisdem
1817 2267 1890 2289 con-

1151 2324 1239 2347 cessa
1264 2317 1338 2346 sunt
1362 2323 1427 2344 non
1452 2312 1594 2350 obstare,
1612 2311 1796 2354 ceterisque
1815 2319 1891 2342 con-

1153 2367 1260 2400 trariis
1283 2366 1556 2409 quibuscumque.

1195 2421 1209 2464 g
1226 2420 1257 2453 6.
1278 2419 1424 2452 Ceterum
1444 2419 1592 2451 volumus
1613 2417 1734 2460 pariter
1760 2420 1793 2448 ut
1813 2415 2086 2465 ipsa-muffggggmffl·

1150 2484 1221 2507 rum
1239 2472 1461 2517 praesentium
1475 2471 1655 2504 litterarum
1670 2469 1888 2511 transumptis,

1153 2537 1209 2560 seu
1223 2526 1392 2570 exemplis,
1408 2525 1505 2558 etiam
1523 2523 1701 2568 impressis,
1720 2532 1816 2554 manu
1835 2520 1892 2553 ali-
