2247 3208
187 261 236 289 An.
253 261 280 289 c.
303 262 370 290 taes
417 254 480 287 65⁶2

186 1342 190 1346 ,
212 1323 327 1344 (hinet-ssim)
347 1325 369 1342 nt

185 1354 205 1371 tn
221 1350 314 1371 rubrica.

961 255 1142 287 artissimi
1166 262 1318 287 ROMANUM

382 312 583 345 observantia
608 321 644 343 ac
669 311 801 354 pietate,
828 309 1025 342 orthodoxae
1043 309 1116 342 fidei
1160 310 1207 342 dis
1234 310 1272 343 ad
1297 309 1501 354 infrascripta
1531 311 1687 344 beneficia
1719 310 1869 355 personis
1886 337 1894 351 ,

382 365 617 398 conservandae
635 363 863 407 propagandae
878 363 959 402 zelo,
979 362 1115 405 aliisque

381 429 456 459 rege
486 417 772 450 cliristianisssimo
804 416 909 458 dignis
945 416 1115 448 virtutibus

381 476 477 513 atque
511 470 684 502 decoribus
720 468 946 512 multipliciter
977 469 1117 512 praesul-

381 530 516 565 gentem,
544 522 782 565 prosequimur,
804 527 957 564 paternae
978 521 1117 554 charita-

379 576 418 607 tis
444 574 573 607 affectus
592 585 650 607 nos
674 579 768 617 urget
793 579 887 617 atque
913 574 1059 617 impellit,
1082 579 1118 606 ut

380 627 437 659 tibi
464 628 627 659 luculenta
657 626 842 670 pontificiae
873 632 999 660 nostrae
1024 627 1117 659 beni-

380 680 511 721 gnitatis
539 680 623 712 dona
648 680 843 722 largiamur,
868 679 959 712 firma
984 690 1040 723 spe
1073 685 1117 712 at-

380 743 441 775 que
472 732 587 765 fiducia
618 733 651 765 in
682 733 818 766 Domino
849 733 949 776 spreti
984 733 1051 766 sore
1082 738 1117 765 ut

379 792 421 825 tu,
441 787 508 819 viae
527 787 716 819 eorumdem
742 787 897 820 maiorum
916 791 1044 819 tuorum
1065 797 1117 819 ve-

379 839 480 881 stigiis
505 839 678 883 impressae
704 840 887 880 inhaerens,
906 841 1046 882 populos
1071 839 1115 871 di-

380 892 459 925 tioni
485 897 557 925 tuae
582 892 721 925 creditos
745 893 777 925 in
802 891 865 925 lide
890 892 1050 925 catholica
1080 902 1116 924 ae

379 950 487 978 vetere
514 956 591 987 erga
608 945 725 979 Sedem
742 946 943 988 praedictam
962 944 1116 977 obedien-

379 998 424 1030 tia
448 999 615 1031 continere
634 998 702 1041 pari
721 999 818 1031 laude
837 1002 1021 1037 conaturus,
1040 1008 1116 1030 con-

378 1050 628 1093 stitutionesque
666 1050 859 1093 apostolicas
891 1050 924 1082 in
956 1050 1114 1082 universis

379 1103 530 1136 dominiis
560 1104 621 1136 tuis
651 1103 778 1136 debitae
811 1113 943 1145 semper
974 1113 1115 1145 exequu-

378 1156 460 1188 tioni
485 1157 630 1188 mandari
663 1167 699 1188 ac
724 1156 815 1188 Sedis
840 1156 985 1188 eiusdem
1011 1156 1115 1188 liono-

378 1219 445 1241 rem
471 1213 502 1241 et
526 1209 753 1241 auctoritatem
769 1208 913 1241 illibatos
930 1208 1114 1240 conservari

379 1262 465 1295 omni
491 1261 599 1294 studio
625 1261 668 1294 sis
693 1266 877 1294 curaturus.

423 1316 437 1357 ἓ
463 1315 493 1348 2.
523 1315 671 1348 l'olentes
698 1315 807 1358 itaque
832 1314 900 1353 tibi,
923 1315 976 1356 qui
999 1314 1046 1356 (ut
1063 1325 1114 1346 ac-

380 1368 539 1411 cepimus)
566 1369 661 1400 urbes
686 1367 895 1407 Atrebatum,
921 1366 1112 1405 Hesdinum,

379 1422 573 1465 Bapalmam,
600 1421 808 1459 Bethuviam,
834 1420 1009 1459 Lilerium,
1035 1420 1115 1452 Len-

378 1475 505 1513 tiacum,
532 1475 719 1507 comitatum
743 1474 773 1506 S.
801 1473 900 1513 Pauli,
920 1473 1112 1513 Tervanam,

377 1527 534 1565 Passium,
549 1537 722 1570 earumque
739 1526 931 1566 balliviatus,
947 1526 1026 1559 alios
1040 1537 1115 1569 quo-

378 1591 439 1623 que
459 1579 641 1613 balliviatus
668 1585 696 1613 et
723 1580 927 1613 castellanias
945 1579 1011 1621 agri
1029 1579 1115 1612 Atre-

377 1633 530 1671 batensis,
553 1643 681 1665 necnon
707 1632 907 1672 Bentiacum,
938 1631 1036 1664 urbes
1064 1632 1116 1664 iti-

379 1686 451 1718 dem
475 1696 628 1729 arcesque
654 1685 888 1728 Gravelingam,
908 1695 1013 1717 arcem
1042 1685 1115 1717 Phi-

377 1739 540 1782 lippeam,
569 1739 704 1779 Slusam,
728 1739 955 1777 Hannuinum,
977 1734 1115 1771 Burbur-

379 1802 455 1833 gum
492 1797 522 1823 et
556 1793 670 1824 urbem
700 1791 730 1824 S.
768 1791 915 1824 l'enantii
952 1791 983 1823 in
1021 1791 1115 1824 Flan-

379 1844 461 1884 dria,
477 1845 706 1877 Landreceium
730 1850 761 1877 et
778 1844 969 1882 Quercetum
983 1844 1015 1876 in
1030 1844 1114 1876 Han-

378 1898 498 1938 nonia,
538 1900 702 1931 Avennam
739 1909 892 1941 quoque,
920 1898 1114 1931 Mariaebur-

379 1962 464 1993 gumy
481 1962 516 1983 ac
541 1951 814 1994 Philippopolim,
836 1951 969 1994 insuper
987 1951 1018 1983 in
1036 1961 1114 1993 agro

379 2003 631 2046 Lucemburgico
649 2004 835 2037 Theodonis
853 2004 972 2044 villam,
991 2004 1114 2037 Malme-

380 2056 486 2095 dium,
514 2057 784 2096 Domuillerium,
819 2057 935 2089 urbem
971 2057 1115 2090 Ivodium

380 2109 513 2151 eiusque
551 2110 831 2152 praeposituram,
866 2114 1006 2141 castrum
1033 2109 1115 2141 Cha-

378 2162 562 2194 ranciacum
576 2163 706 2205 eiusque
720 2163 986 2205 praeposituram,
1000 2163 1114 2195 etMar-

379 2214 486 2246 villam
508 2242 514 2253 ,
545 2225 654 2247 earum
679 2216 871 2255 balliviatus,
898 2217 1112 2257 castellanias,

379 2267 618 2309 praefecturas,
646 2269 910 2311 praeposituras,
941 2269 1114 2310 territoria,

380 2319 529 2359 dominia,
553 2320 691 2353 ditiones
707 2348 714 2359 ‚
743 2322 966 2362 accessiones,
993 2332 1115 2365 appen-

381 2372 467 2404 dices
492 2378 523 2404 et
546 2373 697 2405 adiuncta
723 2374 761 2406 de
786 2375 949 2416 praesenti
966 2375 1114 2418 possides

381 2429 413 2457 et
430 2435 487 2467 per
506 2430 603 2457 totum
622 2437 737 2458 annum
763 2437 900 2460 unctxri
926 2428 1112 2470 possedisti,

381 2487 445 2520 quo
472 2477 591 2519 regiam
616 2479 875 2512 benevolentiam
901 2491 978 2523 erga
1003 2491 1114 2523 perso-

380 2539 438 2561 nas
464 2529 681 2562 benemeritas
717 2531 838 2574 tibique
874 2538 981 2574 gratas
1007 2538 1039 2566 ct
1065 2544 1115 2565 ac-

381 2586 488 2624 ceptas
514 2592 667 2614 exercere
699 2584 823 2622 valeas,
849 2585 983 2625 gratiam
1009 2586 1113 2617 facere

380 2635 566 2678 specialem,
586 2646 621 2667 ac
646 2641 811 2678 sperantes
836 2641 866 2669 te
891 2637 921 2668 iu
949 2638 1115 2670 nominau-

1159 373 1240 406 quae
1265 363 1346 396 vitae
1372 363 1566 405 integritate,
1592 365 1763 407 religione,
1782 364 1844 397 side
1865 368 1896 396 et

1160 415 1307 448 doctrina
1330 421 1522 459 praestent,
1558 427 1717 449 summum
1754 416 1895 448 studium

1159 479 1382 512 summamque
1414 469 1615 511 diligentiam
1649 479 1778 512 semper
1806 468 1895 502 adhi-

1159 521 1311 561 biturum,
1336 532 1397 554 nec
1423 522 1655 554 conscientiam
1675 528 1761 554 tuam
1783 521 1843 554 hac
1862 521 1895 553 in

1159 584 1194 607 re
1216 575 1283 607 ullo
1300 573 1414 607 m0d0¹
1433 575 1517 607 laedi
1542 585 1712 617 passurum
1729 584 1809 615 esse,
1831 574 1894 607 tuis

1159 627 1220 659 hac
1245 628 1277 659 in
1303 632 1395 670 parte
1419 627 1711 671 supplicationibus
1738 626 1894 667 inclinati,

1159 679 1225 719 tibi,
1248 682 1300 711 tua
1318 685 1440 712 tantum
1459 680 1522 712 vita
1536 680 1683 719 durante,
1699 685 1731 713 et
1744 679 1895 723 quamdiu

1160 733 1191 765 in
1215 733 1400 766 sinceritate
1435 733 1509 765 fidei
1547 738 1578 766 et
1613 733 1735 766 unitate
1765 737 1894 765 sanctae

1160 786 1321 819 Romanae
1355 786 1515 819 Ecclesiae
1548 796 1674 819 necnon
1710 785 1895 818 obedientia

1159 849 1194 871 ac
1221 839 1393 872 devotione
1411 839 1530 872 nostris
1550 845 1581 871 et
1598 849 1819 872 successorum
1836 849 1895 872 no-

1158 895 1299 924 strorum
1325 891 1545 924 Romanorum
1577 891 1766 924 Pontificum
1798 901 1895 924 cano-

1158 944 1228 976 nice
1254 944 1443 976 intrantium
1465 945 1657 987 perstiteris,
1674 943 1723 977 ius
1743 950 1774 977 et
1797 944 1895 977 sacul-

1158 1001 1257 1029 tatem
1276 997 1465 1030 nominandi
1485 998 1590 1037 nobis,
1610 998 1798 1031 etRomano
1812 997 1895 1030 Pon-

1159 1049 1234 1082 tifici
1258 1060 1317 1093 pro
1343 1055 1492 1093 tempore
1517 1050 1676 1090 existenti,
1701 1056 1764 1082 tam
1789 1051 1828 1083 ad
1847 1050 1894 1083 di-

1158 1102 1295 1145 gnitates
1321 1103 1511 1143 abbatiales,
1538 1108 1592 1135 aut
1615 1112 1892 1146 quorumcumque

1158 1155 1427 1188 monasteriorum
1451 1155 1616 1197 regimina,
1632 1155 1725 1188 etiam
1741 1165 1799 1198 per
1811 1155 1893 1197 prio-

1158 1218 1209 1240 res
1235 1213 1290 1240 aut
1314 1207 1516 1251 praepositos
1551 1208 1618 1250 regi
1650 1212 1682 1240 et
1717 1206 1892 1249 gubernari

1158 1261 1337 1301 solitorum,
1364 1271 1458 1304 quam
1484 1261 1580 1293 etiam
1607 1261 1645 1293 ad
1671 1270 1892 1304 quoscumque

1156 1313 1337 1356 prioratus,
1363 1314 1624 1357 praeposituras,
1649 1319 1703 1346 aut
1725 1313 1894 1356 praeposi-

1158 1372 1240 1399 tatus
1267 1372 1458 1399 conventum
1495 1367 1652 1399 habentes
1684 1367 1769 1399 intra
1796 1366 1893 1398 urbes

1158 1421 1355 1459 Atrebatum,
1382 1420 1570 1460 Hesdinum,
1594 1418 1808 1462 Bapalinam‘ffi
1834 1419 1888 1451 Be-

1158 1473 1316 1513 thuniam,
1348 1473 1508 1513 Lilerium,
1538 1473 1736 1512 Lentiacum,
1762 1472 1893 1504 comita-

1158 1531 1223 1558 tum
1238 1526 1267 1559 S.
1286 1527 1384 1567 Pauli,
1400 1527 1585 1565 Tervanam,
1603 1526 1756 1565 Passium,
1773 1535 1892 1557 earum-

1158 1590 1219 1622 que
1236 1580 1419 1612 balliviatus
1446 1584 1477 1611 et
1497 1579 1699 1611 castellanias
1717 1579 1783 1621 agri
1801 1579 1892 1611 Atre-

1157 1632 1308 1672 bateusis,
1321 1642 1447 1664 necnon
1459 1632 1656 1670 Bentiacum,
1671 1632 1767 1663 urbes
1781 1630 1893 1663 itidem

1159 1696 1313 1728 arcesque
1348 1684 1572 1727 Gravclingam
1591 1712 1598 1724 ,
1632 1695 1739 1716 arcem
1770 1682 1893 1725 Philip-

1157 1749 1262 1781 peam,
1284 1738 1416 1777 Slusain,
1436 1738 1652 1777 Hannuinum,
1672 1737 1890 1779 Burburgum,

1158 1796 1189 1823 et
1213 1791 1327 1822 urbem
1347 1790 1377 1823 S.
1398 1789 1545 1822 Venantii
1571 1790 1603 1822 in
1628 1788 1788 1829 Flandria,
1813 1788 1894 1821 Lan-

1158 1844 1323 1876 dreceium
1349 1848 1380 1876 et
1411 1841 1604 1881 Quercetum
1639 1843 1672 1875 in
1696 1841 1890 1881 Hannonia,

1159 1897 1321 1928 Avenuam
1338 1906 1478 1939 quoque,
1494 1895 1760 1938 Mariaeburgum,
1776 1893 1894 1927 et·Phi·

1159 1949 1373 1992 lippopolim,
1412 1948 1546 1991 iusuper
1582 1949 1615 1980 in
1651 1958 1726 1990 agro
1762 1948 1894 1980 Lucem-

1157 2002 1291 2043 burgico
1316 2001 1501 2034 Tlieodonis
1529 2001 1647 2041 villam,
1676 2001 1892 2041 Malmedium,

1158 2054 1425 2094 Domuillcrium,
1446 2056 1560 2087 urbem
1594 2053 1735 2086 Ivodium
1762 2053 1894 2095 eiusque

1158 2108 1428 2150 praeposituram,
1451 2113 1483 2140 et
1503 2107 1685 2146 Marvillam,
1701 2116 1812 2138 earum
1825 2105 1895 2138 bal-

1158 2160 1295 2200 liviatus,
1318 2160 1531 2200 castellanias,
1552 2160 1780 2203 praefecturas,
1800 2169 1894 2201 prae-

1158 2214 1342 2256 posituras,
1381 2213 1543 2246 territoria
1559 2238 1566 2252 ‚
1604 2211 1765 2251 dominia,
1801 2211 1894 2243 ditio-

1158 2277 1226 2307 nes,
1245 2266 1459 2306 accessiones,
1478 2265 1673 2309 appendices
1697 2270 1728 2297 et
1745 2264 1895 2296 adiuncta

1158 2320 1333 2363 praedicta,
1356 2331 1373 2352 a
1399 2325 1428 2352 te
1455 2320 1493 2352 de
1519 2318 1683 2362 praesenti
1709 2322 1741 2350 et
1763 2328 1823 2361 per
1848 2322 1895 2350 to-

1158 2378 1223 2404 tum
1248 2383 1367 2405 annum
1391 2382 1540 2412 MDCvat,
1562 2377 1598 2404 ut
1614 2372 1804 2414 praefertur,
1822 2380 1895 2414 pos-

1157 2436 1244 2458 sessa
1261 2426 1431 2466 dumtaxat,
1452 2426 1663 2458 consistentes
1679 2429 1710 2457 et
1723 2424 1895 2457 consisten-

1158 2478 1220 2518 tia,
1248 2479 1422 2511 dummodo
1448 2478 1532 2510 intra
1556 2483 1646 2521 septa
1671 2477 1801 2510 illorum
1829 2475 1896 2508 exi-

1157 2535 1250 2569 stant,
1266 2531 1389 2564 etiamsi
1403 2531 1460 2563 sub
1479 2531 1651 2574 temporali
1666 2529 1808 2564 dominio
1824 2528 1894 2562 alio-

1195 2601 1203 2626 1
1224 2601 1294 2627 Edit.
1311 2601 1389 2627 Main.
1406 2601 1471 2636 legit
1489 2602 1566 2628 morli
1581 2601 1617 2635 (R.
1634 2601 1682 2635 Tu),

1195 2645 1210 2670 ‚⁶2
1226 2645 1337 2673 Nomina
1348 2646 1456 2681 propria
1467 2654 1520 2673 non
1532 2654 1637 2680 semper
1649 2645 1792 2672 cohaerent
1804 2646 1892 2678 (tiss.)v

1902 261 1952 290 lin.
1973 258 2003 286 C.
2022 257 2089 286 1808

2239 2898 2247 3017 mm
2242 2778 2247 2886 ,na—„1³⁴
2245 2743 2247 2746 i
