<?xml version="1.0" encoding="UTF-8"?>
<!DOCTYPE html PUBLIC "-//W3C//DTD XHTML 1.0 Transitional//EN"
    "http://www.w3.org/TR/xhtml1/DTD/xhtml1-transitional.dtd">
<html xmlns="http://www.w3.org/1999/xhtml" xml:lang="en" lang="en">
 <head>
  <title>
</title>
<meta http-equiv="Content-Type" content="text/html;charset=utf-8" />
  <meta name='ocr-system' content='tesseract 3.04.00' />
  <meta name='ocr-capabilities' content='ocr_page ocr_carea ocr_par ocr_line ocrx_word'/>
</head>
<body>
  <div class='ocr_page' id='page_1' title='image "./bullarumdiplomat17cath_0857.png"; bbox 0 0 2247 3208; ppageno 0'>
   <div class='ocr_carea' id='block_1_1' title="bbox 119 246 1196 274">
    <p class='ocr_par' dir='ltr' id='par_1_1' title="bbox 119 246 1196 274">
     <span class='ocr_line' id='line_1_1' title="bbox 119 246 1196 274; baseline 0 -1"><span class='ocrx_word' id='word_1_1' title='bbox 119 246 156 273; x_wconf 65' lang='lat' dir='ltr'>An</span> <span class='ocrx_word' id='word_1_2' title='bbox 195 246 224 272; x_wconf 88' lang='lat' dir='ltr'>c.</span> <span class='ocrx_word' id='word_1_3' title='bbox 245 246 312 274; x_wconf 79' lang='grc'>1688</span> <span class='ocrx_word' id='word_1_4' title='bbox 922 248 1069 273; x_wconf 66' lang='lat' dir='ltr'>&#39;cmunxs</span> <span class='ocrx_word' id='word_1_5' title='bbox 1093 250 1122 273; x_wconf 79' lang='lat' dir='ltr'>tx</span> <span class='ocrx_word' id='word_1_6' title='bbox 1149 250 1196 273; x_wconf 76' lang='lat' dir='ltr'>nr.</span> 
     </span>
    </p>
   </div>
   <div class='ocr_carea' id='block_1_2' title="bbox 313 294 1053 394">
    <p class='ocr_par' dir='ltr' id='par_1_2' title="bbox 313 294 1053 394">
     <span class='ocr_line' id='line_1_2' title="bbox 313 294 1053 330; baseline 0.003 -3"><span class='ocrx_word' id='word_1_7' title='bbox 313 295 472 328; x_wconf 80' lang='lat' dir='ltr'>civitatem</span> <span class='ocrx_word' id='word_1_8' title='bbox 489 294 627 329; x_wconf 84' lang='lat' dir='ltr'>Candiae</span> <span class='ocrx_word' id='word_1_9' title='bbox 645 295 765 330; x_wconf 87' lang='lat' dir='ltr'>iamdiu</span> <span class='ocrx_word' id='word_1_10' title='bbox 785 296 970 330; x_wconf 80' lang='lat' dir='ltr'>vehementi</span> <span class='ocrx_word' id='word_1_11' title='bbox 997 298 1053 330; x_wconf 85' lang='lat' dir='ltr'>ob-</span> 
     </span>
     <span class='ocr_line' id='line_1_3' title="bbox 313 348 1052 394; baseline 0.003 -14"><span class='ocrx_word' id='word_1_12' title='bbox 313 348 440 382; x_wconf 88' lang='lat' dir='ltr'>sidione</span> <span class='ocrx_word' id='word_1_13' title='bbox 466 350 684 392; x_wconf 90' lang='lat' dir='ltr'>prementium</span> <span class='ocrx_word' id='word_1_14' title='bbox 716 350 853 393; x_wconf 84' lang='lat' dir='ltr'>impetus</span> <span class='ocrx_word' id='word_1_15' title='bbox 886 362 945 394; x_wconf 87' lang='lat' dir='ltr'>pro</span> <span class='ocrx_word' id='word_1_16' title='bbox 980 351 1052 383; x_wconf 79' lang='lat' dir='ltr'>viri-</span> 
     </span>
    </p>
   </div>
   <div class='ocr_carea' id='block_1_3' title="bbox 1726 241 2020 280">
    <p class='ocr_par' dir='ltr' id='par_1_3' title="bbox 1726 241 2020 280">
     <span class='ocr_line' id='line_1_4' title="bbox 1726 241 2020 280; baseline 0.003 -4"><span class='ocrx_word' id='word_1_17' title='bbox 1726 241 1790 276; x_wconf 71' lang='lat'>749</span> <span class='ocrx_word' id='word_1_18' title='bbox 1837 253 1889 278; x_wconf 73' lang='lat' dir='ltr'>An.</span> <span class='ocrx_word' id='word_1_19' title='bbox 1906 252 1932 277; x_wconf 85' lang='lat' dir='ltr'>c.</span> <span class='ocrx_word' id='word_1_20' title='bbox 1949 253 2020 280; x_wconf 70' lang='lat' dir='ltr'>ines</span> 
     </span>
    </p>
   </div>
   <div class='ocr_carea' id='block_1_4' title="bbox 1095 298 2024 397">
    <p class='ocr_par' dir='ltr' id='par_1_4' title="bbox 1095 298 2024 397">
     <span class='ocr_line' id='line_1_5' title="bbox 1097 298 2023 343; baseline 0.003 -14"><span class='ocrx_word' id='word_1_21' title='bbox 1097 308 1179 338; x_wconf 84' lang='lat' dir='ltr'>mus;</span> <span class='ocrx_word' id='word_1_22' title='bbox 1199 310 1234 331; x_wconf 86' lang='lat' dir='ltr'>ac</span> <span class='ocrx_word' id='word_1_23' title='bbox 1255 298 1308 331; x_wconf 89' lang='lat' dir='ltr'>tibi</span> <span class='ocrx_word' id='word_1_24' title='bbox 1324 309 1384 342; x_wconf 85' lang='lat' dir='ltr'>per</span> <span class='ocrx_word' id='word_1_25' title='bbox 1398 299 1527 333; x_wconf 82' lang='lat' dir='ltr'>easdem</span> <span class='ocrx_word' id='word_1_26' title='bbox 1547 306 1734 343; x_wconf 71' lang='lat' dir='ltr'>praesentes</span> <span class='ocrx_word' id='word_1_27' title='bbox 1752 312 1832 333; x_wconf 83' lang='lat' dir='ltr'>eom-</span> <span class='ocrx_word' id='word_1_28' title='bbox 1869 313 1955 338; x_wconf 45' lang='lat' dir='ltr'>xniqu„</span> <span class='ocrx_word' id='word_1_29' title='bbox 1981 316 2023 333; x_wconf 50' lang='lat'>212&lt;</span> 
     </span>
     <span class='ocr_line' id='line_1_6' title="bbox 1095 341 2024 397; baseline 0.004 -15"><span class='ocrx_word' id='word_1_30' title='bbox 1095 351 1250 383; x_wconf 85' lang='lat' dir='ltr'>mittimus</span> <span class='ocrx_word' id='word_1_31' title='bbox 1269 358 1299 384; x_wconf 91' lang='lat' dir='ltr'>et</span> <span class='ocrx_word' id='word_1_32' title='bbox 1317 353 1520 393; x_wconf 86' lang='lat' dir='ltr'>mandamus,</span> <span class='ocrx_word' id='word_1_33' title='bbox 1537 360 1571 386; x_wconf 90' lang='lat' dir='ltr'>ut</span> <span class='ocrx_word' id='word_1_34' title='bbox 1588 365 1645 397; x_wconf 83' lang='lat' dir='ltr'>per</span> <span class='ocrx_word' id='word_1_35' title='bbox 1664 360 1692 387; x_wconf 88' lang='lat' dir='ltr'>te</span> <span class='ocrx_word' id='word_1_36' title='bbox 1713 355 1828 397; x_wconf 88' lang='lat' dir='ltr'>ipsum,</span> <span class='ocrx_word' id='word_1_37' title='bbox 1843 341 1927 386; x_wconf 63' lang='lat' dir='ltr'>ll&#39;.¹02}¹²</span> <span class='ocrx_word' id='word_1_38' title='bbox 1949 345 1968 360; x_wconf 75' lang='lat'>¹¹¹</span> <span class='ocrx_word' id='word_1_39' title='bbox 1992 346 2024 360; x_wconf 59' lang='grc' dir='ltr'>ω’</span> 
     </span>
    </p>
   </div>
   <div class='ocr_carea' id='block_1_5' title="bbox 143 942 301 964">
    <p class='ocr_par' dir='ltr' id='par_1_5' title="bbox 143 942 301 964">
     <span class='ocr_line' id='line_1_7' title="bbox 143 942 301 964; baseline -0.013 0"><span class='ocrx_word' id='word_1_40' title='bbox 143 944 220 964; x_wconf 74' lang='lat' dir='ltr'>Annuit</span> <span class='ocrx_word' id='word_1_41' title='bbox 229 942 301 964; x_wconf 81' lang='lat' dir='ltr'>Ponu-</span> 
     </span>
    </p>
   </div>
   <div class='ocr_carea' id='block_1_6' title="bbox 312 400 1056 2673">
    <p class='ocr_par' dir='ltr' id='par_1_6' title="bbox 312 400 1052 908">
     <span class='ocr_line' id='line_1_8' title="bbox 312 400 1051 445; baseline 0.004 -13"><span class='ocrx_word' id='word_1_42' title='bbox 312 400 373 433; x_wconf 88' lang='lat' dir='ltr'>bus</span> <span class='ocrx_word' id='word_1_43' title='bbox 404 403 593 444; x_wconf 83' lang='lat' dir='ltr'>propulsare</span> <span class='ocrx_word' id='word_1_44' title='bbox 630 408 790 445; x_wconf 80' lang='lat' dir='ltr'>satagant,</span> <span class='ocrx_word' id='word_1_45' title='bbox 818 404 874 436; x_wconf 84' lang='lat' dir='ltr'>sed</span> <span class='ocrx_word' id='word_1_46' title='bbox 907 404 1051 436; x_wconf 77' lang='lat' dir='ltr'>eiusdem</span> 
     </span>
     <span class='ocr_line' id='line_1_9' title="bbox 312 453 1050 499; baseline 0.003 -14"><span class='ocrx_word' id='word_1_47' title='bbox 312 453 521 497; x_wconf 65' lang='lat' dir='ltr'>Reipublicae</span> <span class='ocrx_word' id='word_1_48' title='bbox 552 456 719 488; x_wconf 74' lang='lat' dir='ltr'>facultates</span> <span class='ocrx_word' id='word_1_49' title='bbox 745 462 792 489; x_wconf 91' lang='lat' dir='ltr'>tot</span> <span class='ocrx_word' id='word_1_50' title='bbox 816 456 995 499; x_wconf 83' lang='lat' dir='ltr'>sumptibus</span> <span class='ocrx_word' id='word_1_51' title='bbox 1020 456 1050 487; x_wconf 93' lang='lat' dir='ltr'>in</span> 
     </span>
     <span class='ocr_line' id='line_1_10' title="bbox 313 507 1051 541; baseline 0.004 -4"><span class='ocrx_word' id='word_1_52' title='bbox 313 516 444 539; x_wconf 84' lang='lat' dir='ltr'>causam</span> <span class='ocrx_word' id='word_1_53' title='bbox 466 507 541 540; x_wconf 81' lang='lat' dir='ltr'>dieti</span> <span class='ocrx_word' id='word_1_54' title='bbox 561 509 637 540; x_wconf 89' lang='lat' dir='ltr'>belli</span> <span class='ocrx_word' id='word_1_55' title='bbox 657 509 745 540; x_wconf 78' lang='lat' dir='ltr'>sactis</span> <span class='ocrx_word' id='word_1_56' title='bbox 766 510 845 541; x_wconf 85' lang='lat' dir='ltr'>adeo</span> <span class='ocrx_word' id='word_1_57' title='bbox 864 509 991 541; x_wconf 82' lang='lat' dir='ltr'>attritae</span> <span class='ocrx_word' id='word_1_58' title='bbox 1013 509 1051 540; x_wconf 90' lang='lat' dir='ltr'>de</span> 
     </span>
     <span class='ocr_line' id='line_1_11' title="bbox 314 561 1052 604; baseline 0 -13"><span class='ocrx_word' id='word_1_59' title='bbox 314 561 480 602; x_wconf 76' lang='lat' dir='ltr'>praesenti</span> <span class='ocrx_word' id='word_1_60' title='bbox 506 561 735 604; x_wconf 76' lang='lat' dir='ltr'>reperiantur,</span> <span class='ocrx_word' id='word_1_61' title='bbox 761 568 793 594; x_wconf 88' lang='lat' dir='ltr'>nt</span> <span class='ocrx_word' id='word_1_62' title='bbox 828 563 914 594; x_wconf 88' lang='lat' dir='ltr'>bello</span> <span class='ocrx_word' id='word_1_63' title='bbox 942 563 1052 594; x_wconf 78' lang='lat' dir='ltr'>huius-</span> 
     </span>
     <span class='ocr_line' id='line_1_12' title="bbox 312 612 1052 657; baseline 0.004 -14"><span class='ocrx_word' id='word_1_64' title='bbox 312 612 399 644; x_wconf 91' lang='lat' dir='ltr'>modi</span> <span class='ocrx_word' id='word_1_65' title='bbox 426 613 455 644; x_wconf 91' lang='lat' dir='ltr'>in</span> <span class='ocrx_word' id='word_1_66' title='bbox 488 619 654 656; x_wconf 83' lang='lat' dir='ltr'>posterum</span> <span class='ocrx_word' id='word_1_67' title='bbox 687 615 876 646; x_wconf 85' lang='lat' dir='ltr'>sustinendo</span> <span class='ocrx_word' id='word_1_68' title='bbox 914 615 1052 657; x_wconf 86' lang='lat' dir='ltr'>impares</span> 
     </span>
     <span class='ocr_line' id='line_1_13' title="bbox 313 664 1052 710; baseline 0.005 -15"><span class='ocrx_word' id='word_1_69' title='bbox 313 664 384 703; x_wconf 86' lang='lat' dir='ltr'>sint,</span> <span class='ocrx_word' id='word_1_70' title='bbox 411 666 681 709; x_wconf 79' lang='lat' dir='ltr'>manifestumque</span> <span class='ocrx_word' id='word_1_71' title='bbox 713 667 849 709; x_wconf 86' lang='lat' dir='ltr'>proinde</span> <span class='ocrx_word' id='word_1_72' title='bbox 875 667 971 699; x_wconf 81' lang='lat' dir='ltr'>instet</span> <span class='ocrx_word' id='word_1_73' title='bbox 995 679 1052 710; x_wconf 83' lang='lat' dir='ltr'>pe—</span> 
     </span>
     <span class='ocr_line' id='line_1_14' title="bbox 312 717 1052 759; baseline 0.005 -11"><span class='ocrx_word' id='word_1_74' title='bbox 312 717 448 749; x_wconf 85' lang='lat' dir='ltr'>riculum</span> <span class='ocrx_word' id='word_1_75' title='bbox 474 718 656 750; x_wconf 81' lang='lat' dir='ltr'>amissionis</span> <span class='ocrx_word' id='word_1_76' title='bbox 683 719 787 751; x_wconf 86' lang='lat' dir='ltr'>dietae</span> <span class='ocrx_word' id='word_1_77' title='bbox 821 719 977 759; x_wconf 71' lang='lat' dir='ltr'>civitatis,</span> <span class='ocrx_word' id='word_1_78' title='bbox 1005 725 1052 752; x_wconf 87' lang='lat' dir='ltr'>to-</span> 
     </span>
     <span class='ocr_line' id='line_1_15' title="bbox 313 769 1050 815; baseline 0.005 -15"><span class='ocrx_word' id='word_1_79' title='bbox 313 769 441 812; x_wconf 85' lang='lat' dir='ltr'>tiusque</span> <span class='ocrx_word' id='word_1_80' title='bbox 473 771 564 812; x_wconf 76' lang='lat' dir='ltr'>regni</span> <span class='ocrx_word' id='word_1_81' title='bbox 599 770 732 809; x_wconf 86' lang='lat' dir='ltr'>Cretae,</span> <span class='ocrx_word' id='word_1_82' title='bbox 758 772 817 803; x_wconf 86' lang='lat' dir='ltr'>nisi</span> <span class='ocrx_word' id='word_1_83' title='bbox 855 772 1050 815; x_wconf 68' lang='lat' dir='ltr'>Respublica</span> 
     </span>
     <span class='ocr_line' id='line_1_16' title="bbox 312 822 1051 865; baseline 0.004 -11"><span class='ocrx_word' id='word_1_84' title='bbox 312 822 381 865; x_wconf 87' lang='lat' dir='ltr'>ipsa</span> <span class='ocrx_word' id='word_1_85' title='bbox 405 829 641 865; x_wconf 87' lang='lat' dir='ltr'>praesentaneo</span> <span class='ocrx_word' id='word_1_86' title='bbox 667 824 794 857; x_wconf 77' lang='lat' dir='ltr'>aliunde</span> <span class='ocrx_word' id='word_1_87' title='bbox 827 825 945 858; x_wconf 80' lang='lat' dir='ltr'>auxilio</span> <span class='ocrx_word' id='word_1_88' title='bbox 976 826 1051 857; x_wconf 85' lang='lat' dir='ltr'>sub-</span> 
     </span>
     <span class='ocr_line' id='line_1_17' title="bbox 313 876 456 908; baseline -0.007 0"><span class='ocrx_word' id='word_1_89' title='bbox 313 876 456 908; x_wconf 85' lang='lat' dir='ltr'>levetur:</span> 
     </span>
    </p>

    <p class='ocr_par' dir='ltr' id='par_1_7' title="bbox 312 928 1056 2673">
     <span class='ocr_line' id='line_1_18' title="bbox 356 928 1050 975; baseline 0.004 -15"><span class='ocrx_word' id='word_1_90' title='bbox 356 930 370 971; x_wconf 66' lang='grc' dir='ltr'><strong>ἓ</strong></span> <span class='ocrx_word' id='word_1_91' title='bbox 397 928 427 961; x_wconf 80' lang='lat'>⁶2.</span> <span class='ocrx_word' id='word_1_92' title='bbox 455 929 536 961; x_wconf 86' lang='lat' dir='ltr'>Hinc</span> <span class='ocrx_word' id='word_1_93' title='bbox 561 935 609 962; x_wconf 88' lang='lat' dir='ltr'>est</span> <span class='ocrx_word' id='word_1_94' title='bbox 635 930 720 972; x_wconf 91' lang='lat' dir='ltr'>quod</span> <span class='ocrx_word' id='word_1_95' title='bbox 747 940 814 968; x_wconf 89' lang='lat' dir='ltr'>nos,</span> <span class='ocrx_word' id='word_1_96' title='bbox 839 931 891 974; x_wconf 92' lang='lat' dir='ltr'>qui</span> <span class='ocrx_word' id='word_1_97' title='bbox 914 932 953 963; x_wconf 88' lang='lat' dir='ltr'>ab</span> <span class='ocrx_word' id='word_1_98' title='bbox 980 932 1050 975; x_wconf 82' lang='lat' dir='ltr'>ipso</span> 
     </span>
     <span class='ocr_line' id='line_1_19' title="bbox 312 981 1052 1026; baseline 0.005 -13"><span class='ocrx_word' id='word_1_99' title='bbox 312 981 519 1024; x_wconf 73' lang='lat' dir='ltr'>pontificatus</span> <span class='ocrx_word' id='word_1_100' title='bbox 546 983 644 1015; x_wconf 89' lang='lat' dir='ltr'>nostri</span> <span class='ocrx_word' id='word_1_101' title='bbox 670 983 850 1026; x_wconf 88' lang='lat' dir='ltr'>primordio</span> <span class='ocrx_word' id='word_1_102' title='bbox 877 985 984 1017; x_wconf 87' lang='lat' dir='ltr'>omnia</span> <span class='ocrx_word' id='word_1_103' title='bbox 1006 986 1052 1017; x_wconf 88' lang='lat' dir='ltr'>di—</span> 
     </span>
     <span class='ocr_line' id='line_1_20' title="bbox 313 1035 1050 1081; baseline 0.005 -15"><span class='ocrx_word' id='word_1_104' title='bbox 313 1035 405 1067; x_wconf 71' lang='lat' dir='ltr'>vinae</span> <span class='ocrx_word' id='word_1_105' title='bbox 437 1035 661 1078; x_wconf 73' lang='lat' dir='ltr'>humanaeque</span> <span class='ocrx_word' id='word_1_106' title='bbox 680 1036 750 1079; x_wconf 83' lang='lat' dir='ltr'>opis</span> <span class='ocrx_word' id='word_1_107' title='bbox 769 1037 929 1079; x_wconf 87' lang='lat' dir='ltr'>praesidia</span> <span class='ocrx_word' id='word_1_108' title='bbox 958 1044 1050 1081; x_wconf 88' lang='lat' dir='ltr'>atque</span> 
     </span>
     <span class='ocr_line' id='line_1_21' title="bbox 312 1087 1051 1124; baseline 0.007 -5"><span class='ocrx_word' id='word_1_109' title='bbox 312 1087 430 1120; x_wconf 80' lang='lat' dir='ltr'>auxilia</span> <span class='ocrx_word' id='word_1_110' title='bbox 455 1088 486 1120; x_wconf 91' lang='lat' dir='ltr'>in</span> <span class='ocrx_word' id='word_1_111' title='bbox 513 1089 759 1122; x_wconf 68' lang='lat' dir='ltr'>subventionem</span> <span class='ocrx_word' id='word_1_112' title='bbox 785 1091 830 1123; x_wconf 89' lang='lat' dir='ltr'>rei</span> <span class='ocrx_word' id='word_1_113' title='bbox 856 1091 1051 1124; x_wconf 70' lang='lat' dir='ltr'>christianae</span> 
     </span>
     <span class='ocr_line' id='line_1_22' title="bbox 313 1142 1052 1177; baseline 0.004 -4"><span class='ocrx_word' id='word_1_114' title='bbox 313 1147 425 1174; x_wconf 80' lang='lat' dir='ltr'>contra</span> <span class='ocrx_word' id='word_1_115' title='bbox 451 1142 686 1176; x_wconf 68' lang='lat' dir='ltr'>infensissimos</span> <span class='ocrx_word' id='word_1_116' title='bbox 720 1144 805 1176; x_wconf 84' lang='lat' dir='ltr'>illius</span> <span class='ocrx_word' id='word_1_117' title='bbox 839 1144 948 1177; x_wconf 85' lang='lat' dir='ltr'>hostes</span> <span class='ocrx_word' id='word_1_118' title='bbox 974 1145 1052 1177; x_wconf 85' lang='lat' dir='ltr'>assi-</span> 
     </span>
     <span class='ocr_line' id='line_1_23' title="bbox 313 1194 1050 1238; baseline 0.005 -12"><span class='ocrx_word' id='word_1_119' title='bbox 313 1194 382 1226; x_wconf 86' lang='lat' dir='ltr'>duis</span> <span class='ocrx_word' id='word_1_120' title='bbox 417 1194 575 1238; x_wconf 80' lang='lat' dir='ltr'>pontitieii</span> <span class='ocrx_word' id='word_1_121' title='bbox 612 1196 670 1228; x_wconf 85' lang='lat' dir='ltr'>zeli</span> <span class='ocrx_word' id='word_1_122' title='bbox 709 1197 822 1229; x_wconf 84' lang='lat' dir='ltr'>studiis</span> <span class='ocrx_word' id='word_1_123' title='bbox 855 1197 1050 1236; x_wconf 89' lang='lat' dir='ltr'>conciliare,</span> 
     </span>
     <span class='ocr_line' id='line_1_24' title="bbox 312 1248 1051 1292; baseline 0.004 -13"><span class='ocrx_word' id='word_1_124' title='bbox 312 1248 519 1290; x_wconf 70' lang='lat' dir='ltr'>conquirere,</span> <span class='ocrx_word' id='word_1_125' title='bbox 545 1254 641 1292; x_wconf 86' lang='lat' dir='ltr'>atque</span> <span class='ocrx_word' id='word_1_126' title='bbox 676 1260 734 1292; x_wconf 88' lang='lat' dir='ltr'>pro</span> <span class='ocrx_word' id='word_1_127' title='bbox 760 1249 879 1282; x_wconf 79' lang='lat' dir='ltr'>viribus</span> <span class='ocrx_word' id='word_1_128' title='bbox 904 1251 1051 1283; x_wconf 74' lang='lat' dir='ltr'>conferre</span> 
     </span>
     <span class='ocr_line' id='line_1_25' title="bbox 312 1301 1051 1345; baseline 0.004 -13"><span class='ocrx_word' id='word_1_129' title='bbox 312 1311 378 1333; x_wconf 91' lang='lat' dir='ltr'>non</span> <span class='ocrx_word' id='word_1_130' title='bbox 405 1301 598 1341; x_wconf 70' lang='lat' dir='ltr'>destitimus,</span> <span class='ocrx_word' id='word_1_131' title='bbox 625 1301 833 1344; x_wconf 74' lang='lat' dir='ltr'>Reipublicae</span> <span class='ocrx_word' id='word_1_132' title='bbox 868 1303 1051 1345; x_wconf 75' lang='lat' dir='ltr'>praedictae</span> 
     </span>
     <span class='ocr_line' id='line_1_26' title="bbox 313 1353 1052 1398; baseline 0.004 -13"><span class='ocrx_word' id='word_1_133' title='bbox 313 1353 345 1385; x_wconf 91' lang='lat' dir='ltr'>in</span> <span class='ocrx_word' id='word_1_134' title='bbox 371 1354 597 1396; x_wconf 85' lang='lat' dir='ltr'>praesentibus</span> <span class='ocrx_word' id='word_1_135' title='bbox 623 1354 922 1398; x_wconf 79' lang='lat' dir='ltr'>rerum&#39;angustiis</span> <span class='ocrx_word' id='word_1_136' title='bbox 953 1366 1052 1398; x_wconf 89' lang='lat' dir='ltr'>quan—</span> 
     </span>
     <span class='ocr_line' id='line_1_27' title="bbox 313 1407 1051 1449; baseline 0.005 -11"><span class='ocrx_word' id='word_1_137' title='bbox 313 1412 379 1439; x_wconf 90' lang='lat' dir='ltr'>tum</span> <span class='ocrx_word' id='word_1_138' title='bbox 405 1407 497 1440; x_wconf 87' lang='lat' dir='ltr'>nobis</span> <span class='ocrx_word' id='word_1_139' title='bbox 515 1418 551 1440; x_wconf 89' lang='lat' dir='ltr'>ex</span> <span class='ocrx_word' id='word_1_140' title='bbox 566 1409 630 1440; x_wconf 85' lang='lat' dir='ltr'>alto</span> <span class='ocrx_word' id='word_1_141' title='bbox 652 1409 851 1448; x_wconf 72' lang='lat' dir='ltr'>conceditur,</span> <span class='ocrx_word' id='word_1_142' title='bbox 867 1409 1051 1449; x_wconf 81' lang='lat' dir='ltr'>subvenire,</span> 
     </span>
     <span class='ocr_line' id='line_1_28' title="bbox 313 1459 1052 1505; baseline 0.004 -13"><span class='ocrx_word' id='word_1_143' title='bbox 313 1459 481 1503; x_wconf 87' lang='lat' dir='ltr'>dictosque</span> <span class='ocrx_word' id='word_1_144' title='bbox 498 1460 612 1493; x_wconf 84' lang='lat' dir='ltr'>ducem</span> <span class='ocrx_word' id='word_1_145' title='bbox 626 1467 656 1493; x_wconf 90' lang='lat' dir='ltr'>et</span> <span class='ocrx_word' id='word_1_146' title='bbox 671 1461 915 1504; x_wconf 83' lang='lat' dir='ltr'>Rempublicam</span> <span class='ocrx_word' id='word_1_147' title='bbox 929 1473 986 1505; x_wconf 91' lang='lat' dir='ltr'>pro</span> <span class='ocrx_word' id='word_1_148' title='bbox 997 1473 1052 1505; x_wconf 88' lang='lat' dir='ltr'>pe-</span> 
     </span>
     <span class='ocr_line' id='line_1_29' title="bbox 312 1513 1050 1557; baseline 0.004 -12"><span class='ocrx_word' id='word_1_149' title='bbox 312 1513 424 1546; x_wconf 86' lang='lat' dir='ltr'>culiari</span> <span class='ocrx_word' id='word_1_150' title='bbox 440 1520 592 1557; x_wconf 87' lang='lat' dir='ltr'>paternae</span> <span class='ocrx_word' id='word_1_151' title='bbox 619 1521 748 1547; x_wconf 88' lang='lat' dir='ltr'>nostrae</span> <span class='ocrx_word' id='word_1_152' title='bbox 763 1515 795 1547; x_wconf 92' lang='lat' dir='ltr'>in</span> <span class='ocrx_word' id='word_1_153' title='bbox 814 1526 868 1548; x_wconf 90' lang='lat' dir='ltr'>eos</span> <span class='ocrx_word' id='word_1_154' title='bbox 883 1516 1050 1548; x_wconf 87' lang='lat' dir='ltr'>charitatis</span> 
     </span>
     <span class='ocr_line' id='line_1_30' title="bbox 313 1565 1051 1611; baseline 0.001 -12"><span class='ocrx_word' id='word_1_155' title='bbox 313 1565 428 1600; x_wconf 73' lang='lat' dir='ltr'>affectu</span> <span class='ocrx_word' id='word_1_156' title='bbox 450 1578 463 1599; x_wconf 88' lang='lat' dir='ltr'>s</span> <span class='ocrx_word' id='word_1_157' title='bbox 492 1567 600 1600; x_wconf 88' lang='lat' dir='ltr'>ecialis</span> <span class='ocrx_word' id='word_1_158' title='bbox 621 1568 727 1600; x_wconf 77' lang='lat' dir='ltr'>favore</span> <span class='ocrx_word' id='word_1_159' title='bbox 755 1567 875 1610; x_wconf 79' lang='lat' dir='ltr'>gratiae</span> <span class='ocrx_word' id='word_1_160' title='bbox 897 1569 1051 1611; x_wconf 79' lang='lat' dir='ltr'>prosequi</span> 
     </span>
     <span class='ocr_line' id='line_1_31' title="bbox 312 1620 1053 1664; baseline 0.003 -13"><span class='ocrx_word' id='word_1_161' title='bbox 312 1621 513 1660; x_wconf 74' lang='lat' dir='ltr'>volentes‚et</span> <span class='ocrx_word' id='word_1_162' title='bbox 533 1631 645 1653; x_wconf 83' lang='lat' dir='ltr'>eorum</span> <span class='ocrx_word' id='word_1_163' title='bbox 663 1620 847 1662; x_wconf 77' lang='lat' dir='ltr'>singulares</span> <span class='ocrx_word' id='word_1_164' title='bbox 866 1631 1021 1664; x_wconf 77' lang='lat' dir='ltr'>personas</span> <span class='ocrx_word' id='word_1_165' title='bbox 1035 1632 1053 1653; x_wconf 90' lang='lat' dir='ltr'>a</span> 
     </span>
     <span class='ocr_line' id='line_1_32' title="bbox 313 1673 1054 1716; baseline 0.001 -11"><span class='ocrx_word' id='word_1_166' title='bbox 313 1673 480 1716; x_wconf 77' lang='lat' dir='ltr'>quibusvis</span> <span class='ocrx_word' id='word_1_167' title='bbox 496 1673 849 1713; x_wconf 87' lang='lat' dir='ltr'>excommunicationis,</span> <span class='ocrx_word' id='word_1_168' title='bbox 868 1673 1054 1716; x_wconf 81' lang='lat' dir='ltr'>suspensio-</span> 
     </span>
     <span class='ocr_line' id='line_1_33' title="bbox 313 1725 1051 1768; baseline 0.003 -11"><span class='ocrx_word' id='word_1_169' title='bbox 313 1725 362 1757; x_wconf 90' lang='lat' dir='ltr'>nis</span> <span class='ocrx_word' id='word_1_170' title='bbox 389 1730 420 1758; x_wconf 90' lang='lat' dir='ltr'>et</span> <span class='ocrx_word' id='word_1_171' title='bbox 444 1725 618 1765; x_wconf 80' lang='lat' dir='ltr'>interdicti,</span> <span class='ocrx_word' id='word_1_172' title='bbox 651 1725 788 1768; x_wconf 85' lang='lat' dir='ltr'>aliisque</span> <span class='ocrx_word' id='word_1_173' title='bbox 819 1726 1051 1759; x_wconf 84' lang='lat' dir='ltr'>ecclesiasticis</span> 
     </span>
     <span class='ocr_line' id='line_1_34' title="bbox 312 1778 1051 1822; baseline 0.003 -12"><span class='ocrx_word' id='word_1_174' title='bbox 312 1779 492 1815; x_wconf 75' lang='lat' dir='ltr'>sententiis,</span> <span class='ocrx_word' id='word_1_175' title='bbox 514 1778 660 1811; x_wconf 85' lang='lat' dir='ltr'>censuris</span> <span class='ocrx_word' id='word_1_176' title='bbox 687 1784 717 1811; x_wconf 90' lang='lat' dir='ltr'>et</span> <span class='ocrx_word' id='word_1_177' title='bbox 736 1779 842 1822; x_wconf 86' lang='lat' dir='ltr'>penis,</span> <span class='ocrx_word' id='word_1_178' title='bbox 863 1789 880 1810; x_wconf 89' lang='lat' dir='ltr'>a</span> <span class='ocrx_word' id='word_1_179' title='bbox 902 1779 971 1812; x_wconf 88' lang='lat' dir='ltr'>iure</span> <span class='ocrx_word' id='word_1_180' title='bbox 1003 1781 1051 1813; x_wconf 81' lang='lat' dir='ltr'>vel</span> 
     </span>
     <span class='ocr_line' id='line_1_35' title="bbox 313 1832 1053 1875; baseline 0.001 -11"><span class='ocrx_word' id='word_1_181' title='bbox 313 1832 353 1864; x_wconf 86' lang='lat' dir='ltr'>ab</span> <span class='ocrx_word' id='word_1_182' title='bbox 384 1832 526 1872; x_wconf 88' lang='lat' dir='ltr'>homine,</span> <span class='ocrx_word' id='word_1_183' title='bbox 554 1833 663 1875; x_wconf 85' lang='lat' dir='ltr'>quavis</span> <span class='ocrx_word' id='word_1_184' title='bbox 688 1833 856 1865; x_wconf 86' lang='lat' dir='ltr'>occasione</span> <span class='ocrx_word' id='word_1_185' title='bbox 882 1834 930 1866; x_wconf 76' lang='lat' dir='ltr'>vel</span> <span class='ocrx_word' id='word_1_186' title='bbox 957 1836 1053 1866; x_wconf 76' lang='lat' dir='ltr'>eausa</span> 
     </span>
     <span class='ocr_line' id='line_1_36' title="bbox 313 1885 1051 1928; baseline 0.003 -11"><span class='ocrx_word' id='word_1_187' title='bbox 313 1885 395 1924; x_wconf 85' lang='lat' dir='ltr'>latis,</span> <span class='ocrx_word' id='word_1_188' title='bbox 421 1885 582 1928; x_wconf 85' lang='lat' dir='ltr'>siquibus</span> <span class='ocrx_word' id='word_1_189' title='bbox 607 1886 852 1928; x_wconf 82' lang='lat' dir='ltr'>quomodolibet</span> <span class='ocrx_word' id='word_1_190' title='bbox 878 1886 1051 1919; x_wconf 78' lang='lat' dir='ltr'>innodatae</span> 
     </span>
     <span class='ocr_line' id='line_1_37' title="bbox 313 1937 1049 1981; baseline 0.003 -11"><span class='ocrx_word' id='word_1_191' title='bbox 313 1938 461 1978; x_wconf 87' lang='lat' dir='ltr'>existunt,</span> <span class='ocrx_word' id='word_1_192' title='bbox 481 1938 520 1971; x_wconf 85' lang='lat' dir='ltr'>ad</span> <span class='ocrx_word' id='word_1_193' title='bbox 541 1937 688 1971; x_wconf 81' lang='lat' dir='ltr'>ell&#39;ectum</span> <span class='ocrx_word' id='word_1_194' title='bbox 713 1939 930 1981; x_wconf 82' lang='lat' dir='ltr'>praesentium</span> <span class='ocrx_word' id='word_1_195' title='bbox 955 1940 1049 1972; x_wconf 89' lang='lat' dir='ltr'>dum-</span> 
     </span>
     <span class='ocr_line' id='line_1_38' title="bbox 314 1991 1054 2034; baseline 0.003 -12"><span class='ocrx_word' id='word_1_196' title='bbox 314 1996 399 2023; x_wconf 79' lang='lat' dir='ltr'>taxat</span> <span class='ocrx_word' id='word_1_197' title='bbox 430 1991 716 2034; x_wconf 84' lang='lat' dir='ltr'>consequendum,</span> <span class='ocrx_word' id='word_1_198' title='bbox 744 1992 856 2024; x_wconf 87' lang='lat' dir='ltr'>harum</span> <span class='ocrx_word' id='word_1_199' title='bbox 891 1993 974 2025; x_wconf 90' lang='lat' dir='ltr'>serie</span> <span class='ocrx_word' id='word_1_200' title='bbox 1000 1993 1054 2024; x_wconf 88' lang='lat' dir='ltr'>ab·</span> 
     </span>
     <span class='ocr_line' id='line_1_39' title="bbox 314 2045 1053 2085; baseline 0.003 -9"><span class='ocrx_word' id='word_1_201' title='bbox 314 2045 476 2077; x_wconf 82' lang='lat' dir='ltr'>solventes</span> <span class='ocrx_word' id='word_1_202' title='bbox 502 2051 534 2078; x_wconf 87' lang='lat' dir='ltr'>et</span> <span class='ocrx_word' id='word_1_203' title='bbox 558 2046 724 2078; x_wconf 82' lang='lat' dir='ltr'>absolutas</span> <span class='ocrx_word' id='word_1_204' title='bbox 750 2046 819 2078; x_wconf 89' lang='lat' dir='ltr'>sore</span> <span class='ocrx_word' id='word_1_205' title='bbox 855 2051 1029 2078; x_wconf 85' lang='lat' dir='ltr'>censentes</span> <span class='ocrx_word' id='word_1_206' title='bbox 1046 2073 1053 2085; x_wconf 89' lang='lat'>,</span> 
     </span>
     <span class='ocr_line' id='line_1_40' title="bbox 314 2097 1054 2141; baseline 0.001 -12"><span class='ocrx_word' id='word_1_207' title='bbox 314 2097 502 2130; x_wconf 88' lang='lat' dir='ltr'>huiusmodi</span> <span class='ocrx_word' id='word_1_208' title='bbox 529 2098 826 2141; x_wconf 70' lang='lat' dir='ltr'>supplicationibus</span> <span class='ocrx_word' id='word_1_209' title='bbox 857 2109 969 2131; x_wconf 87' lang='lat' dir='ltr'>eorum</span> <span class='ocrx_word' id='word_1_210' title='bbox 995 2109 1054 2136; x_wconf 89' lang='lat' dir='ltr'>no-</span> 
     </span>
     <span class='ocr_line' id='line_1_41' title="bbox 314 2150 1055 2194; baseline 0.001 -12"><span class='ocrx_word' id='word_1_211' title='bbox 314 2150 400 2183; x_wconf 88' lang='lat' dir='ltr'>mine</span> <span class='ocrx_word' id='word_1_212' title='bbox 427 2150 520 2183; x_wconf 89' lang='lat' dir='ltr'>nobis</span> <span class='ocrx_word' id='word_1_213' title='bbox 545 2161 645 2194; x_wconf 89' lang='lat' dir='ltr'>super</span> <span class='ocrx_word' id='word_1_214' title='bbox 673 2151 735 2184; x_wconf 91' lang='lat' dir='ltr'>hoc</span> <span class='ocrx_word' id='word_1_215' title='bbox 754 2151 919 2184; x_wconf 90' lang='lat' dir='ltr'>humiliter</span> <span class='ocrx_word' id='word_1_216' title='bbox 942 2162 1055 2194; x_wconf 88' lang='lat' dir='ltr'>porre-</span> 
     </span>
     <span class='ocr_line' id='line_1_42' title="bbox 315 2203 1055 2247; baseline 0.001 -12"><span class='ocrx_word' id='word_1_217' title='bbox 315 2203 375 2235; x_wconf 85' lang='lat' dir='ltr'>ctis</span> <span class='ocrx_word' id='word_1_218' title='bbox 400 2203 558 2243; x_wconf 85' lang='lat' dir='ltr'>inclinati,</span> <span class='ocrx_word' id='word_1_219' title='bbox 590 2204 698 2237; x_wconf 89' lang='lat' dir='ltr'>omnia</span> <span class='ocrx_word' id='word_1_220' title='bbox 731 2210 762 2237; x_wconf 84' lang='lat' dir='ltr'>et</span> <span class='ocrx_word' id='word_1_221' title='bbox 786 2204 912 2247; x_wconf 77' lang='lat' dir='ltr'>singula</span> <span class='ocrx_word' id='word_1_222' title='bbox 936 2215 1055 2237; x_wconf 91' lang='lat' dir='ltr'>memo-</span> 
     </span>
     <span class='ocr_line' id='line_1_43' title="bbox 317 2257 1055 2301; baseline 0.004 -14"><span class='ocrx_word' id='word_1_223' title='bbox 317 2261 458 2289; x_wconf 81' lang='lat' dir='ltr'>ratarum</span> <span class='ocrx_word' id='word_1_224' title='bbox 474 2258 570 2289; x_wconf 89' lang='lat' dir='ltr'>trium</span> <span class='ocrx_word' id='word_1_225' title='bbox 587 2257 880 2300; x_wconf 77' lang='lat' dir='ltr'>congregationum</span> <span class='ocrx_word' id='word_1_226' title='bbox 905 2263 939 2290; x_wconf 92' lang='lat' dir='ltr'>ut</span> <span class='ocrx_word' id='word_1_227' title='bbox 963 2268 1055 2301; x_wconf 85' lang='lat' dir='ltr'>prae-</span> 
     </span>
     <span class='ocr_line' id='line_1_44' title="bbox 317 2309 1053 2354; baseline 0.004 -15"><span class='ocrx_word' id='word_1_228' title='bbox 317 2309 455 2341; x_wconf 87' lang='lat' dir='ltr'>mittitur</span> <span class='ocrx_word' id='word_1_229' title='bbox 489 2320 735 2353; x_wconf 84' lang='lat' dir='ltr'>suppressarum</span> <span class='ocrx_word' id='word_1_230' title='bbox 771 2311 858 2343; x_wconf 85' lang='lat' dir='ltr'>bona</span> <span class='ocrx_word' id='word_1_231' title='bbox 894 2311 1053 2354; x_wconf 83' lang='lat' dir='ltr'>(exceptis</span> 
     </span>
     <span class='ocr_line' id='line_1_45' title="bbox 317 2362 1055 2406; baseline 0.001 -12"><span class='ocrx_word' id='word_1_232' title='bbox 317 2362 415 2395; x_wconf 81' lang='lat' dir='ltr'>sacris</span> <span class='ocrx_word' id='word_1_233' title='bbox 425 2363 448 2405; x_wconf 81' lang='lat'>),</span> <span class='ocrx_word' id='word_1_234' title='bbox 469 2363 501 2395; x_wconf 92' lang='lat' dir='ltr'>in</span> <span class='ocrx_word' id='word_1_235' title='bbox 527 2374 628 2406; x_wconf 83' lang='lat' dir='ltr'>regno</span> <span class='ocrx_word' id='word_1_236' title='bbox 654 2364 780 2397; x_wconf 85' lang='lat' dir='ltr'>Siciliae</span> <span class='ocrx_word' id='word_1_237' title='bbox 804 2364 889 2396; x_wconf 78' lang='lat' dir='ltr'>ultra</span> <span class='ocrx_word' id='word_1_238' title='bbox 913 2364 1055 2396; x_wconf 87' lang='lat' dir='ltr'>Pharum</span> 
     </span>
     <span class='ocr_line' id='line_1_46' title="bbox 317 2415 1055 2459; baseline 0.003 -12"><span class='ocrx_word' id='word_1_239' title='bbox 317 2415 502 2456; x_wconf 75' lang='lat' dir='ltr'>existentia,</span> <span class='ocrx_word' id='word_1_240' title='bbox 536 2416 567 2448; x_wconf 93' lang='lat' dir='ltr'>in</span> <span class='ocrx_word' id='word_1_241' title='bbox 593 2416 769 2449; x_wconf 83' lang='lat' dir='ltr'>subsidium</span> <span class='ocrx_word' id='word_1_242' title='bbox 795 2422 890 2459; x_wconf 86' lang='lat' dir='ltr'>atque</span> <span class='ocrx_word' id='word_1_243' title='bbox 917 2417 1055 2449; x_wconf 82' lang='lat' dir='ltr'>subven-</span> 
     </span>
     <span class='ocr_line' id='line_1_47' title="bbox 318 2468 1054 2511; baseline 0.004 -12"><span class='ocrx_word' id='word_1_244' title='bbox 318 2468 439 2500; x_wconf 85' lang='lat' dir='ltr'>tionem</span> <span class='ocrx_word' id='word_1_245' title='bbox 457 2468 593 2501; x_wconf 77' lang='lat' dir='ltr'>eivitatis</span> <span class='ocrx_word' id='word_1_246' title='bbox 610 2468 747 2502; x_wconf 85' lang='lat' dir='ltr'>Candiae</span> <span class='ocrx_word' id='word_1_247' title='bbox 777 2475 808 2501; x_wconf 89' lang='lat' dir='ltr'>et</span> <span class='ocrx_word' id='word_1_248' title='bbox 836 2469 927 2511; x_wconf 82' lang='lat' dir='ltr'>regni</span> <span class='ocrx_word' id='word_1_249' title='bbox 945 2469 1054 2502; x_wconf 82' lang='lat' dir='ltr'>Cretae</span> 
     </span>
     <span class='ocr_line' id='line_1_48' title="bbox 318 2521 1056 2566; baseline 0 -12"><span class='ocrx_word' id='word_1_250' title='bbox 318 2521 548 2566; x_wconf 79' lang='lat' dir='ltr'>praefatorum,</span> <span class='ocrx_word' id='word_1_251' title='bbox 567 2533 603 2554; x_wconf 86' lang='lat' dir='ltr'>ac</span> <span class='ocrx_word' id='word_1_252' title='bbox 617 2522 833 2565; x_wconf 76' lang='lat' dir='ltr'>expeditionis</span> <span class='ocrx_word' id='word_1_253' title='bbox 851 2528 963 2555; x_wconf 86' lang='lat' dir='ltr'>eontra</span> <span class='ocrx_word' id='word_1_254' title='bbox 979 2522 1056 2554; x_wconf 91' lang='lat' dir='ltr'>Tur-</span> 
     </span>
     <span class='ocr_line' id='line_1_49' title="bbox 319 2575 1051 2619; baseline 0.004 -14"><span class='ocrx_word' id='word_1_255' title='bbox 319 2585 372 2606; x_wconf 82' lang='lat' dir='ltr'>cas</span> <span class='ocrx_word' id='word_1_256' title='bbox 396 2575 614 2617; x_wconf 86' lang='lat' dir='ltr'>supradictos,</span> <span class='ocrx_word' id='word_1_257' title='bbox 640 2576 818 2619; x_wconf 67' lang='lat' dir='ltr'>apostoliea</span> <span class='ocrx_word' id='word_1_258' title='bbox 843 2575 1051 2615; x_wconf 83' lang='lat' dir='ltr'>auctoritate,</span> 
     </span>
     <span class='ocr_line' id='line_1_50' title="bbox 320 2629 1052 2673; baseline 0.003 -13"><span class='ocrx_word' id='word_1_259' title='bbox 320 2633 432 2661; x_wconf 86' lang='lat' dir='ltr'>tenore</span> <span class='ocrx_word' id='word_1_260' title='bbox 457 2629 692 2673; x_wconf 69' lang='lat' dir='ltr'>praesentium,</span> <span class='ocrx_word' id='word_1_261' title='bbox 720 2634 877 2672; x_wconf 82' lang='lat' dir='ltr'>perpetuo</span> <span class='ocrx_word' id='word_1_262' title='bbox 910 2629 1052 2672; x_wconf 83' lang='lat' dir='ltr'>applica-</span> 
     </span>
    </p>
   </div>
   <div class='ocr_carea' id='block_1_7' title="bbox 1094 404 1857 1717">
    <p class='ocr_par' dir='ltr' id='par_1_8' title="bbox 1094 404 1857 1717">
     <span class='ocr_line' id='line_1_51' title="bbox 1094 404 1832 450; baseline 0.007 -16"><span class='ocrx_word' id='word_1_263' title='bbox 1094 404 1142 435; x_wconf 73' lang='lat' dir='ltr'>vel</span> <span class='ocrx_word' id='word_1_264' title='bbox 1179 415 1239 446; x_wconf 85' lang='lat' dir='ltr'>per</span> <span class='ocrx_word' id='word_1_265' title='bbox 1271 406 1511 438; x_wconf 80' lang='lat' dir='ltr'>commissarios</span> <span class='ocrx_word' id='word_1_266' title='bbox 1545 417 1562 438; x_wconf 95' lang='lat' dir='ltr'>a</span> <span class='ocrx_word' id='word_1_267' title='bbox 1595 412 1623 439; x_wconf 90' lang='lat' dir='ltr'>te</span> <span class='ocrx_word' id='word_1_268' title='bbox 1650 407 1832 450; x_wconf 78' lang='lat' dir='ltr'>specialiter</span> 
     </span>
     <span class='ocr_line' id='line_1_52' title="bbox 1096 455 1832 502; baseline 0.008 -17"><span class='ocrx_word' id='word_1_269' title='bbox 1096 455 1313 497; x_wconf 80' lang='lat' dir='ltr'>deputandos,</span> <span class='ocrx_word' id='word_1_270' title='bbox 1340 457 1422 490; x_wconf 86' lang='lat' dir='ltr'>bona</span> <span class='ocrx_word' id='word_1_271' title='bbox 1450 459 1633 491; x_wconf 84' lang='lat' dir='ltr'>huiusmodi</span> <span class='ocrx_word' id='word_1_272' title='bbox 1667 459 1832 502; x_wconf 85' lang='lat' dir='ltr'>quampri-</span> 
     </span>
     <span class='ocr_line' id='line_1_53' title="bbox 1094 509 1831 554; baseline 0.009 -16"><span class='ocrx_word' id='word_1_273' title='bbox 1094 518 1190 547; x_wconf 84' lang='lat' dir='ltr'>mum,</span> <span class='ocrx_word' id='word_1_274' title='bbox 1216 509 1342 541; x_wconf 83' lang='lat' dir='ltr'>meliori</span> <span class='ocrx_word' id='word_1_275' title='bbox 1363 522 1425 552; x_wconf 85' lang='lat' dir='ltr'>qua</span> <span class='ocrx_word' id='word_1_276' title='bbox 1442 511 1510 543; x_wconf 80' lang='lat' dir='ltr'>sieri</span> <span class='ocrx_word' id='word_1_277' title='bbox 1531 512 1648 554; x_wconf 89' lang='lat' dir='ltr'>poterit</span> <span class='ocrx_word' id='word_1_278' title='bbox 1672 513 1831 545; x_wconf 88' lang='lat' dir='ltr'>conditio-</span> 
     </span>
     <span class='ocr_line' id='line_1_54' title="bbox 1094 562 1829 607; baseline 0.011 -17"><span class='ocrx_word' id='word_1_279' title='bbox 1094 569 1143 597; x_wconf 85' lang='lat' dir='ltr'>ne,</span> <span class='ocrx_word' id='word_1_280' title='bbox 1167 562 1356 594; x_wconf 82' lang='lat' dir='ltr'>auctoritate</span> <span class='ocrx_word' id='word_1_281' title='bbox 1384 566 1493 596; x_wconf 79' lang='lat' dir='ltr'>nostra</span> <span class='ocrx_word' id='word_1_282' title='bbox 1507 565 1683 607; x_wconf 74' lang='lat' dir='ltr'>apostolica</span> <span class='ocrx_word' id='word_1_283' title='bbox 1700 566 1829 605; x_wconf 77' lang='lat' dir='ltr'>vendas,</span> 
     </span>
     <span class='ocr_line' id='line_1_55' title="bbox 1095 613 1832 659; baseline 0.009 -16"><span class='ocrx_word' id='word_1_284' title='bbox 1095 613 1247 645; x_wconf 80' lang='lat' dir='ltr'>detractis</span> <span class='ocrx_word' id='word_1_285' title='bbox 1274 620 1379 647; x_wconf 86' lang='lat' dir='ltr'>tamen</span> <span class='ocrx_word' id='word_1_286' title='bbox 1413 617 1501 659; x_wconf 86' lang='lat' dir='ltr'>prius</span> <span class='ocrx_word' id='word_1_287' title='bbox 1532 618 1743 651; x_wconf 82' lang='lat' dir='ltr'>detrahendis</span> <span class='ocrx_word' id='word_1_288' title='bbox 1770 624 1832 650; x_wconf 85' lang='lat' dir='ltr'>tam</span> 
     </span>
     <span class='ocr_line' id='line_1_56' title="bbox 1094 666 1834 711; baseline 0.011 -15"><span class='ocrx_word' id='word_1_289' title='bbox 1094 675 1152 707; x_wconf 87' lang='lat' dir='ltr'>pro</span> <span class='ocrx_word' id='word_1_290' title='bbox 1178 666 1337 711; x_wconf 76' lang='lat' dir='ltr'>alimentis</span> <span class='ocrx_word' id='word_1_291' title='bbox 1364 679 1446 700; x_wconf 85' lang='lat' dir='ltr'>nunc</span> <span class='ocrx_word' id='word_1_292' title='bbox 1465 670 1636 703; x_wconf 75' lang='lat' dir='ltr'>viventium</span> <span class='ocrx_word' id='word_1_293' title='bbox 1661 671 1834 704; x_wconf 86' lang='lat' dir='ltr'>canonico-</span> 
     </span>
     <span class='ocr_line' id='line_1_57' title="bbox 1095 721 1832 766; baseline 0.008 -15"><span class='ocrx_word' id='word_1_294' title='bbox 1095 730 1163 751; x_wconf 81' lang='lat' dir='ltr'>rum</span> <span class='ocrx_word' id='word_1_295' title='bbox 1196 726 1227 753; x_wconf 92' lang='lat' dir='ltr'>et</span> <span class='ocrx_word' id='word_1_296' title='bbox 1257 721 1389 753; x_wconf 80' lang='lat' dir='ltr'>fratrum</span> <span class='ocrx_word' id='word_1_297' title='bbox 1416 733 1471 755; x_wconf 86' lang='lat' dir='ltr'>seu</span> <span class='ocrx_word' id='word_1_298' title='bbox 1504 724 1732 766; x_wconf 74' lang='lat' dir='ltr'>religiosorum</span> <span class='ocrx_word' id='word_1_299' title='bbox 1757 730 1832 757; x_wconf 85' lang='lat' dir='ltr'>con-</span> 
     </span>
     <span class='ocr_line' id='line_1_58' title="bbox 1095 773 1832 819; baseline 0.009 -17"><span class='ocrx_word' id='word_1_300' title='bbox 1095 773 1319 813; x_wconf 68' lang='lat' dir='ltr'>gregationum</span> <span class='ocrx_word' id='word_1_301' title='bbox 1344 785 1592 817; x_wconf 68' lang='lat' dir='ltr'>sianpressarum</span> <span class='ocrx_word' id='word_1_302' title='bbox 1618 778 1832 819; x_wconf 80' lang='lat' dir='ltr'>praefatarum</span> 
     </span>
     <span class='ocr_line' id='line_1_59' title="bbox 1095 823 1831 872; baseline 0.01 -17"><span class='ocrx_word' id='word_1_303' title='bbox 1095 823 1179 856; x_wconf 84' lang='lat' dir='ltr'>iuxta</span> <span class='ocrx_word' id='word_1_304' title='bbox 1204 825 1407 868; x_wconf 87' lang='lat' dir='ltr'>supradictas</span> <span class='ocrx_word' id='word_1_305' title='bbox 1432 833 1559 860; x_wconf 86' lang='lat' dir='ltr'>nostras</span> <span class='ocrx_word' id='word_1_306' title='bbox 1586 829 1719 869; x_wconf 83' lang='lat' dir='ltr'>litteras,</span> <span class='ocrx_word' id='word_1_307' title='bbox 1738 840 1831 872; x_wconf 87' lang='lat' dir='ltr'>quam</span> 
     </span>
     <span class='ocr_line' id='line_1_60' title="bbox 1094 879 1833 918; baseline 0.008 -9"><span class='ocrx_word' id='word_1_308' title='bbox 1094 887 1152 918; x_wconf 86' lang='lat' dir='ltr'>pro</span> <span class='ocrx_word' id='word_1_309' title='bbox 1167 879 1298 911; x_wconf 85' lang='lat' dir='ltr'>servitio</span> <span class='ocrx_word' id='word_1_310' title='bbox 1317 885 1349 911; x_wconf 89' lang='lat' dir='ltr'>et</span> <span class='ocrx_word' id='word_1_311' title='bbox 1363 881 1605 914; x_wconf 88' lang='lat' dir='ltr'>manutentione</span> <span class='ocrx_word' id='word_1_312' title='bbox 1625 883 1833 915; x_wconf 87' lang='lat' dir='ltr'>eeclesiarum</span> 
     </span>
     <span class='ocr_line' id='line_1_61' title="bbox 1094 931 1833 977; baseline 0.009 -16"><span class='ocrx_word' id='word_1_313' title='bbox 1094 931 1279 963; x_wconf 75' lang='lat' dir='ltr'>earunnlem</span> <span class='ocrx_word' id='word_1_314' title='bbox 1305 933 1606 975; x_wconf 74' lang='lat' dir='ltr'>congregationum,</span> <span class='ocrx_word' id='word_1_315' title='bbox 1636 941 1731 977; x_wconf 88' lang='lat' dir='ltr'>atque</span> <span class='ocrx_word' id='word_1_316' title='bbox 1757 946 1833 968; x_wconf 89' lang='lat' dir='ltr'>one-</span> 
     </span>
     <span class='ocr_line' id='line_1_62' title="bbox 1094 982 1833 1031; baseline 0.011 -19"><span class='ocrx_word' id='word_1_317' title='bbox 1094 992 1165 1014; x_wconf 85' lang='lat' dir='ltr'>rum</span> <span class='ocrx_word' id='word_1_318' title='bbox 1190 982 1254 1015; x_wconf 91' lang='lat' dir='ltr'>illis</span> <span class='ocrx_word' id='word_1_319' title='bbox 1279 985 1456 1027; x_wconf 78' lang='lat' dir='ltr'>respective</span> <span class='ocrx_word' id='word_1_320' title='bbox 1475 986 1733 1019; x_wconf 86' lang='lat' dir='ltr'>incumbentium</span> <span class='ocrx_word' id='word_1_321' title='bbox 1758 999 1833 1031; x_wconf 90' lang='lat' dir='ltr'>sup-</span> 
     </span>
     <span class='ocr_line' id='line_1_63' title="bbox 1094 1036 1831 1080; baseline 0.011 -14"><span class='ocrx_word' id='word_1_322' title='bbox 1094 1036 1296 1077; x_wconf 86' lang='lat' dir='ltr'>portatione,</span> <span class='ocrx_word' id='word_1_323' title='bbox 1324 1048 1360 1069; x_wconf 88' lang='lat' dir='ltr'>ac</span> <span class='ocrx_word' id='word_1_324' title='bbox 1396 1038 1535 1080; x_wconf 86' lang='lat' dir='ltr'>pretium</span> <span class='ocrx_word' id='word_1_325' title='bbox 1566 1039 1639 1072; x_wconf 88' lang='lat' dir='ltr'>inde</span> <span class='ocrx_word' id='word_1_326' title='bbox 1665 1041 1831 1073; x_wconf 85' lang='lat' dir='ltr'>redactum</span> 
     </span>
     <span class='ocr_line' id='line_1_64' title="bbox 1095 1087 1832 1133; baseline 0.011 -14"><span class='ocrx_word' id='word_1_327' title='bbox 1095 1087 1213 1130; x_wconf 87' lang='lat' dir='ltr'>deponi</span> <span class='ocrx_word' id='word_1_328' title='bbox 1246 1089 1340 1121; x_wconf 82' lang='lat' dir='ltr'>facias</span> <span class='ocrx_word' id='word_1_329' title='bbox 1369 1101 1470 1133; x_wconf 86' lang='lat' dir='ltr'>penes</span> <span class='ocrx_word' id='word_1_330' title='bbox 1495 1092 1609 1125; x_wconf 88' lang='lat' dir='ltr'>aedem</span> <span class='ocrx_word' id='word_1_331' title='bbox 1635 1104 1757 1127; x_wconf 85' lang='lat' dir='ltr'>sacram</span> <span class='ocrx_word' id='word_1_332' title='bbox 1783 1095 1832 1127; x_wconf 88' lang='lat' dir='ltr'>vel</span> 
     </span>
     <span class='ocr_line' id='line_1_65' title="bbox 1095 1142 1832 1188; baseline 0.012 -16"><span class='ocrx_word' id='word_1_333' title='bbox 1095 1149 1267 1183; x_wconf 80' lang='lat' dir='ltr'>personam</span> <span class='ocrx_word' id='word_1_334' title='bbox 1292 1142 1354 1175; x_wconf 79' lang='lat' dir='ltr'>tide</span> <span class='ocrx_word' id='word_1_335' title='bbox 1380 1149 1410 1176; x_wconf 90' lang='lat' dir='ltr'>et</span> <span class='ocrx_word' id='word_1_336' title='bbox 1436 1145 1635 1179; x_wconf 78' lang='lat' dir='ltr'>facultatibus</span> <span class='ocrx_word' id='word_1_337' title='bbox 1669 1147 1832 1188; x_wconf 87' lang='lat' dir='ltr'>idoneam,</span> 
     </span>
     <span class='ocr_line' id='line_1_66' title="bbox 1095 1194 1832 1234; baseline 0.012 -9"><span class='ocrx_word' id='word_1_338' title='bbox 1095 1194 1137 1226; x_wconf 87' lang='lat' dir='ltr'>ita</span> <span class='ocrx_word' id='word_1_339' title='bbox 1155 1200 1190 1226; x_wconf 91' lang='lat' dir='ltr'>ut</span> <span class='ocrx_word' id='word_1_340' title='bbox 1215 1195 1290 1228; x_wconf 90' lang='lat' dir='ltr'>inde</span> <span class='ocrx_word' id='word_1_341' title='bbox 1317 1197 1443 1229; x_wconf 82' lang='lat' dir='ltr'>extrahi</span> <span class='ocrx_word' id='word_1_342' title='bbox 1462 1208 1517 1230; x_wconf 88' lang='lat' dir='ltr'>seu</span> <span class='ocrx_word' id='word_1_343' title='bbox 1535 1200 1676 1232; x_wconf 82' lang='lat' dir='ltr'>amoveri</span> <span class='ocrx_word' id='word_1_344' title='bbox 1702 1201 1832 1234; x_wconf 87' lang='lat' dir='ltr'>minime</span> 
     </span>
     <span class='ocr_line' id='line_1_67' title="bbox 1095 1248 1832 1288; baseline 0.011 -10"><span class='ocrx_word' id='word_1_345' title='bbox 1095 1248 1197 1288; x_wconf 84' lang='lat' dir='ltr'>possit</span> <span class='ocrx_word' id='word_1_346' title='bbox 1221 1248 1282 1280; x_wconf 83' lang='lat' dir='ltr'>nisi</span> <span class='ocrx_word' id='word_1_347' title='bbox 1299 1259 1370 1281; x_wconf 87' lang='lat' dir='ltr'>cum</span> <span class='ocrx_word' id='word_1_348' title='bbox 1387 1251 1546 1283; x_wconf 81' lang='lat' dir='ltr'>mandatis</span> <span class='ocrx_word' id='word_1_349' title='bbox 1560 1253 1754 1286; x_wconf 82' lang='lat' dir='ltr'>venerabilis</span> <span class='ocrx_word' id='word_1_350' title='bbox 1771 1254 1832 1286; x_wconf 82' lang='lat' dir='ltr'>sra-</span> 
     </span>
     <span class='ocr_line' id='line_1_68' title="bbox 1095 1300 1834 1349; baseline 0.012 -18"><span class='ocrx_word' id='word_1_351' title='bbox 1095 1300 1152 1331; x_wconf 87' lang='lat' dir='ltr'>tris</span> <span class='ocrx_word' id='word_1_352' title='bbox 1166 1300 1339 1341; x_wconf 87' lang='lat' dir='ltr'>Laurentii,</span> <span class='ocrx_word' id='word_1_353' title='bbox 1355 1303 1592 1347; x_wconf 88' lang='lat' dir='ltr'>archiepiscopi</span> <span class='ocrx_word' id='word_1_354' title='bbox 1607 1305 1834 1349; x_wconf 82' lang='lat' dir='ltr'>Carthaginen-</span> 
     </span>
     <span class='ocr_line' id='line_1_69' title="bbox 1096 1353 1833 1400; baseline 0.011 -16"><span class='ocrx_word' id='word_1_355' title='bbox 1096 1353 1147 1391; x_wconf 83' lang='lat' dir='ltr'>sis‚</span> <span class='ocrx_word' id='word_1_356' title='bbox 1174 1354 1319 1387; x_wconf 89' lang='lat' dir='ltr'>moderni</span> <span class='ocrx_word' id='word_1_357' title='bbox 1338 1366 1393 1388; x_wconf 82' lang='lat' dir='ltr'>seu</span> <span class='ocrx_word' id='word_1_358' title='bbox 1416 1367 1473 1398; x_wconf 90' lang='lat' dir='ltr'>pro</span> <span class='ocrx_word' id='word_1_359' title='bbox 1500 1362 1646 1400; x_wconf 87' lang='lat' dir='ltr'>tempore</span> <span class='ocrx_word' id='word_1_360' title='bbox 1665 1359 1833 1392; x_wconf 73' lang='lat' dir='ltr'>existentis</span> 
     </span>
     <span class='ocr_line' id='line_1_70' title="bbox 1096 1405 1857 1450; baseline 0.012 -13"><span class='ocrx_word' id='word_1_361' title='bbox 1096 1406 1196 1438; x_wconf 80' lang='lat' dir='ltr'>nostri</span> <span class='ocrx_word' id='word_1_362' title='bbox 1223 1412 1254 1440; x_wconf 90' lang='lat' dir='ltr'>et</span> <span class='ocrx_word' id='word_1_363' title='bbox 1280 1408 1483 1450; x_wconf 77' lang='lat' dir='ltr'>Apostolicae</span> <span class='ocrx_word' id='word_1_364' title='bbox 1512 1409 1601 1442; x_wconf 87' lang='lat' dir='ltr'>Sedis</span> <span class='ocrx_word' id='word_1_365' title='bbox 1631 1411 1662 1443; x_wconf 92' lang='lat' dir='ltr'>in</span> <span class='ocrx_word' id='word_1_366' title='bbox 1688 1405 1857 1446; x_wconf 59' lang='lat' dir='ltr'>dominio&#39;</span> 
     </span>
     <span class='ocr_line' id='line_1_71' title="bbox 1096 1459 1834 1508; baseline 0.011 -18"><span class='ocrx_word' id='word_1_367' title='bbox 1096 1459 1289 1492; x_wconf 78' lang='lat' dir='ltr'>Venetorum</span> <span class='ocrx_word' id='word_1_368' title='bbox 1306 1461 1414 1493; x_wconf 88' lang='lat' dir='ltr'>nuncii</span> <span class='ocrx_word' id='word_1_369' title='bbox 1432 1472 1527 1494; x_wconf 89' lang='lat' dir='ltr'>manu</span> <span class='ocrx_word' id='word_1_370' title='bbox 1553 1464 1743 1508; x_wconf 88' lang='lat' dir='ltr'>subscriptis</span> <span class='ocrx_word' id='word_1_371' title='bbox 1761 1476 1834 1498; x_wconf 88' lang='lat' dir='ltr'>cum</span> 
     </span>
     <span class='ocr_line' id='line_1_72' title="bbox 1096 1513 1835 1561; baseline 0.011 -18"><span class='ocrx_word' id='word_1_372' title='bbox 1096 1513 1303 1555; x_wconf 80' lang='lat' dir='ltr'>expressione</span> <span class='ocrx_word' id='word_1_373' title='bbox 1329 1524 1441 1547; x_wconf 80' lang='lat' dir='ltr'>causae</span> <span class='ocrx_word' id='word_1_374' title='bbox 1460 1519 1491 1547; x_wconf 88' lang='lat' dir='ltr'>et</span> <span class='ocrx_word' id='word_1_375' title='bbox 1508 1526 1583 1547; x_wconf 89' lang='lat' dir='ltr'>usus</span> <span class='ocrx_word' id='word_1_376' title='bbox 1609 1516 1641 1548; x_wconf 87' lang='lat' dir='ltr'>in</span> <span class='ocrx_word' id='word_1_377' title='bbox 1667 1528 1763 1560; x_wconf 88' lang='lat' dir='ltr'>quem</span> <span class='ocrx_word' id='word_1_378' title='bbox 1780 1529 1835 1561; x_wconf 88' lang='lat' dir='ltr'>pe-</span> 
     </span>
     <span class='ocr_line' id='line_1_73' title="bbox 1096 1564 1834 1612; baseline 0.009 -16"><span class='ocrx_word' id='word_1_379' title='bbox 1096 1564 1191 1597; x_wconf 87' lang='lat' dir='ltr'>cunia</span> <span class='ocrx_word' id='word_1_380' title='bbox 1225 1567 1286 1599; x_wconf 88' lang='lat' dir='ltr'>erit</span> <span class='ocrx_word' id='word_1_381' title='bbox 1319 1568 1493 1609; x_wconf 83' lang='lat' dir='ltr'>eroganda,</span> <span class='ocrx_word' id='word_1_382' title='bbox 1522 1568 1575 1611; x_wconf 90' lang='lat' dir='ltr'>qui</span> <span class='ocrx_word' id='word_1_383' title='bbox 1602 1570 1733 1612; x_wconf 89' lang='lat' dir='ltr'>quidem</span> <span class='ocrx_word' id='word_1_384' title='bbox 1758 1582 1834 1603; x_wconf 88' lang='lat' dir='ltr'>usus</span> 
     </span>
     <span class='ocr_line' id='line_1_74' title="bbox 1096 1619 1835 1664; baseline 0.009 -14"><span class='ocrx_word' id='word_1_385' title='bbox 1096 1629 1161 1651; x_wconf 89' lang='lat' dir='ltr'>non</span> <span class='ocrx_word' id='word_1_386' title='bbox 1187 1619 1229 1651; x_wconf 87' lang='lat' dir='ltr'>sit</span> <span class='ocrx_word' id='word_1_387' title='bbox 1253 1620 1334 1653; x_wconf 83' lang='lat' dir='ltr'>alius</span> <span class='ocrx_word' id='word_1_388' title='bbox 1354 1631 1450 1664; x_wconf 85' lang='lat' dir='ltr'>quam</span> <span class='ocrx_word' id='word_1_389' title='bbox 1470 1632 1528 1664; x_wconf 91' lang='lat' dir='ltr'>pro</span> <span class='ocrx_word' id='word_1_390' title='bbox 1554 1622 1699 1656; x_wconf 86' lang='lat' dir='ltr'>subsidio</span> <span class='ocrx_word' id='word_1_391' title='bbox 1713 1629 1744 1657; x_wconf 87' lang='lat' dir='ltr'>et</span> <span class='ocrx_word' id='word_1_392' title='bbox 1762 1625 1835 1657; x_wconf 88' lang='lat' dir='ltr'>sub-</span> 
     </span>
     <span class='ocr_line' id='line_1_75' title="bbox 1096 1671 1743 1717; baseline 0.009 -14"><span class='ocrx_word' id='word_1_393' title='bbox 1096 1671 1247 1704; x_wconf 80' lang='lat' dir='ltr'>ventione</span> <span class='ocrx_word' id='word_1_394' title='bbox 1280 1684 1315 1705; x_wconf 86' lang='lat' dir='ltr'>ac</span> <span class='ocrx_word' id='word_1_395' title='bbox 1333 1674 1542 1717; x_wconf 83' lang='lat' dir='ltr'>expeditione</span> <span class='ocrx_word' id='word_1_396' title='bbox 1560 1676 1743 1710; x_wconf 86' lang='lat' dir='ltr'>antedictis.</span> 
     </span>
    </p>
   </div>
   <div class='ocr_carea' id='block_1_8' title="bbox 1079 1229 1094 1244">
    <p class='ocr_par' dir='ltr' id='par_1_9' title="bbox 1079 1229 1094 1244">
     <span class='ocr_line' id='line_1_76' title="bbox 1079 1229 1094 1244; baseline 0 0"><span class='ocrx_word' id='word_1_397' title='bbox 1079 1229 1094 1244; x_wconf 70' lang='grc' dir='ltr'>Ο</span> 
     </span>
    </p>
   </div>
   <div class='ocr_carea' id='block_1_9' title="bbox 1140 1724 2028 1771">
    <p class='ocr_par' dir='ltr' id='par_1_10' title="bbox 1140 1724 2028 1771">
     <span class='ocr_line' id='line_1_77' title="bbox 1140 1724 2028 1771; baseline 0.005 -14"><span class='ocrx_word' id='word_1_398' title='bbox 1140 1725 1154 1768; x_wconf 65' lang='lat'>5</span> <span class='ocrx_word' id='word_1_399' title='bbox 1179 1724 1209 1758; x_wconf 80' lang='lat'>3.</span> <span class='ocrx_word' id='word_1_400' title='bbox 1238 1725 1455 1759; x_wconf 84' lang='lat' dir='ltr'>Decernentes</span> <span class='ocrx_word' id='word_1_401' title='bbox 1488 1728 1620 1760; x_wconf 86' lang='lat' dir='ltr'>easdem</span> <span class='ocrx_word' id='word_1_402' title='bbox 1645 1735 1833 1771; x_wconf 83' lang='lat' dir='ltr'>praesentes</span> <span class='ocrx_word' id='word_1_403' title='bbox 1846 1735 2028 1761; x_wconf 63' lang='lat' dir='ltr'>Ctausulaenrau-</span> 
     </span>
    </p>
   </div>
   <div class='ocr_carea' id='block_1_10' title="bbox 1845 1766 1972 1784">
    <p class='ocr_par' dir='ltr' id='par_1_11' title="bbox 1845 1766 1972 1784">
     <span class='ocr_line' id='line_1_78' title="bbox 1845 1766 1972 1784; baseline 0.016 -2"><span class='ocrx_word' id='word_1_404' title='bbox 1845 1766 1972 1784; x_wconf 62' lang='grc' dir='ltr'>ΞΕΙὟΞΔΙΙῊΝ-</span> 
     </span>
    </p>
   </div>
   <div class='ocr_carea' id='block_1_11' title="bbox 1096 1778 1839 2673">
    <p class='ocr_par' dir='ltr' id='par_1_12' title="bbox 1096 1778 1839 2673">
     <span class='ocr_line' id='line_1_79' title="bbox 1096 1778 1835 1822; baseline 0.008 -12"><span class='ocrx_word' id='word_1_405' title='bbox 1096 1778 1221 1811; x_wconf 84' lang='lat' dir='ltr'>litteras</span> <span class='ocrx_word' id='word_1_406' title='bbox 1247 1789 1376 1822; x_wconf 85' lang='lat' dir='ltr'>semper</span> <span class='ocrx_word' id='word_1_407' title='bbox 1401 1779 1529 1820; x_wconf 84' lang='lat' dir='ltr'>firmas,</span> <span class='ocrx_word' id='word_1_408' title='bbox 1560 1782 1682 1814; x_wconf 81' lang='lat' dir='ltr'>validas</span> <span class='ocrx_word' id='word_1_409' title='bbox 1713 1788 1745 1815; x_wconf 89' lang='lat' dir='ltr'>et</span> <span class='ocrx_word' id='word_1_410' title='bbox 1770 1783 1835 1816; x_wconf 84' lang='lat' dir='ltr'>effi-</span> 
     </span>
     <span class='ocr_line' id='line_1_80' title="bbox 1097 1832 1836 1879; baseline 0.008 -16"><span class='ocrx_word' id='word_1_411' title='bbox 1097 1842 1190 1864; x_wconf 87' lang='lat' dir='ltr'>caces</span> <span class='ocrx_word' id='word_1_412' title='bbox 1223 1832 1362 1865; x_wconf 82' lang='lat' dir='ltr'>existere</span> <span class='ocrx_word' id='word_1_413' title='bbox 1388 1839 1419 1865; x_wconf 88' lang='lat' dir='ltr'>et</span> <span class='ocrx_word' id='word_1_414' title='bbox 1443 1833 1526 1873; x_wconf 85' lang='lat' dir='ltr'>sore,</span> <span class='ocrx_word' id='word_1_415' title='bbox 1552 1845 1657 1878; x_wconf 88' lang='lat' dir='ltr'>neque</span> <span class='ocrx_word' id='word_1_416' title='bbox 1683 1836 1742 1868; x_wconf 88' lang='lat' dir='ltr'>sub</span> <span class='ocrx_word' id='word_1_417' title='bbox 1769 1837 1836 1879; x_wconf 91' lang='lat' dir='ltr'>qui-</span> 
     </span>
     <span class='ocr_line' id='line_1_81' title="bbox 1096 1883 1836 1929; baseline 0.007 -12"><span class='ocrx_word' id='word_1_418' title='bbox 1096 1884 1204 1917; x_wconf 72' lang='lat' dir='ltr'>busvis</span> <span class='ocrx_word' id='word_1_419' title='bbox 1235 1885 1387 1918; x_wconf 81' lang='lat' dir='ltr'>similium</span> <span class='ocrx_word' id='word_1_420' title='bbox 1419 1883 1673 1929; x_wconf 84' lang='lat' dir='ltr'>applicationum</span> <span class='ocrx_word' id='word_1_421' title='bbox 1705 1899 1836 1922; x_wconf 78' lang='lat' dir='ltr'>revoca-</span> 
     </span>
     <span class='ocr_line' id='line_1_82' title="bbox 1097 1937 1832 1983; baseline 0.007 -14"><span class='ocrx_word' id='word_1_422' title='bbox 1097 1937 1248 1978; x_wconf 85' lang='lat' dir='ltr'>tionibus,</span> <span class='ocrx_word' id='word_1_423' title='bbox 1269 1939 1548 1982; x_wconf 75' lang='lat' dir='ltr'>suspensionilnis,</span> <span class='ocrx_word' id='word_1_424' title='bbox 1572 1940 1832 1983; x_wconf 88' lang='lat' dir='ltr'>limitationibus,</span> 
     </span>
     <span class='ocr_line' id='line_1_83' title="bbox 1097 1991 1835 2036; baseline 0.005 -13"><span class='ocrx_word' id='word_1_425' title='bbox 1097 1991 1233 2034; x_wconf 86' lang='lat' dir='ltr'>aliisque</span> <span class='ocrx_word' id='word_1_426' title='bbox 1267 1992 1438 2025; x_wconf 81' lang='lat' dir='ltr'>contrariis</span> <span class='ocrx_word' id='word_1_427' title='bbox 1475 1993 1740 2036; x_wconf 84' lang='lat' dir='ltr'>dispositionibus</span> <span class='ocrx_word' id='word_1_428' title='bbox 1777 2006 1835 2027; x_wconf 74' lang='lat' dir='ltr'>un-</span> 
     </span>
     <span class='ocr_line' id='line_1_84' title="bbox 1098 2045 1832 2090; baseline 0.007 -15"><span class='ocrx_word' id='word_1_429' title='bbox 1098 2055 1193 2087; x_wconf 87' lang='lat' dir='ltr'>quam</span> <span class='ocrx_word' id='word_1_430' title='bbox 1230 2045 1465 2087; x_wconf 86' lang='lat' dir='ltr'>comprehendi</span> <span class='ocrx_word' id='word_1_431' title='bbox 1495 2051 1549 2078; x_wconf 82' lang='lat' dir='ltr'>aut</span> <span class='ocrx_word' id='word_1_432' title='bbox 1581 2048 1832 2090; x_wconf 85' lang='lat' dir='ltr'>comprehensas</span> 
     </span>
     <span class='ocr_line' id='line_1_85' title="bbox 1097 2097 1834 2143; baseline 0.003 -14"><span class='ocrx_word' id='word_1_433' title='bbox 1097 2098 1235 2137; x_wconf 86' lang='lat' dir='ltr'>censeri,</span> <span class='ocrx_word' id='word_1_434' title='bbox 1253 2097 1310 2130; x_wconf 88' lang='lat' dir='ltr'>sed</span> <span class='ocrx_word' id='word_1_435' title='bbox 1335 2108 1466 2141; x_wconf 89' lang='lat' dir='ltr'>semper</span> <span class='ocrx_word' id='word_1_436' title='bbox 1483 2099 1521 2131; x_wconf 91' lang='lat' dir='ltr'>ab</span> <span class='ocrx_word' id='word_1_437' title='bbox 1540 2099 1603 2131; x_wconf 84' lang='lat' dir='ltr'>illis</span> <span class='ocrx_word' id='word_1_438' title='bbox 1625 2106 1783 2143; x_wconf 82' lang='lat' dir='ltr'>exceptas,</span> <span class='ocrx_word' id='word_1_439' title='bbox 1802 2105 1834 2133; x_wconf 85' lang='lat' dir='ltr'>et</span> 
     </span>
     <span class='ocr_line' id='line_1_86' title="bbox 1098 2150 1834 2196; baseline 0.004 -14"><span class='ocrx_word' id='word_1_440' title='bbox 1098 2151 1225 2194; x_wconf 87' lang='lat' dir='ltr'>quoties</span> <span class='ocrx_word' id='word_1_441' title='bbox 1249 2150 1324 2184; x_wconf 88' lang='lat' dir='ltr'>illae</span> <span class='ocrx_word' id='word_1_442' title='bbox 1351 2152 1562 2192; x_wconf 86' lang='lat' dir='ltr'>emanabunt,</span> <span class='ocrx_word' id='word_1_443' title='bbox 1589 2153 1684 2185; x_wconf 87' lang='lat' dir='ltr'>toties</span> <span class='ocrx_word' id='word_1_444' title='bbox 1709 2153 1741 2185; x_wconf 91' lang='lat' dir='ltr'>in</span> <span class='ocrx_word' id='word_1_445' title='bbox 1769 2154 1834 2196; x_wconf 86' lang='lat' dir='ltr'>pri-</span> 
     </span>
     <span class='ocr_line' id='line_1_87' title="bbox 1097 2204 1834 2247; baseline 0.004 -11"><span class='ocrx_word' id='word_1_446' title='bbox 1097 2204 1216 2236; x_wconf 89' lang='lat' dir='ltr'>stinum</span> <span class='ocrx_word' id='word_1_447' title='bbox 1233 2210 1265 2237; x_wconf 87' lang='lat' dir='ltr'>et</span> <span class='ocrx_word' id='word_1_448' title='bbox 1277 2204 1508 2237; x_wconf 83' lang='lat' dir='ltr'>validissimum</span> <span class='ocrx_word' id='word_1_449' title='bbox 1528 2210 1647 2238; x_wconf 87' lang='lat' dir='ltr'>statum</span> <span class='ocrx_word' id='word_1_450' title='bbox 1662 2206 1834 2247; x_wconf 87' lang='lat' dir='ltr'>restitutas,</span> 
     </span>
     <span class='ocr_line' id='line_1_88' title="bbox 1097 2258 1836 2302; baseline 0.003 -12"><span class='ocrx_word' id='word_1_451' title='bbox 1097 2258 1256 2300; x_wconf 85' lang='lat' dir='ltr'>repositas</span> <span class='ocrx_word' id='word_1_452' title='bbox 1292 2263 1323 2290; x_wconf 86' lang='lat' dir='ltr'>et</span> <span class='ocrx_word' id='word_1_453' title='bbox 1353 2258 1499 2301; x_wconf 86' lang='lat' dir='ltr'>plenarie</span> <span class='ocrx_word' id='word_1_454' title='bbox 1532 2258 1766 2302; x_wconf 81' lang='lat' dir='ltr'>reintegratas,</span> <span class='ocrx_word' id='word_1_455' title='bbox 1800 2270 1836 2292; x_wconf 85' lang='lat' dir='ltr'>ac</span> 
     </span>
     <span class='ocr_line' id='line_1_89' title="bbox 1098 2304 1837 2355; baseline 0.003 -12"><span class='ocrx_word' id='word_1_456' title='bbox 1098 2311 1195 2343; x_wconf 88' lang='lat' dir='ltr'>etiam</span> <span class='ocrx_word' id='word_1_457' title='bbox 1221 2311 1280 2343; x_wconf 87' lang='lat' dir='ltr'>sub</span> <span class='ocrx_word' id='word_1_458' title='bbox 1299 2304 1474 2354; x_wconf 86' lang='lat' dir='ltr'>posteriori</span> <span class='ocrx_word' id='word_1_459' title='bbox 1496 2311 1568 2344; x_wconf 76' lang='lat' dir='ltr'>data</span> <span class='ocrx_word' id='word_1_460' title='bbox 1592 2322 1650 2354; x_wconf 86' lang='lat' dir='ltr'>per</span> <span class='ocrx_word' id='word_1_461' title='bbox 1675 2313 1837 2355; x_wconf 84' lang='lat' dir='ltr'>praefatos</span> 
     </span>
     <span class='ocr_line' id='line_1_90' title="bbox 1099 2363 1836 2408; baseline 0.004 -13"><span class='ocrx_word' id='word_1_462' title='bbox 1099 2363 1213 2396; x_wconf 86' lang='lat' dir='ltr'>ducem</span> <span class='ocrx_word' id='word_1_463' title='bbox 1238 2370 1270 2396; x_wconf 86' lang='lat' dir='ltr'>et</span> <span class='ocrx_word' id='word_1_464' title='bbox 1295 2364 1542 2407; x_wconf 85' lang='lat' dir='ltr'>Rempublicam</span> <span class='ocrx_word' id='word_1_465' title='bbox 1567 2366 1836 2408; x_wconf 83' lang='lat' dir='ltr'>quandocumque</span> 
     </span>
     <span class='ocr_line' id='line_1_91' title="bbox 1099 2417 1836 2461; baseline 0.003 -12"><span class='ocrx_word' id='word_1_466' title='bbox 1099 2417 1250 2459; x_wconf 75' lang='lat' dir='ltr'>eligenda</span> <span class='ocrx_word' id='word_1_467' title='bbox 1285 2417 1323 2450; x_wconf 87' lang='lat' dir='ltr'>de</span> <span class='ocrx_word' id='word_1_468' title='bbox 1360 2427 1443 2450; x_wconf 83' lang='lat' dir='ltr'>novo</span> <span class='ocrx_word' id='word_1_469' title='bbox 1481 2428 1651 2450; x_wconf 87' lang='lat' dir='ltr'>concessas</span> <span class='ocrx_word' id='word_1_470' title='bbox 1676 2418 1836 2461; x_wconf 81' lang='lat' dir='ltr'>intelligi,</span> 
     </span>
     <span class='ocr_line' id='line_1_92' title="bbox 1099 2470 1839 2514; baseline 0.003 -12"><span class='ocrx_word' id='word_1_471' title='bbox 1099 2481 1238 2513; x_wconf 79' lang='lat' dir='ltr'>suosque</span> <span class='ocrx_word' id='word_1_472' title='bbox 1263 2470 1429 2513; x_wconf 85' lang='lat' dir='ltr'>plenarios</span> <span class='ocrx_word' id='word_1_473' title='bbox 1462 2476 1493 2503; x_wconf 88' lang='lat' dir='ltr'>et</span> <span class='ocrx_word' id='word_1_474' title='bbox 1528 2470 1673 2514; x_wconf 77' lang='lat' dir='ltr'>integros</span> <span class='ocrx_word' id='word_1_475' title='bbox 1708 2471 1839 2504; x_wconf 79' lang='lat' dir='ltr'>effectus</span> 
     </span>
     <span class='ocr_line' id='line_1_93' title="bbox 1098 2522 1839 2562; baseline 0.003 -8"><span class='ocrx_word' id='word_1_476' title='bbox 1098 2522 1207 2555; x_wconf 81' lang='lat' dir='ltr'>sortiri</span> <span class='ocrx_word' id='word_1_477' title='bbox 1233 2529 1265 2555; x_wconf 88' lang='lat' dir='ltr'>et</span> <span class='ocrx_word' id='word_1_478' title='bbox 1289 2522 1458 2562; x_wconf 85' lang='lat' dir='ltr'>obtinere,</span> <span class='ocrx_word' id='word_1_479' title='bbox 1489 2534 1525 2555; x_wconf 83' lang='lat' dir='ltr'>ac</span> <span class='ocrx_word' id='word_1_480' title='bbox 1557 2524 1680 2556; x_wconf 85' lang='lat' dir='ltr'>eisdem</span> <span class='ocrx_word' id='word_1_481' title='bbox 1710 2524 1781 2556; x_wconf 85' lang='lat' dir='ltr'>duci</span> <span class='ocrx_word' id='word_1_482' title='bbox 1808 2529 1839 2556; x_wconf 91' lang='lat' dir='ltr'>et</span> 
     </span>
     <span class='ocr_line' id='line_1_94' title="bbox 1098 2574 1837 2619; baseline -0.001 -12"><span class='ocrx_word' id='word_1_483' title='bbox 1098 2574 1317 2618; x_wconf 81' lang='lat' dir='ltr'>Reipublicae,</span> <span class='ocrx_word' id='word_1_484' title='bbox 1337 2586 1373 2608; x_wconf 86' lang='lat' dir='ltr'>ac</span> <span class='ocrx_word' id='word_1_485' title='bbox 1397 2574 1470 2615; x_wconf 74' lang='lat' dir='ltr'>illiS,</span> <span class='ocrx_word' id='word_1_486' title='bbox 1489 2575 1528 2608; x_wconf 82' lang='lat' dir='ltr'>ad</span> <span class='ocrx_word' id='word_1_487' title='bbox 1554 2586 1634 2618; x_wconf 88' lang='lat' dir='ltr'>quos</span> <span class='ocrx_word' id='word_1_488' title='bbox 1659 2581 1783 2619; x_wconf 83' lang='lat' dir='ltr'>spectat</span> <span class='ocrx_word' id='word_1_489' title='bbox 1807 2581 1837 2607; x_wconf 90' lang='lat' dir='ltr'>et</span> 
     </span>
     <span class='ocr_line' id='line_1_95' title="bbox 1096 2629 1837 2673; baseline -0.001 -13"><span class='ocrx_word' id='word_1_490' title='bbox 1096 2639 1155 2672; x_wconf 87' lang='lat' dir='ltr'>pro</span> <span class='ocrx_word' id='word_1_491' title='bbox 1188 2634 1331 2665; x_wconf 83' lang='lat' dir='ltr'>tempore</span> <span class='ocrx_word' id='word_1_492' title='bbox 1364 2629 1546 2673; x_wconf 80' lang='lat' dir='ltr'>spectabit,</span> <span class='ocrx_word' id='word_1_493' title='bbox 1572 2629 1603 2661; x_wconf 91' lang='lat' dir='ltr'>in</span> <span class='ocrx_word' id='word_1_494' title='bbox 1629 2629 1778 2662; x_wconf 77' lang='lat' dir='ltr'>omnibus</span> <span class='ocrx_word' id='word_1_495' title='bbox 1805 2634 1837 2660; x_wconf 87' lang='lat' dir='ltr'>et</span> 
     </span>
    </p>
   </div>
   <div class='ocr_carea' id='block_1_12' title="bbox 1072 1039 1079 2669">
    <p class='ocr_par' dir='ltr' id='par_1_13' title="bbox 1072 1039 1079 2669">
     <span class='ocr_line' id='line_1_96' title="bbox 1072 1039 1079 2669; baseline 0 0"><span class='ocrx_word' id='word_1_496' title='bbox 1072 1039 1079 2669; x_wconf 95' lang='lat' dir='ltr'> </span> 
     </span>
    </p>
   </div>
  </div>
 </body>
</html>
