2247 3208
188 222 238 250 An.
252 221 283 249 c.
303 220 372 249 1663
417 211 480 245 186

212 800 352 827 supplicatio.

207 1479 319 1500 Decretum
329 1486 363 1501 sa-

180 1511 231 1535 crae
250 1512 362 1533 congrega-

180 1534 250 1553 tionis.

384 278 459 311 pars
494 271 542 299 est
576 264 844 303 Mendicantiuin,
877 273 913 296 ex
944 263 1059 306 quibus
1085 267 1117 295 et

385 321 544 353 seculares
561 318 651 350 valde
670 320 848 358 gravantur,
868 320 900 348 et
917 315 1116 358 quampluri-

383 383 453 405 mae
472 372 512 403 ob
538 379 691 401 novarum
718 368 943 400 fundationum
965 372 1117 410 praeten-

382 424 499 462 siones,
524 420 715 464 praesertim
740 421 874 453 fratrum
894 420 1116 462 Cappuceino-

383 485 461 515 rum,
487 474 742 512 Carmelitarum,
768 472 1022 510 Trinitariorurn,
1047 471 1116 503 Dis-

383 528 599 560 calceatorum
629 531 660 558 et
683 526 841 565 aliorum,
868 530 931 556 tam
956 524 1042 556 inter
1066 533 1132 556 se-÷

383 581 507 613 culares
532 590 626 622 quam
658 579 742 611 inter
774 579 939 619 regulares
969 577 1116 610 oriuntur

383 632 582 672 discordiae,
615 641 688 664 cum
719 630 857 663 maximo
882 630 1039 672 regularis
1069 629 1116 661 di-

383 684 539 727 sciplinae
565 683 770 723 detrimento,
797 694 833 715 ac
859 683 955 714 etiam
979 683 1116 725 populo-

383 748 453 770 rum
477 736 640 769 scandalo:

426 791 441 833 ξ
480 789 510 821 1.
547 789 685 831 Ideoque
717 788 957 831 congregationi
990 787 1116 830 praedi-

383 848 450 875 ctae
469 842 645 884 supplicato
669 847 704 874 ut
727 842 892 874 ordinaret
908 851 947 872 ne
973 840 1006 872 in
1024 840 1115 873 dictis

382 895 566 938 provinciis,
592 905 647 927 seu
672 904 783 936 regno,
807 895 890 926 ullus
922 898 1113 932 conventus,

382 949 503 987 domus,
529 947 593 979 sive
621 946 795 988 hospitium
820 946 952 977 fratrum
978 944 1115 987 Cappuc-

381 1000 535 1040 cinornm,
561 998 801 1032 Carmelitarum
814 1025 821 1037 ,
847 997 1091 1029 Trinitariorum
1105 1023 1112 1036 ,

380 1053 444 1085 sive
470 1051 685 1094 quorumlibet
709 1050 913 1091 regularium,
935 1049 1019 1081 intra
1042 1060 1114 1092 spa-

380 1105 459 1137 tium
492 1109 626 1146 quatuor
652 1104 700 1135 vel
733 1102 873 1144 quinque
905 1103 1065 1134 leucarum
1097 1112 1113 1134 3

379 1157 443 1189 iam
468 1155 606 1188 fundatis
631 1155 807 1196 erigeretur
824 1155 943 1196 absque
964 1156 1113 1196 expressa

379 1209 469 1241 Sedis
494 1208 695 1251 Apostolicae
720 1207 858 1247 licentia,
884 1212 978 1250 prout
994 1207 1027 1239 in
1044 1217 1112 1249 pro-

378 1261 490 1293 vinciis
514 1260 678 1302 Burgcnsi,
705 1259 907 1300 Granatensi,
932 1259 1110 1301 Aragoniac

379 1319 410 1346 ct
434 1312 631 1346 Maioricensi
657 1312 803 1345 similiter
827 1311 1009 1345 ordinatum
1033 1312 1110 1344 suit:

379 1365 536 1397 emanavit
568 1366 606 1398 ab
637 1366 748 1398 eadem
784 1364 1032 1407 congregatiOne
1057 1365 1111 1397 de-

379 1423 499 1450 cretum
525 1418 643 1450 tenoris
669 1418 720 1460 qui
748 1417 909 1459 sequitur,
935 1417 1107 1450 videlicet:

422 1473 436 1514 g
461 1471 492 1503 2.
523 1484 535 1502 (1
562 1471 655 1503 Sacra
679 1471 883 1512 congregatio
904 1470 1127 1503 011111101111551-1

378 1535 503 1557 morum
534 1524 564 1556 S.
600 1524 636 1556 R.
668 1524 702 1556 E.
733 1523 941 1556 cardinalium
974 1523 1110 1566 negotiis

378 1584 408 1611 et
433 1577 718 1610 consultationibus
750 1577 972 1619 episcoporum
1002 1582 1032 1608 et
1060 1586 1110 1608 re—

378 1630 535 1672 gularium
569 1629 766 1672 praeposita,
793 1629 920 1661 attentis
953 1628 1107 1668 narratis,

377 1683 500 1716 censuit
524 1688 555 1715 et
580 1682 719 1715 decrevit
744 1682 931 1714 servandam
955 1692 1023 1714 0550
1049 1682 1110 1713 sor-

377 1747 459 1768 mam
488 1740 519 1767 et
544 1734 786 1778 dispositionem
811 1734 975 1767 memorati
1002 1734 1108 1769 Brevis

376 1793 502 1820 sanctae
527 1786 699 1819 memoriae
729 1786 900 1819 Clementis
924 1786 987 1818 Vllt
1013 1787 1106 1819 0113111

375 1839 408 1872 111
433 1839 602 1882 provinciis
620 1839 781 1871 Valentiae
809 1839 1050 1872 observantium
1079 1846 1109 1872 et

375 1892 406 1925 S.
435 1891 559 1924 Ioannis
580 1891 741 1934 Baptistae
762 1891 1028 1924 Discalceatorum
1052 1891 1108 1924 Or-

376 1944 459 1976 dinis
499 1944 704 1976 huiusmodi:
747 1949 840 1986 atque
879 1944 923 1976 ita
960 1945 1108 1977 fratribus

376 1997 544 2030 cuiuslibet
568 1997 693 2029 Ordinis
718 1997 926 2030 Mendieantis
956 2008 1109 2031 novorum

376 2055 596 2089 conventuum,
624 2050 834 2092 hospitiorum
852 2061 906 2082 seu
931 2051 1106 2091 domorum,
1123 2053 1125 2091 3

376 2108 408 2136 et
432 2103 489 2134 sub
515 2102 624 2144 quovis
656 2103 747 2135 titulo
780 2103 1014 2135 habitationum
1038 2114 1109 2146 per-

376 2154 573 2187 manentium
597 2155 790 2187 erectionem
816 2156 934 2197 absque
960 2155 1050 2188 Sedis
1070 2156 1109 2188 Α·

376 2206 550 2249 postolicae
577 2206 704 2238 licentia
729 2212 838 2238 contra
863 2212 1007 2239 tenorem
1033 2207 1107 2239 dicti

376 2258 482 2291 Brevis
507 2264 538 2290 et
570 2259 814 2301 apostolicarum
847 2260 1108 2292 constitutionum

375 2310 408 2343 in
433 2310 603 2353 praedictis
627 2310 799 2353 provinciis
832 2321 901 2343 csse
932 2312 1108 2354 prohiben-

377 2364 449 2396 dam
467 2368 498 2395 et
521 2363 785 2404 interdicendam,
806 2369 901 2406 prout
929 2365 1042 2397 harum
1064 2375 1108 2397 50-

375 2415 421 2449 110
435 2415 586 2459 prohibet
610 2420 641 2448 et
664 2416 834 2457 interdicit,
853 2418 1025 2450 contrariis
1039 2418 1108 2460 qui-

376 2470 579 2512 buscumque
598 2480 661 2502 non
681 2470 889 2502 obstantibus.

421 2523 538 2556 Romae
555 2533 617 2556 xxn
642 2522 719 2554 iunii
744 2533 899 2556 iibCinn.

610 2576 649 2608 M.
669 2575 837 2610 cardinalis
854 2576 1012 2610 GffiETrus
1029 2589 1059 2609 ».

964 215 1144 240 BULLARIUM
1167 214 1319 240 ROMANUM

1897 213 1946 240 An.
1961 213 1992 240 G.
2013 213 2078 240 1663

1192 262 1206 305 ἓ
1230 262 1262 295 3.
1290 262 1366 295 Cum
1391 267 1513 303 autern,
1539 264 1620 296 sicut
1644 264 1745 296 dictus
1769 263 1880 295 Petrus
1896 273 2005 293 Decretum
2017 278 2077 299 pm-

1148 314 1240 347 nobis
1264 325 1368 357 nuper
1389 315 1504 358 exponi
1526 316 1607 355 feeit,
1629 316 1696 359 ipse
1714 317 1880 349 decretum
1895 298 2077 346 ssi‘tmmmttffssf*

1149 366 1347 406 huiusmodi,
1375 377 1433 409 pro
1459 367 1590 400 firmiori
1605 368 1689 400 illius
1704 368 1882 401 subsisten-

1150 418 1191 450 tia
1216 424 1247 451 et
1271 418 1508 459 observatione,
1541 420 1740 462 apostolicae
1765 420 1881 453 contir-

1147 471 1298 503 mationis
1314 476 1445 503 nostrae
1464 472 1577 504 robore
1592 472 1782 505 communiri
1801 484 1881 506 sum-

1148 533 1279 566 mopere
1305 524 1490 556 desideret:
1518 535 1594 564 nos,
1621 525 1729 567 ipsum
1754 525 1880 559 Petrum

1148 576 1343 619 specialibus
1362 576 1525 609 favoribus
1548 582 1580 608 et
1599 577 1709 619 gratiis
1723 579 1880 621 prosequi

1147 630 1304 669 volentes,
1324 635 1355 662 01
1385 641 1402 662 3
1435 630 1602 673 quibusvis
1624 631 1882 664 excommunica-

1129 682 1254 721 tionis,
1277 683 1504 725 suspensionis
1530 688 1562 715 et
1585 683 1766 722 interdicti,
1794 684 1881 716 aliis-

1148 744 1210 775 que
1226 734 1454 766 ecclesiasticis
1476 735 1657 775 sententiis,
1681 735 1829 768 censuris
1848 741 1880 768 et

1147 786 1272 828 poeniS,
1289 797 1306 818 a
1326 786 1396 819 iure
1414 788 1464 820 vel
1479 787 1517 819 ab
1536 788 1679 827 homine,
1699 789 1807 830 quavis
1832 799 1880 821 oc-

1147 838 1274 871 casione
1297 840 1345 871 vel
1372 842 1464 872 causa
1488 841 1576 880 latis,
1603 841 1627 873 si
1661 841 1775 883 quibus
1804 851 1880 883 quo-

1147 891 1324 923 modolibet
1359 891 1528 924 innodatus
1565 893 1690 932 existit,
1724 893 1763 925 ad
1796 892 1876 926 effe-

1147 947 1233 974 ctum
1252 945 1477 985 praesentium
1492 946 1658 977 dumtaxat
1675 956 1880 988 consequen-

1147 994 1240 1034 dum,
1269 995 1385 1027 harum
1402 997 1487 1028 serie
1507 997 1715 1029 absolventes
1734 1002 1765 1029 et
1789 998 1879 1030 abso-

1146 1047 1251 1079 lutum
1275 1046 1345 1079 fore
1364 1052 1554 1087 censentes,
1582 1048 1877 1091 supplicationibus

1145 1099 1215 1131 eius
1236 1099 1368 1132 nomine
1394 1099 1488 1132 nobis
1507 1110 1607 1143 super
1625 1100 1688 1133 hoc
1709 1100 1878 1134 humiliter

1144 1152 1306 1193 porrectis
1331 1151 1490 1191 inclinati,
1511 1152 1679 1184 decretum
1693 1153 1879 1195 praeinser-

1145 1210 1224 1245 turn,
1235 1205 1428 1249 auctoritate
1443 1206 1640 1248 apostolica,
1658 1211 1774 1239 tenore
1788 1217 1878 1250 prae-

1127 1258 1304 1297 sentium,
1331 1257 1562 1291 confirmamus
1588 1264 1620 1291 et
1644 1260 1876 1302 approbamus,

1126 1311 1127 1318 ¹
1144 1310 1256 1352 illique
1282 1310 1478 1343 inviolabilis
1497 1311 1696 1354 apostolicae
1713 1311 1876 1345 firmitatis

1144 1362 1246 1394 robur
1270 1362 1460 1403 adiiciinus;
1488 1364 1576 1396 salva
1611 1369 1720 1397 tamen
1745 1375 1878 1408 semper

1143 1415 1176 1447 in
1190 1416 1381 1458 praemissis
1396 1417 1591 1449 auctoritate
1605 1418 1793 1460 praedictae
1806 1428 1878 1451 con-

1144 1470 1345 1511 gregationis
1371 1470 1598 1503 cardinalium.

1186 1522 1201 1563 ξ
1235 1522 1266 1554 4.
1302 1522 1524 1555 Decernentes
1557 1523 1690 1556 easdem
1720 1533 1878 1566 praesen-

1143 1580 1191 1607 tes
1224 1575 1351 1607 litteras
1385 1586 1518 1618 semper
1541 1575 1671 1616 sirmas,
1697 1576 1820 1609 validas
1846 1582 1878 1609 et

1143 1625 1291 1659 efficaces
1317 1627 1458 1660 existere
1485 1632 1517 1660 et
1542 1628 1624 1668 sore,
1647 1638 1790 1671 suosque
1808 1629 1878 1671 ple-

1141 1680 1251 1712 narios
1284 1685 1316 1712 et
1350 1680 1498 1723 integros
1532 1680 1666 1714 effectus
1700 1681 1812 1714 sortiri
1846 1686 1879 1714 et

1142 1733 1311 1773 obtinere,
1338 1744 1374 1765 ac
1399 1734 1437 1766 ab
1462 1734 1547 1773 illis,
1574 1735 1613 1766 ad
1640 1744 1723 1777 quos
1748 1739 1877 1777 spectat

1905 1556 1909 1560 ἡ
1923 1530 2035 1551 Decretum
2050 1531 2076 1551 lr-

1893 1559 1965 1578 ritaus.

1124 1790 1174 1817 Ἰ01
1194 1796 1254 1829 pro
1281 1791 1429 1829 tempore
1451 1787 1623 1830 spectabit,
1650 1787 1878 1820 inviolabiliter

1141 1839 1305 1871 observari
1321 1866 1329 1880 ,
1368 1839 1480 1882 sicque
1522 1840 1554 1872 in
1589 1840 1781 1883 praemissis
1817 1851 1877 1884 per

1141 1902 1367 1935 quoscumque
1385 1892 1511 1925 iudices
1529 1893 1714 1926 ordinarios
1736 1898 1768 1926 et
1787 1893 1876 1926 dele-

1141 1949 1243 1986 gatos,
1262 1944 1360 1977 etiam
1374 1955 1547 1977 causarum
1566 1946 1679 1988 palatii
1703 1946 1875 1989 apostolici

1123 1993 1324 2042 {auditores
1346 1997 1483 2030 iudicari
1513 2003 1545 2030 et
1577 1997 1705 2030 definiri
1732 1998 1874 2039 debere,

1141 2060 1177 2081 ac
1201 2049 1331 2081 irritum
1357 2054 1388 2082 et
1413 2050 1509 2082 inane
1536 2050 1562 2082 si
1588 2060 1683 2082 secus
1701 2060 1802 2093 super
1823 2050 1874 2083 his

1141 2112 1159 2134 a
1188 2112 1362 2145 quoquam,
1389 2103 1501 2145 quavis
1527 2103 1737 2143 auctoritate,
1769 2102 1875 2136 scien-

1142 2160 1192 2187 ter
1210 2157 1259 2188 vel
1284 2155 1487 2197 ignoranter,
1506 2155 1682 2198 contigerit
1706 2155 1874 2189 attentari.

1184 2209 1198 2251 ἓ
1223 2208 1253 2240 5.
1273 2208 1342 2241 Non
1360 2209 1565 2241 obstantibus
1583 2209 1875 2242 constitutionibus

1142 2266 1173 2294 et
1210 2260 1473 2293 ordinationibus
1509 2261 1718 2304 apostolicis,
1746 2272 1876 2294 necnon

1142 2313 1316 2356 quibusvis,
1332 2313 1429 2345 etiam
1444 2314 1640 2355 iuramento,
1657 2313 1876 2347 confirmatio-

1140 2376 1180 2398 ne
1199 2366 1397 2409 apostolica,
1420 2367 1469 2399 vel
1496 2367 1608 2409 quavis
1633 2360 1788 2399 firmitate
1813 2367 1875 2401 alia

1140 2417 1316 2459 roboratis,
1338 2419 1467 2451 statutis
1500 2425 1532 2452 et
1564 2419 1871 2461 consuetudinibus,

1140 2471 1319 2515 privilegiis
1349 2483 1492 2515 qnoque,
1528 2472 1664 2505 indultis
1698 2478 1729 2505 et
1754 2472 1872 2505 litteris

1141 2524 1328 2567 apostolicis
1346 2524 1379 2556 in
1398 2525 1597 2557 contrarium
1615 2524 1873 2568 praemissorum

1141 2569 1387 2620 quomodolibet
1410 2577 1588 2618 concessis,
1617 2575 1816 2610 confirmatis
1841 2580 1874 2610 et

1960 2213 2074 2239 Derogatio

1892 2240 2052 2262 contrariorum.

2241 512 2247 589 ..μ-4-
2244 498 2247 503 .
2235 474 2247 484 ἱ
