2247 3208
187 197 236 226 An.
252 197 280 225 c.
304 198 370 225 1667
417 190 481 224 554

367 249 426 281 bus
453 253 484 281 et
509 247 749 281 successoribus
775 247 956 289 Aragoniae
981 246 1111 288 regibus

370 307 433 334 tam
458 301 608 333 masculis
634 311 728 342 quant
753 300 894 339 feminis,
920 310 955 332 ex
975 304 1005 331 te
1023 301 1111 331 recta

370 354 455 387 linea
474 353 760 393 descendentibus,
780 352 862 384 natis
880 357 912 385 et
927 351 1110 390 nascituris,

369 417 404 438 ac
429 406 500 438 aliis
520 411 595 437 tunc
617 405 779 447 expressis
804 404 965 447 personis,
988 404 1020 436 in
1042 404 1110 436 feu-

369 459 444 491 dum
461 463 665 500 perpetuum,
677 458 715 490 de
730 457 962 489 venerabiiium
974 457 1108 488 fratrum

369 520 502 542 suorum
529 510 673 542 eiusdem
699 510 729 542 S.
758 509 794 541 R.
821 509 855 542 E.
883 509 1107 548 cardinalium,

370 564 408 596 de
434 573 570 606 quorum
595 573 731 595 numero
758 568 833 595 tunc
857 572 1000 601 eramus,
1033 572 1109 594 con-

369 616 442 649 silio
459 616 581 658 pariter
595 621 625 648 et
639 625 851 659 assensu,pro
870 615 965 648 solito
976 625 1107 647 annnuo

369 680 474 709 censu,
501 680 536 701 ac
562 669 641 701 alias
659 669 718 701 sub
736 669 832 701 certis
847 669 943 701 modo
961 673 992 701 et
1005 668 1107 700 forma

370 728 444 755 tunc
474 721 636 765 expressis
662 722 872 762 concesserit,
905 726 935 754 et
953 721 1106 763 elargitus

370 775 474 813 fuerit,
501 785 536 807 ac
563 784 699 816 regnum
723 774 829 817 ipsum
861 774 919 806 tibi
950 774 1046 807 modo
1076 778 1108 806 et

370 829 472 861 forma
498 827 682 860 huiusmodi
707 827 929 866 infeudarerit,
950 832 1048 869 teque
1067 827 1106 860 de

369 882 425 914 illo
451 881 662 921 investiverit,
690 880 901 913 nihilominus
920 880 1008 923 (quia
1029 880 1107 912 alias

369 935 560 968 recolendae
586 934 761 967 memoriae
786 934 882 966 lulius
908 934 993 976 Papa
1012 933 1045 973 ll,
1065 933 1107 964 si-

369 988 734 1031 militerpraedecessor,
745 987 777 1019 in
791 987 1000 1019 concessione
1015 986 1106 1028 regni
1127 1009 1129 1020 .

369 1041 496 1073 Siciliae
522 1040 705 1072 huiusmodi
737 1045 769 1072 et
800 1039 1003 1072 Hierusalem
1035 1049 1128 1070 cum*

370 1095 435 1125 tota
460 1094 554 1132 terra,
584 1102 664 1135 quae
694 1097 753 1131 est,
784 1096 818 1123 ut
840 1091 1038 1134 praefertur,
1064 1091 1107 1122 ci·
1128 1103 1129 1110 ι

371 1153 417 1178 tra
443 1146 581 1177 l‘iiarum
599 1155 700 1187 usque
721 1145 760 1177 ad
785 1144 923 1177 confinia
947 1149 1107 1176 terrarum

370 1198 401 1231 S.
424 1199 460 1230 lt.
488 1198 538 1237 E„
573 1200 707 1241 excepta
732 1198 858 1230 civitate
883 1197 1109 1230 Beneventana

371 1257 402 1284 et
428 1251 495 1284 eius
534 1251 697 1284 territorio
731 1261 767 1283 ac
799 1250 1020 1293 pertinentiis,
1051 1260 1109 1292 per

370 1306 475 1348 ipsum
492 1305 603 1337 lulium
619 1305 907 1348 praedecessorem
922 1305 1028 1337 clarae
1044 1314 1109 1336 me-

370 1358 495 1391 moriae
506 1358 686 1390 Ferdinado
702 1357 883 1399 Aragoniae
897 1362 928 1389 et
940 1357 1109 1399 utriusque

370 1411 496 1444 Siciliae
523 1411 612 1453 regni
640 1410 715 1443 dicti
733 1410 874 1453 Philippi
894 1409 1048 1452 genitoris
1064 1409 1108 1441 tui

371 1469 474 1503 atavo,
501 1475 561 1507 pro
584 1474 617 1496 se
643 1469 675 1496 et
698 1464 761 1496 suis
791 1464 822 1495 in
852 1473 953 1505 regno
988 1463 1131 1506 Arrago-2

371 1515 443 1548 niae
469 1515 718 1553 successoribus,
746 1520 810 1546 tam
836 1514 986 1546 masculis
1014 1524 1107 1556 quam

371 1569 509 1608 feminis,
536 1579 573 1601 ex
598 1571 685 1601 recta
706 1568 791 1600 linea
815 1568 1087 1600 descenijlentibus
1101 1594 1108 1607 ,
1129 1571 1131 1589 ³

370 1621 454 1653 natis
470 1626 502 1653 et
515 1620 694 1659 nascituris,
715 1620 748 1652 in
766 1620 896 1652 feudum
915 1625 1107 1663 perpetuum

371 1674 461 1714 facta,
488 1674 634 1706 similiter
659 1675 697 1706 de
724 1673 955 1706 venerabilium
976 1674 1109 1715 fratrtun
1129 1684 1130 1688 ¹

371 1738 501 1759 suorum
525 1727 555 1759 S.
584 1727 621 1759 R.
648 1727 681 1758 E.
715 1726 925 1759 cardinalium
962 1725 1107 1766 consilio,

372 1785 403 1812 et
428 1781 534 1812 forsan
560 1785 632 1812 ante
659 1790 731 1812 eum
758 1779 874 1812 diversi
901 1779 955 1811 alii
975 1778 1108 1812 Romani

371 1832 543 1865 Pontifices
576 1833 848 1875 praedecessores
883 1833 1005 1873 nostri,
1037 1837 1131 1865 tunc'

373 1885 431 1926 sui,
449 1886 622 1918 voluerunt
647 1884 855 1917 iureiurando
870 1884 997 1925 firmari,
1024 1885 1108 1928 quod

372 1943 437 1971 tam
475 1938 544 1981 ipse
569 1938 793 1971 Ferdinandus
825 1948 880 1970 rex
913 1949 1009 1981 quam
1041 1938 1108 1971 eius

372 1991 405 2024 in
431 1991 515 2024 dicto
550 2001 649 2033 regno
686 1990 812 2024 Siciliae
845 1995 877 2023 et
907 1990 1110 2024 Hierusalem

373 2055 445 2077 cum
471 2046 536 2077 tota
561 2046 645 2076 terra
670 2043 750 2075 citra
786 2043 927 2076 Pharum
952 2036 1110 2077 haeredes

374 2103 405 2131 et
415 2108 617 2131 successores
627 2108 790 2140 nunquam
806 2103 1019 2140 procurarent
1035 2098 1110 2140 eligi

374 2152 422 2183 rel
447 2150 607 2183 nominari
633 2150 664 2182 in
689 2161 800 2192 regem
821 2151 1041 2183 Romanorum
1059 2156 1112 2183 aut

374 2204 552 2236 Teutoniae
570 2205 619 2236 vel
639 2203 802 2236 dominum
822 2204 1034 2236 Lombardiae
1055 2214 1111 2236 seu

375 2256 519 2295 Tusciae,
541 2262 594 2288 aut
617 2256 748 2288 maioris
773 2256 872 2299 partis
902 2266 1026 2297 earum,
1053 2267 1111 2289 nec

376 2308 529 2341 electioni
548 2310 596 2341 vel
612 2309 823 2341 nominationi
838 2319 1003 2341 assensum
1024 2319 1114 2352 prae-

375 2366 504 2402 starent,
517 2371 621 2404 neque
636 2372 667 2393 se
678 2361 931 2394 intromitterent
940 2363 1005 2395 ullo
1016 2362 1112 2395 modo

376 2414 407 2446 in
437 2414 596 2455 regimine
631 2414 731 2456 ipsius
762 2414 854 2456 regni
888 2414 1023 2447 Romani
1056 2425 1135 2449 seu.

375 2466 548 2499 Teutouiae
575 2467 625 2499 vel
651 2466 785 2499 dominii
820 2467 1031 2500 Lombardiae
1061 2473 1115 2500 aut

963 198 1141 224 BULLARIUM
1165 197 1317 222 ROMANUM

376 2520 523 2559 Tusciae,
551 2530 607 2552 seu
633 2519 765 2552 maioris
790 2521 889 2562 partis
920 2531 1043 2560 earum,
1075 2522 1136 2562 ad,

377 2574 603 2617 quodcumque
628 2583 739 2605 eorum
765 2573 824 2617 ipsi
857 2574 1012 2606 nominati
1039 2574 1115 2606 fuis·
1135 2563 1139 2614 i

1751 208 1765 219 ο

1155 249 1227 277 sent
1249 246 1299 278 vel
1325 245 1430 285 electi,
1448 249 1488 285 et,
1508 245 1534 277 si
1552 249 1625 288 post
1646 245 1742 277 talem
1763 244 1889 277 electio-

1154 307 1228 330 nem
1254 298 1292 330 de
1317 307 1418 339 regno
1453 297 1597 330 Romano
1625 308 1682 330 seu
1712 296 1887 330 Teutoniae

1153 354 1208 381 aut
1232 349 1377 382 dominio
1403 349 1614 382 Lombardiae
1650 350 1700 382 vel
1733 349 1885 389 Tusciae,

1153 412 1209 433 seu
1233 401 1362 434 maioris
1386 400 1487 444 partis
1513 411 1634 440 earum,
1660 401 1828 434 manifeste
1853 412 1886 434 se

1151 453 1405 486 intromitterent
1449 453 1518 486 sine
1565 463 1718 496 expresso
1750 453 1886 486 Romani

1151 506 1313 539 Pontificis
1344 506 1514 547 mandatO,
1541 517 1578 539 eo
1603 506 1674 549 ipso
1700 517 1717 538 a
1741 505 1809 538 iure
1837 517 1888 539 re-

1151 559 1204 601 gni
1243 559 1370 592 Siciliae
1411 559 1490 591 citra
1526 559 1665 592 Pharum
1702 559 1887 592 huiusmodi

1151 613 1305 645 caderent
1341 623 1377 645 ex
1415 618 1503 652 toto,
1542 617 1639 655 prout
1673 612 1705 644 in
1741 612 1888 655 ipsorum

1150 665 1220 697 lulii
1245 666 1303 697 sub
1330 666 1438 697 datum
1463 676 1480 698 v
1505 675 1607 698 nonas
1624 665 1704 705 iulii,
1723 664 1889 707 pontifica-

1150 723 1200 750 tus
1227 729 1284 750 suo
1309 728 1395 751 anno
1420 729 1483 758 vu,
1518 729 1554 751 ac
1589 718 1764 750 Alexandri
1794 728 1889 761 prae-

1149 771 1369 811 decessorum,
1409 772 1468 804 sub
1509 771 1619 804 datum
1644 771 1764 804 Romae
1801 771 1887 814 apud

1149 824 1179 856 S.
1207 824 1338 857 Mariam
1363 825 1514 857 Maiorem
1539 835 1623 856 anno
1652 824 1886 857 Incarnationis

1149 877 1328 909 dominicae
1357 888 1507 917 iinctxw,
1536 888 1594 911 x111
1627 878 1780 910 kalendas
1804 877 1883 917 iulii,

1149 929 1353 971 immitit-atus
1381 930 1431 962 sui
1458 940 1543 962 anno
1561 940 1617 969 ΧΠ,
1636 940 1764 962 necnon
1779 930 1887 962 forsan

1149 981 1285 1014 aliorum
1304 982 1523 1014 Romanorum
1541 982 1733 1014 Pontificum
1751 983 1888 1024 praede-

1150 1045 1314 1067 cessorum
1346 1027 1530 1067 nostrorum
1563 1035 1719 1068 confectis
1749 1035 1887 1074 litteris,

1150 1098 1286 1130 quarum
1307 1088 1451 1121 onmium
1469 1093 1500 1121 et
1521 1088 1724 1130 singularum
1746 1093 1886 1127 tenoreS,

1150 1151 1187 1172 ac
1212 1140 1237 1172 si
1259 1141 1297 1173 de
1315 1140 1415 1173 verbo
1433 1141 1471 1173 ad
1490 1142 1623 1173 verbum
1647 1141 1885 1180 insererentur,

1150 1193 1376 1235 praesentibus
1391 1194 1505 1226 haberi
1518 1195 1665 1226 volumus
1679 1204 1739 1236 pro
1757 1203 1889 1237 expres-

1151 1245 1204 1285 sis,
1224 1245 1350 1288 plenius
1371 1246 1569 1288 continetur)
1589 1257 1606 1278 a
1626 1246 1793 1279 nonnullis
1813 1246 1889 1278 hae-

1130 1302 1131 1310 *
1152 1298 1239 1330 sitari
1264 1299 1368 1341 possit
1391 1310 1430 1331 an
1449 1299 1580 1332 ducatus
1598 1299 1781 1339 Mediolani,
1799 1299 1888 1331 cuius

1153 1358 1185 1383 tu
1209 1352 1304 1384 etiam
1329 1352 1391 1384 dux
1418 1352 1546 1393 existis,
1577 1353 1732 1385 maiorem
1762 1357 1888 1395 partem

1153 1405 1286 1437 dominii
1327 1405 1541 1438 Lornbardiae
1578 1405 1764 1438 huiusmodi
1801 1415 1884 1438 com-

1130 1459 1356 1501 ἰριέὶιθῐιᾱειῑ,
1395 1470 1431 1491 ac
1466 1464 1499 1491 tu
1531 1469 1668 1501 regnum
1699 1458 1827 1498 Siciliae
1857 1463 1889 1491 et

1130 1509 1131 1536 Ῑ
1153 1512 1356 1544 Hierusalem
1389 1522 1460 1544 cum
1497 1514 1564 1544 tota
1590 1513 1677 1544 terra
1702 1512 1782 1544 citra
1807 1511 1887 1544 Pha-

1152 1576 1222 1597 rum
1248 1565 1434 1597 huiusmodi
1459 1575 1531 1597 cum
1557 1565 1642 1597 dicto
1669 1565 1786 1597 ducatu
1806 1564 1886 1597 obti-

1152 1628 1230 1650 nere
1259 1618 1390 1660 possis,
1424 1628 1483 1650 nec
1515 1628 1615 1660 super
1648 1617 1886 1657 haesitatione,

1152 1671 1218 1703 sive
1245 1671 1352 1710 dubio,
1370 1676 1422 1703 aut
1439 1676 1600 1714 potestate
1618 1671 1806 1704 huiusmodi
1823 1672 1888 1703 ulla

1153 1725 1351 1764 declaratio,
1387 1724 1451 1757 sive
1484 1725 1585 1757 ullum
1616 1724 1798 1764 indultum,
1834 1729 1890 1756 aut

1153 1777 1316 1820 quaelihet
1348 1778 1411 1810 alia
1447 1778 1550 1820 gratia
1585 1778 1625 1810 ab
1664 1777 1779 1810 eodem
1818 1777 1889 1810 Ale-

1153 1831 1275 1863 xandro
1301 1831 1554 1874 praedecessore
1580 1830 1638 1863 tibi
1672 1831 1782 1863 forsan
1813 1840 1889 1863 con-

1152 1893 1241 1915 cessa
1266 1888 1298 1916 et
1318 1883 1466 1927 expedita
1484 1894 1541 1916 seu
1566 1882 1643 1915 alias
1661 1882 1789 1915 litterae
1815 1892 1890 1925 apo-

1153 1935 1286 1969 stolicae
1312 1936 1453 1979 desuper
1477 1937 1640 1969 confectae
1659 1936 1795 1968 suerint:
1821 1946 1890 1975 nos,

1153 1989 1213 2022 etsi
1246 2000 1477 2032 cognoscamus
1507 1989 1745 2032 prohibitiones
1778 1988 1890 2021 huius-

1153 2043 1240 2075 modi
1279 2053 1345 2076 non
1377 2043 1448 2075 sine
1481 2045 1597 2085 magna
1634 2048 1666 2076 et
1703 2041 1888 2075 rationabili

1154 2098 1247 2128 causa
1272 2096 1382 2129 alulio
1409 2101 1440 2129 et
1459 2096 1567 2129 forsan
1581 2095 1650 2129 aliis
1664 2096 1892 2139 praedecesso-

1154 2149 1242 2182 ribus
1261 2148 1434 2192 praedictis
1460 2159 1636 2188 emanasse,
1662 2148 1889 2187 nihilominus,

1155 2207 1323 2245 sperantes
1352 2207 1384 2234 et
1408 2213 1465 2245 pro
1491 2207 1580 2234 certo
1605 2207 1774 2242 tenentes,
1804 2202 1891 2245 quod

1155 2261 1188 2288 tu
1206 2256 1287 2289 scies
1306 2260 1337 2288 et
1353 2257 1440 2288 voles
1463 2255 1652 2288 commissos
1675 2255 1731 2287 tibi
1753 2256 1892 2298 populos

1156 2309 1188 2341 in
1216 2308 1304 2352 pacis
1336 2308 1531 2341 amoenitate
1569 2314 1601 2340 et
1631 2308 1771 2340 iustitiae
1807 2308 1892 2340 cultu

1156 2362 1338 2401 confovere,
1366 2372 1488 2404 nosque
1521 2366 1552 2394 et
1585 2361 1763 2394 Romanam
1787 2361 1894 2393 Eccle-

1157 2415 1237 2447 siam
1261 2414 1362 2457 ipsius
1388 2413 1480 2456 regni
1514 2413 1746 2457 proprietarios
1783 2418 1815 2445 et
1847 2412 1894 2445 di-

1156 2474 1262 2501 rectos
1288 2467 1434 2500 dominos
1471 2469 1558 2510 grata
1584 2466 1751 2499 devotione
1777 2471 1808 2498 et
1831 2465 1891 2497 fidi·

1158 2521 1283 2553 sincera
1310 2530 1554 2562 recognoscere,
1582 2525 1613 2551 et
1637 2525 1757 2561 quanto
1782 2525 1893 2561 poten-

1160 2574 1221 2606 tior
1240 2573 1318 2612 cris,
1354 2578 1441 2606 tanto
1467 2572 1567 2613 magis
1602 2571 1709 2607 eidem
1732 2571 1893 2605 Ecclesiae

1901 194 1951 220 An.
1968 192 1995 219 C.
2016 193 2084 219 1567
