2247 3208
209 225 245 251 A„
280 225 392 251 01002
437 216 480 249 ΩΟ

203 1586 312 1608 Decretum
321 1589 371 1608 Pon·

190 1615 238 1634 tifex
263 1615 369 1635 confirmat

190 1646 285 1660 unarum
297 1644 369 1661 lustru-

189 1670 257 1685 uwuto
270 1670 288 1686 (¹1
305 1670 369 1687 [rans-

189 1695 271 1712 actwne
280 1693 370 1719 desuper

189 1719 295 1739 ‹wll-lnam
317 1723 370 1740 inter

189 1748 265 1769 parte-2.

403 273 534 315 legium,
561 272 697 313 eiusque
721 270 815 309 bona,
843 273 917 307 etc.,
943 269 1023 307 iura,
1058 272 1131 307 etc.‚

402 327 508 359 dictus
534 335 611 357 vero
637 322 879 356 illustrissimus
898 320 1048 354 dominus
1070 321 1133 352 An-

402 378 506 411 taldus
542 376 666 420 pariter
692 375 813 407 dictum
850 374 1025 416 collegium
1050 373 1133 406 Neo-

399 432 595 474 phytorum,
620 428 758 470 eiusque
795 428 901 467 bona,
929 431 990 459 etc.
1006 452 1013 465 ,
1039 426 1129 465 iura,

399 487 476 521 etc.,
493 482 524 513 in
541 481 691 524 ampliori
718 481 822 513 forma
836 479 1130 512 reverendissimae

397 545 545 566 camerae
567 535 768 577 apostolicae
782 544 854 566 cum
873 532 1037 570 clausulis,
1058 536 1128 571 etc.5

397 586 600 628 obligarunt,
621 591 695 625 etc„
722 586 813 625 citra,
842 590 916 625 etc.‚
937 583 1130 627 appellatio-

397 639 438 676 ni,
466 644 541 678 etc„
568 639 813 677 renunciarunt,
840 643 915 677 etc.‚
934 643 966 669 et
990 647 1129 669 consen-

397 697 525 731 serunt,
553 697 627 731 etc„
659 692 767 731 unica,
795 696 876 731 etc.‚
905 695 937 724 et
961 690 1008 722 sic
1033 690 1127 722 tactis

394 745 598 788 pectoribus,
625 755 725 785 more,
752 749 826 783 etc.,
853 744 1023 783 iurarunt,
1051 747 1125 782 etc.,

393 807 494 840 super
519 797 647 840 quibus,
675 802 738 829 etc.

436 850 550 881 Actum
569 849 699 888 Romae,
716 849 802 882 domi
817 849 933 882 solitae
950 849 1127 882 habitatio-

392 901 441 933 nis
459 902 595 944 praefati
614 902 827 934 illustrissimi
847 902 969 935 domini
995 901 1124 934 Antaldi

390 953 516 996 positae
537 955 569 986 in
587 954 723 996 regione
749 954 941 997 Campitelli‚
967 965 1125 997 praesen-

389 1006 476 1038 tibus
511 1006 650 1039 dominis
683 1006 802 1039 Ioanne
835 1007 980 1050 Baptista
1013 1006 1123 1049 Signio

390 1059 553 1100 quondam
576 1058 704 1091 loannis
726 1059 868 1092 Thomae
894 1059 1073 1099 Ianuensis,
1092 1064 1124 1092 et

389 1110 521 1143 domino
555 1111 686 1144 Nicolao
719 1112 862 1145 Antonio
895 1113 934 1145 de
975 1112 1121 1145 Ascaniis

387 1161 453 1194 silio
479 1163 644 1205 quondam
668 1164 829 1197 Leonardi
856 1164 1004 1205 Baresis,
1030 1165 1123 1198 testi-

386 1214 458 1253 bus,
487 1220 550 1247 etc.

429 1266 494 1308 Ego
527 1267 686 1300 Antonius
718 1268 911 1301 Franciscus
946 1269 1044 1302 Maria
1074 1269 1122 1302 Si-

386 1318 479 1358 mius,
497 1319 607 1351 curiae
626 1330 797 1352 causarum
817 1321 1069 1354 eminentissimi
1089 1328 1120 1355 et

386 1372 653 1404 reverendissimi
673 1373 794 1405 domiui
813 1373 989 1406 cardinalis
1007 1374 1119 1408 vicarii

385 1424 541 1463 notarius,
555 1424 593 1456 de
608 1425 799 1467 praemissis
813 1431 945 1468 rogatus
960 1438 1118 1469 praesens

385 1475 639 1508 instrumentum
672 1478 852 1521 subscripsi
883 1484 914 1511 et
943 1480 1116 1522 publicavi,

385 1539 524 1571 meoque
539 1529 636 1561 solito
650 1529 743 1572 signo
756 1530 879 1572 signavi
896 1531 1074 1574 requisitus
1085 1544 1114 1565 »-

427 1581 441 1623 ,ξ
465 1580 495 1614 9.
524 1581 599 1613 Cum
626 1586 744 1622 autem,
769 1582 854 1615 sicut
879 1583 993 1616 eadem
1019 1595 1117 1628 expo-

385 1633 459 1665 sitio
485 1634 712 1676 subiungebat,
733 1633 878 1668 firmiora
897 1640 928 1669 et
946 1637 1116 1670 stabiliora

385 1686 450 1718 sint
473 1687 535 1725 illa,
563 1697 644 1729 quae
670 1688 870 1730 apostolicae
896 1689 1116 1723 confirmatio-

385 1738 434 1771 nis
459 1740 579 1772 robore
607 1740 893 1773 communiuntur:
919 1743 1014 1775 nobis
1039 1753 1116 1786 pro-

384 1795 497 1833 pterea
514 1791 590 1823 dicti
616 1797 817 1835 exponentes
844 1793 1014 1827 humiliter
1039 1806 1115 1839 sup-

384 1842 497 1884 plicari
530 1843 678 1876 fecerunt
701 1850 735 1876 ut
768 1845 801 1877 in
832 1846 1023 1888 praemissis
1057 1858 1115 1891 op-

382 1899 523 1936 portune
541 1896 714 1938 providere
734 1902 765 1929 et
782 1902 818 1929 ut
834 1897 919 1930 infra
939 1898 1113 1942 indulgere

383 1947 422 1978 de
447 1947 648 1989 benignitate
681 1951 863 1992 apostolica
888 1951 1110 1993 dignaremur.

425 1999 440 2041 g
464 1999 516 2032 10.
542 2000 607 2033 Nos
632 2002 749 2043 igitur,
777 2003 881 2036 dictos
907 2011 1111 2047 exponentes

383 2052 579 2094 specialibus
598 2054 761 2087 favoribus
776 2060 808 2087 et
821 2057 934 2098 gratiis
952 2059 1111 2101 prosequi

382 2103 538 2143 volentes,
566 2109 598 2136 et
622 2116 735 2138 corum
750 2107 932 2149 singulares
950 2120 1110 2152 personas

382 2165 399 2186 a
432 2155 600 2197 quibusvis
634 2160 1004 2203 excommunicationis,
1040 2174 1111 2196 sus-

381 2207 550 2249 pensionis
576 2214 608 2241 et
632 2209 814 2251 interdicti,
842 2213 980 2256 aliisque
1006 2216 1111 2248 eccle-

381 2258 521 2292 siasticis
547 2262 732 2303 sententiis,
749 2265 897 2297 censuris
923 2271 955 2298 et
978 2268 1107 2309 poenis,

380 2321 397 2343 a
420 2311 491 2343 iure
516 2314 566 2345 vel
585 2314 623 2345 ab
642 2314 786 2356 homine,
806 2318 917 2359 quavis
936 2320 1109 2353 occasione

379 2364 429 2396 vel
454 2367 551 2397 causa
575 2366 660 2407 latis,
680 2368 705 2400 si
724 2368 841 2411 quibus
861 2372 1110 2413 quomodolibet

378 2415 553 2450 innodatae
580 2419 740 2460 existunt,
767 2422 805 2454 ad
832 2422 981 2456 effectum
1013 2436 1109 2468 prae-

377 2468 519 2502 sentium
545 2471 711 2504 dumtaxat
735 2477 1024 2518 consequendum,
1052 2479 1108 2511 ha-

377 2531 449 2553 rum
475 2523 560 2555 serie
586 2525 792 2559 absolventes
809 2532 841 2559 et
854 2528 1018 2562 absolutas
1037 2531 1107 2563 sore

377 2580 560 2617 censentes,
585 2587 715 2612 necnon
730 2579 916 2615 litterarum
933 2584 1105 2619 memorati

977 219 1156 243 BI'LLARIUM
1179 218 1329 243 ROMANUM

1169 265 1317 308 Gregorii
1342 265 1611 308 praedecessoris
1638 276 1738 309 super
1754 275 1903 298 reserva-

1168 321 1265 360 tione,
1281 319 1518 352 constitutione
1536 324 1567 352 et
1585 320 1804 362 assignatione
1820 329 1902 363 pen-

1167 372 1280 412 sionis,
1306 383 1343 405 ae
1368 372 1503 411 unione,
1530 372 1711 405 annexione
1737 377 1770 405 et
1793 372 1901 404 incor-

1165 425 1339 467 poratione
1365 424 1558 456 monasterii
1580 424 1768 457 huiusmodi
1787 435 1901 467 respe-

1165 477 1248 510 ctive
1284 481 1508 509 emanatarum
1545 481 1676 509 tenores
1717 482 1749 510 et
1784 478 1898 517 datas,

1164 530 1293 572 aliaque
1312 529 1408 562 etiam
1424 529 1559 572 speciali
1575 533 1606 561 et
1622 529 1789 562 individua
1809 541 1900 563 men-

1164 582 1253 614 tione
1267 586 1298 614 et
1313 582 1525 625 expressione
1544 582 1650 624 digna,
1667 583 1896 625 praesentibus

1162 646 1223 678 pro
1258 637 1358 679 plene
1384 640 1417 668 et
1441 636 1642 669 sufficienter
1675 636 1840 679 expressis
1867 641 1899 669 et

1162 688 1294 721 insertis
1321 689 1494 729 habentes,
1522 682 1711 721 huiusmodi
1734 689 1898 732 supplica-

1162 741 1306 773 tionibus
1321 741 1477 782 inelinati,
1494 742 1717 785 supradictum
1735 753 1898 775 memora-

1162 797 1269 826 torum
1295 793 1461 826 Francisci
1499 805 1535 827 ac
1563 794 1635 827 Iulii
1671 799 1702 827 et
1726 795 1895 828 Benedicti

1161 845 1377 878 cardinalium
1397 846 1575 885 decretum,
1596 847 1848 891 confectumque
1862 849 1895 880 in

1160 898 1248 931 illius
1263 899 1518 942 exequutionem
1532 900 1788 933 instrumentum
1800 912 1895 944 prae-

1158 950 1334 991 insertum,
1361 962 1435 984 cum
1461 953 1614 985 omnibus
1640 958 1671 985 et
1697 953 1834 995 singulis
1859 954 1892 986 in

1158 1003 1222 1035 illis
1241 1004 1426 1047 respective
1452 1005 1628 1045 contentis,
1648 1006 1842 1039 auctoritate
1860 1017 1893 1039 a·

1157 1056 1327 1099 postolica,
1347 1062 1462 1090 tenore
1480 1058 1714 1101 praesentium,
1728 1064 1891 1102 perpetuo

1157 1108 1388 1142 confirmamus
1419 1115 1451 1143 et
1483 1112 1704 1154 approbamus
1725 1139 1732 1151 ,
1758 1112 1890 1155 illisque

1155 1162 1353 1196 inviolabilis
1380 1164 1582 1206 apostolicae
1607 1163 1771 1197 firmitatis
1789 1166 1891 1198 robur

1156 1215 1347 1255 adiicimus,
1374 1226 1410 1248 ac
1436 1226 1549 1249 omnes
1576 1221 1608 1249 et
1633 1216 1779 1259 singulos
1808 1217 1889 1250 iuris

1155 1272 1187 1299 et
1211 1268 1297 1308 facti,
1325 1278 1454 1301 necnon
1473 1269 1717 1301 solemnitatum
1736 1280 1890 1312 quarum-

1154 1330 1293 1363 cumque
1320 1321 1353 1353 in
1379 1321 1540 1354 similibus
1567 1321 1665 1354 etiam
1684 1322 1723 1355 de
1743 1323 1889 1356 necessi-

1153 1376 1219 1405 tate
1245 1374 1544 1414 observandarum,
1572 1375 1694 1408 aliosve
1721 1376 1888 1418 quoslibet

1153 1425 1251 1458 etiam
1277 1426 1432 1459 formales
1454 1431 1487 1459 et
1511 1427 1745 1460 substantiales
1773 1439 1809 1460 ac
1827 1438 1887 1460 un-

1152 1478 1336 1521 decumque
1362 1479 1562 1512 resultantes
1588 1480 1751 1519 desectus,
1778 1480 1805 1512 si
1830 1481 1885 1524 qui

1151 1529 1183 1561 in
1218 1530 1410 1573 praemissis
1436 1532 1486 1564 vel
1522 1542 1637 1564 eorum
1670 1533 1780 1576 aliquo
1805 1543 1885 1576 quo-

1150 1583 1332 1616 modolibet
1366 1584 1622 1625 intervenerint,
1655 1591 1711 1618 aut
1742 1586 1885 1619 interve-

1149 1636 1237 1669 nisse
1264 1637 1348 1677 diei,
1375 1638 1503 1670 censeri
1535 1639 1585 1671 vel
1611 1639 1782 1681 praetendi
1807 1649 1884 1682 pos-

1149 1693 1231 1730 sent,
1258 1691 1450 1734 supplemus
1477 1696 1509 1724 et
1533 1701 1702 1733 sanamus,
1729 1703 1766 1725 ac
1790 1692 1883 1735 peni-

1149 1746 1200 1775 tus
1227 1747 1259 1775 et
1282 1744 1415 1776 omnino
1441 1744 1584 1777 tollimus
1611 1749 1643 1777 et
1667 1746 1848 1778 abolemus.

1191 1795 1205 1837 ξ
1228 1794 1281 1827 Μ.
1297 1795 1472 1828 Praeterea
1497 1797 1571 1828 lites
1586 1801 1619 1829 et
1636 1797 1879 1830 controversias
1895 1828 1900 1845 ί

1148 1858 1371 1890 quascumque
1384 1859 1485 1892 super
1494 1849 1685 1891 praemissis
1694 1850 1780 1883 inter
1787 1861 1881 1894 prae—

1148 1953 1250 1985 ricum
1286 1964 1322 1986 ac
1352 1953 1601 1997 Ncophytoruir'.
1636 1956 1751 1998 quovis
1781 1956 1878 1989 modo

1147 2010 1286 2046 exortas,
1303 2006 1435 2039 illarum
1461 2012 1582 2039 statum
1608 2013 1640 2040 et
1664 2008 1793 2048 merita,
1819 2019 1878 2041 no—

1145 2057 1298 2100 minaque
1333 2063 1366 2090 et
1401 2059 1597 2101 cognomina
1635 2070 1671 2092 ac
1703 2060 1877 2102 qualitates

1144 2110 1289 2143 iudicum
1308 2115 1339 2143 et
1364 2111 1628 2154 collitigantiunn
1648 2117 1680 2145 et
1700 2112 1763 2145 alia
1780 2113 1877 2145 ctiam

1144 2163 1331 2206 specificam
1347 2169 1379 2196 et
1394 2164 1595 2197 individuam
1618 2165 1822 2198 mentionem
1847 2170 1879 2198 et

1144 2216 1391 2259 expressionem
1416 2217 1630 2260 requirentia,
1645 2218 1876 2260 praesentibus

1143 2269 1256 2301 itidem
1273 2280 1334 2312 pro
1351 2270 1450 2313 plene
1469 2275 1501 2302 et
1525 2270 1727 2302 sufficienter
1745 2281 1877 2314 expres—

1143 2322 1186 2354 sis
1214 2322 1387 2362 habentes,
1415 2333 1432 2354 a
1456 2322 1624 2365 quibusvis
1656 2323 1819 2356 iudicibus
1845 2329 1877 2356 et

1143 2374 1361 2407 tribunalibus
1394 2375 1433 2407 ad
1463 2386 1523 2407 nos
1549 2375 1664 2408 harum
1690 2376 1776 2408 serie
1802 2387 1877 2409 avo-

1141 2438 1277 2467 camus,
1303 2428 1442 2471 illasque
1475 2428 1572 2460 etiam
1605 2433 1767 2471 perpetuo
1800 2439 1876 2471 sup-

1141 2480 1314 2523 primimus
1330 2486 1362 2513 et
1376 2481 1609 2523 extinguimus,
1623 2491 1659 2512 ac
1676 2485 1873 2523 perpetuum

1141 2533 1286 2576 desuper
1310 2533 1441 2577 utrique
1467 2533 1553 2577 parti
1578 2533 1746 2566 silentium
1770 2533 1871 2577 impo-

1139 2594 1263 2619 nunus.

1917 217 1964 242 An.
1981 216 2009 242 C.
2033 215 2098 243 ¹662

1922 1800 1979 1820 Lites
1994 1801 2015 1820 et
2031 1804 2079 1819 con-

1905 1826 2010 1846 toversias
2031 1831 2079 1851 sup·

1895 1853 1966 1878 primit
1980 1854 2000 1872 et
2015 1852 2080 1877 parti-

1954 1880 2078 1904 perpetuum

1148 1900 1233 1932 dicta
1258 1901 1397 1943 collegia
1426 1900 1655 1934 Germanicum
1688 1907 1721 1935 et
1751 1903 2078 1952 Hunga-{jJJjssUffln¹¹¹¹1³⁰⁴

1895 1880 1933 1899 bus
