2247 3208
230 186 279 212 λη.
295 187 326 213 C.
347 186 413 214 10135

245 2248 386 2274 supplicatio.

458 178 522 211 40ss
1001 184 1182 209 mmmmm
1205 184 1356 208 nomnen

418 235 591 268 dicantium
627 244 750 267 annuos
781 234 926 266 redditus
951 232 1152 272 habentium,
1195 232 1403 264 ecclesiarum
1429 233 1587 265 dictorum
1613 243 1787 275 regnorum
1813 232 1930 266 Castel-

419 294 480 321 tam
510 288 650 320 virorum
685 297 782 330 quam
810 287 1001 326 mulierum,
1026 295 1152 318 necnon
1195 285 1244 317 lae
1270 290 1301 317 et
1324 285 1475 327 Legionis
1496 285 1629 326 ratione,
1654 286 1760 329 portio
1786 286 1929 319 decimae

416 340 724 382 congregationum,
750 339 968 372 institutorum
995 344 1026 371 et
1050 339 1154 371 socie·
1194 338 1360 380 praefatae
1393 338 1521 370 easdem
1551 339 1704 372 ecclesias
1736 339 1928 382 contingens

418 398 516 425 tatum
541 392 749 435 regularium,
769 392 865 424 etiam
884 391 1052 424 Societatis
1070 391 1150 431 Iesu,
1194 402 1231 423 ex
1256 391 1363 433 regiae
1388 391 1564 424 maiestatis
1589 392 1789 434 benignitate
1814 392 1853 424 ad
1873 391 1931 424 mi-

417 450 449 477 et
472 450 642 487 praeterea
666 444 874 491 hospitalium
906 449 937 476 et
964 437 1173 476 militiarum³v
1194 453 1305 476 norem
1323 471 1330 484 ‚
1369 454 1486 487 nempe
1527 444 1778 487 quingentorum
1816 444 1928 488 viginti

417 507 689 541 quarumcumque
708 496 866 540 (exceptis
884 502 988 529 tamen
1006 496 1037 529 S.
1057 496 1094 528 R.
1115 496 1150 528 E.
1170 515 1172 535 ς
1194 496 1335 540 quinque
1361 497 1496 530 millium
1522 498 1708 530 ducatorum
1736 498 1838 530 dictae
1861 507 1930 530 mo-

415 550 645 589 cardinfflibus,
670 560 706 582 ac
729 549 881 582 fratribus
912 549 1068 582 militibus
1095 543 1173 605 ¹⁷¹⁰'i
1194 554 1287 582 uctac
1313 549 1484 593 Hispaniae
1498 560 1653 582 summam
1666 550 1797 583 reducta
1817 550 1925 591 suerit,

415 602 539 646 spitalis
564 602 594 635 S.
614 602 742 636 Ioannis
767 602 1062 645 llierosolymitani,
1087 602 1151 644 qui,
1194 602 1326 635 residuo
1359 603 1435 646 ipsis
1460 603 1606 636 ecclesiis
1640 608 1673 636 et
1703 603 1852 646 personis
1878 614 1929 636 ec-

415 667 474 699 pro
500 656 547 689 sui
573 657 671 688 tutela
703 661 817 688 contra
852 655 969 687 Turcas
1008 660 1039 687 et
1071 654 1152 688 alios
1194 655 1381 688 clesiasticis
1416 656 1549 689 remisso
1585 661 1617 688 et
1646 657 1831 689 condonato
1850 683 1857 697 ,
1893 667 1929 689 ae

417 708 574 749 infideles,
600 709 714 741 alienis
739 709 866 741 auxiliis
891 708 1036 752 quotidie
1068 708 1152 740 indi-
1171 704 1174 752 ἱ
1194 707 1290 740 etiam
1315 709 1493 749 biennium,
1517 709 1669 743 solutioni
1702 710 1849 743 eiusdem
1874 710 1929 743 de-

416 766 500 804 gent,
527 767 567 802 et,
587 762 692 805 quoad
711 768 832 801 curata,
850 761 899 801 iis,
924 771 1060 804 quorum
1079 771 1153 793 cen·
1172 762 1173 793 i
1194 760 1294 794 cimae
1335 773 1394 804 per
1439 762 1562 795 litteras
1599 768 1726 796 nostras
1768 763 1930 806 praefatas

417 820 503 856 tum,
534 826 597 859 quo
630 826 707 848 vero
738 816 776 847 ad
812 814 972 857 simplicia
994 813 1152 847 beneficia
1172 807 1173 812 ¹
1194 814 1412 857 praefinitum,
1428 815 1551 848 eisdem
1565 816 1708 848 ecclesiis
1726 827 1762 849 ac
1782 815 1929 859 personia

417 868 644 909 ecclesiastica,
663 869 713 908 iis,
731 879 868 911 quorum
893 867 988 900 annui
1007 867 1152 900 redditus
1194 868 1420 901 ecclesiasticis
1446 879 1622 911 regnorum
1647 869 1803 902 Castellae
1823 874 1855 902 et
1872 869 1929 902 Le-

416 932 573 954 summam
597 921 851 965 vigintiquatuor
876 922 1063 953 ducatorum
1084 921 1150 953 auri

416 976 455 1008 de
481 977 609 1008 camera
633 985 698 1007 non
724 975 898 1017 excedunt)
923 974 955 1006 in
974 974 1081 1016 regnis
1099 973 1152 1006 Ca-

416 1029 526 1062 stellae
551 1034 583 1061 et
604 1027 754 1070 Legionis
779 1033 811 1060 ct
835 1027 1014 1069 Aragoniae
1040 1032 1070 1059 et
1094 1027 1152 1059 Va-

416 1081 546 1121 lentiae,
581 1090 710 1113 necnon
745 1080 930 1124 principatu
957 1079 1151 1120 Cataloniae‚

416 1139 511 1177 atque
548 1132 662 1166 insulis
699 1133 884 1166 Balearibus
919 1138 950 1165 et
977 1132 1173 1173 Sardinia„

415 1186 629 1229 omnibusque
654 1185 828 1229 provinciis
861 1190 892 1218 et
917 1185 1093 1218 ditionibus
1119 1185 1151 1217 in

416 1239 537 1275 eisdem
561 1238 672 1281 reguis
706 1244 737 1271 et
768 1238 880 1271 insulis
906 1239 1151 1281 comprehensis

416 1292 639 1331 existentium,
665 1297 697 1325 et
714 1292 869 1324 'similiter
905 1291 1048 1325 omnium
1072 1296 1152 1334 pen-

416 1345 545 1378 sionum
571 1355 669 1388 super
701 1345 886 1388 praemissis
920 1340 1171 1387 assignatarum

417 1403 449 1430 et
472 1398 758 1440 assignandanun,
793 1402 825 1430 et
856 1398 934 1429 alias
969 1397 1028 1429 sub
1054 1397 1172 1440 certis¹

415 1452 512 1484 modo
539 1456 570 1484 et
589 1451 692 1484 forma
715 1456 788 1483 tunc
814 1451 985 1493 expressis,
1005 1461 1040 1483 ac
1060 1461 1152 1494 prae·
1171 1480 1174 1490 ,

416 1504 516 1536 satum
541 1510 617 1536 tunc
641 1509 672 1536 et
696 1514 754 1547 pro
784 1509 931 1546 tempore
959 1503 1151 1537 existentem

415 1561 563 1589 nostrum
588 1561 619 1589 et
644 1557 747 1589 dictae
784 1556 875 1589 Sedis
911 1556 943 1587 in
976 1556 1150 1599 praedictis

415 1609 640 1652 Hispaniarum
675 1609 786 1651 regnis
823 1609 976 1640 nuncium
1008 1608 1172 1641 decimae

415 1661 598 1694 huiusmodi
624 1663 831 1694 collectorem
848 1672 918 1693 cum
945 1662 1150 1694 facultatibus

415 1714 609 1757 opportunis
627 1714 851 1747 constituimus
873 1720 905 1746 et
920 1715 1151 1757 deputavimus,

414 1766 544 1810 ipsique
569 1767 690 1800 nuncio
717 1772 821 1799 taxam
840 1768 1151 1810 etrepartimeutum

414 1820 599 1853 huiusmodi
624 1831 684 1863 pro
711 1821 795 1853 dicta
827 1824 951 1853 summa
985 1822 1152 1864 octingen-

414 1878 521 1906 torum
557 1873 695 1906 millium
732 1874 922 1906 ducatorum
956 1874 1149 1907 conficiendi

413 1928 553 1970 amplam
577 1932 769 1970 potestatem
794 1927 1030 1967 concessimus,
1056 1933 1152 1971 prout

413 1981 446 2012 in
471 1980 591 2013 nostris
617 1981 755 2023 desuper
780 1981 812 2013 in
837 1981 933 2013 simili
951 1981 1052 2013 forma
1076 1982 1152 2013 Bre-

413 2033 461 2066 vis
495 2033 545 2065 die
578 2043 618 2066 xx
654 2033 795 2066 octobris
831 2044 963 2067 MDchn
995 2034 1150 2077 expeditis

414 2085 548 2127 litteris,
575 2082 708 2129 quarum
742 2092 888 2119 tenorem
921 2087 1149 2130 praesentibus

413 2149 474 2181 pro
500 2140 594 2182 plene
627 2144 659 2172 et
693 2139 891 2173 sufficienter
916 2151 1070 2183 expresso
1095 2141 1150 2172 ha-

414 2191 483 2224 beri
509 2193 665 2234 volumus,
692 2193 822 2225 uberius
848 2193 1042 2226 continetur.

459 2246 472 2287 §
496 2244 527 2277 ’1.
555 2245 633 2278 Cum
660 2251 775 2285 autem,
802 2245 882 2278 sicut
907 2257 964 2289 pro
991 2251 1081 2289 parte
1099 2257 1151 2279 ea-

414 2297 533 2329 rissimi
558 2298 590 2330 in
616 2298 745 2331 Christo
770 2298 827 2331 filii
846 2299 945 2331 nostri
964 2299 1080 2339 Caroli,
1102 2309 1151 2331 ea-

412 2350 558 2382 rumdem
577 2351 802 2393 Hispaniarum
818 2352 903 2394 regis
918 2352 1078 2392 catholici,
1095 2363 1152 2384 no-

413 2402 462 2434 bis
487 2413 546 2445 per
571 2403 723 2436 dilectum
748 2403 848 2436 tilium
877 2405 1020 2437 nobilem
1046 2405 1150 2437 virum

414 2455 543 2488 Petrum
568 2456 607 2487 de
634 2457 801 2498 Aragouia,
819 2457 918 2499 ipsius
942 2457 1045 2490 Caroli
1065 2457 1150 2499 regis

416 2509 499 2551 apud
525 2519 583 2541 nos
597 2514 629 2541 et
645 2509 760 2542 Sedent
780 2512 955 2552 praefatam
974 2517 1148 2551 oratorem,

414 2572 517 2605 nuper
535 2563 714 2605 expositum
734 2563 802 2603 suit,
824 2563 933 2596 habita
951 2564 1149 2597 necessitatis

1195 920 1298 961 gionis
1323 921 1361 953 ad
1388 921 1636 964 quadriennium
1670 924 1718 955 ex‘
1739 921 1808 965 pari
1837 921 1929 954 heni-

1193 973 1313 1015 gnitate
1339 974 1527 1017 ampliatum
1546 974 1700 1013 extiterit,
1715 974 1838 1007 idcirco
1855 984 1928 1015 nos,

1193 1031 1227 1057 ut
1242 1036 1367 1058 summa
1384 1026 1635 1069 quingentorum
1652 1026 1764 1069 viginti
1783 1027 1925 1069 quinque

1193 1078 1329 1111 millium
1357 1080 1544 1112 ducatorum
1567 1085 1713 1112 monetae
1742 1079 1928 1112 huiusmodi

1193 1131 1276 1164 intra
1307 1131 1556 1175 quadriennium
1586 1132 1766 1175 praefatum
1803 1131 1928 1165 facilius

1194 1184 1289 1226 exigi,
1319 1190 1453 1227 taxaque
1471 1189 1503 1216 et
1520 1185 1786 1227 repartimentum
1810 1194 1929 1228 oppor-

1196 1242 1304 1269 tunum
1316 1237 1459 1280 desuper
1470 1236 1650 1280 expeditius
1667 1235 1781 1270 confici
1791 1237 1928 1277 valeant,

1193 1290 1383 1333 providere,
1408 1301 1537 1324 necnon
1562 1290 1820 1331 difficultatibus,
1847 1301 1929 1334 quae

1194 1343 1278 1375 circa
1303 1344 1479 1386 praemissa
1504 1343 1581 1376 oriri
1607 1349 1760 1387 possent,
1786 1343 1926 1383 obviare,

1194 1407 1229 1428 ac
1254 1396 1493 1439 exemptionem
1514 1407 1569 1429 seu
1587 1396 1810 1439 exceptionem
1834 1405 1929 1440 prae-

1195 1449 1289 1481 fatam
1314 1454 1348 1481 ut
1372 1449 1455 1481 infra
1479 1449 1639 1481 moderari
1658 1450 1821 1481 volentes:
1840 1452 1929 1481 motu

1194 1502 1334 1545 proprio,
1362 1513 1397 1534 ac
1423 1513 1459 1535 ex
1485 1504 1571 1534 certa
1596 1501 1731 1534 scientia
1755 1506 1786 1534 et
1803 1502 1928 1534 matura

1170 1559 1172 1569 ¹
1193 1555 1429 1591 deliberatione
1455 1555 1587 1595 nostris,
1604 1555 1711 1598 deque
1729 1554 1928 1597 apostolicae

1193 1609 1363 1650 potestatis
1378 1608 1589 1651 plenitudine,
1601 1608 1686 1651 quod
1701 1606 1749 1640 ex¹
1762 1607 1930 1651 parochia·

1194 1662 1239 1693 les
1265 1662 1431 1701 ecclesias,
1462 1671 1597 1704 quarum
1623 1666 1761 1700 centum,
1780 1665 1812 1692 et
1830 1660 1931 1692 bene-

1194 1714 1264 1747 ficia
1275 1714 1435 1757 simplicia
1449 1714 1621 1757 praedicta,
1635 1722 1772 1756 quorum
1785 1712 1931 1746 redditus

1194 1767 1291 1801 annui
1317 1767 1428 1810 viginti
1444 1772 1578 1810 quatuor
1596 1767 1787 1799 ducatorum
1805 1765 1871 1797 auri
1891 1765 1929 1798 de

1194 1822 1322 1853 camera
1347 1830 1504 1853 summam
1528 1819 1706 1863 respective
1738 1829 1804 1852 non
1839 1828 1932 1851 exce-

1194 1875 1292 1913 dunt,
1327 1873 1561 1913 obtinentibus,
1587 1873 1627 1905 ad
1652 1871 1932 1905 contributionem

1194 1933 1225 1960 et
1249 1927 1443 1960 solutionem
1468 1925 1628 1969 portionis
1653 1925 1797 1958 decimae
1820 1924 1931 1957 huius-

1194 1979 1293 2019 modi,
1311 1979 1395 2012 sicut
1412 1978 1628 2022 praemittitur
1643 1978 1930 2017 reductae,omnes

1195 2039 1226 2065 et
1249 2032 1368 2075 singuli
1394 2032 1415 2064 ii
1440 2037 1611 2064 teneantur
1644 2036 1675 2063 et
1696 2030 1830 2073 obligati
1855 2029 1930 2069 sint,

1195 2086 1247 2129 qui
1285 2086 1324 2118 ad
1355 2085 1552 2118 solutionem
1585 2089 1617 2116 et
1651 2083 1931 2116 contributionem

1195 2138 1329 2172 subsidii
1371 2143 1402 2170 et
1440 2137 1564 2180 primae
1605 2136 1746 2169 decimae
1786 2134 1932 2168 excusati

1194 2197 1397 2234 nuncupatae
1423 2190 1543 2223 inillis
1575 2190 1684 2232 regnis
1716 2194 1867 2222 tenentur
1900 2193 1932 2221 et

1194 2246 1248 2278 illa
1273 2246 1410 2284 solvunt,
1435 2243 1654 2287 praesentium
1679 2247 1793 2275 tenore
1819 2243 1931 2275 decer-

1195 2299 1300 2331 nimus
1324 2303 1355 2330 et
1380 2298 1592 2337 declaramus3
1619 2296 1742 2339 tibique
1767 2295 1806 2328 ad
1832 2293 1931 2327 omni-

1194 2352 1321 2383 modam
1335 2351 1514 2383 litterarum
1530 2355 1713 2382 nostrarum
1730 2358 1826 2391 super
1839 2357 1932 2391 prae-

1193 2404 1298 2437 missis
1339 2408 1559 2437 emauatarum
1598 2413 1670 2435 cum
1708 2401 1856 2434 omnihus
1899 2404 1932 2431 et

1194 2458 1328 2500 singulis
1351 2457 1554 2490 facultatibus
1588 2461 1618 2488 et
1652 2454 1782 2487 indultis
1809 2453 1851 2485 ibi
1879 2462 1931 2485 ex-

1230 2573 1241 2598 1
1265 2572 1411 2606 Praeposit⁴
1428 2580 1463 2598 ea:
1480 2579 1527 2598 uos
1547 2569 1671 2598 addimus
1685 2570 1725 2603 (u.
1742 2569 1791 2601 τ.).

1939 166 1991 211 mi.
2008 185 2036 212 e.
2055 185 2122 213 1665

1965 982 2041 1002 Annuit
2052 982 2121 1002 vonu-

1939 1008 1970 1029 rex
1982 1012 2043 1033 prout
2058 1015 2077 1029 tu
2088 1015 2121 1029 iu·

1938 1034 2006 1056 brien.
