2247 3208
100 246 150 273 Αιι.
167 247 197 274 C.
216 245 284 275 1662

124 944 242 966 clausulae.

120 1631 234 1651 cannariis
245 1631 279 1652 tle-

97 1660 165 1683 rogat.

135 2580 284 2607 ’transumpto-

103 2612 148 2628 rum
163 2608 222 2628 fider.

889 244 1077 268 MENANDER
1100 245 1145 267 ΥΠ
1172 245 1219 267 FP.

297 295 482 328 absolutum
508 294 577 327 sore
603 299 789 334 censentes,
823 293 1035 336 supplicatio-

295 348 393 381 nibus
418 348 486 381 eius
512 349 644 381 nomine
662 349 757 381 nobis
776 358 876 391 super
893 348 956 379 hoc
974 347 1035 378 1111-

295 401 418 434 militer
441 401 604 445 porrectis
637 401 782 435 inclinati
799 428 806 441 ‚
834 401 873 433 de
898 410 1035 433 venera—

294 455 410 488 bilium
436 456 572 488 fratrum
597 461 784 489 nostrorum
806 455 836 487 S.
856 454 944 486 1111.
965 464 1035 486 car-

297 508 455 542 dinalium
480 509 620 551 negotiis
647 514 678 541 et
702 506 975 541 consultationibs
1002 518 1034 539 e-

296 563 511 606 piscoporum
547 567 578 595 et
602 562 803 605 regularium
828 560 1035 604 praeposito-

296 625 370 648 rum
396 616 548 655 eousilio,
568 614 809 648 observantiam
835 613 1032 657 praeinserti

297 668 430 707 decreti,
450 669 509 701 sub
534 667 651 711 poenis
672 667 705 701 in
724 677 762 700 eo
788 666 959 706 contentis,
979 677 1035 698 au-

297 722 446 755 ctoritate
461 720 652 764 apostolica,
669 724 782 753 tenore
798 719 1032 763 praesentium,

296 774 517 817 iniungimus;
559 775 647 807 salva
685 779 793 807 tamen
829 784 962 817 semper
1001 774 1033 805 in

295 827 487 871 praemissis
531 827 726 860 auctoritate
767 826 1033 870 congregationis

296 880 488 913 eorumdem
513 879 741 913 cardinalium.

339 934 354 978 ἓ
377 933 408 967 3.
434 933 657 966 Decernentes
683 932 815 965 easdem
839 937 1033 976 praesentes

295 988 430 1021 letteras
455 997 588 1029 semper
618 985 738 1025 sirmas,
774 986 894 1019 validas
928 991 960 1019 et
990 985 1035 1019 es-

296 1039 412 1073 ficaces
439 1040 589 1072 existere.
611 1044 643 1072 et
669 1040 750 1078 sore,
784 1049 929 1082 suosque
964 1039 1034 1082 ple-

295 1092 405 1124 narios
431 1097 464 1124 et
482 1092 630 1134 integros
647 1090 779 1124 etl‘eetus
796 1091 907 1123 sortiri
925 1096 957 1123 et
978 1091 1035 1123 ob-

296 1144 412 1185 tinere,
438 1155 474 1177 ac
499 1145 539 1177 ab
563 1144 638 1184 illis,
673 1145 711 1177 ad
745 1154 826 1187 quos
852 1149 979 1187 spectat
1004 1149 1035 1176 et

296 1207 357 1240 pro
397 1202 545 1240 tempore
582 1197 763 1239 spectabit,
800 1196 1035 1229 inviolabiliter

297 1249 486 1289 observari,
524 1249 637 1291 sieque
674 1249 707 1280 in
746 1249 937 1291 praemissis
974 1258 1034 1291 per

297 1311 519 1345 quoscumque
552 1301 676 1334 iudices
710 1302 895 1334 ordinarios
922 1306 954 1334 et
978 1302 1034 1334 de-

296 1356 429 1397 legatos,
456 1353 553 1386 etiam
572 1364 744 1386 causarum
769 1354 881 1397 palatii
902 1359 1033 1397 aposto-

295 1407 348 1440 lici
366 1407 531 1440 auditores
550 1407 685 1439 iudicari
705 1412 736 1439 et
752 1406 880 1439 definiri
900 1408 1030 1447 debere,

295 1471 332 1493 ac
356 1461 485 1493 irritum
509 1466 542 1493 et
562 1461 659 1493 inane
686 1461 711 1493 si
740 1471 834 1494 secus
860 1472 960 1504 super
981 1461 1031 1493 liis

295 1525 313 1546 a
338 1525 510 1557 quoquam,
545 1515 656 1557 quavis
688 1515 894 1555 auctoritate,
927 1515 1033 1547 scieu-

296 1572 346 1600 ter
369 1569 419 1600 vel
445 1568 648 1610 ignoranter,
671 1568 846 1610 contigerit
866 1568 1029 1601 attentari.

339 1622 354 1664 ξ
378 1621 409 1654 4,
436 1621 506 1653 Non
532 1622 738 1653 obstantibus
764 1621 969 1664 praemissis,
996 1631 1033 1653 ac

295 1673 586 1707 constitutionibus
612 1679 644 1705 et
670 1673 934 1707 ordinationibus
955 1683 1033 1716 apo-

296 1726 430 1767 stolicis,
444 1736 583 1766 necnon,
597 1732 760 1769 quatenus
775 1737 857 1769 opus
873 1726 923 1771 sit,
940 1737 1033 1769 prae-

296 1779 401 1812 dictae
427 1779 697 1822 Congregationis
724 1779 959 1812 canonicorum
984 1790 1034 1811 re-

296 1832 472 1875 gularium,
500 1833 596 1864 etiam
630 1832 834 1872 iuramento,
861 1832 1034 1864 confirma-

297 1884 386 1917 tione
412 1885 607 1927 apostoliea,
644 1886 694 1917 vel
729 1885 841 1927 quavis
879 1884 1032 1916 firmitate

297 1938 359 1971 alia
382 1938 567 1978 roboratis,
602 1938 732 1970 statutis
764 1943 797 1970 et
821 1938 1034 1970 consuetudi-

296 1991 406 2031 nibus,
443 1990 624 2033 privilegiis
662 2001 809 2034 quoque,
842 1991 977 2023 indultis
1004 1996 1051 2023 et

297 2044 415 2077 litteris
442 2044 633 2087 apostolicis
659 2044 691 2075 in
717 2044 919 2076 contrarium
940 2054 1035 2087 prae-

297 2097 473 2129 missorum
493 2097 742 2139 quomodolibet
760 2097 939 2136 concessis,
959 2107 1036 2129 con-

297 2149 433 2182 firmatis
459 2155 493 2182 et
515 2150 698 2190 innovatis,
734 2150 852 2192 quibus
883 2149 1034 2182 omnibus

299 2208 331 2235 et
355 2204 506 2246 singulis,
533 2203 666 2236 illorum
693 2209 825 2236 tenores
852 2203 1036 2246 praesenti-

298 2257 360 2289 bus
384 2267 444 2299 pro
476 2258 573 2299 plene
607 2262 639 2289 et
671 2256 871 2289 sufficienter
903 2267 1037 2299 expres-

299 2309 343 2341 sis
370 2314 401 2341 et
425 2309 559 2341 insertis
593 2309 772 2350 habentes,
807 2309 871 2342 illis
898 2310 977 2342 alias
1003 2310 1036 2342 in

299 2372 359 2395 suo
385 2363 505 2395 robore
530 2363 770 2405 permansuris,
805 2364 844 2395 ad
878 2364 1038 2406 praemis-

299 2425 412 2449 sorum
426 2415 586 2455 effectum,
606 2416 665 2448 hac
682 2416 750 2448 vice
770 2416 947 2454 dumtaxat,
963 2427 1037 2460 spe-

300 2468 428 2501 cialiter
457 2474 489 2501 et
519 2479 673 2511 expresse
700 2469 914 2511 derogamus3
951 2475 1037 2502 cete-

299 2521 413 2565 risque
438 2523 611 2555 contrariis
638 2523 912 2566 quibuscumque.

344 2575 414 2619 §5
447 2576 602 2609 Volumus
635 2582 743 2609 autem
775 2581 810 2608 ut
846 2577 1035 2610 earumdem

300 2629 524 2672 praesentium
566 2630 751 2663 litterarum
792 2630 1006 2672 transumptis
1025 2656 1033 2670 ,

1069 293 1165 324 etiam
1192 291 1375 335 impressis,
1398 301 1495 324 manu
1522 291 1660 324 alicuius
1684 290 1804 323 notarii

1050 342 1192 388 lpublici
1219 346 1425 389 subscriptis,
1451 351 1483 377 rt
1508 346 1615 387 sigillo
1641 354 1804 388 personae

1068 398 1100 430 in
1144 399 1368 431 ecclesiastiea
1408 399 1566 441 (lignitate
1607 398 1804 431 constitutae

1068 451 1214 491 munitis,
1242 452 1356 483 eadem
1382 462 1518 494 prorsus
1545 451 1625 484 tides
1651 451 1806 485 adhibea-

1068 509 1129 543 tur,
1158 514 1240 546 quae
1266 504 1496 546 praesentibus
1522 505 1604 547 ipsis
1631 505 1806 538 adhibere-

1068 561 1132 596 tur,
1160 556 1185 588 si
1211 557 1320 589 forent
1345 557 1509 589 exhibitae
1536 558 1584 589 vel
1611 563 1774 590 ostensae.

1110 610 1225 642 Datum
1247 610 1387 648 Romae,
1415 610 1503 653 apud
1527 610 1557 642 S.
1586 610 1716 642 Mariam
1743 611 1806 643 Ma-

1067 663 1183 703 iorem,
1204 664 1264 695 sub
1289 662 1410 696 annulo
1436 662 1623 703 piscatoris,
1644 663 1695 695 die
1721 674 1805 697 xxvn

1067 715 1266 758 septembris
1292 725 1435 755 itinchu,
1461 715 1671 759 pontificatus
1697 716 1802 749 nostri

1067 779 1152 801 anno
1177 779 1246 802 vm.

1102 829 1160 857 Dat.
1177 830 1220 867 die
1236 831 1268 858 27
1280 830 1444 866 septembris
1465 831 1543 866 1662,
1555 831 1649 866 pontif.
1663 839 1733 858 anno
1747 837 1802 858 ν111.

1381 974 1492 1007 CDVII.

1067 1052 1250 1085 Declaralio
1274 1053 1357 1096 quod
1378 1063 1544 1097 personae,
1568 1064 1650 1097 quae
1674 1064 1694 1086 α
1718 1064 1808 1097 supe-

1111 1106 1255 1138 rioribus
1281 1106 1544 1148 Coayreqationis
1570 1107 1735 1140 Missiom's
1759 1107 1810 1140 de-

1108 1158 1313 1202 putabamur
1336 1158 1379 1191 ad
1403 1159 1488 1191 alias
1504 1160 1685 1202 functiones
1705 1160 1808 1194 dictae

1113 1212 1379 1255 Conyreqationis
1410 1223 1493 1255 [snae
1522 1214 1713 1256 proximum
1743 1225 1809 1257 spe-

1111 1269 1220 1304 εΙαηι,
1260 1269 1326 1305 etc„
1357 1265 1633 1308 subsintquoque
1666 1267 1808 1298 locorum

1112 1318 1301 1352 Orclt'narz'is
1337 1319 1444 1362 quoad
1481 1320 1662 1361 functiones
1699 1320 1809 1351 huius-

1110 1371 1198 1404 modi
1229 1371 1257 1404 el
1289 1382 1325 1404 ea
1362 1382 1444 1415 qaae
1476 1372 1553 1404 illas
1586 1377 1806 1413 cancamum&

1109 1429 1138 1458 et
1162 1425 1233 1457 alia
1257 1425 1478 1458 declarantur.

1265 1505 1429 1532 Alexander
1448 1505 1528 1538 Papa
1547 1505 1613 1537 VII,

1187 1549 1223 1576 ad
1243 1553 1419 1582 perpetuam
1438 1550 1482 1576 rei
1505 1550 1686 1576 memoriam.

1112 1620 1289 1653 pastoralis
1323 1621 1420 1654 officii
1458 1621 1635 1653 litunilitati
1673 1627 1805 1654 nostrae

1068 1674 1222 1706 [livinitus
1241 1674 1387 1716 impositi
1409 1675 1597 1707 sollicitudo
1616 1686 1675 1707 uos
1695 1675 1806 1708 admo-

1067 1732 1123 1759 net
1149 1732 1183 1758 ut
1215 1726 1526 1769 congregationum¹
1553 1728 1698 1760 virorum
1727 1728 1808 1760 ube-

1067 1789 1120 1811 res
1146 1779 1179 1811 in
1203 1779 1348 1811 Ecclesia
1378 1780 1434 1812 Dei
1468 1781 1631 1812 bonorum
1668 1791 1808 1823 operum

1069 1833 1192 1864 fructus
1236 1834 1386 1875 proferre
1430 1833 1551 1875 iugiter
1587 1833 1807 1875 satagentium

1068 1890 1188 1917 statum
1215 1886 1411 1928 otitportunis
1438 1886 1620 1918 rationibus
1642 1886 1808 1918 constabi-

1069 1937 1128 1969 lire
1155 1938 1359 1977 studeamus,
1392 1939 1477 1970 sicut
1509 1937 1739 1980 cognoscimus
1775 1938 1807 1969 in

1068 1991 1203 2023 Domino
1230 1991 1407 2023 salubriter
1432 1991 1599 2034 expedire.

1113 2045 1127 2085 ξ
1148 2044 1177 2075 sl.
1199 2044 1284 2076 Alias
1303 2043 1465 2086 siquidem
1484 2054 1553 2083 nos,
1573 2045 1733 2077 nonnulla
1750 2045 1808 2077 du-

1069 2096 1130 2136 bia,
1153 2107 1254 2139 super
1274 2102 1359 2129 statu
1386 2097 1656 2139 Congregationis
1682 2098 1807 2130 Missio-

1069 2150 1119 2181 nis
1145 2149 1177 2180 in
1202 2148 1304 2181 Gallia
1328 2150 1480 2192 inceptae
1510 2160 1547 2181 ac
1573 2150 1651 2182 olim
1682 2161 1699 2182 a
1724 2150 1806 2182 Sede

1070 2202 1260 2245 Apostolica
1296 2204 1498 2246 approbatae
1537 2208 1652 2243 enata,
1689 2205 1807 2236 tollere

1070 2257 1230 2296 volentes,
1258 2257 1405 2289 eamdem
1431 2257 1738 2300 Congregationem,
1766 2258 1808 2289 si-

1071 2316 1125 2342 cut
1160 2310 1347 2352 praefertur
1379 2311 1542 2353 inceptam
1577 2316 1607 2342 et
1645 2311 1808 2353 approba-

1073 2369 1148 2403 tam,
1169 2363 1363 2396 auetoritate
1396 2364 1578 2407 apostoliea
1602 2363 1808 2398 confirmavi-

1071 2428 1142 2449 mus
1169 2422 1201 2450 et
1225 2418 1498 2461 approbavimus,
1529 2428 1601 2449 cum
1630 2416 1807 2449 emissione

1071 2476 1222 2503 vetorum
1247 2471 1445 2514 simplicium
1467 2470 1638 2509 castitatis,
1664 2480 1807 2512 pauper-

1071 2524 1145 2556 tatis
1171 2529 1202 2556 et
1227 2525 1448 2565 obedientiae,
1471 2534 1600 2556 necnon
1618 2522 1805 2555 stabilitatis

1107 2640 1115 2665 1
1130 2638 1196 2665 Male
1208 2637 1271 2666 edit.
1283 2638 1361 2666 Maia.
1373 2637 1438 2671 legit
1449 2637 1803 2671 Conqreyationem(aaut.

1739 233 1779 266 ‹37
1827 240 1916 268 amc.
1938 239 2005 266 1662

1849 1628 1971 1650 Exordium.

1849 2051 1937 2072 tuouva.
