2247 3208
189 189 239 216 An.
257 188 284 215 C.
308 189 373 216 1667

215 989 357 1015 Supplicatio.

205 1943 315 1964 Decretum
323 1944 374 1963 Pon-

189 1970 238 1990 tifex
258 1971 373 1991 cunni-inat.

219 2315 329 2337 Decretum
346 2317 374 2337 ir-

193 2343 264 2364 ritans.

422 181 485 215 480
962 193 1141 217 BULLARIL'M
1167 193 1316 217 noussen

385 240 583 282 praeposita,
603 240 730 272 attentis
753 241 905 279 narratis,
920 241 1059 282 benigne
1080 240 1126 272 in-

385 292 497 331 dulsit,
517 292 603 323 utin
628 297 794 334 posterum
820 293 851 324 in
878 294 1023 335 praefata
1050 304 1126 335 pro-

382 343 485 376 vincia
516 349 707 386 procurator
731 345 950 387 captivorum,
977 356 1037 377 nec
1060 356 1123 378 non

383 397 575 429 secretarius
600 397 803 440 provinciae,
823 403 855 430 et
878 398 1015 430 vicarius
1040 409 1125 431 com-

382 449 547 482 munitatis
559 450 818 494 Ulyssiponensis
834 451 980 483 eiusdem
996 453 1125 494 provin-

383 503 451 536 ciae
480 514 539 547 pro
575 509 722 547 tempore
759 504 932 536 existentes
965 505 1125 546 gaudeant

381 562 455 589 voto
476 561 635 599 perpetuo
658 556 688 588 in
709 557 1124 600 capitulisprovincialibus

382 609 485 652 ipsius
502 609 704 652 provinciae,
724 610 766 641 ita
784 615 817 641 ut
835 620 851 641 a
872 611 961 642 nullo
984 611 1125 653 desuper

382 662 492 705 quovis
532 663 628 695 modo
665 662 812 705 impediri
851 669 905 695 aut.
941 664 1124 706 perturbari

381 715 504 758 possint
535 720 590 746 aut
615 716 769 754 debeant,
795 716 967 748 contrariis
993 716 1124 759 quibus-

381 778 516 810 cumque
550 778 614 800 non
649 768 864 800 obstantibus.
899 768 1033 808 Romae,
1058 779 1123 802 xvu

382 820 561 852 decembris
585 830 738 853 MDCLxVI.

558 873 596 905 M.
626 874 799 906 cardinalis
825 874 996 907 Gmssrrcs.

471 926 505 958 E.
534 926 704 969 episcopus
729 926 952 965 Camcriensis‚
979 932 1118 959 secret.»

428 979 442 1022 g
467 978 498 1011 ἃ.
527 979 604 1011 Cum
630 984 753 1017 antem,
774 979 855 1011 sicut
878 979 1024 1011 minister
1048 990 1124 1022 pro-

382 1032 528 1064 vincialis
554 1037 586 1064 et
618 1032 805 1065 definitores
838 1032 993 1076 praedicti
1030 1032 1122 1065 nobis

382 1083 519 1116 subinde
546 1085 663 1126 exponi
690 1085 850 1123 fecerunt,
870 1085 929 1127 ipsi
957 1086 1122 1117 decretum

383 1137 586 1177 huiusmodi,
614 1148 678 1180 quo
704 1136 826 1170 firmius
852 1138 1022 1177 subsistat,
1048 1148 1124 1180 apo-

382 1190 515 1223 stolicae
530 1190 783 1223 confirmationis
799 1197 926 1224 nostrae
941 1191 1123 1234 patrocinio

381 1244 582 1277 communire
601 1255 807 1288 summopere
825 1245 1028 1277 desiderent:
1049 1255 1121 1284 nos,

380 1297 554 1340 specialem
589 1298 666 1341 ipsis
709 1298 948 1341 exponentibus
989 1297 1123 1340 gratiam

381 1351 487 1383 facere
524 1352 686 1391 volentes,
726 1356 757 1383 et
791 1361 906 1383 eorum
942 1351 1123 1392 singulares

380 1414 538 1447 personas
570 1415 587 1436 a
618 1403 783 1447 quibusvis
817 1403 1124 1436 excommunicatio-

382 1456 451 1497 nis,
488 1457 711 1500 suspensionis
748 1463 779 1489 et
813 1457 997 1497 interdicti,
1039 1456 1124 1489 aliis-

383 1520 445 1552 que
475 1510 701 1542 ecclesiasticis
723 1510 908 1549 sententiis,
927 1509 1070 1543 censuris
1093 1516 1124 1543 et

383 1563 518 1606 poenis,
545 1573 563 1594 a
587 1563 655 1595 iure
682 1564 731 1595 vel
765 1564 804 1595 ab
837 1563 983 1603 homine,
1009 1563 1122 1606 quavis

384 1615 555 1648 occasione
573 1616 623 1648 vel
642 1618 740 1648 causa
759 1615 846 1655 latis,
865 1615 890 1647 si
909 1615 1027 1659 quibus
1045 1627 1124 1659 quo-

383 1669 563 1702 modolibet
595 1669 768 1701 innodatae
802 1668 959 1709 existunt,
986 1669 1024 1701 ad
1050 1668 1124 1702 effe-

382 1727 467 1754 ctum
491 1723 711 1765 praesentium
737 1723 903 1755 dumtaxat
923 1732 1124 1766 consequen-

383 1775 472 1815 dum,
499 1775 613 1807 harum
639 1775 720 1807 serie
747 1775 949 1808 absolventes
975 1781 1006 1807 et
1030 1775 1124 1808 abso-

384 1828 466 1860 lutas
502 1828 571 1860 sore
607 1833 795 1868 censentes,
834 1827 1124 1870 supplicationibus

385 1890 497 1913 eorum
522 1881 651 1913 nomine
677 1881 771 1913 nobis
796 1892 894 1924 super
923 1882 986 1914 hoc
1018 1881 1122 1914 humi-

385 1934 457 1967 liter
482 1935 642 1978 porrectis
668 1936 1008 1975 inelimiti,decretum
1033 1946 1124 1978 prae-

384 1987 558 2029 insertum,
580 1989 772 2021 auctoritate
798 1989 988 2032 apostolica,
1011 1995 1124 2021 tenore

384 2043 627 2085 praesentium,
652 2043 868 2085 approbamus
901 2048 933 2075 et
956 2042 1125 2075 confirma-

383 2107 467 2135 mus,
486 2095 599 2139 illique
618 2096 815 2139 apostolicae
841 2096 999 2128 firmitatis
1025 2097 1125 2128 robur

383 2148 565 2189 adiicimus3
588 2150 674 2181 salva
691 2154 797 2181 tamen
823 2160 952 2192 semper
977 2149 1008 2181 in
1033 2159 1125 2192 prae-

383 2201 489 2234 missis
514 2203 705 2235 auctoritate
731 2202 875 2235 eiusdem
900 2202 1125 2246 congregatio-

384 2255 433 2288 nis
458 2255 680 2288 cardinalium.

429 2309 444 2352 ἓ
469 2308 499 2341 3.
526 2309 747 2342 Decernentes
766 2309 852 2352 ipsas
868 2313 1057 2353 praesentes
1075 2308 1125 2342 lit-

386 2367 471 2395 teras
497 2373 624 2405 semper
641 2362 766 2403 sirmas,
786 2363 907 2396 validas
928 2368 960 2395 et
980 2362 1125 2396 efficaces

386 2415 525 2448 existere
556 2420 587 2447 et
611 2415 693 2454 sore,
721 2426 859 2459 suosque
892 2416 1057 2459 plenarios
1095 2421 1126 2449 et

386 2469 528 2511 integros
553 2467 685 2501 effectus
709 2469 816 2501 sortiri
842 2474 874 2502 et
898 2469 1061 2509 obtinere,
1088 2480 1125 2503 ac

386 2522 453 2563 illi,
479 2522 519 2554 ad
550 2532 632 2565 quos
664 2526 786 2564 spectat
817 2527 849 2555 et
884 2533 944 2566 pro
978 2528 1125 2567 tempore

385 2575 562 2620 spectabit,
583 2574 771 2619 plenissime
804 2575 986 2619 suffragari,
1013 2576 1124 2620 sicque

1168 241 1200 272 in
1226 241 1409 282 praemissis
1442 251 1500 284 per
1532 251 1751 284 quoscumque
1784 240 1908 274 iudices

1169 293 1351 325 ordinarios
1372 297 1404 324 et
1422 293 1605 334 delegatos,
1622 294 1717 327 etiam
1739 304 1909 326 causarum

1170 346 1276 388 palatii
1310 345 1478 388 apostolici
1513 346 1692 385 auditores,
1714 345 1848 378 iudicari
1879 352 1910 379 et

1170 398 1296 430 deliniri
1322 398 1460 436 debere,
1486 409 1521 430 ac
1546 398 1671 430 irritum
1699 404 1731 431 et
1754 399 1849 431 inane
1882 399 1907 431 si

1168 462 1258 482 secus
1283 461 1381 493 super
1408 450 1458 482 his
1479 461 1690 493 aquoquam,
1716 451 1828 494 quavis
1852 462 1907 484 au-

1168 503 1334 542 ctoritate,
1361 503 1500 535 scienter
1525 504 1573 535 rel
1599 503 1802 545 ignoranter,
1830 514 1907 537 eon-

1171 556 1277 597 tigerit
1302 556 1463 588 attentari.

1212 609 1237 651 g.
1265 609 1296 641 4,
1324 609 1393 642 Non
1420 609 1619 641 obstantibus
1643 608 1846 652 praemissis,
1872 619 1908 641 ac

1169 661 1451 694 constitutionilnis
1483 666 1513 694 et
1548 661 1806 695 ordinationibus
1831 671 1909 704 apo-

1168 714 1304 754 stolicis,
1324 725 1468 754 necnon,
1488 720 1644 758 quatenus
1667 725 1746 757 opus
1772 715 1830 755 sit,
1851 714 1909 747 Or-

1169 767 1252 799 dinis
1288 772 1320 799 et
1355 768 1538 810 provinciae
1576 767 1778 807 huiusmodi,
1813 767 1910 799 etiam

1169 820 1365 859 iuramento,
1386 819 1629 854 confirmatione
1648 819 1845 863 apostolica,
1860 821 1909 853 vel

1169 873 1279 915 quavis
1313 873 1464 906 firmitate
1491 874 1552 906 alia
1576 873 1754 914 roboratis,
1781 873 1908 905 statutis

1169 931 1200 957 et
1225 925 1529 965 consuetmlinibus,
1555 925 1732 969 privilegiis
1759 936 1907 969 quoque,

1169 978 1304 1010 indultis
1331 983 1362 1010 et
1387 978 1501 1010 litteris
1529 978 1713 1021 apostolicis
1734 978 1765 1010 in
1784 983 1910 1011 contra-

1169 1030 1253 1062 rium
1277 1030 1530 1074 praemissorum
1563 1031 1806 1074 quomodolibet
1830 1041 1908 1063 con-

1169 1082 1286 1123 cessis,
1306 1082 1501 1115 confirmatis
1528 1088 1560 1116 et
1583 1083 1763 1123 innovatis;
1791 1083 1908 1126 quibus

1168 1135 1332 1168 omnibusv
1353 1141 1387 1168 ct
1421 1136 1580 1178 singulis,
1613 1136 1744 1169 illorum
1780 1141 1908 1169 tenores

1168 1189 1395 1232 praesentibus
1427 1200 1484 1232 pro
1516 1190 1613 1232 plene
1647 1194 1679 1221 et
1709 1187 1910 1221 sufficienter

1168 1242 1328 1284 expressis
1354 1253 1391 1275 ac
1416 1243 1455 1275 de
1477 1243 1576 1275 verbo
1598 1243 1637 1275 ad
1653 1243 1788 1275 verbum
1806 1242 1909 1274 inser-

1170 1295 1208 1326 tis
1233 1295 1409 1335 habentes‚
1437 1295 1500 1328 illis
1525 1295 1601 1328 alias
1633 1295 1666 1327 in
1698 1304 1755 1328 suo
1788 1295 1909 1328 robore

1168 1348 1407 1390 permansuris,
1422 1349 1461 1381 ad
1480 1349 1735 1391 praemissorum
1751 1347 1906 1389 effectum,

1169 1402 1229 1433 bac
1259 1400 1328 1434 vice
1363 1402 1546 1441 dumtaxat,
1573 1401 1756 1444 specialiter
1792 1406 1824 1434 et
1855 1411 1909 1434 ex-

1168 1464 1277 1496 presse
1299 1454 1511 1496 derogalnus3
1529 1453 1710 1497 ceterisque
1735 1454 1907 1487 contrariis

1168 1507 1434 1551 quibuscumqae.

1212 1561 1324 1593 Datum
1350 1561 1487 1602 Romae,
1510 1561 1595 1604 apud
1614 1561 1644 1594 S.
1664 1561 1794 1594 Mariam
1811 1561 1908 1594 Maio-

1169 1625 1255 1654 rem,
1273 1614 1331 1647 sub
1346 1616 1465 1648 annulo
1494 1615 1666 1648 Piscatoris
1678 1642 1685 1655 ,
1703 1615 1753 1648 die
1769 1625 1847 1648 xvnl
1864 1615 1908 1648 ia-

1168 1668 1273 1701 nuarii
1298 1678 1470 1708 nncxtvn,
1495 1668 1700 1712 pontificatus
1725 1669 1828 1702 nostri
1853 1679 1909 1701 an-

1168 1732 1209 1754 no
1232 1732 1289 1756 ΧΠ.

1203 1785 1264 1811 Dat.
1285 1783 1328 1811 die
1344 1784 1378 1810 18
1397 1783 1512 1811 ianuarii
1534 1784 1618 1817 1667,
1640 1783 1735 1819 pontis.
1756 1792 1828 1811 anno
1847 1790 1894 1811 xu.

1485 1945 1597 1978 DLVlI.

1169 2043 1317 2075 Decerni!
1332 2047 1522 2075 conventum
1536 2043 1641 2076 sancti
1650 2043 1821 2076 Francisci
1834 2043 1908 2075 civi-

1214 2096 1289 2127 tatis
1321 2095 1503 2138 'I'aryovisli
1520 2096 1709 2139 provinciae
1732 2095 1908 2129 Valacltiae

1211 2153 1354 2192 spectare
1369 2149 1410 2181 ud
1423 2150 1541 2192 fratres
1556 2148 1718 2181 custodiae
1733 2148 1908 2182 Valaclzz'ae

1214 2201 1348 2235 Ordinis
1368 2203 1535 2235 Minorum
1554 2202 1660 2234 sancti
1681 2202 1712 2235 F
1713 2201 1852 2236 rancisci
1870 2201 1908 2235 de

1213 2254 1425 2288 Obseruantia*
1438 2259 1712 2299 nuncupatorum,
1727 2265 1783 2288 nec
1798 2254 1908 2288 ullum

1212 2309 1263 2340 ius
1288 2309 1322 2341 in
1340 2319 1372 2341 eo
1394 2309 1510 2341 habere
1528 2310 1645 2352 fratres
1666 2309 1808 2341 Minores
1830 2308 1908 2342 Con-

1210 2362 1375 2394 ventuales
1412 2362 1670 2405 congyreyatiom's
1709 2361 1747 2395 de
1781 2362 1906 2404 Propa-

1210 2415 1318 2459 9andd
1343 2415 1427 2448 Fide
1450 2416 1487 2448 in
1511 2415 1599 2448 diolci
1627 2415 1799 2459 provincia
1827 2414 1906 2447 mis-

1211 2470 1372 2503 sionarios
1397 2468 1417 2502 ¹.

1203 2587 1213 2611 1
1232 2584 1269 2611 Ex
1284 2584 1393 2620 Regest.
1410 2584 1436 2611 iu
1451 2584 1555 2612 Secret.
1571 2584 1652 2611 BreV.

1916 192 1966 220 An.
1983 193 2012 221 C.
2034 193 2101 221 1667

1988 623 2102 649 Dcrogatio

1919 650 2080 671 contrariorum.
