2247 3208
213 224 306 265 ⁵An.‘'›.
334 237 398 264 11vass
446 229 508 262 fllss

235 401 355 422 [sardium.

234 1517 350 1544 qusitm.

623 287 754 313 Clemens
776 287 854 320 Papa
876 286 920 316 IX,

543 332 577 358 ad
598 331 730 357 futuram
750 330 796 356 rei
817 330 999 357 memoriam.

448 394 673 436 Speculatores
700 392 814 425 domus
839 392 954 433 Israel,
980 403 1061 435 quae
1093 398 1141 425 est

403 450 513 477 sancta
537 445 593 478 Dei
618 443 789 485 Ecclesia¹,
810 446 842 478 in
862 446 954 478 terris
972 446 1138 479 aDoniino

404 498 580 537 constituti,
608 498 647 531 ad
672 498 728 531 illa
752 499 945 542 praecipuae
971 499 1139 532 charitatis

402 556 496 594 atque
522 550 707 593 vigilantiae
733 556 862 584 nostrae
884 552 1053 595 pastoralis
1075 558 1139 584 stu-

403 604 453 636 dia
478 604 704 644 convertimus,
731 615 813 648 quae
839 605 1032 638 christianae
1064 605 1139 638 reli-

402 657 505 699 gionis
520 657 764 700 catholicaeque
778 657 854 690 fidei
872 658 1137 700 propagationem

401 715 624 750 concernunt,
649 716 684 743 ut
707 710 771 743 illis
797 715 916 743 certam
941 716 1036 754 atque
1062 721 1138 754 pru-

401 763 530 795 dentem
544 773 580 795 ex
596 763 692 796 solita
710 763 803 796 huius
819 768 948 796 sanctae
959 763 1048 796 Sedis
1062 774 1138 807 pru-

401 816 511 848 dentia
535 821 565 849 et
584 815 780 849 rectitudine
798 827 945 849 normam
964 817 1137 856 tradamus,

401 873 450 910 et,
476 869 610 902 sublatis
646 869 752 902 dubiis
784 875 879 913 atque
905 869 1137 902 controversiis

401 932 482 964 quae
503 921 586 954 inter
611 923 777 965 operarios
804 922 836 955 in
860 923 986 955 vineam
1010 923 1137 955 Domini

400 974 516 1007 missos
540 975 573 1007 in
599 977 702 1018 caque
728 975 842 1008 sedulo
860 976 1046 1008 laborantes
1066 985 1139 1008 ena-

400 1027 444 1060 sci
470 1027 664 1071 illorumque
690 1029 819 1061 labores
845 1033 877 1061 et
899 1029 1048 1062 laborum
1075 1028 1138 1060 sru-

401 1085 507 1113 ctnum
539 1082 668 1114 turbare
703 1082 752 1114 vel
785 1082 945 1125 impedire
981 1087 1137 1125 possent,

400 1134 509 1168 omnia
532 1135 585 1178 pIe
607 1140 778 1179 sancteque
798 1135 968 1179 (quantum
985 1134 1137 1167 Dominus

402 1188 524 1221 donare
550 1189 715 1231 dignatur)
742 1188 914 1231 disponere
940 1193 1137 1231 satagamus,

401 1251 464 1284 quo
489 1241 590 1285 optati
616 1247 750 1284 surgant
767 1242 984 1275 benedicente
1001 1242 1137 1275 Domino

400 1294 530 1334 fructus,
550 1306 586 1328 ac
610 1295 648 1327 ad
675 1295 891 1328 maturitatem
908 1295 1137 1338 perducantur,

401 1352 576 1391 sanctaque
620 1348 718 1381 Mater
755 1348 898 1381 Ecclesia
933 1347 1137 1381 uberioribus

401 1406 496 1444 atque
521 1401 710 1434 laetioribus
736 1401 768 1433 in
794 1400 862 1434 dies
881 1401 1019 1444 gaudeat
1036 1400 1138 1433 incre-

401 1454 531 1487 mentis.

445 1507 516 1550 gl.
553 1507 629 1540 Cum
665 1507 794 1551 itaque,
829 1507 910 1540 sicut
942 1507 1137 1540 venerabilis

402 1561 502 1593 frater
526 1560 715 1593 Franciscus
747 1560 919 1604 episcopus
951 1560 1139 1604 Eliopolita-

400 1624 473 1652 nus,
488 1613 625 1646 vicarius
652 1613 847 1657 apostolicus
874 1613 906 1645 in
931 1623 1031 1656 regno
1055 1613 1139 1645 Tun-

401 1667 490 1700 chini
507 1677 579 1699 cum
597 1667 879 1701 administratione
897 1667 1139 1710 provinciarum

401 1720 494 1753 Sinae
520 1720 595 1753 huic
619 1731 721 1763 regno
747 1720 972 1761 adiacentium,
989 1720 1140 1753 videlicet

401 1773 539 1815 Ianuam,
565 1772 740 1814 Queicken,
766 1773 953 1816 Hauquang‚
981 1772 1138 1812 Sucenen,

402 1827 553 1870 Quengsii
579 1832 611 1859 et
634 1827 725 1867 Laos,
744 1838 761 1859 a
784 1826 883 1860 felicis
903 1825 1140 1859 recordationis

403 1880 585 1913 Alexandro
610 1879 695 1923 Papa
711 1878 761 1912 VII
778 1879 1009 1922 predecessore
1027 1883 1140 1911 nostro

403 1933 596 1966 constitutus
622 1944 658 1966 ae
685 1933 868 1976 deputatus,
886 1937 948 1964 tam
966 1942 1024 1965 suo
1046 1943 1140 1976 quam

404 1987 599 2019 venerabilis
623 1987 745 2030 pariter
766 1986 872 2019 fratris
889 1985 976 2019 Petri
994 1986 1140 2029 episcopi

403 2040 553 2083 Berytcn,
576 2039 685 2072 vicarii
710 2040 879 2083 apostolici
898 2039 1139 2073 Cochinchinae

403 2104 475 2125 cum
488 2092 767 2125 administratione
782 2092 1061 2136 infrascriptarum
1073 2103 1141 2135 pro-

403 2145 579 2178 vinciarum
598 2145 703 2185 Sinae,
717 2145 867 2178 videlicet
879 2144 1049 2187 Cechiang,
1064 2144 1142 2178 For-

404 2199 509 2239 chien,
531 2198 710 2241 Quantimg,
729 2198 895 2239 Chiemsii,
916 2198 1041 2231 insulae
1061 2198 1142 2241 Hay-

405 2263 512 2292 naum,
530 2257 560 2284 et
577 2252 711 2284 aliarum
726 2251 916 2291 insularum,
934 2257 1029 2295 atque
1044 2251 1140 2284 etiam

405 2304 549 2348 episcopi
577 2305 847 2348 Metellopolitani
879 2305 1057 2338 consecrati
1088 2310 1143 2337 aut

404 2368 475 2390 mox
502 2358 725 2397 consecrandi,
745 2358 853 2391 vicarii
872 2358 1042 2401 apostolici
1058 2358 1142 2391 Nan-

405 2410 492 2443 chini
518 2410 666 2443 Sinarum
683 2422 753 2443 cum
772 2411 1051 2444 administratione
1068 2422 1143 2454 pro-

404 2463 583 2496 vinciarum
607 2464 771 2504 Pechuin,
798 2464 938 2504 Kiansii,
965 2464 1142 2507 Kantingz,

406 2517 531 2557 Honan,
557 2516 684 2558 Kensii,
711 2517 831 2550 Coreae
857 2523 889 2551 et
914 2517 1078 2551 Tartariae
1103 2517 1142 2551 ab

443 2633 455 2658 1
477 2631 546 2659 Edu.
564 2620 643 2659 nam.
660 2631 725 2667 legit
740 2631 882 2660 Ecclesiae
897 2632 938 2667 (a.
953 2633 1002 2666 τ.).

992 241 1071 263 nrm,
1081 241 1170 263 immi
1196 240 1346 264 ROMANY'M

1185 286 1223 318 ab
1250 287 1363 319 codem
1390 287 1571 320 Alexandro
1597 289 1849 331 praedecozsore
1869 301 1923 333 pa-

1184 339 1261 371 riter
1286 339 1547 380 constitutorum,
1562 351 1634 373 cuin
1655 343 1844 375 extensione
1867 343 1921 375 ad-

1184 391 1428 424 ininIstrationis
1455 391 1530 424 dicti
1556 393 1701 437 episcopi
1732 395 1921 438 Metellopo-

1184 444 1273 476 litani
1314 445 1352 477 ad
1385 445 1546 478 civitatem
1583 446 1712 479 Juthiae
1753 451 1919 492 totumque

1183 496 1280 529 Siami
1305 507 1441 539 regnum
1466 510 1483 530 a
1507 499 1601 532 nobis
1626 509 1731 542 nuper
1750 500 1839 540 sacta,
1862 512 1920 534 no-

1183 550 1323 582 minibus
1360 551 1452 584 nobis
1491 553 1608 595 exponi
1646 553 1738 593 fecit,
1764 553 1797 586 in
1827 555 1918 587 dictis

1183 603 1291 646 regnis
1318 609 1349 636 et
1373 604 1547 647 provinciis
1580 606 1786 649 reperiantur
1805 606 1919 640 *diver-

1183 667 1292 689 sorum
1316 656 1470 690 Ordinum
1491 658 1647 701 religiosi,
1671 664 1760 692 tama
1775 659 1838 692 suis
1855 671 1918 693 res-

1182 709 1305 752 pective
1332 710 1552 753 superioribus
1579 712 1797 754 generalibus,
1825 724 1919 756 quam

1182 773 1198 794 a
1223 763 1477 806 congregatione
1513 765 1749 798 venerabilium
1784 766 1917 798 fratrum

1182 820 1367 848 nostrorum
1385 816 1416 848 S.
1436 816 1472 849 R.
1496 817 1530 849 E.
1551 817 1764 850 cardinalium
1780 818 1918 861 negotiis

1182 867 1412 910 propagandae
1431 869 1521 902 Fidei
1542 870 1804 913 praepositorum
1824 870 1919 903 desti-

1182 920 1257 961 nati,
1283 921 1336 963 qui
1362 921 1570 955 missionibus
1595 923 1715 956 ibidem
1747 924 1805 956 sub
1837 924 1919 956 dire-

1182 973 1289 1007 ctione
1304 984 1440 1007 suorum.
1460 976 1640 1019 respective
1658 977 1917 1019 praepositorum

1181 1032 1235 1059 aut
1259 1028 1494 1070 praefectorum
1520 1039 1662 1079 ‘operam
1696 1034 1837 1069 navant;
1865 1041 1918 1062 eo-

1182 1090 1319 1123 rumque
1344 1081 1503 1122 nonnulli,
1519 1086 1554 1113 ut
1578 1081 1784 1114 necessarios
1803 1092 1918 1125 opera-

1181 1133 1245 1165 rios
1272 1133 1546 1177 multiplicarent,
1573 1134 1699 1177 aliquos
1726 1144 1764 1170 ex
1795 1134 1919 1167 serven-

1182 1185 1320 1219 tioribus
1341 1187 1515 1230 neophytis
1531 1187 1724 1220 catechistas
1742 1186 1917 1227 effecerint,

1182 1239 1300 1282 illaque
1327 1240 1387 1272 sibi
1413 1251 1557 1284 suaeque
1591 1240 1762 1273 directioni
1788 1240 1918 1284 quibus-

1182 1292 1254 1324 dam
1280 1293 1360 1325 votis
1382 1293 1634 1333 adstrinxerint,
1658 1293 1813 1336 praedicti
1840 1304 1917 1326 vcro

1182 1346 1328 1389 episcopi
1359 1345 1469 1378 vicarii
1498 1347 1668 1390 apostolici
1702 1346 1868 1379 humiliter
1900 1358 1918 1379 a

1182 1399 1274 1431 nobis
1299 1399 1533 1442 postulaverint
1547 1405 1582 1432 ut
1605 1399 1797 1432 auctoritate
1823 1399 1917 1432 nobis

1183 1462 1200 1484 a
1223 1451 1360 1485 Domino
1386 1452 1501 1485 tradita
1533 1452 1707 1485 decernere
1738 1456 1833 1494 atque
1865 1452 1919 1484 de-

1183 1506 1303 1537 clarare
1329 1504 1554 1547 dignaremur:

1226 1558 1259 1590 ‘1⁰
1284 1558 1331 1590 An
1349 1558 1456 1601 aliqua
1479 1558 1520 1590 sit
1536 1557 1621 1590 inter
1636 1557 1774 1590 vicarios
1793 1561 1919 1601 aposto-

1184 1611 1263 1644 licos
1288 1616 1319 1644 et
1335 1613 1501 1654 regulares
1517 1610 1699 1654 praedictos
1725 1610 1918 1643 subordina-

1185 1664 1238 1705 tio,
1265 1669 1296 1697 et
1319 1664 1351 1696 in
1377 1664 1492 1707 quibus
1518 1664 1551 1696 hi
1576 1664 1615 1696 ab
1641 1663 1705 1696 illis
1732 1663 1918 1707 dependere

1184 1717 1340 1750 debeant:

1227 1771 1259 1803 ⁶2⁰
1275 1771 1323 1803 An
1338 1770 1533 1804 catechistae
1551 1780 1610 1813 per
1626 1774 1698 1802 vota
1716 1769 1919 1812 regularibus

1185 1824 1265 1857 sacta
1297 1824 1478 1857 eximantur
1502 1834 1520 1856 a
1543 1823 1766 1856 iurisdictione
1792 1832 1920 1856 eorum-

1184 1878 1257 1910 dem
1282 1877 1478 1911 vicariorum
1503 1876 1773 1920 apostolicorum:

1227 1930 1242 1973 ἓ
1267 1930 1298 1963 ⁶2.
1325 1930 1398 1970 Nos,
1420 1930 1627 1962 attendentes
1652 1940 1690 1962 eo
1715 1928 1920 1972 potissimum

1935 243 1981 268 An.
1997 242 2024 269 C.
2050 242 2115 269 1069

1965 1939 2061 1959 Pontifex
2077 1939 2113 1959 dn-

1930 1966 1997 1986 cernit
2017 1967 2078 1991 prout
2092 1971 2112 1985 ιιι

1184 1983 1246 2016 fine
1273 1984 1302 2015 in
1328 1983 1454 2023 Sinam,
1482 1982 1704 2022 Tunchinum‚
1728 1981 2023 2015 Cochinchi-rubuea.

1184 2048 1266 2077 nam,
1286 2036 1426 2069 Siamum
1444 2040 1475 2068 et
1490 2035 1552 2067 alia
1567 2035 1672 2067 vicina
1691 2045 1791 2078 regna
1807 2034 1920 2067 missos

1184 2090 1293 2133 ibique
1325 2089 1518 2122 constitutos
1548 2098 1621 2121 esse
1646 2088 1818 2131 episcopos
1841 2087 1922 2120 vica-

1184 2144 1249 2176 rios
1274 2142 1480 2186 apostolicos
1502 2147 1538 2174 ut
1561 2152 1598 2174 ex
1624 2141 1812 2174 christianis
1837 2139 1920 2172 indi-

1185 2197 1275 2239 genis
1308 2207 1363 2228 seu
1395 2195 1509 2227 incolis
1542 2195 1669 2228 illarum
1699 2194 1840 2237 partium
1871 2192 1920 2225 in-

1185 2251 1395 2292 stituerentur
1427 2248 1535 2282 clerici
1568 2253 1599 2280 et
1629 2247 1832 2287 sacerdotes,
1865 2256 1918 2287 ac,

1185 2308 1350 2336 crescente
1375 2301 1437 2335 side
1462 2301 1671 2344 fideliumque
1698 2310 1849 2340 numero,
1875 2300 1921 2333 di-

1186 2355 1339 2400 sciplinae
1376 2354 1615 2388 ecclesiasticae
1651 2365 1728 2386 usus
1765 2353 1919 2396 paulatim

1186 2409 1466 2450 introduceretur,
1486 2407 1794 2450 considerantesque
1812 2417 1849 2439 ex
1874 2407 1922 2439 in-

1186 2462 1406 2506 dependentia
1438 2462 1657 2506 plurimorum
1696 2459 1920 2504 operariorum

1186 2516 1219 2549 in
1244 2516 1358 2549 iisdem
1382 2515 1474 2557 loeis,
1497 2514 1672 2559 praecipue
1698 2523 1770 2546 cum
1794 2513 1833 2545 ab
1858 2512 1922 2546 hac

1187 2571 1294 2602 sancta
1329 2569 1412 2602 Sede
1446 2568 1538 2602 valde
1573 2567 1638 2600 sint
1668 2571 1807 2607 remota,
1842 2565 1919 2599 oriri

1187 2621 1280 2655 facile
1309 2632 1403 2666 posse
1436 2621 1672 2660 dissensiones,
1706 2618 1806 2660 rixas,
1843 2618 1921 2653 divi-
