<?xml version="1.0" encoding="UTF-8"?>
<!DOCTYPE html PUBLIC "-//W3C//DTD XHTML 1.0 Transitional//EN"
    "http://www.w3.org/TR/xhtml1/DTD/xhtml1-transitional.dtd">
<html xmlns="http://www.w3.org/1999/xhtml" xml:lang="en" lang="en">
 <head>
  <title>
</title>
<meta http-equiv="Content-Type" content="text/html;charset=utf-8" />
  <meta name='ocr-system' content='tesseract 3.04.00' />
  <meta name='ocr-capabilities' content='ocr_page ocr_carea ocr_par ocr_line ocrx_word'/>
</head>
<body>
  <div class='ocr_page' id='page_1' title='image "./bullarumdiplomat17cath_0236.png"; bbox 0 0 2247 3208; ppageno 0'>
   <div class='ocr_carea' id='block_1_1' title="bbox 245 226 1932 438">
    <p class='ocr_par' dir='ltr' id='par_1_1' title="bbox 245 226 1932 438">
     <span class='ocr_line' id='line_1_1' title="bbox 245 226 1367 262; baseline 0.003 -4"><span class='ocrx_word' id='word_1_1' title='bbox 245 230 293 259; x_wconf 82' lang='lat' dir='ltr'>An.</span> <span class='ocrx_word' id='word_1_2' title='bbox 311 231 339 259; x_wconf 85' lang='lat' dir='ltr'>c.</span> <span class='ocrx_word' id='word_1_3' title='bbox 363 233 429 262; x_wconf 72' lang='grc'>4663</span> <span class='ocrx_word' id='word_1_4' title='bbox 476 226 538 260; x_wconf 72' lang='lat'>19⁶2</span> <span class='ocrx_word' id='word_1_5' title='bbox 1013 236 1193 260; x_wconf 55' lang='lat' dir='ltr'>numanum</span> <span class='ocrx_word' id='word_1_6' title='bbox 1218 236 1367 261; x_wconf 56' lang='lat' dir='ltr'>nonmrn</span> 
     </span>
     <span class='ocr_line' id='line_1_2' title="bbox 434 283 1932 331; baseline 0.003 -15"><span class='ocrx_word' id='word_1_7' title='bbox 434 284 544 316; x_wconf 87' lang='lat' dir='ltr'>minici</span> <span class='ocrx_word' id='word_1_8' title='bbox 569 283 735 316; x_wconf 88' lang='lat' dir='ltr'>institutae</span> <span class='ocrx_word' id='word_1_9' title='bbox 759 283 963 326; x_wconf 80' lang='lat' dir='ltr'>pertinebat,</span> <span class='ocrx_word' id='word_1_10' title='bbox 993 283 1034 315; x_wconf 91' lang='lat' dir='ltr'>ob</span> <span class='ocrx_word' id='word_1_11' title='bbox 1058 284 1171 325; x_wconf 80' lang='lat' dir='ltr'>ingen·</span> <span class='ocrx_word' id='word_1_12' title='bbox 1204 284 1271 317; x_wconf 79' lang='lat' dir='ltr'>sula</span> <span class='ocrx_word' id='word_1_13' title='bbox 1284 283 1336 317; x_wconf 88' lang='lat' dir='ltr'>SS.</span> <span class='ocrx_word' id='word_1_14' title='bbox 1353 283 1514 318; x_wconf 73' lang='lat' dir='ltr'>Trinitatis</span> <span class='ocrx_word' id='word_1_15' title='bbox 1529 285 1712 329; x_wconf 71' lang='lat' dir='ltr'>degentium</span> <span class='ocrx_word' id='word_1_16' title='bbox 1728 288 1874 331; x_wconf 78' lang='lat' dir='ltr'>regimini</span> <span class='ocrx_word' id='word_1_17' title='bbox 1889 299 1932 321; x_wconf 81' lang='lat' dir='ltr'>sa-</span> 
     </span>
     <span class='ocr_line' id='line_1_3' title="bbox 435 312 1930 384; baseline 0.004 -16"><span class='ocrx_word' id='word_1_18' title='bbox 435 341 496 368; x_wconf 87' lang='lat' dir='ltr'>tem</span> <span class='ocrx_word' id='word_1_19' title='bbox 533 336 600 367; x_wconf 88' lang='lat' dir='ltr'>eius</span> <span class='ocrx_word' id='word_1_20' title='bbox 634 336 673 367; x_wconf 89' lang='lat' dir='ltr'>ab</span> <span class='ocrx_word' id='word_1_21' title='bbox 708 335 820 368; x_wconf 89' lang='lat' dir='ltr'>insulis</span> <span class='ocrx_word' id='word_1_22' title='bbox 855 336 892 368; x_wconf 91' lang='lat' dir='ltr'>de</span> <span class='ocrx_word' id='word_1_23' title='bbox 925 335 1092 368; x_wconf 89' lang='lat' dir='ltr'>Portorico</span> <span class='ocrx_word' id='word_1_24' title='bbox 1133 312 1346 376; x_wconf 55' lang='lat' dir='ltr'>acilubriter,</span> <span class='ocrx_word' id='word_1_25' title='bbox 1360 342 1514 380; x_wconf 88' lang='lat' dir='ltr'>quantum</span> <span class='ocrx_word' id='word_1_26' title='bbox 1528 339 1742 373; x_wconf 89' lang='lat' dir='ltr'>cumDomino</span> <span class='ocrx_word' id='word_1_27' title='bbox 1755 351 1930 384; x_wconf 87' lang='lat' dir='ltr'>possumus,</span> 
     </span>
     <span class='ocr_line' id='line_1_4' title="bbox 1184 364 1930 438; baseline 0.009 -18"><span class='ocrx_word' id='word_1_28' title='bbox 1184 364 1379 431; x_wconf 46' lang='lat' dir='ltr'>&#39;providere</span> <span class='ocrx_word' id='word_1_29' title='bbox 1397 400 1522 424; x_wconf 82' lang='lat' dir='ltr'>necnon</span> <span class='ocrx_word' id='word_1_30' title='bbox 1539 390 1599 434; x_wconf 89' lang='lat' dir='ltr'>piis</span> <span class='ocrx_word' id='word_1_31' title='bbox 1624 392 1766 426; x_wconf 84' lang='lat' dir='ltr'>eiusdem</span> <span class='ocrx_word' id='word_1_32' title='bbox 1790 394 1930 438; x_wconf 89' lang='lat' dir='ltr'>Philippi</span> 
     </span>
    </p>
   </div>
   <div class='ocr_carea' id='block_1_2' title="bbox 433 387 1932 485">
    <p class='ocr_par' dir='ltr' id='par_1_2' title="bbox 433 387 1932 485">
     <span class='ocr_line' id='line_1_5' title="bbox 433 387 1186 429; baseline 0 -9"><span class='ocrx_word' id='word_1_33' title='bbox 433 388 463 420; x_wconf 80' lang='lat' dir='ltr'>S.</span> <span class='ocrx_word' id='word_1_34' title='bbox 491 388 649 420; x_wconf 90' lang='lat' dir='ltr'>Dominici</span> <span class='ocrx_word' id='word_1_35' title='bbox 675 387 875 429; x_wconf 75' lang='lat' dir='ltr'>distantiam,</span> <span class='ocrx_word' id='word_1_36' title='bbox 907 387 1014 421; x_wconf 72' lang='lat' dir='ltr'>dehita</span> <span class='ocrx_word' id='word_1_37' title='bbox 1038 390 1114 421; x_wconf 80' lang='lat' dir='ltr'>cura</span> <span class='ocrx_word' id='word_1_38' title='bbox 1138 394 1186 421; x_wconf 53' lang='lat' dir='ltr'>etv</span> 
     </span>
     <span class='ocr_line' id='line_1_6' title="bbox 433 413 1932 485; baseline 0.005 -13"><span class='ocrx_word' id='word_1_39' title='bbox 433 441 615 473; x_wconf 75' lang='lat' dir='ltr'>assistentia</span> <span class='ocrx_word' id='word_1_40' title='bbox 652 446 716 474; x_wconf 82' lang='lat' dir='ltr'>tam</span> <span class='ocrx_word' id='word_1_41' title='bbox 747 442 779 474; x_wconf 89' lang='lat' dir='ltr'>in</span> <span class='ocrx_word' id='word_1_42' title='bbox 815 441 1040 485; x_wconf 77' lang='lat' dir='ltr'>spiritualibus</span> <span class='ocrx_word' id='word_1_43' title='bbox 1069 413 1286 485; x_wconf 69' lang='lat' dir='ltr'>quamircgis</span> <span class='ocrx_word' id='word_1_44' title='bbox 1306 441 1472 475; x_wconf 78' lang='lat' dir='ltr'>desideriis</span> <span class='ocrx_word' id='word_1_45' title='bbox 1494 443 1708 477; x_wconf 79' lang='lat' dir='ltr'>favorabiliter</span> <span class='ocrx_word' id='word_1_46' title='bbox 1725 456 1863 479; x_wconf 78' lang='lat' dir='ltr'>annuere</span> <span class='ocrx_word' id='word_1_47' title='bbox 1881 458 1932 479; x_wconf 88' lang='lat' dir='ltr'>cu-</span> 
     </span>
    </p>
   </div>
   <div class='ocr_carea' id='block_1_3' title="bbox 1948 238 2131 266">
    <p class='ocr_par' dir='ltr' id='par_1_3' title="bbox 1948 238 2131 266">
     <span class='ocr_line' id='line_1_7' title="bbox 1948 238 2131 266; baseline 0 -1"><span class='ocrx_word' id='word_1_48' title='bbox 1948 239 1995 265; x_wconf 84' lang='lat' dir='ltr'>An.</span> <span class='ocrx_word' id='word_1_49' title='bbox 2013 238 2040 266; x_wconf 92' lang='lat' dir='ltr'>C.</span> <span class='ocrx_word' id='word_1_50' title='bbox 2063 239 2131 266; x_wconf 81' lang='grc'>1663</span> 
     </span>
    </p>
   </div>
   <div class='ocr_carea' id='block_1_4' title="bbox 255 761 341 782">
    <p class='ocr_par' dir='ltr' id='par_1_4' title="bbox 255 761 341 782">
     <span class='ocr_line' id='line_1_8' title="bbox 255 761 341 782; baseline 0.023 -2"><span class='ocrx_word' id='word_1_51' title='bbox 255 761 341 782; x_wconf 58' lang='lat' dir='ltr'>Mutua.</span> 
     </span>
    </p>
   </div>
   <div class='ocr_carea' id='block_1_5' title="bbox 226 2493 410 2543">
    <p class='ocr_par' dir='ltr' id='par_1_5' title="bbox 226 2493 410 2543">
     <span class='ocr_line' id='line_1_9' title="bbox 253 2493 410 2516; baseline -0.006 0"><span class='ocrx_word' id='word_1_52' title='bbox 253 2493 367 2516; x_wconf 66' lang='lat' dir='ltr'>Confirmat</span> <span class='ocrx_word' id='word_1_53' title='bbox 387 2498 410 2515; x_wconf 86' lang='lat' dir='ltr'>ut</span> 
     </span>
     <span class='ocr_line' id='line_1_10' title="bbox 226 2522 357 2543; baseline 0.008 -1"><span class='ocrx_word' id='word_1_54' title='bbox 226 2522 247 2542; x_wconf 80' lang='lat' dir='ltr'>iu</span> <span class='ocrx_word' id='word_1_55' title='bbox 265 2522 357 2543; x_wconf 69' lang='lat' dir='ltr'>rubrica.</span> 
     </span>
    </p>
   </div>
   <div class='ocr_carea' id='block_1_6' title="bbox 422 493 1166 2375">
    <p class='ocr_par' dir='ltr' id='par_1_6' title="bbox 430 493 1166 737">
     <span class='ocr_line' id='line_1_11' title="bbox 431 493 1166 537; baseline 0.001 -11"><span class='ocrx_word' id='word_1_56' title='bbox 431 494 463 526; x_wconf 91' lang='lat' dir='ltr'>in</span> <span class='ocrx_word' id='word_1_57' title='bbox 491 494 723 537; x_wconf 71' lang='lat' dir='ltr'>temporalibus</span> <span class='ocrx_word' id='word_1_58' title='bbox 745 493 931 527; x_wconf 88' lang='lat' dir='ltr'>huiusmodi</span> <span class='ocrx_word' id='word_1_59' title='bbox 956 494 1086 527; x_wconf 88' lang='lat' dir='ltr'>minime</span> <span class='ocrx_word' id='word_1_60' title='bbox 1110 505 1166 537; x_wconf 85' lang='lat' dir='ltr'>gu-</span> 
     </span>
     <span class='ocr_line' id='line_1_12' title="bbox 430 546 1165 590; baseline 0.001 -12"><span class='ocrx_word' id='word_1_61' title='bbox 430 546 583 589; x_wconf 88' lang='lat' dir='ltr'>bernari)</span> <span class='ocrx_word' id='word_1_62' title='bbox 601 546 668 589; x_wconf 90' lang='lat' dir='ltr'>ipse</span> <span class='ocrx_word' id='word_1_63' title='bbox 686 546 854 590; x_wconf 90' lang='lat' dir='ltr'>Philippus</span> <span class='ocrx_word' id='word_1_64' title='bbox 873 557 927 579; x_wconf 83' lang='lat' dir='ltr'>rex</span> <span class='ocrx_word' id='word_1_65' title='bbox 952 547 1099 579; x_wconf 89' lang='lat' dir='ltr'>eamdem</span> <span class='ocrx_word' id='word_1_66' title='bbox 1116 547 1165 579; x_wconf 89' lang='lat' dir='ltr'>in·</span> 
     </span>
     <span class='ocr_line' id='line_1_13' title="bbox 430 599 1165 632; baseline 0.003 -2"><span class='ocrx_word' id='word_1_67' title='bbox 430 599 534 631; x_wconf 86' lang='lat' dir='ltr'>sulam</span> <span class='ocrx_word' id='word_1_68' title='bbox 553 599 605 632; x_wconf 87' lang='lat' dir='ltr'>SS.</span> <span class='ocrx_word' id='word_1_69' title='bbox 623 599 786 632; x_wconf 77' lang='lat' dir='ltr'>Trinitatis</span> <span class='ocrx_word' id='word_1_70' title='bbox 801 600 840 632; x_wconf 88' lang='lat' dir='ltr'>ad</span> <span class='ocrx_word' id='word_1_71' title='bbox 855 599 1052 632; x_wconf 85' lang='lat' dir='ltr'>audientiam</span> <span class='ocrx_word' id='word_1_72' title='bbox 1069 600 1099 632; x_wconf 89' lang='lat' dir='ltr'>S.</span> <span class='ocrx_word' id='word_1_73' title='bbox 1117 600 1165 632; x_wconf 87' lang='lat' dir='ltr'>Fi-</span> 
     </span>
     <span class='ocr_line' id='line_1_14' title="bbox 430 652 1163 696; baseline 0.003 -12"><span class='ocrx_word' id='word_1_74' title='bbox 430 652 481 684; x_wconf 90' lang='lat' dir='ltr'>dei</span> <span class='ocrx_word' id='word_1_75' title='bbox 507 652 539 684; x_wconf 91' lang='lat' dir='ltr'>in</span> <span class='ocrx_word' id='word_1_76' title='bbox 565 652 797 695; x_wconf 79' lang='lat' dir='ltr'>temporalibus</span> <span class='ocrx_word' id='word_1_77' title='bbox 824 653 863 686; x_wconf 88' lang='lat' dir='ltr'>de</span> <span class='ocrx_word' id='word_1_78' title='bbox 887 657 995 685; x_wconf 88' lang='lat' dir='ltr'>cetero</span> <span class='ocrx_word' id='word_1_79' title='bbox 1016 657 1163 696; x_wconf 86' lang='lat' dir='ltr'>spectare</span> 
     </span>
     <span class='ocr_line' id='line_1_15' title="bbox 430 704 721 737; baseline -0.003 0"><span class='ocrx_word' id='word_1_80' title='bbox 430 704 549 737; x_wconf 86' lang='lat' dir='ltr'>debere</span> <span class='ocrx_word' id='word_1_81' title='bbox 568 705 721 737; x_wconf 88' lang='lat' dir='ltr'>decrevit.</span> 
     </span>
    </p>

    <p class='ocr_par' dir='ltr' id='par_1_7' title="bbox 422 756 1162 2375">
     <span class='ocr_line' id='line_1_16' title="bbox 472 756 1162 800; baseline 0.001 -12"><span class='ocrx_word' id='word_1_82' title='bbox 472 757 486 799; x_wconf 61' lang='grc' dir='ltr'><strong>ἓ</strong></span> <span class='ocrx_word' id='word_1_83' title='bbox 512 757 543 789; x_wconf 78' lang='grc'>1.</span> <span class='ocrx_word' id='word_1_84' title='bbox 570 756 647 790; x_wconf 89' lang='lat' dir='ltr'>Cum</span> <span class='ocrx_word' id='word_1_85' title='bbox 671 761 791 797; x_wconf 83' lang='lat' dir='ltr'>autem,</span> <span class='ocrx_word' id='word_1_86' title='bbox 812 756 895 789; x_wconf 85' lang='lat' dir='ltr'>sicut</span> <span class='ocrx_word' id='word_1_87' title='bbox 910 757 1022 790; x_wconf 89' lang='lat' dir='ltr'>eadem</span> <span class='ocrx_word' id='word_1_88' title='bbox 1040 757 1162 800; x_wconf 87' lang='lat' dir='ltr'>exposi-</span> 
     </span>
     <span class='ocr_line' id='line_1_17' title="bbox 428 809 1159 853; baseline 0.001 -12"><span class='ocrx_word' id='word_1_89' title='bbox 428 810 471 842; x_wconf 92' lang='lat' dir='ltr'>tio</span> <span class='ocrx_word' id='word_1_90' title='bbox 497 809 725 852; x_wconf 83' lang='lat' dir='ltr'>subiungcbat,</span> <span class='ocrx_word' id='word_1_91' title='bbox 753 810 899 853; x_wconf 81' lang='lat' dir='ltr'>episcopi</span> <span class='ocrx_word' id='word_1_92' title='bbox 924 810 1159 850; x_wconf 81' lang='lat' dir='ltr'>Portusdivitis,</span> 
     </span>
     <span class='ocr_line' id='line_1_18' title="bbox 427 862 1161 905; baseline 0.001 -12"><span class='ocrx_word' id='word_1_93' title='bbox 427 872 483 894; x_wconf 85' lang='lat' dir='ltr'>seu</span> <span class='ocrx_word' id='word_1_94' title='bbox 501 862 539 894; x_wconf 91' lang='lat' dir='ltr'>de</span> <span class='ocrx_word' id='word_1_95' title='bbox 552 862 731 902; x_wconf 87' lang='lat' dir='ltr'>Portorico‚</span> <span class='ocrx_word' id='word_1_96' title='bbox 743 862 805 895; x_wconf 88' lang='lat' dir='ltr'>iam</span> <span class='ocrx_word' id='word_1_97' title='bbox 819 873 836 895; x_wconf 90' lang='lat' dir='ltr'>a</span> <span class='ocrx_word' id='word_1_98' title='bbox 850 862 957 895; x_wconf 84' lang='lat' dir='ltr'>multis</span> <span class='ocrx_word' id='word_1_99' title='bbox 975 862 1077 901; x_wconf 89' lang='lat' dir='ltr'>annis,</span> <span class='ocrx_word' id='word_1_100' title='bbox 1087 872 1161 905; x_wconf 90' lang='lat' dir='ltr'>pro-</span> 
     </span>
     <span class='ocr_line' id='line_1_19' title="bbox 424 914 1161 957; baseline 0 -11"><span class='ocrx_word' id='word_1_101' title='bbox 424 920 496 957; x_wconf 87' lang='lat' dir='ltr'>pter</span> <span class='ocrx_word' id='word_1_102' title='bbox 521 915 758 957; x_wconf 83' lang='lat' dir='ltr'>longitudinem</span> <span class='ocrx_word' id='word_1_103' title='bbox 778 914 902 948; x_wconf 89' lang='lat' dir='ltr'>itineris</span> <span class='ocrx_word' id='word_1_104' title='bbox 928 914 1077 947; x_wconf 88' lang='lat' dir='ltr'>maritimi</span> <span class='ocrx_word' id='word_1_105' title='bbox 1102 924 1161 957; x_wconf 89' lang='lat' dir='ltr'>per</span> 
     </span>
     <span class='ocr_line' id='line_1_20' title="bbox 425 966 1160 1011; baseline -0.001 -12"><span class='ocrx_word' id='word_1_106' title='bbox 425 977 480 1000; x_wconf 90' lang='lat' dir='ltr'>eos</span> <span class='ocrx_word' id='word_1_107' title='bbox 506 966 655 1007; x_wconf 84' lang='lat' dir='ltr'>faciendi,</span> <span class='ocrx_word' id='word_1_108' title='bbox 677 968 763 1011; x_wconf 89' lang='lat' dir='ltr'>quod</span> <span class='ocrx_word' id='word_1_109' title='bbox 781 967 821 1000; x_wconf 84' lang='lat' dir='ltr'>ad</span> <span class='ocrx_word' id='word_1_110' title='bbox 842 967 1019 1010; x_wconf 83' lang='lat' dir='ltr'>quingenta</span> <span class='ocrx_word' id='word_1_111' title='bbox 1039 971 1071 999; x_wconf 89' lang='lat' dir='ltr'>et</span> <span class='ocrx_word' id='word_1_112' title='bbox 1094 977 1160 999; x_wconf 91' lang='lat' dir='ltr'>am-</span> 
     </span>
     <span class='ocr_line' id='line_1_21' title="bbox 424 1019 1159 1063; baseline -0.001 -11"><span class='ocrx_word' id='word_1_113' title='bbox 424 1019 507 1063; x_wconf 86' lang='lat' dir='ltr'>plius</span> <span class='ocrx_word' id='word_1_114' title='bbox 532 1020 683 1053; x_wconf 87' lang='lat' dir='ltr'>milliaria</span> <span class='ocrx_word' id='word_1_115' title='bbox 707 1020 922 1063; x_wconf 84' lang='lat' dir='ltr'>protenditur,</span> <span class='ocrx_word' id='word_1_116' title='bbox 954 1029 1081 1052; x_wconf 77' lang='lat' dir='ltr'>necnon</span> <span class='ocrx_word' id='word_1_117' title='bbox 1106 1029 1159 1062; x_wconf 92' lang='lat' dir='ltr'>pe-</span> 
     </span>
     <span class='ocr_line' id='line_1_22' title="bbox 423 1071 1157 1115; baseline 0 -11"><span class='ocrx_word' id='word_1_118' title='bbox 423 1072 562 1105; x_wconf 88' lang='lat' dir='ltr'>riculum</span> <span class='ocrx_word' id='word_1_119' title='bbox 593 1073 680 1115; x_wconf 91' lang='lat' dir='ltr'>quod</span> <span class='ocrx_word' id='word_1_120' title='bbox 704 1073 744 1105; x_wconf 88' lang='lat' dir='ltr'>ab</span> <span class='ocrx_word' id='word_1_121' title='bbox 770 1072 883 1114; x_wconf 82' lang='lat' dir='ltr'>Anglis</span> <span class='ocrx_word' id='word_1_122' title='bbox 908 1076 940 1104; x_wconf 87' lang='lat' dir='ltr'>et</span> <span class='ocrx_word' id='word_1_123' title='bbox 970 1071 1157 1112; x_wconf 89' lang='lat' dir='ltr'>Hollandis,</span> 
     </span>
     <span class='ocr_line' id='line_1_23' title="bbox 424 1124 1158 1168; baseline -0.003 -10"><span class='ocrx_word' id='word_1_124' title='bbox 424 1125 477 1168; x_wconf 91' lang='lat' dir='ltr'>qui</span> <span class='ocrx_word' id='word_1_125' title='bbox 503 1125 647 1158; x_wconf 89' lang='lat' dir='ltr'>colonias</span> <span class='ocrx_word' id='word_1_126' title='bbox 681 1135 737 1158; x_wconf 89' lang='lat' dir='ltr'>seu</span> <span class='ocrx_word' id='word_1_127' title='bbox 770 1124 998 1168; x_wconf 89' lang='lat' dir='ltr'>populationes</span> <span class='ocrx_word' id='word_1_128' title='bbox 1030 1125 1063 1157; x_wconf 92' lang='lat' dir='ltr'>in</span> <span class='ocrx_word' id='word_1_129' title='bbox 1089 1124 1158 1166; x_wconf 87' lang='lat' dir='ltr'>qui-</span> 
     </span>
     <span class='ocr_line' id='line_1_24' title="bbox 422 1176 1159 1210; baseline 0 -2"><span class='ocrx_word' id='word_1_130' title='bbox 422 1177 558 1210; x_wconf 87' lang='lat' dir='ltr'>busdam</span> <span class='ocrx_word' id='word_1_131' title='bbox 583 1177 697 1210; x_wconf 91' lang='lat' dir='ltr'>insulis</span> <span class='ocrx_word' id='word_1_132' title='bbox 728 1178 830 1210; x_wconf 87' lang='lat' dir='ltr'>dictae</span> <span class='ocrx_word' id='word_1_133' title='bbox 859 1177 983 1209; x_wconf 89' lang='lat' dir='ltr'>insulae</span> <span class='ocrx_word' id='word_1_134' title='bbox 1008 1176 1060 1209; x_wconf 89' lang='lat' dir='ltr'>SS.</span> <span class='ocrx_word' id='word_1_135' title='bbox 1092 1176 1159 1208; x_wconf 91' lang='lat' dir='ltr'>Tri-</span> 
     </span>
     <span class='ocr_line' id='line_1_25' title="bbox 422 1228 1158 1271; baseline -0.004 -8"><span class='ocrx_word' id='word_1_136' title='bbox 422 1230 531 1264; x_wconf 83' lang='lat' dir='ltr'>nitatis</span> <span class='ocrx_word' id='word_1_137' title='bbox 565 1230 677 1263; x_wconf 88' lang='lat' dir='ltr'>vicinis</span> <span class='ocrx_word' id='word_1_138' title='bbox 711 1230 834 1262; x_wconf 88' lang='lat' dir='ltr'>habent</span> <span class='ocrx_word' id='word_1_139' title='bbox 864 1234 896 1262; x_wconf 93' lang='lat' dir='ltr'>et</span> <span class='ocrx_word' id='word_1_140' title='bbox 919 1228 1158 1271; x_wconf 78' lang='lat' dir='ltr'>navigationem</span> 
     </span>
     <span class='ocr_line' id='line_1_26' title="bbox 423 1281 1157 1323; baseline -0.004 -7"><span class='ocrx_word' id='word_1_141' title='bbox 423 1284 489 1317; x_wconf 85' lang='lat' dir='ltr'>illic</span> <span class='ocrx_word' id='word_1_142' title='bbox 505 1283 670 1323; x_wconf 80' lang='lat' dir='ltr'>infestant,</span> <span class='ocrx_word' id='word_1_143' title='bbox 684 1282 843 1322; x_wconf 88' lang='lat' dir='ltr'>imminet,</span> <span class='ocrx_word' id='word_1_144' title='bbox 855 1282 1001 1315; x_wconf 87' lang='lat' dir='ltr'>eamdem</span> <span class='ocrx_word' id='word_1_145' title='bbox 1018 1281 1157 1314; x_wconf 86' lang='lat' dir='ltr'>insulam</span> 
     </span>
     <span class='ocr_line' id='line_1_27' title="bbox 422 1333 1157 1377; baseline -0.005 -8"><span class='ocrx_word' id='word_1_146' title='bbox 422 1335 476 1369; x_wconf 92' lang='lat' dir='ltr'>SS.</span> <span class='ocrx_word' id='word_1_147' title='bbox 496 1335 658 1367; x_wconf 85' lang='lat' dir='ltr'>Trinitatis</span> <span class='ocrx_word' id='word_1_148' title='bbox 676 1345 742 1367; x_wconf 92' lang='lat' dir='ltr'>non</span> <span class='ocrx_word' id='word_1_149' title='bbox 760 1334 969 1373; x_wconf 84' lang='lat' dir='ltr'>visitaverint,</span> <span class='ocrx_word' id='word_1_150' title='bbox 988 1333 1157 1377; x_wconf 85' lang='lat' dir='ltr'>ipsiusque</span> 
     </span>
     <span class='ocr_line' id='line_1_28' title="bbox 422 1386 1158 1422; baseline -0.004 -1"><span class='ocrx_word' id='word_1_151' title='bbox 422 1389 548 1422; x_wconf 88' lang='lat' dir='ltr'>insulae</span> <span class='ocrx_word' id='word_1_152' title='bbox 573 1388 688 1420; x_wconf 88' lang='lat' dir='ltr'>incolis</span> <span class='ocrx_word' id='word_1_153' title='bbox 714 1392 915 1420; x_wconf 85' lang='lat' dir='ltr'>sacramenta</span> <span class='ocrx_word' id='word_1_154' title='bbox 940 1386 1158 1419; x_wconf 83' lang='lat' dir='ltr'>confirmatio-</span> 
     </span>
     <span class='ocr_line' id='line_1_29' title="bbox 425 1439 1157 1474; baseline -0.004 -1"><span class='ocrx_word' id='word_1_155' title='bbox 425 1440 475 1474; x_wconf 87' lang='lat' dir='ltr'>nis</span> <span class='ocrx_word' id='word_1_156' title='bbox 501 1451 536 1473; x_wconf 87' lang='lat' dir='ltr'>ac</span> <span class='ocrx_word' id='word_1_157' title='bbox 557 1445 718 1473; x_wconf 83' lang='lat' dir='ltr'>extremae</span> <span class='ocrx_word' id='word_1_158' title='bbox 743 1439 905 1472; x_wconf 88' lang='lat' dir='ltr'>unctionis</span> <span class='ocrx_word' id='word_1_159' title='bbox 930 1439 972 1471; x_wconf 91' lang='lat' dir='ltr'>ob</span> <span class='ocrx_word' id='word_1_160' title='bbox 998 1439 1157 1471; x_wconf 89' lang='lat' dir='ltr'>defectum</span> 
     </span>
     <span class='ocr_line' id='line_1_30' title="bbox 423 1491 1158 1526; baseline -0.004 -1"><span class='ocrx_word' id='word_1_161' title='bbox 423 1493 506 1526; x_wconf 87' lang='lat' dir='ltr'>sacri</span> <span class='ocrx_word' id='word_1_162' title='bbox 532 1493 594 1525; x_wconf 88' lang='lat' dir='ltr'>olei</span> <span class='ocrx_word' id='word_1_163' title='bbox 618 1492 738 1525; x_wconf 86' lang='lat' dir='ltr'>iamdiu</span> <span class='ocrx_word' id='word_1_164' title='bbox 763 1491 987 1524; x_wconf 88' lang='lat' dir='ltr'>administrata</span> <span class='ocrx_word' id='word_1_165' title='bbox 1010 1501 1076 1523; x_wconf 91' lang='lat' dir='ltr'>non</span> <span class='ocrx_word' id='word_1_166' title='bbox 1091 1491 1158 1523; x_wconf 88' lang='lat' dir='ltr'>fue-</span> 
     </span>
     <span class='ocr_line' id='line_1_31' title="bbox 422 1544 1158 1586; baseline -0.003 -8"><span class='ocrx_word' id='word_1_167' title='bbox 422 1546 506 1586; x_wconf 68' lang='lat' dir='ltr'>1‘int3</span> <span class='ocrx_word' id='word_1_168' title='bbox 533 1546 583 1578; x_wconf 90' lang='lat' dir='ltr'>his</span> <span class='ocrx_word' id='word_1_169' title='bbox 615 1556 690 1578; x_wconf 89' lang='lat' dir='ltr'>vero</span> <span class='ocrx_word' id='word_1_170' title='bbox 722 1544 1024 1578; x_wconf 85' lang='lat' dir='ltr'>inconvenientibus</span> <span class='ocrx_word' id='word_1_171' title='bbox 1055 1555 1158 1577; x_wconf 90' lang='lat' dir='ltr'>reme-</span> 
     </span>
     <span class='ocr_line' id='line_1_32' title="bbox 423 1597 1157 1640; baseline -0.003 -9"><span class='ocrx_word' id='word_1_172' title='bbox 423 1599 509 1631; x_wconf 89' lang='lat' dir='ltr'>dium</span> <span class='ocrx_word' id='word_1_173' title='bbox 535 1598 664 1638; x_wconf 88' lang='lat' dir='ltr'>adferri,</span> <span class='ocrx_word' id='word_1_174' title='bbox 683 1598 853 1640; x_wconf 78' lang='lat' dir='ltr'>dictaeque</span> <span class='ocrx_word' id='word_1_175' title='bbox 874 1597 999 1630; x_wconf 87' lang='lat' dir='ltr'>insulae</span> <span class='ocrx_word' id='word_1_176' title='bbox 1016 1597 1068 1631; x_wconf 85' lang='lat' dir='ltr'>SS.</span> <span class='ocrx_word' id='word_1_177' title='bbox 1091 1597 1157 1629; x_wconf 87' lang='lat' dir='ltr'>Tri-</span> 
     </span>
     <span class='ocr_line' id='line_1_33' title="bbox 422 1650 1158 1694; baseline -0.003 -11"><span class='ocrx_word' id='word_1_178' title='bbox 422 1651 530 1683; x_wconf 90' lang='lat' dir='ltr'>nitatis</span> <span class='ocrx_word' id='word_1_179' title='bbox 546 1651 703 1694; x_wconf 86' lang='lat' dir='ltr'>spirituali</span> <span class='ocrx_word' id='word_1_180' title='bbox 719 1650 874 1692; x_wconf 83' lang='lat' dir='ltr'>gubernio</span> <span class='ocrx_word' id='word_1_181' title='bbox 889 1654 1071 1693; x_wconf 90' lang='lat' dir='ltr'>opportune</span> <span class='ocrx_word' id='word_1_182' title='bbox 1086 1660 1158 1682; x_wconf 88' lang='lat' dir='ltr'>con-</span> 
     </span>
     <span class='ocr_line' id='line_1_34' title="bbox 422 1702 1157 1746; baseline -0.001 -10"><span class='ocrx_word' id='word_1_183' title='bbox 422 1704 482 1736; x_wconf 92' lang='lat' dir='ltr'>suli</span> <span class='ocrx_word' id='word_1_184' title='bbox 508 1703 630 1746; x_wconf 86' lang='lat' dir='ltr'>possit,</span> <span class='ocrx_word' id='word_1_185' title='bbox 664 1703 689 1735; x_wconf 90' lang='lat' dir='ltr'>si</span> <span class='ocrx_word' id='word_1_186' title='bbox 714 1703 785 1746; x_wconf 84' lang='lat' dir='ltr'>ipsa</span> <span class='ocrx_word' id='word_1_187' title='bbox 810 1702 915 1736; x_wconf 87' lang='lat' dir='ltr'>insula</span> <span class='ocrx_word' id='word_1_188' title='bbox 939 1702 1157 1745; x_wconf 89' lang='lat' dir='ltr'>archiepisco-</span> 
     </span>
     <span class='ocr_line' id='line_1_35' title="bbox 422 1755 1157 1800; baseline -0.003 -11"><span class='ocrx_word' id='word_1_189' title='bbox 422 1757 511 1800; x_wconf 86' lang='lat' dir='ltr'>patui</span> <span class='ocrx_word' id='word_1_190' title='bbox 540 1756 570 1789; x_wconf 91' lang='lat' dir='ltr'>S.</span> <span class='ocrx_word' id='word_1_191' title='bbox 604 1755 693 1789; x_wconf 87' lang='lat' dir='ltr'>Fidei</span> <span class='ocrx_word' id='word_1_192' title='bbox 727 1755 940 1798; x_wconf 80' lang='lat' dir='ltr'>adiungatur,</span> <span class='ocrx_word' id='word_1_193' title='bbox 974 1765 1046 1787; x_wconf 88' lang='lat' dir='ltr'>cum</span> <span class='ocrx_word' id='word_1_194' title='bbox 1077 1755 1157 1788; x_wconf 89' lang='lat' dir='ltr'>eius-</span> 
     </span>
     <span class='ocr_line' id='line_1_36' title="bbox 423 1808 1157 1851; baseline -0.003 -9"><span class='ocrx_word' id='word_1_195' title='bbox 423 1809 495 1842; x_wconf 85' lang='lat' dir='ltr'>dem</span> <span class='ocrx_word' id='word_1_196' title='bbox 514 1808 809 1851; x_wconf 82' lang='lat' dir='ltr'>archiepiscopatus</span> <span class='ocrx_word' id='word_1_197' title='bbox 831 1808 970 1841; x_wconf 86' lang='lat' dir='ltr'>dioecesi</span> <span class='ocrx_word' id='word_1_198' title='bbox 987 1808 1092 1840; x_wconf 87' lang='lat' dir='ltr'>vicina</span> <span class='ocrx_word' id='word_1_199' title='bbox 1106 1808 1157 1848; x_wconf 87' lang='lat' dir='ltr'>sit,</span> 
     </span>
     <span class='ocr_line' id='line_1_37' title="bbox 423 1861 1157 1895; baseline -0.001 -1"><span class='ocrx_word' id='word_1_200' title='bbox 423 1868 454 1895; x_wconf 89' lang='lat' dir='ltr'>et</span> <span class='ocrx_word' id='word_1_201' title='bbox 478 1862 561 1894; x_wconf 89' lang='lat' dir='ltr'>inter</span> <span class='ocrx_word' id='word_1_202' title='bbox 585 1861 803 1894; x_wconf 85' lang='lat' dir='ltr'>continentem</span> <span class='ocrx_word' id='word_1_203' title='bbox 828 1872 864 1893; x_wconf 87' lang='lat' dir='ltr'>ac</span> <span class='ocrx_word' id='word_1_204' title='bbox 887 1861 1028 1893; x_wconf 87' lang='lat' dir='ltr'>insulam</span> <span class='ocrx_word' id='word_1_205' title='bbox 1052 1861 1157 1893; x_wconf 89' lang='lat' dir='ltr'>huius-</span> 
     </span>
     <span class='ocr_line' id='line_1_38' title="bbox 422 1913 1155 1947; baseline -0.001 0"><span class='ocrx_word' id='word_1_206' title='bbox 422 1915 509 1947; x_wconf 89' lang='lat' dir='ltr'>modi</span> <span class='ocrx_word' id='word_1_207' title='bbox 532 1914 639 1947; x_wconf 90' lang='lat' dir='ltr'>brevis</span> <span class='ocrx_word' id='word_1_208' title='bbox 665 1914 761 1946; x_wconf 88' lang='lat' dir='ltr'>maris</span> <span class='ocrx_word' id='word_1_209' title='bbox 780 1914 933 1946; x_wconf 86' lang='lat' dir='ltr'>traiectus</span> <span class='ocrx_word' id='word_1_210' title='bbox 955 1913 1155 1946; x_wconf 85' lang='lat' dir='ltr'>interiaccat:</span> 
     </span>
     <span class='ocr_line' id='line_1_39' title="bbox 422 1965 1158 2009; baseline 0 -11"><span class='ocrx_word' id='word_1_211' title='bbox 422 1966 516 1999; x_wconf 91' lang='lat' dir='ltr'>nobis</span> <span class='ocrx_word' id='word_1_212' title='bbox 537 1972 710 2009; x_wconf 88' lang='lat' dir='ltr'>propterea</span> <span class='ocrx_word' id='word_1_213' title='bbox 727 1966 890 2009; x_wconf 82' lang='lat' dir='ltr'>praefatus</span> <span class='ocrx_word' id='word_1_214' title='bbox 907 1965 1072 1998; x_wconf 77' lang='lat' dir='ltr'>paschalis</span> <span class='ocrx_word' id='word_1_215' title='bbox 1090 1976 1158 1998; x_wconf 89' lang='lat' dir='ltr'>car-</span> 
     </span>
     <span class='ocr_line' id='line_1_40' title="bbox 423 2018 1157 2061; baseline -0.001 -10"><span class='ocrx_word' id='word_1_216' title='bbox 423 2019 540 2051; x_wconf 89' lang='lat' dir='ltr'>dinalis</span> <span class='ocrx_word' id='word_1_217' title='bbox 565 2019 733 2051; x_wconf 86' lang='lat' dir='ltr'>memorati</span> <span class='ocrx_word' id='word_1_218' title='bbox 758 2018 900 2061; x_wconf 88' lang='lat' dir='ltr'>Philippi</span> <span class='ocrx_word' id='word_1_219' title='bbox 919 2018 1004 2060; x_wconf 83' lang='lat' dir='ltr'>regis</span> <span class='ocrx_word' id='word_1_220' title='bbox 1026 2018 1157 2051; x_wconf 88' lang='lat' dir='ltr'>nomine</span> 
     </span>
     <span class='ocr_line' id='line_1_41' title="bbox 424 2070 1158 2113; baseline 0.001 -11"><span class='ocrx_word' id='word_1_221' title='bbox 424 2071 588 2103; x_wconf 86' lang='lat' dir='ltr'>humiliter</span> <span class='ocrx_word' id='word_1_222' title='bbox 623 2071 817 2113; x_wconf 81' lang='lat' dir='ltr'>supplicavit</span> <span class='ocrx_word' id='word_1_223' title='bbox 852 2077 887 2103; x_wconf 93' lang='lat' dir='ltr'>ut</span> <span class='ocrx_word' id='word_1_224' title='bbox 922 2071 1071 2103; x_wconf 86' lang='lat' dir='ltr'>eamdem</span> <span class='ocrx_word' id='word_1_225' title='bbox 1110 2070 1158 2102; x_wconf 89' lang='lat' dir='ltr'>in-</span> 
     </span>
     <span class='ocr_line' id='line_1_42' title="bbox 423 2123 1158 2166; baseline 0.001 -11"><span class='ocrx_word' id='word_1_226' title='bbox 423 2125 526 2156; x_wconf 82' lang='lat' dir='ltr'>sulam</span> <span class='ocrx_word' id='word_1_227' title='bbox 554 2123 607 2155; x_wconf 88' lang='lat' dir='ltr'>SS.</span> <span class='ocrx_word' id='word_1_228' title='bbox 644 2123 806 2155; x_wconf 84' lang='lat' dir='ltr'>Trinitatis</span> <span class='ocrx_word' id='word_1_229' title='bbox 839 2124 878 2155; x_wconf 90' lang='lat' dir='ltr'>ab</span> <span class='ocrx_word' id='word_1_230' title='bbox 910 2123 1100 2166; x_wconf 88' lang='lat' dir='ltr'>episcopatu</span> <span class='ocrx_word' id='word_1_231' title='bbox 1126 2128 1158 2156; x_wconf 87' lang='lat' dir='ltr'>et</span> 
     </span>
     <span class='ocr_line' id='line_1_43' title="bbox 424 2174 1156 2207; baseline -0.001 0"><span class='ocrx_word' id='word_1_232' title='bbox 424 2175 564 2207; x_wconf 80' lang='lat' dir='ltr'>dioecesi</span> <span class='ocrx_word' id='word_1_233' title='bbox 589 2175 812 2207; x_wconf 85' lang='lat' dir='ltr'>Portusdivitis</span> <span class='ocrx_word' id='word_1_234' title='bbox 837 2185 894 2207; x_wconf 90' lang='lat' dir='ltr'>seu</span> <span class='ocrx_word' id='word_1_235' title='bbox 923 2176 961 2207; x_wconf 88' lang='lat' dir='ltr'>de</span> <span class='ocrx_word' id='word_1_236' title='bbox 989 2174 1156 2207; x_wconf 87' lang='lat' dir='ltr'>Portorico</span> 
     </span>
     <span class='ocr_line' id='line_1_44' title="bbox 424 2227 1154 2269; baseline 0 -10"><span class='ocrx_word' id='word_1_237' title='bbox 424 2227 611 2260; x_wconf 86' lang='lat' dir='ltr'>huiusmodi</span> <span class='ocrx_word' id='word_1_238' title='bbox 647 2237 798 2269; x_wconf 82' lang='lat' dir='ltr'>separare</span> <span class='ocrx_word' id='word_1_239' title='bbox 837 2232 868 2259; x_wconf 84' lang='lat' dir='ltr'>et</span> <span class='ocrx_word' id='word_1_240' title='bbox 903 2227 1154 2267; x_wconf 82' lang='lat' dir='ltr'>dismeinbrare,</span> 
     </span>
     <span class='ocr_line' id='line_1_45' title="bbox 424 2279 1158 2323; baseline 0.001 -12"><span class='ocrx_word' id='word_1_241' title='bbox 424 2280 534 2322; x_wconf 89' lang='lat' dir='ltr'>sicque</span> <span class='ocrx_word' id='word_1_242' title='bbox 549 2285 729 2323; x_wconf 84' lang='lat' dir='ltr'>separatam</span> <span class='ocrx_word' id='word_1_243' title='bbox 744 2285 774 2312; x_wconf 86' lang='lat' dir='ltr'>ct</span> <span class='ocrx_word' id='word_1_244' title='bbox 788 2279 1049 2312; x_wconf 85' lang='lat' dir='ltr'>dismembratam</span> <span class='ocrx_word' id='word_1_245' title='bbox 1067 2289 1158 2322; x_wconf 87' lang='lat' dir='ltr'>prac-</span> 
     </span>
     <span class='ocr_line' id='line_1_46' title="bbox 424 2331 1158 2375; baseline -0.001 -11"><span class='ocrx_word' id='word_1_246' title='bbox 424 2332 488 2364; x_wconf 88' lang='lat' dir='ltr'>fato</span> <span class='ocrx_word' id='word_1_247' title='bbox 514 2332 805 2375; x_wconf 85' lang='lat' dir='ltr'>archiepiscopatui</span> <span class='ocrx_word' id='word_1_248' title='bbox 824 2337 855 2363; x_wconf 87' lang='lat' dir='ltr'>et</span> <span class='ocrx_word' id='word_1_249' title='bbox 883 2332 1022 2364; x_wconf 86' lang='lat' dir='ltr'>dioecesi</span> <span class='ocrx_word' id='word_1_250' title='bbox 1050 2331 1081 2364; x_wconf 83' lang='lat' dir='ltr'>S.</span> <span class='ocrx_word' id='word_1_251' title='bbox 1109 2331 1158 2363; x_wconf 89' lang='lat' dir='ltr'>Fi-</span> 
     </span>
    </p>
   </div>
   <div class='ocr_carea' id='block_1_7' title="bbox 425 2383 1181 2426">
    <p class='ocr_par' dir='ltr' id='par_1_8' title="bbox 425 2383 1181 2426">
     <span class='ocr_line' id='line_1_47' title="bbox 425 2383 1181 2426; baseline -0.001 -10"><span class='ocrx_word' id='word_1_252' title='bbox 425 2383 475 2416; x_wconf 90' lang='lat' dir='ltr'>dei</span> <span class='ocrx_word' id='word_1_253' title='bbox 500 2383 600 2423; x_wconf 88' lang='lat' dir='ltr'>unire,</span> <span class='ocrx_word' id='word_1_254' title='bbox 627 2388 797 2416; x_wconf 86' lang='lat' dir='ltr'>annectere</span> <span class='ocrx_word' id='word_1_255' title='bbox 822 2388 853 2415; x_wconf 89' lang='lat' dir='ltr'>ct</span> <span class='ocrx_word' id='word_1_256' title='bbox 878 2383 1088 2426; x_wconf 88' lang='lat' dir='ltr'>incorporare</span> <span class='ocrx_word' id='word_1_257' title='bbox 1119 2383 1181 2423; x_wconf 32' lang='lat' dir='ltr'>de,</span> 
     </span>
    </p>
   </div>
   <div class='ocr_carea' id='block_1_8' title="bbox 423 2434 1156 2530">
    <p class='ocr_par' dir='ltr' id='par_1_9' title="bbox 423 2434 1156 2530">
     <span class='ocr_line' id='line_1_48' title="bbox 423 2434 1067 2477; baseline 0 -10"><span class='ocrx_word' id='word_1_258' title='bbox 423 2435 622 2477; x_wconf 73' lang='lat' dir='ltr'>benignitate</span> <span class='ocrx_word' id='word_1_259' title='bbox 647 2435 824 2477; x_wconf 76' lang='lat' dir='ltr'>apostolica</span> <span class='ocrx_word' id='word_1_260' title='bbox 849 2434 1067 2477; x_wconf 71' lang='lat' dir='ltr'>dignaremur.</span> 
     </span>
     <span class='ocr_line' id='line_1_49' title="bbox 468 2486 1156 2530; baseline -0.003 -10"><span class='ocrx_word' id='word_1_261' title='bbox 468 2488 483 2530; x_wconf 64' lang='grc' dir='ltr'><strong>ἓ</strong></span> <span class='ocrx_word' id='word_1_262' title='bbox 507 2487 538 2520; x_wconf 76' lang='lat'>⁶2.</span> <span class='ocrx_word' id='word_1_263' title='bbox 565 2487 626 2520; x_wconf 89' lang='lat' dir='ltr'>Nos</span> <span class='ocrx_word' id='word_1_264' title='bbox 650 2487 757 2529; x_wconf 73' lang='lat' dir='ltr'>igitur,</span> <span class='ocrx_word' id='word_1_265' title='bbox 784 2498 842 2530; x_wconf 88' lang='lat' dir='ltr'>pro</span> <span class='ocrx_word' id='word_1_266' title='bbox 871 2487 1039 2520; x_wconf 74' lang='lat' dir='ltr'>commissa</span> <span class='ocrx_word' id='word_1_267' title='bbox 1064 2486 1156 2520; x_wconf 91' lang='lat' dir='ltr'>nobis</span> 
     </span>
    </p>
   </div>
   <div class='ocr_carea' id='block_1_9' title="bbox 425 2534 1175 2573">
    <p class='ocr_par' dir='ltr' id='par_1_10' title="bbox 425 2534 1175 2573">
     <span class='ocr_line' id='line_1_50' title="bbox 425 2534 1175 2573; baseline -0.003 -1"><span class='ocrx_word' id='word_1_268' title='bbox 425 2539 556 2573; x_wconf 88' lang='lat' dir='ltr'>caelitus</span> <span class='ocrx_word' id='word_1_269' title='bbox 584 2540 725 2571; x_wconf 88' lang='lat' dir='ltr'>omnium</span> <span class='ocrx_word' id='word_1_270' title='bbox 761 2539 965 2571; x_wconf 83' lang='lat' dir='ltr'>ecclesiarum</span> <span class='ocrx_word' id='word_1_271' title='bbox 1001 2534 1175 2572; x_wconf 64' lang='lat' dir='ltr'>sollicita-l</span> 
     </span>
    </p>
   </div>
   <div class='ocr_carea' id='block_1_10' title="bbox 426 2591 1155 2636">
    <p class='ocr_par' dir='ltr' id='par_1_11' title="bbox 426 2591 1155 2636">
     <span class='ocr_line' id='line_1_51' title="bbox 426 2591 1155 2636; baseline -0.004 -11"><span class='ocrx_word' id='word_1_272' title='bbox 426 2593 509 2633; x_wconf 89' lang='lat' dir='ltr'>dinc,</span> <span class='ocrx_word' id='word_1_273' title='bbox 524 2591 681 2636; x_wconf 80' lang='lat' dir='ltr'>spirituali</span> <span class='ocrx_word' id='word_1_274' title='bbox 697 2591 952 2624; x_wconf 72' lang='lat' dir='ltr'>christifidelium</span> <span class='ocrx_word' id='word_1_275' title='bbox 965 2591 997 2623; x_wconf 91' lang='lat' dir='ltr'>in</span> <span class='ocrx_word' id='word_1_276' title='bbox 1012 2591 1095 2624; x_wconf 74' lang='lat' dir='ltr'>dieta</span> <span class='ocrx_word' id='word_1_277' title='bbox 1109 2591 1155 2623; x_wconf 93' lang='lat' dir='ltr'>in-</span> 
     </span>
    </p>
   </div>
   <div class='ocr_carea' id='block_1_11' title="bbox 1190 494 1951 2320">
    <p class='ocr_par' dir='ltr' id='par_1_12' title="bbox 1190 494 1931 1482">
     <span class='ocr_line' id='line_1_52' title="bbox 1198 494 1931 539; baseline 0.007 -13"><span class='ocrx_word' id='word_1_278' title='bbox 1198 494 1332 537; x_wconf 85' lang='lat' dir='ltr'>pientes,</span> <span class='ocrx_word' id='word_1_279' title='bbox 1360 495 1544 528; x_wconf 87' lang='lat' dir='ltr'>huiusmodi</span> <span class='ocrx_word' id='word_1_280' title='bbox 1576 497 1859 539; x_wconf 85' lang='lat' dir='ltr'>supplicationibus</span> <span class='ocrx_word' id='word_1_281' title='bbox 1883 499 1931 531; x_wconf 90' lang='lat' dir='ltr'>in-</span> 
     </span>
     <span class='ocr_line' id='line_1_53' title="bbox 1198 546 1931 587; baseline 0.007 -9"><span class='ocrx_word' id='word_1_282' title='bbox 1198 546 1316 587; x_wconf 86' lang='lat' dir='ltr'>clinati,</span> <span class='ocrx_word' id='word_1_283' title='bbox 1339 547 1377 579; x_wconf 93' lang='lat' dir='ltr'>de</span> <span class='ocrx_word' id='word_1_284' title='bbox 1401 548 1633 581; x_wconf 88' lang='lat' dir='ltr'>venerabilium</span> <span class='ocrx_word' id='word_1_285' title='bbox 1658 550 1791 582; x_wconf 86' lang='lat' dir='ltr'>fratrum</span> <span class='ocrx_word' id='word_1_286' title='bbox 1808 556 1931 584; x_wconf 89' lang='lat' dir='ltr'>nostro-</span> 
     </span>
     <span class='ocr_line' id='line_1_54' title="bbox 1197 599 1930 643; baseline 0.005 -12"><span class='ocrx_word' id='word_1_287' title='bbox 1197 609 1266 632; x_wconf 88' lang='lat' dir='ltr'>rum</span> <span class='ocrx_word' id='word_1_288' title='bbox 1279 599 1309 632; x_wconf 91' lang='lat' dir='ltr'>S.</span> <span class='ocrx_word' id='word_1_289' title='bbox 1321 599 1357 632; x_wconf 82' lang='lat' dir='ltr'>R.</span> <span class='ocrx_word' id='word_1_290' title='bbox 1370 599 1403 632; x_wconf 81' lang='lat' dir='ltr'>E.</span> <span class='ocrx_word' id='word_1_291' title='bbox 1421 600 1604 643; x_wconf 85' lang='lat' dir='ltr'>praedictae</span> <span class='ocrx_word' id='word_1_292' title='bbox 1613 602 1822 634; x_wconf 87' lang='lat' dir='ltr'>cardinalium</span> <span class='ocrx_word' id='word_1_293' title='bbox 1835 603 1930 635; x_wconf 89' lang='lat' dir='ltr'>rebus</span> 
     </span>
     <span class='ocr_line' id='line_1_55' title="bbox 1196 652 1929 696; baseline 0.007 -13"><span class='ocrx_word' id='word_1_294' title='bbox 1196 652 1471 685; x_wconf 87' lang='lat' dir='ltr'>consistorialibus</span> <span class='ocrx_word' id='word_1_295' title='bbox 1492 653 1749 696; x_wconf 88' lang='lat' dir='ltr'>praepositorum</span> <span class='ocrx_word' id='word_1_296' title='bbox 1779 655 1929 696; x_wconf 85' lang='lat' dir='ltr'>consilio,</span> 
     </span>
     <span class='ocr_line' id='line_1_56' title="bbox 1196 704 1931 748; baseline 0.004 -12"><span class='ocrx_word' id='word_1_297' title='bbox 1196 704 1368 746; x_wconf 86' lang='lat' dir='ltr'>diligenter</span> <span class='ocrx_word' id='word_1_298' title='bbox 1384 705 1554 748; x_wconf 86' lang='lat' dir='ltr'>perpensis</span> <span class='ocrx_word' id='word_1_299' title='bbox 1571 715 1628 748; x_wconf 88' lang='lat' dir='ltr'>per</span> <span class='ocrx_word' id='word_1_300' title='bbox 1644 706 1773 739; x_wconf 90' lang='lat' dir='ltr'>eosdem</span> <span class='ocrx_word' id='word_1_301' title='bbox 1787 707 1931 740; x_wconf 86' lang='lat' dir='ltr'>cardina-</span> 
     </span>
     <span class='ocr_line' id='line_1_57' title="bbox 1194 756 1929 800; baseline 0.004 -12"><span class='ocrx_word' id='word_1_302' title='bbox 1194 757 1240 788; x_wconf 89' lang='lat' dir='ltr'>les</span> <span class='ocrx_word' id='word_1_303' title='bbox 1264 756 1442 789; x_wconf 89' lang='lat' dir='ltr'>rationibus</span> <span class='ocrx_word' id='word_1_304' title='bbox 1467 767 1549 799; x_wconf 89' lang='lat' dir='ltr'>quae</span> <span class='ocrx_word' id='word_1_305' title='bbox 1574 767 1632 800; x_wconf 92' lang='lat' dir='ltr'>pro</span> <span class='ocrx_word' id='word_1_306' title='bbox 1657 759 1857 800; x_wconf 86' lang='lat' dir='ltr'>separatione</span> <span class='ocrx_word' id='word_1_307' title='bbox 1883 759 1929 791; x_wconf 89' lang='lat' dir='ltr'>di-</span> 
     </span>
     <span class='ocr_line' id='line_1_58' title="bbox 1193 808 1927 843; baseline 0.004 -3"><span class='ocrx_word' id='word_1_308' title='bbox 1193 814 1261 840; x_wconf 89' lang='lat' dir='ltr'>ctae</span> <span class='ocrx_word' id='word_1_309' title='bbox 1294 808 1417 843; x_wconf 84' lang='lat' dir='ltr'>insulae</span> <span class='ocrx_word' id='word_1_310' title='bbox 1452 808 1505 841; x_wconf 90' lang='lat' dir='ltr'>SS.</span> <span class='ocrx_word' id='word_1_311' title='bbox 1540 809 1701 842; x_wconf 86' lang='lat' dir='ltr'>Trinitatis</span> <span class='ocrx_word' id='word_1_312' title='bbox 1737 820 1755 842; x_wconf 90' lang='lat' dir='ltr'>a</span> <span class='ocrx_word' id='word_1_313' title='bbox 1791 810 1927 843; x_wconf 85' lang='lat' dir='ltr'>dioecesi</span> 
     </span>
     <span class='ocr_line' id='line_1_59' title="bbox 1194 859 1929 896; baseline 0.005 -5"><span class='ocrx_word' id='word_1_314' title='bbox 1194 859 1416 893; x_wconf 85' lang='lat' dir='ltr'>Portusdivitis</span> <span class='ocrx_word' id='word_1_315' title='bbox 1445 871 1500 893; x_wconf 88' lang='lat' dir='ltr'>seu</span> <span class='ocrx_word' id='word_1_316' title='bbox 1524 861 1562 893; x_wconf 91' lang='lat' dir='ltr'>de</span> <span class='ocrx_word' id='word_1_317' title='bbox 1589 861 1753 894; x_wconf 88' lang='lat' dir='ltr'>Portorico</span> <span class='ocrx_word' id='word_1_318' title='bbox 1779 868 1810 894; x_wconf 90' lang='lat' dir='ltr'>et</span> <span class='ocrx_word' id='word_1_319' title='bbox 1839 863 1929 896; x_wconf 88' lang='lat' dir='ltr'>unio-</span> 
     </span>
     <span class='ocr_line' id='line_1_60' title="bbox 1193 911 1929 954; baseline 0.005 -11"><span class='ocrx_word' id='word_1_320' title='bbox 1193 921 1233 944; x_wconf 91' lang='lat' dir='ltr'>ne</span> <span class='ocrx_word' id='word_1_321' title='bbox 1258 911 1545 954; x_wconf 87' lang='lat' dir='ltr'>archiepiscopatui</span> <span class='ocrx_word' id='word_1_322' title='bbox 1570 912 1601 945; x_wconf 87' lang='lat' dir='ltr'>S.</span> <span class='ocrx_word' id='word_1_323' title='bbox 1632 913 1720 946; x_wconf 88' lang='lat' dir='ltr'>Fidei</span> <span class='ocrx_word' id='word_1_324' title='bbox 1751 913 1929 948; x_wconf 76' lang='lat' dir='ltr'>offereban-</span> 
     </span>
     <span class='ocr_line' id='line_1_61' title="bbox 1193 964 1925 1009; baseline 0.004 -13"><span class='ocrx_word' id='word_1_325' title='bbox 1193 969 1252 1003; x_wconf 87' lang='lat' dir='ltr'>tur,</span> <span class='ocrx_word' id='word_1_326' title='bbox 1278 974 1349 996; x_wconf 87' lang='lat' dir='ltr'>cum</span> <span class='ocrx_word' id='word_1_327' title='bbox 1375 974 1430 996; x_wconf 89' lang='lat' dir='ltr'>eae</span> <span class='ocrx_word' id='word_1_328' title='bbox 1455 964 1530 996; x_wconf 90' lang='lat' dir='ltr'>satis</span> <span class='ocrx_word' id='word_1_329' title='bbox 1554 965 1677 998; x_wconf 90' lang='lat' dir='ltr'>validae</span> <span class='ocrx_word' id='word_1_330' title='bbox 1710 972 1925 1009; x_wconf 82' lang='lat' dir='ltr'>urgentesque</span> 
     </span>
     <span class='ocr_line' id='line_1_62' title="bbox 1192 1016 1923 1059; baseline 0.004 -11"><span class='ocrx_word' id='word_1_331' title='bbox 1192 1016 1277 1048; x_wconf 89' lang='lat' dir='ltr'>visae</span> <span class='ocrx_word' id='word_1_332' title='bbox 1303 1016 1433 1056; x_wconf 88' lang='lat' dir='ltr'>fuerint,</span> <span class='ocrx_word' id='word_1_333' title='bbox 1458 1027 1519 1049; x_wconf 91' lang='lat' dir='ltr'>nec</span> <span class='ocrx_word' id='word_1_334' title='bbox 1544 1017 1611 1049; x_wconf 89' lang='lat' dir='ltr'>sine</span> <span class='ocrx_word' id='word_1_335' title='bbox 1637 1017 1722 1059; x_wconf 79' lang='lat' dir='ltr'>gravi</span> <span class='ocrx_word' id='word_1_336' title='bbox 1748 1018 1923 1051; x_wconf 88' lang='lat' dir='ltr'>animarum</span> 
     </span>
     <span class='ocr_line' id='line_1_63' title="bbox 1192 1069 1924 1113; baseline 0.003 -12"><span class='ocrx_word' id='word_1_337' title='bbox 1192 1069 1314 1102; x_wconf 79' lang='lat' dir='ltr'>iactura</span> <span class='ocrx_word' id='word_1_338' title='bbox 1331 1069 1450 1102; x_wconf 79' lang='lat' dir='ltr'>differri</span> <span class='ocrx_word' id='word_1_339' title='bbox 1472 1080 1566 1113; x_wconf 91' lang='lat' dir='ltr'>posse</span> <span class='ocrx_word' id='word_1_340' title='bbox 1584 1070 1748 1112; x_wconf 84' lang='lat' dir='ltr'>negotium</span> <span class='ocrx_word' id='word_1_341' title='bbox 1768 1071 1924 1112; x_wconf 88' lang='lat' dir='ltr'>videatur,</span> 
     </span>
     <span class='ocr_line' id='line_1_64' title="bbox 1192 1122 1927 1165; baseline 0.001 -11"><span class='ocrx_word' id='word_1_342' title='bbox 1192 1122 1384 1155; x_wconf 87' lang='lat' dir='ltr'>fraternitati</span> <span class='ocrx_word' id='word_1_343' title='bbox 1404 1126 1477 1155; x_wconf 88' lang='lat' dir='ltr'>tuae</span> <span class='ocrx_word' id='word_1_344' title='bbox 1496 1132 1556 1165; x_wconf 91' lang='lat' dir='ltr'>per</span> <span class='ocrx_word' id='word_1_345' title='bbox 1580 1128 1764 1165; x_wconf 86' lang='lat' dir='ltr'>praesentes</span> <span class='ocrx_word' id='word_1_346' title='bbox 1784 1123 1927 1156; x_wconf 86' lang='lat' dir='ltr'>commit-</span> 
     </span>
     <span class='ocr_line' id='line_1_65' title="bbox 1192 1175 1924 1215; baseline 0.004 -9"><span class='ocrx_word' id='word_1_347' title='bbox 1192 1175 1287 1207; x_wconf 87' lang='lat' dir='ltr'>timus</span> <span class='ocrx_word' id='word_1_348' title='bbox 1311 1179 1343 1207; x_wconf 91' lang='lat' dir='ltr'>et</span> <span class='ocrx_word' id='word_1_349' title='bbox 1366 1175 1564 1215; x_wconf 82' lang='lat' dir='ltr'>mandamus,</span> <span class='ocrx_word' id='word_1_350' title='bbox 1582 1180 1624 1215; x_wconf 90' lang='lat' dir='ltr'>ut,</span> <span class='ocrx_word' id='word_1_351' title='bbox 1646 1175 1783 1208; x_wconf 88' lang='lat' dir='ltr'>constito</span> <span class='ocrx_word' id='word_1_352' title='bbox 1805 1176 1862 1208; x_wconf 89' lang='lat' dir='ltr'>tibi</span> <span class='ocrx_word' id='word_1_353' title='bbox 1884 1177 1924 1209; x_wconf 88' lang='lat' dir='ltr'>de</span> 
     </span>
     <span class='ocr_line' id='line_1_66' title="bbox 1192 1227 1925 1272; baseline 0.003 -13"><span class='ocrx_word' id='word_1_354' title='bbox 1192 1227 1336 1268; x_wconf 84' lang='lat' dir='ltr'>narratis,</span> <span class='ocrx_word' id='word_1_355' title='bbox 1358 1233 1390 1260; x_wconf 86' lang='lat' dir='ltr'>et</span> <span class='ocrx_word' id='word_1_356' title='bbox 1413 1227 1519 1260; x_wconf 86' lang='lat' dir='ltr'>audito</span> <span class='ocrx_word' id='word_1_357' title='bbox 1543 1227 1717 1260; x_wconf 87' lang='lat' dir='ltr'>venerabili</span> <span class='ocrx_word' id='word_1_358' title='bbox 1738 1228 1835 1260; x_wconf 88' lang='lat' dir='ltr'>fratre</span> <span class='ocrx_word' id='word_1_359' title='bbox 1856 1229 1925 1272; x_wconf 90' lang='lat' dir='ltr'>epi-</span> 
     </span>
     <span class='ocr_line' id='line_1_67' title="bbox 1191 1280 1923 1323; baseline 0.003 -11"><span class='ocrx_word' id='word_1_360' title='bbox 1191 1289 1288 1322; x_wconf 89' lang='lat' dir='ltr'>scopo</span> <span class='ocrx_word' id='word_1_361' title='bbox 1321 1280 1541 1313; x_wconf 87' lang='lat' dir='ltr'>Portusdivitis</span> <span class='ocrx_word' id='word_1_362' title='bbox 1574 1290 1630 1313; x_wconf 86' lang='lat' dir='ltr'>seu</span> <span class='ocrx_word' id='word_1_363' title='bbox 1668 1281 1707 1313; x_wconf 87' lang='lat' dir='ltr'>de</span> <span class='ocrx_word' id='word_1_364' title='bbox 1743 1280 1923 1323; x_wconf 89' lang='lat' dir='ltr'>Portorico‚</span> 
     </span>
     <span class='ocr_line' id='line_1_68' title="bbox 1191 1333 1924 1376; baseline 0.001 -11"><span class='ocrx_word' id='word_1_365' title='bbox 1191 1333 1230 1365; x_wconf 86' lang='lat' dir='ltr'>ad</span> <span class='ocrx_word' id='word_1_366' title='bbox 1255 1333 1489 1375; x_wconf 88' lang='lat' dir='ltr'>separationem</span> <span class='ocrx_word' id='word_1_367' title='bbox 1510 1338 1542 1366; x_wconf 88' lang='lat' dir='ltr'>et</span> <span class='ocrx_word' id='word_1_368' title='bbox 1566 1334 1717 1366; x_wconf 91' lang='lat' dir='ltr'>unionem</span> <span class='ocrx_word' id='word_1_369' title='bbox 1741 1334 1924 1376; x_wconf 88' lang='lat' dir='ltr'>praedictas</span> 
     </span>
     <span class='ocr_line' id='line_1_69' title="bbox 1190 1384 1923 1427; baseline 0.003 -10"><span class='ocrx_word' id='word_1_370' title='bbox 1190 1384 1376 1427; x_wconf 89' lang='lat' dir='ltr'>respective,</span> <span class='ocrx_word' id='word_1_371' title='bbox 1390 1385 1524 1418; x_wconf 89' lang='lat' dir='ltr'>servatis</span> <span class='ocrx_word' id='word_1_372' title='bbox 1540 1386 1714 1426; x_wconf 85' lang='lat' dir='ltr'>servandis,</span> <span class='ocrx_word' id='word_1_373' title='bbox 1735 1386 1923 1419; x_wconf 87' lang='lat' dir='ltr'>auctoritate</span> 
     </span>
     <span class='ocr_line' id='line_1_70' title="bbox 1190 1439 1688 1482; baseline 0.004 -12"><span class='ocrx_word' id='word_1_374' title='bbox 1190 1441 1299 1471; x_wconf 82' lang='lat' dir='ltr'>nostra</span> <span class='ocrx_word' id='word_1_375' title='bbox 1324 1439 1497 1481; x_wconf 78' lang='lat' dir='ltr'>apostolica</span> <span class='ocrx_word' id='word_1_376' title='bbox 1521 1440 1688 1482; x_wconf 85' lang='lat' dir='ltr'>procedas.</span> 
     </span>
    </p>

    <p class='ocr_par' dir='ltr' id='par_1_13' title="bbox 1191 1490 1951 2320">
     <span class='ocr_line' id='line_1_71' title="bbox 1234 1490 1924 1534; baseline 0.003 -11"><span class='ocrx_word' id='word_1_377' title='bbox 1234 1492 1248 1533; x_wconf 65' lang='grc' dir='ltr'><strong>ἓ</strong></span> <span class='ocrx_word' id='word_1_378' title='bbox 1273 1490 1304 1524; x_wconf 77' lang='grc'>3.</span> <span class='ocrx_word' id='word_1_379' title='bbox 1331 1491 1546 1524; x_wconf 84' lang='lat' dir='ltr'>Decernentes</span> <span class='ocrx_word' id='word_1_380' title='bbox 1579 1492 1708 1524; x_wconf 86' lang='lat' dir='ltr'>easdem</span> <span class='ocrx_word' id='word_1_381' title='bbox 1736 1497 1924 1534; x_wconf 88' lang='lat' dir='ltr'>praesentes</span> 
     </span>
     <span class='ocr_line' id='line_1_72' title="bbox 1191 1532 1951 1586; baseline 0.001 -10"><span class='ocrx_word' id='word_1_382' title='bbox 1191 1544 1322 1584; x_wconf 88' lang='lat' dir='ltr'>litteras,</span> <span class='ocrx_word' id='word_1_383' title='bbox 1341 1543 1532 1586; x_wconf 89' lang='lat' dir='ltr'>illarumque</span> <span class='ocrx_word' id='word_1_384' title='bbox 1552 1544 1661 1586; x_wconf 81' lang='lat' dir='ltr'>vigore</span> <span class='ocrx_word' id='word_1_385' title='bbox 1679 1555 1696 1576; x_wconf 87' lang='lat' dir='ltr'>a</span> <span class='ocrx_word' id='word_1_386' title='bbox 1714 1549 1744 1576; x_wconf 87' lang='lat' dir='ltr'>te</span> <span class='ocrx_word' id='word_1_387' title='bbox 1761 1544 1924 1577; x_wconf 88' lang='lat' dir='ltr'>faciendas</span> <span class='ocrx_word' id='word_1_388' title='bbox 1939 1532 1951 1553; x_wconf 61' lang='grc' dir='ltr'>Ρ</span> 
     </span>
     <span class='ocr_line' id='line_1_73' title="bbox 1191 1596 1920 1639; baseline 0.001 -11"><span class='ocrx_word' id='word_1_389' title='bbox 1191 1596 1427 1639; x_wconf 89' lang='lat' dir='ltr'>separationem</span> <span class='ocrx_word' id='word_1_390' title='bbox 1459 1601 1491 1629; x_wconf 91' lang='lat' dir='ltr'>et</span> <span class='ocrx_word' id='word_1_391' title='bbox 1526 1597 1680 1629; x_wconf 89' lang='lat' dir='ltr'>unionem</span> <span class='ocrx_word' id='word_1_392' title='bbox 1716 1597 1920 1638; x_wconf 89' lang='lat' dir='ltr'>huiusmodi,</span> 
     </span>
     <span class='ocr_line' id='line_1_74' title="bbox 1191 1649 1924 1692; baseline 0.001 -11"><span class='ocrx_word' id='word_1_393' title='bbox 1191 1659 1320 1692; x_wconf 89' lang='lat' dir='ltr'>semper</span> <span class='ocrx_word' id='word_1_394' title='bbox 1344 1649 1461 1689; x_wconf 77' lang='lat' dir='ltr'>firmas,</span> <span class='ocrx_word' id='word_1_395' title='bbox 1486 1650 1607 1682; x_wconf 89' lang='lat' dir='ltr'>validas</span> <span class='ocrx_word' id='word_1_396' title='bbox 1632 1655 1664 1682; x_wconf 89' lang='lat' dir='ltr'>et</span> <span class='ocrx_word' id='word_1_397' title='bbox 1688 1650 1832 1683; x_wconf 84' lang='lat' dir='ltr'>efficaces</span> <span class='ocrx_word' id='word_1_398' title='bbox 1858 1650 1924 1682; x_wconf 81' lang='lat' dir='ltr'>exi-</span> 
     </span>
     <span class='ocr_line' id='line_1_75' title="bbox 1191 1703 1924 1746; baseline 0.001 -12"><span class='ocrx_word' id='word_1_399' title='bbox 1191 1707 1275 1735; x_wconf 89' lang='lat' dir='ltr'>stere</span> <span class='ocrx_word' id='word_1_400' title='bbox 1302 1707 1333 1734; x_wconf 91' lang='lat' dir='ltr'>et</span> <span class='ocrx_word' id='word_1_401' title='bbox 1357 1703 1432 1743; x_wconf 82' lang='lat' dir='ltr'>fore,</span> <span class='ocrx_word' id='word_1_402' title='bbox 1454 1713 1558 1745; x_wconf 89' lang='lat' dir='ltr'>neque</span> <span class='ocrx_word' id='word_1_403' title='bbox 1584 1703 1655 1735; x_wconf 85' lang='lat' dir='ltr'>illas</span> <span class='ocrx_word' id='word_1_404' title='bbox 1679 1703 1737 1735; x_wconf 89' lang='lat' dir='ltr'>sub</span> <span class='ocrx_word' id='word_1_405' title='bbox 1762 1703 1924 1746; x_wconf 87' lang='lat' dir='ltr'>quibusvis</span> 
     </span>
     <span class='ocr_line' id='line_1_76' title="bbox 1191 1754 1926 1798; baseline 0.003 -12"><span class='ocrx_word' id='word_1_406' title='bbox 1191 1754 1342 1787; x_wconf 90' lang='lat' dir='ltr'>similium</span> <span class='ocrx_word' id='word_1_407' title='bbox 1358 1756 1407 1788; x_wconf 89' lang='lat' dir='ltr'>vel</span> <span class='ocrx_word' id='word_1_408' title='bbox 1423 1755 1624 1788; x_wconf 71' lang='lat' dir='ltr'>dissimilium</span> <span class='ocrx_word' id='word_1_409' title='bbox 1641 1755 1880 1798; x_wconf 89' lang='lat' dir='ltr'>separationum</span> <span class='ocrx_word' id='word_1_410' title='bbox 1894 1761 1926 1789; x_wconf 92' lang='lat' dir='ltr'>et</span> 
     </span>
     <span class='ocr_line' id='line_1_77' title="bbox 1192 1806 1925 1840; baseline 0.003 -2"><span class='ocrx_word' id='word_1_411' title='bbox 1192 1806 1513 1839; x_wconf 85' lang='lat' dir='ltr'>dismembrationum</span> <span class='ocrx_word' id='word_1_412' title='bbox 1537 1817 1572 1839; x_wconf 89' lang='lat' dir='ltr'>ac</span> <span class='ocrx_word' id='word_1_413' title='bbox 1588 1807 1743 1840; x_wconf 88' lang='lat' dir='ltr'>unionum</span> <span class='ocrx_word' id='word_1_414' title='bbox 1768 1812 1800 1840; x_wconf 91' lang='lat' dir='ltr'>et</span> <span class='ocrx_word' id='word_1_415' title='bbox 1820 1808 1925 1840; x_wconf 89' lang='lat' dir='ltr'>incor-</span> 
     </span>
     <span class='ocr_line' id='line_1_78' title="bbox 1191 1858 1926 1902; baseline 0.003 -12"><span class='ocrx_word' id='word_1_416' title='bbox 1191 1858 1398 1902; x_wconf 89' lang='lat' dir='ltr'>porationum</span> <span class='ocrx_word' id='word_1_417' title='bbox 1408 1859 1503 1892; x_wconf 88' lang='lat' dir='ltr'>etiam</span> <span class='ocrx_word' id='word_1_418' title='bbox 1515 1859 1661 1893; x_wconf 81' lang='lat' dir='ltr'>effectum</span> <span class='ocrx_word' id='word_1_419' title='bbox 1676 1860 1821 1893; x_wconf 90' lang='lat' dir='ltr'>nondum</span> <span class='ocrx_word' id='word_1_420' title='bbox 1834 1860 1926 1892; x_wconf 88' lang='lat' dir='ltr'>sorti-</span> 
     </span>
     <span class='ocr_line' id='line_1_79' title="bbox 1194 1911 1924 1955; baseline 0.003 -12"><span class='ocrx_word' id='word_1_421' title='bbox 1194 1917 1305 1952; x_wconf 89' lang='lat' dir='ltr'>tarum,</span> <span class='ocrx_word' id='word_1_422' title='bbox 1317 1923 1372 1944; x_wconf 89' lang='lat' dir='ltr'>seu</span> <span class='ocrx_word' id='word_1_423' title='bbox 1390 1911 1523 1945; x_wconf 87' lang='lat' dir='ltr'>aliarum</span> <span class='ocrx_word' id='word_1_424' title='bbox 1541 1913 1721 1955; x_wconf 88' lang='lat' dir='ltr'>quarumvis</span> <span class='ocrx_word' id='word_1_425' title='bbox 1739 1912 1924 1955; x_wconf 82' lang='lat' dir='ltr'>gratiarum,</span> 
     </span>
     <span class='ocr_line' id='line_1_80' title="bbox 1192 1963 1924 2007; baseline 0.001 -12"><span class='ocrx_word' id='word_1_426' title='bbox 1192 1963 1457 2005; x_wconf 54' lang='lat' dir='ltr'>revocationibus</span> <span class='ocrx_word' id='word_1_427' title='bbox 1473 1965 1747 2007; x_wconf 77' lang='lat' dir='ltr'>suspensionibus,</span> <span class='ocrx_word' id='word_1_428' title='bbox 1762 1964 1924 1997; x_wconf 88' lang='lat' dir='ltr'>limitatio-</span> 
     </span>
     <span class='ocr_line' id='line_1_81' title="bbox 1192 2015 1923 2059; baseline 0.001 -12"><span class='ocrx_word' id='word_1_429' title='bbox 1192 2015 1293 2055; x_wconf 92' lang='lat' dir='ltr'>nibus,</span> <span class='ocrx_word' id='word_1_430' title='bbox 1305 2016 1577 2058; x_wconf 80' lang='lat' dir='ltr'>derogationibus,</span> <span class='ocrx_word' id='word_1_431' title='bbox 1593 2016 1727 2059; x_wconf 87' lang='lat' dir='ltr'>aliisque</span> <span class='ocrx_word' id='word_1_432' title='bbox 1752 2016 1923 2049; x_wconf 86' lang='lat' dir='ltr'>contrariis</span> 
     </span>
     <span class='ocr_line' id='line_1_82' title="bbox 1192 2067 1924 2112; baseline 0.003 -12"><span class='ocrx_word' id='word_1_433' title='bbox 1192 2067 1475 2110; x_wconf 87' lang='lat' dir='ltr'>dispositionibus,</span> <span class='ocrx_word' id='word_1_434' title='bbox 1502 2069 1597 2101; x_wconf 87' lang='lat' dir='ltr'>etiam</span> <span class='ocrx_word' id='word_1_435' title='bbox 1622 2079 1679 2112; x_wconf 89' lang='lat' dir='ltr'>per</span> <span class='ocrx_word' id='word_1_436' title='bbox 1707 2079 1924 2111; x_wconf 87' lang='lat' dir='ltr'>quascumque</span> 
     </span>
     <span class='ocr_line' id='line_1_83' title="bbox 1191 2120 1924 2163; baseline 0.003 -12"><span class='ocrx_word' id='word_1_437' title='bbox 1191 2120 1312 2152; x_wconf 89' lang='lat' dir='ltr'>litteras</span> <span class='ocrx_word' id='word_1_438' title='bbox 1337 2126 1368 2152; x_wconf 91' lang='lat' dir='ltr'>et</span> <span class='ocrx_word' id='word_1_439' title='bbox 1392 2121 1633 2153; x_wconf 79' lang='lat' dir='ltr'>constitutiones</span> <span class='ocrx_word' id='word_1_440' title='bbox 1658 2120 1850 2163; x_wconf 86' lang='lat' dir='ltr'>apostolicas</span> <span class='ocrx_word' id='word_1_441' title='bbox 1867 2131 1924 2153; x_wconf 88' lang='lat' dir='ltr'>seu</span> 
     </span>
     <span class='ocr_line' id='line_1_84' title="bbox 1192 2173 1924 2216; baseline 0.001 -12"><span class='ocrx_word' id='word_1_442' title='bbox 1192 2173 1399 2205; x_wconf 85' lang='lat' dir='ltr'>cancellariae</span> <span class='ocrx_word' id='word_1_443' title='bbox 1414 2173 1608 2215; x_wconf 86' lang='lat' dir='ltr'>apostolicae</span> <span class='ocrx_word' id='word_1_444' title='bbox 1623 2174 1761 2215; x_wconf 80' lang='lat' dir='ltr'>regulas,</span> <span class='ocrx_word' id='word_1_445' title='bbox 1780 2174 1839 2206; x_wconf 92' lang='lat' dir='ltr'>sub</span> <span class='ocrx_word' id='word_1_446' title='bbox 1853 2174 1924 2216; x_wconf 87' lang='lat' dir='ltr'>qui-</span> 
     </span>
     <span class='ocr_line' id='line_1_85' title="bbox 1191 2225 1924 2268; baseline 0.003 -12"><span class='ocrx_word' id='word_1_447' title='bbox 1191 2225 1388 2268; x_wconf 84' lang='lat' dir='ltr'>buscumque</span> <span class='ocrx_word' id='word_1_448' title='bbox 1412 2226 1583 2258; x_wconf 87' lang='lat' dir='ltr'>verborum</span> <span class='ocrx_word' id='word_1_449' title='bbox 1616 2226 1780 2259; x_wconf 86' lang='lat' dir='ltr'>tenoribus</span> <span class='ocrx_word' id='word_1_450' title='bbox 1807 2231 1838 2258; x_wconf 90' lang='lat' dir='ltr'>et</span> <span class='ocrx_word' id='word_1_451' title='bbox 1861 2227 1924 2259; x_wconf 91' lang='lat' dir='ltr'>sor-</span> 
     </span>
     <span class='ocr_line' id='line_1_86' title="bbox 1191 2277 1923 2320; baseline 0.004 -12"><span class='ocrx_word' id='word_1_452' title='bbox 1191 2277 1260 2316; x_wconf 84' lang='lat' dir='ltr'>mis,</span> <span class='ocrx_word' id='word_1_453' title='bbox 1274 2287 1309 2309; x_wconf 91' lang='lat' dir='ltr'>ac</span> <span class='ocrx_word' id='word_1_454' title='bbox 1329 2286 1400 2309; x_wconf 90' lang='lat' dir='ltr'>cum</span> <span class='ocrx_word' id='word_1_455' title='bbox 1417 2277 1577 2320; x_wconf 84' lang='lat' dir='ltr'>quibusvis</span> <span class='ocrx_word' id='word_1_456' title='bbox 1597 2278 1744 2310; x_wconf 79' lang='lat' dir='ltr'>clausulis</span> <span class='ocrx_word' id='word_1_457' title='bbox 1766 2284 1798 2311; x_wconf 88' lang='lat' dir='ltr'>et</span> <span class='ocrx_word' id='word_1_458' title='bbox 1817 2279 1923 2312; x_wconf 91' lang='lat' dir='ltr'>decre-</span> 
     </span>
    </p>
   </div>
   <div class='ocr_carea' id='block_1_12' title="bbox 1177 2330 1922 2374">
    <p class='ocr_par' dir='ltr' id='par_1_14' title="bbox 1177 2330 1922 2374">
     <span class='ocr_line' id='line_1_87' title="bbox 1177 2330 1922 2374; baseline 0.003 -13"><span class='ocrx_word' id='word_1_459' title='bbox 1177 2330 1246 2369; x_wconf 76' lang='lat' dir='ltr'>tis,</span> <span class='ocrx_word' id='word_1_460' title='bbox 1273 2340 1331 2372; x_wconf 90' lang='lat' dir='ltr'>per</span> <span class='ocrx_word' id='word_1_461' title='bbox 1350 2339 1427 2370; x_wconf 90' lang='lat' dir='ltr'>nos,</span> <span class='ocrx_word' id='word_1_462' title='bbox 1447 2331 1496 2363; x_wconf 91' lang='lat' dir='ltr'>vel</span> <span class='ocrx_word' id='word_1_463' title='bbox 1521 2341 1738 2374; x_wconf 83' lang='lat' dir='ltr'>quoscumque</span> <span class='ocrx_word' id='word_1_464' title='bbox 1762 2331 1922 2364; x_wconf 84' lang='lat' dir='ltr'>Romanos</span> 
     </span>
    </p>
   </div>
   <div class='ocr_carea' id='block_1_13' title="bbox 1189 2381 1921 2634">
    <p class='ocr_par' dir='ltr' id='par_1_15' title="bbox 1189 2381 1921 2634">
     <span class='ocr_line' id='line_1_88' title="bbox 1191 2381 1921 2423; baseline 0.003 -10"><span class='ocrx_word' id='word_1_465' title='bbox 1191 2381 1361 2414; x_wconf 79' lang='lat' dir='ltr'>Pontifices</span> <span class='ocrx_word' id='word_1_466' title='bbox 1385 2392 1585 2415; x_wconf 83' lang='lat' dir='ltr'>successores</span> <span class='ocrx_word' id='word_1_467' title='bbox 1606 2388 1743 2423; x_wconf 85' lang='lat' dir='ltr'>nostros,</span> <span class='ocrx_word' id='word_1_468' title='bbox 1761 2388 1793 2415; x_wconf 89' lang='lat' dir='ltr'>et</span> <span class='ocrx_word' id='word_1_469' title='bbox 1807 2384 1840 2415; x_wconf 91' lang='lat' dir='ltr'>in</span> <span class='ocrx_word' id='word_1_470' title='bbox 1860 2393 1921 2415; x_wconf 88' lang='lat' dir='ltr'>cra-</span> 
     </span>
     <span class='ocr_line' id='line_1_89' title="bbox 1191 2432 1921 2478; baseline 0.001 -12"><span class='ocrx_word' id='word_1_471' title='bbox 1191 2432 1309 2466; x_wconf 89' lang='lat' dir='ltr'>stinum</span> <span class='ocrx_word' id='word_1_472' title='bbox 1327 2433 1496 2467; x_wconf 85' lang='lat' dir='ltr'>cuiuslibet</span> <span class='ocrx_word' id='word_1_473' title='bbox 1512 2445 1621 2467; x_wconf 89' lang='lat' dir='ltr'>eorum</span> <span class='ocrx_word' id='word_1_474' title='bbox 1639 2434 1863 2478; x_wconf 85' lang='lat' dir='ltr'>assumptionis</span> <span class='ocrx_word' id='word_1_475' title='bbox 1882 2435 1921 2467; x_wconf 89' lang='lat' dir='ltr'>ad</span> 
     </span>
     <span class='ocr_line' id='line_1_90' title="bbox 1190 2485 1920 2529; baseline 0.003 -12"><span class='ocrx_word' id='word_1_476' title='bbox 1190 2485 1305 2517; x_wconf 84' lang='lat' dir='ltr'>summi</span> <span class='ocrx_word' id='word_1_477' title='bbox 1337 2488 1531 2528; x_wconf 85' lang='lat' dir='ltr'>apostolatus</span> <span class='ocrx_word' id='word_1_478' title='bbox 1559 2487 1682 2529; x_wconf 89' lang='lat' dir='ltr'>apicem</span> <span class='ocrx_word' id='word_1_479' title='bbox 1697 2514 1704 2527; x_wconf 91' lang='lat'>‚</span> <span class='ocrx_word' id='word_1_480' title='bbox 1738 2497 1773 2519; x_wconf 89' lang='lat' dir='ltr'>ac</span> <span class='ocrx_word' id='word_1_481' title='bbox 1805 2486 1920 2519; x_wconf 87' lang='lat' dir='ltr'>Sedem</span> 
     </span>
     <span class='ocr_line' id='line_1_91' title="bbox 1190 2538 1920 2581; baseline 0.003 -12"><span class='ocrx_word' id='word_1_482' title='bbox 1190 2538 1411 2580; x_wconf 78' lang='lat' dir='ltr'>Apostolicam‚</span> <span class='ocrx_word' id='word_1_483' title='bbox 1439 2539 1532 2571; x_wconf 80' lang='lat' dir='ltr'>ctiam</span> <span class='ocrx_word' id='word_1_484' title='bbox 1556 2544 1645 2571; x_wconf 89' lang='lat' dir='ltr'>motu</span> <span class='ocrx_word' id='word_1_485' title='bbox 1670 2538 1810 2581; x_wconf 82' lang='lat' dir='ltr'>proprio,</span> <span class='ocrx_word' id='word_1_486' title='bbox 1830 2544 1861 2571; x_wconf 84' lang='lat' dir='ltr'>ct</span> <span class='ocrx_word' id='word_1_487' title='bbox 1881 2540 1920 2572; x_wconf 85' lang='lat' dir='ltr'>de</span> 
     </span>
     <span class='ocr_line' id='line_1_92' title="bbox 1189 2589 1920 2634; baseline 0.005 -14"><span class='ocrx_word' id='word_1_488' title='bbox 1189 2589 1383 2633; x_wconf 81' lang='lat' dir='ltr'>apostolicae</span> <span class='ocrx_word' id='word_1_489' title='bbox 1394 2591 1561 2634; x_wconf 85' lang='lat' dir='ltr'>potestatis</span> <span class='ocrx_word' id='word_1_490' title='bbox 1572 2590 1783 2634; x_wconf 81' lang='lat' dir='ltr'>plenitudine,</span> <span class='ocrx_word' id='word_1_491' title='bbox 1796 2602 1831 2624; x_wconf 81' lang='lat' dir='ltr'>ac</span> <span class='ocrx_word' id='word_1_492' title='bbox 1845 2602 1920 2625; x_wconf 88' lang='lat' dir='ltr'>con-</span> 
     </span>
    </p>
   </div>
   <div class='ocr_carea' id='block_1_14' title="bbox 1954 1500 2123 1548">
    <p class='ocr_par' dir='ltr' id='par_1_16' title="bbox 1954 1500 2123 1548">
     <span class='ocr_line' id='line_1_93' title="bbox 1965 1500 2123 1547; baseline 0 -26"><span class='ocrx_word' id='word_1_493' title='bbox 1965 1500 2074 1547; x_wconf 49' lang='lat' dir='ltr'>Clausulas</span> <span class='ocrx_word' id='word_1_494' title='bbox 2086 1505 2123 1527; x_wconf 75' lang='lat' dir='ltr'>zp-</span> 
     </span>
     <span class='ocr_line' id='line_1_94' title="bbox 1954 1533 2005 1548; baseline 0 0"><span class='ocrx_word' id='word_1_495' title='bbox 1954 1533 1987 1548; x_wconf 79' lang='lat' dir='ltr'>out</span> <span class='ocrx_word' id='word_1_496' title='bbox 2000 1542 2005 1548; x_wconf 92' lang='lat'>.</span> 
     </span>
    </p>
   </div>
  </div>
 </body>
</html>
