2247 3208
123 180 173 206 An.
189 179 220 207 C.
243 178 311 206 ¹664

137 1456 254 1478 Contrariis
262 1456 297 1478 de—

113 1486 183 1510 rogat.

319 226 533 260 nihilominus
563 236 780 269 quascumque
806 228 993 260 earumdem
1008 237 1060 259 ec-

318 280 494 313 elesiarum
522 280 723 322 provisiones
742 307 749 320 ,
775 291 811 313 ae
846 280 923 313 alias
949 281 987 313 de
1012 281 1059 313 eis

318 333 548 377 dispositiones
568 360 575 374 ‚
610 334 705 366 etiam
738 346 810 367 cum
851 335 928 367 luris
955 335 1058 367 nomi-

316 386 417 419 nandi
451 386 636 420 huiusmodi
671 388 906 429 derogatione,
946 392 1057 419 contra

317 440 509 473 earumdem
535 441 754 484 praesentium
780 446 941 479 tenorem,
961 439 1056 471 etiam

316 504 378 537 per
405 504 464 526 1105
505 500 536 526 01
572 504 772 526 successores
808 494 970 536 praelatos
991 519 998 532 ,
1025 498 1057 524 et

313 546 429 580 Scdem
454 547 623 584 eamdem,
646 547 741 579 etiam
774 552 887 585 motu,
921 545 1056 578 5010111111

313 606 344 632 01
369 600 537 643 potestatis
564 599 764 642 plenitudine
799 598 940 641 paribus,
975 608 1055 640 quo-

314 664 377 696 quo
404 654 500 686 modo
538 663 595 695 pro
624 658 768 694 10111111110
807 650 990 689 faciendas,
1023 655 1054 681 et

313 706 454 749 desuper
489 705 707 738 conficiendas
743 704 884 743 litteras,
915 713 951 735 ae
976 703 1051 734 inde

311 763 487 800 sequutura
501 766 733 799 quaecumque,
751 755 841 787 nulla
857 759 888 786 et
902 755 1050 793 invalida,

312 810 499 852 nulliusque
535 809 663 841 roboris
689 812 721 840 et
745 808 899 842 momenti
926 808 995 840 sore
1020 813 1052 839 et

310 872 390 902 esse,
412 862 521 904 sicque
540 866 571 893 et
598 872 663 893 nou
682 861 775 893 aliter
799 871 859 903 per
876 871 1050 904 quoscum-

309 925 371 957 que
396 914 520 947 iudices
545 919 574 945 01
601 913 849 953 commissarios,
869 913 979 956 quavis
1000 924 1050 945 au-

308 968 456 1000 ctoritate
483 968 661 1010 fungentes,
681 967 776 999 etiam
801 977 971 999 causarum
997 977 1048 1009 pa-

307 1020 376 1052 latii
408 1019 577 1062 apostolici
613 1019 796 1059 auditores,
824 1029 859 1051 ae
888 1019 918 1052 S.
946 1018 983 1050 R.
1011 1018 1045 1050 E.

308 1072 496 1112 cardinales,
512 1072 637 1104 sublata
659 1072 704 1104 eis
721 1077 751 1104 01
777 1082 889 1104 00111111
915 1071 1049 1104 cuilibet

308 1125 418 1168 quavis
443 1125 535 1158 aliter
560 1125 723 1157 iudicandi
750 1130 782 1157 et
807 1123 1047 1167 interpretandi

308 1178 460 1211 facultate
476 1183 507 1210 01
525 1177 727 1215 auctoritate,
746 1176 884 1209 iudicari
917 1181 949 1208 et
970 1175 1048 1209 desi-

308 1231 372 1263 niri
398 1232 531 1271 debere,
551 1242 587 1263 ac
613 1230 740 1262 irritum
767 1235 798 1263 et
823 1229 919 1262 inane
947 1229 973 1261 si
999 1238 1048 1261 se-

308 1295 363 1317 cus
389 1294 489 1328 super
518 1284 568 1316 1115
595 1294 611 1316 a
637 1292 815 1326 quoquam,
849 1282 960 1325 quavis
993 1293 1047 1314 au-

307 1338 468 1377 ctoritate,
487 1337 631 1369 scienter
655 1337 706 1369 vel
725 1336 928 1378 ignoranter,
944 1334 1046 1368 001111-

308 1390 392 1433 gerit
416 1390 580 1423 attentari.

351 1444 367 1487 5
391 1443 423 1476 4.
450 1443 519 1476 Nou
544 1443 747 1476 obstantibus
768 1442 932 1485 quibusvis
950 1450 1047 1484 gene-

308 1497 429 1530 ralibus
446 1498 495 1530 vel
515 1496 709 1540 specialibus
727 1496 938 1529 ecelesiarum
955 1505 1048 1538 prae-

308 1551 445 1583 fatarum
476 1549 748 1583 reservationibus
778 1560 834 1582 seu
871 1548 1048 1581 affectioni-

307 1603 367 1637 bus
392 1603 579 1647 apostolicis
603 1613 662 1645 per
685 1612 906 1645 quoscumque
931 1601 1048 1634 Roma-

309 1667 368 1689 nos
406 1656 578 1689 Pontifices
614 1656 880 1699 praedecessores
920 1660 1048 1690 nostros

309 1720 346 1743 ac
372 1720 430 1742 uos
455 1715 486 1742 et
510 1709 626 1742 Sedem
657 1709 834 1752 praefatam
868 1708 1047 1751 quomodo-

309 1763 389 1795 libet
414 1762 514 1802 l'actis,
543 1772 599 1795 seu
622 1771 683 1805 pro
710 1767 855 1804 tempore
880 1760 1045 1801 faciendis,

309 1826 438 1848 necnon
463 1815 675 1848 cancellariae
707 1815 903 1858 apostolicae
928 1814 1048 1856 regulis

310 1869 406 1901 editis
430 1875 461 1901 01
487 1868 630 1908 edendis,
650 1873 681 1901 et
701 1868 866 1911 quibusvis
883 1867 953 1899 aliis
971 1877 1049 1910 apo-

310 1923 451 1963 stolicis,
478 1933 513 1954 ae
540 1923 572 1954 in
604 1921 838 1954 universalibus
869 1920 1049 1963 provincia-

311 1976 460 2018 libusque
486 1981 519 2008 et
542 1974 751 2018 synodalibus
776 1974 920 2007 conciliis
945 1973 1047 2013 editis,

311 2029 515 2072 generalibus
538 2029 587 2061 vel
613 2028 817 2071 specialibus,
844 2027 1051 2060 constitutio-

311 2082 406 2114 nibus
427 2087 458 2114 et
475 2081 744 2120 ordinationibus,
772 2090 808 2112 ac
825 2079 982 2112 dictarum
998 2090 1050 2111 00-

311 2135 491 2175 clesiarum,
524 2135 620 2167 etiam
644 2133 849 2173 iuramento,
880 2132 1050 2165 confirma-

312 2189 401 2221 tione
427 2188 611 2231 apostolica,
631 2188 680 2220 vel
700 2187 809 2229 quavis
822 2185 971 2218 firmitate
990 2186 1050 2218 alia

312 2242 494 2282 roboratis,
520 2241 646 2274 statutis
676 2246 709 2273 et
739 2240 1048 2279 consuetudinibus,

313 2296 489 2340 privilegiis
526 2305 678 2338 quoque,
706 2295 838 2327 indultis
874 2300 905 2327 et
936 2294 1050 2327 litteris

314 2350 501 2393 apostolicis
519 2349 615 2381 etiam
633 2348 758 2390 quasvis
774 2348 932 2380 clausulas
954 2352 986 2379 et
1001 2357 1051 2379 re-

314 2403 511 2435 servationes
525 2402 558 2434 in
578 2412 610 2433 se
625 2400 875 2440 continentibus,
898 2410 957 2443 per
978 2409 1051 2432 eos-

316 2456 389 2488 dem
420 2456 688 2499 praedecessores
716 2464 752 2486 ac
784 2464 842 2485 nos
874 2458 906 2486 et
935 2453 1051 2486 Sedem

280 2499 462 2541 ‘’eaindem
497 2507 642 2541 eeclesiis
674 2506 825 2550 praefatis
861 2505 1050 2548 illarumque

910 178 1099 203 ALEXANDER
1121 180 1167 204 VII
1193 180 1241 204 PP-

1102 228 1218 267 cessis,
1246 227 1443 262 confirmatis
1467 235 1498 262 et
1522 230 1695 271 innovatis,
1721 231 1838 273 quibus

1102 281 1250 314 omuibus
1268 287 1299 315 01
1319 283 1462 325 siugulis,
1482 284 1605 316 etiamsi
1630 295 1689 327 pro
1709 285 1838 317 illorum

1101 335 1269 367 sullicieuti
1306 336 1515 378 derogatione
1547 337 1585 369 110
1624 337 1686 370 11115
1716 348 1839 371 eorum-

1100 396 1161 427 que
1190 388 1262 419 totis
1288 389 1455 421 tenoribus
1472 390 1640 431 specialis,
1667 391 1835 434 specifica,

1100 449 1249 481 expressa
1273 446 1305 472 et
1330 440 1515 481 individua,
1543 453 1578 474 ac
1604 443 1641 475 110
1676 444 1773 476 verbo
1799 443 1838 476 ad

1098 491 1238 530 verbum,
1262 503 1327 525 11011
1353 498 1457 526 autem
1483 504 1541 536 per
1564 495 1722 528 clausulas
1746 507 1838 538 gene-

1097 544 1181 575 rales
1196 544 1278 576 idem
1298 545 1516 587 importantcs,
1534 548 1655 580 mentio
1674 559 1837 591 5011111130-

1095 595 1142 627 ris
1175 596 1238 628 alia
1270 598 1435 639 expressio
1471 599 1614 632 facienda
1646 606 1701 632 aut
1729 601 1837 644 aliqua

1096 647 1158 680 alia
1172 649 1329 691 exquisita
1347 650 1448 683 forma
1466 652 1504 684 ad
1522 652 1552 683 id
1570 653 1724 685 servanda
1742 653 1833 695 soret,

1097 700 1227 734 illorum
1252 702 1396 734 omnium
1424 709 1455 735 et
1479 705 1681 746 singulorum
1707 711 1834 739 tenores

1097 755 1319 796 praesentibus
1355 765 1414 798 pro
1450 758 1545 799 plene
1579 762 1610 790 ct
1641 758 1836 792 sufficienter

1094 807 1253 849 expressis
1283 813 1314 840 et
1338 809 1376 841 ad
1401 810 1532 841 verbum
1562 811 1688 844 insertis
1713 811 1833 844 haben-

1093 865 1152 899 tes,
1169 861 1231 893 illis
1249 861 1328 894 alias
1344 862 1377 894 in
1391 873 1450 895 suo
1467 863 1586 896 robore
1605 864 1832 907 permansuris,

1092 913 1153 945 hae
1178 914 1244 947 vice
1271 915 1443 955 dumtaxat,
1464 917 1502 948 ad
1519 917 1770 959 praemissorum
1788 918 1833 950 ef-

1092 967 1221 1008 fectum,
1249 968 1363 1000 harum
1388 969 1488 1009 serie,
1515 970 1700 1012 specialiter
1724 975 1755 1003 et
1779 981 1832 1004 ex-

1091 1030 1209 1061 presse,
1236 1026 1342 1061 motu,
1362 1022 1495 1054 seientia
1519 1028 1550 1055 et
1573 1023 1739 1065 potestatis
1764 1024 1832 1066 ple-

1091 1072 1237 1106 nitudine
1252 1074 1417 1114 similibus,
1438 1075 1640 1118 derogamus,
1660 1081 1692 1108 et
1709 1076 1747 1108 ad
1767 1076 1831 1119 ple-

1091 1136 1166 1158 num
1183 1127 1373 1168 derogatum
1388 1138 1455 1160 esse
1473 1129 1630 1169 volumus,
1648 1128 1828 1171 ceterisque

1090 1179 1259 1212 contrariis
1285 1179 1553 1223 quibuscumque.

1132 1232 1147 1274 ἓ
1165 1231 1195 1264 5.
1215 1232 1367 1265 Volumus
1385 1238 1490 1265 autem
1506 1238 1541 1265 ut
1566 1233 1650 1266 intra
1668 1244 1720 1266 sex
1739 1244 1828 1267 rnen-
1873 1242 2022 1269 Transumpto·

1837 1274 1882 1289 rum
1897 1269 1956 1289 fides.

1089 1294 1138 1316 ses
1163 1295 1180 1316 a
1205 1285 1254 1317 die
1279 1285 1455 1318 vacationis
1480 1286 1689 1318 eeclesiarum
1717 1286 1828 1319 huius-

1088 1338 1175 1370 modi
1193 1338 1428 1381 eomputandos
1450 1349 1606 1382 personas
1624 1339 1758 1371 idoneas
1775 1349 1828 1372 no·

1088 1391 1137 1423 bis
1168 1396 1200 1423 et
1224 1401 1282 1433 pro
1316 1396 1461 1434 tempore
1498 1391 1647 1424 existenti
1681 1391 1827 1424 Romano

1090 1443 1237 1476 Pontifici
1262 1454 1320 1486 pro
1354 1444 1538 1487 provisione
1570 1444 1746 1477 obtinenda
1770 1454 1829 1476 no-

1089 1497 1211 1530 minare
1236 1498 1369 1531 omnino
1391 1497 1537 1537 tenearis,
1558 1497 1711 1540 alioquin,
1734 1497 1826 1530 dietis

1089 1561 1142 1583 sex
1168 1550 1333 1584 mensibus
1358 1551 1484 1594 elapsis,
1507 1551 1545 1583 de
1566 1551 1711 1583 ecelesiis
1735 1561 1827 1594 prae-

1090 1605 1174 1645 fatis,
1201 1610 1235 1637 ut
1259 1605 1439 1648 praefertur
1461 1605 1657 1644 vacantibus,
1683 1614 1742 1647 per
1765 1613 1826 1637 nos

1090 1668 1145 1690 5011
1171 1668 1229 1702 pro
1254 1664 1400 1701 tempore
1429 1658 1619 1691 existentem
1647 1657 1827 1690 Romanum

1090 1710 1277 1743 Pontificem
1301 1711 1401 1744 libere
1427 1710 1556 1753 disponi
1582 1710 1694 1753 possit.

1134 1763 1249 1796 Datum
1276 1763 1411 1803 Romae,
1438 1762 1525 1806 apud
1550 1761 1582 1795 S.
1608 1761 1741 1794 Mariam
1766 1761 1829 1794 Ma-

1090 1816 1194 1848 iorem
1212 1842 1219 1855 ,
1247 1817 1307 1848 sub
1333 1816 1454 1848 annulo
1487 1814 1686 1855 piscatoris,
1718 1814 1770 1847 die
1798 1824 1829 1847 111

1092 1869 1270 1902 decembris
1302 1878 1461 1909 iunctxw,
1487 1866 1696 1911 pontificatus
1723 1867 1828 1900 nostri

1091 1932 1176 1955 auno
1194 1933 1224 1954 x.

1126 1984 1185 2011 Dat.
1205 1983 1249 2011 die
1271 1985 1298 2011 11
1322 1983 1474 2011 decembris
1495 1983 1573 2017 1664,
1589 1982 1685 2018 pontif.
1703 1990 1773 2009 anno
1788 1990 1814 2009 x.

1386 2148 1538 2182 CDXCIXi

1095 2238 1185 2279 Quod
1208 2239 1325 2281 fratres
1346 2237 1543 2281 Cappuccv'ni
1569 2234 1702 2271 Ordinis
1726 2233 1831 2269 Mino0

1135 2302 1211 2324 rum
1243 2292 1347 2324 sancti
1370 2292 1400 2324 F
1401 2291 1539 2324 rancisci
1564 2293 1765 2323 transeuntes
1789 2286 1832 2321 ad

1137 2345 1241 2377 aliam
1256 2345 1459 2387 reliqzbnem,
1480 2354 1545 2376 non
1564 2343 1687 2386 possint
1704 2352 1832 2385 perma-¹

1136 2408 1210 2431 nere
1234 2398 1270 2430 in
1294 2397 1401 2430 eedem
1424 2397 1593 2441 provincie&
1609 2396 1645 2429 in
1661 2405 1728 2439 qua
1751 2394 1831 2428 emi-

1137 2455 1249 2484 serunt
1269 2451 1502 2494 professionem
1514 2449 1534 2482 ¹.

1130 2522 1141 2547 1
1155 2520 1219 2547 Vide
1231 2519 1264 2547 ad
1279 2520 1370 2546 Const.
1382 2525 1492 2546 ccxcvnl
1507 2519 1557 2554 (al.
1570 2517 1634 2551 273)
1649 2517 1752 2544 Urbani
1762 2516 1831 2550 VIII,
1848 2556 1851 2557 V

317 2562 465 2605 capitulis
490 2567 521 2595 et
543 2560 691 2605 personis
717 2558 963 2603 quomodolibet
980 2569 1052 2592 con-
1071 2581 1073 2598 ,
1093 2569 1157 2593 tom.
1180 2571 1234 2597 xiv,
1256 2572 1316 2599 pag.
1341 2566 1363 2597 1,
1384 2564 1511 2591 lniunctz*
1531 2563 1622 2595 nobis,
1637 2561 1684 2588 ubi
1703 2561 1840 2597 proliibe-,

1737 172 1802 206 3⁶25
1847 181 1895 210 An.
1912 182 1942 210 0.
1962 183 2029 211 1661
