2247 3208
126 250 175 277 An.
197 250 224 277 C.
244 249 311 276 1662
914 246 1101 270 ALEXANDER
1124 246 1169 269 VII
1194 246 1242 269 PP.
1752 260 1770 268 ,,,

367 297 448 340 ξ’ῙΕΣ.
468 297 693 329 Dccernentes
716 295 848 328 easdem
865 300 1059 338 praesentes

322 361 358 383 ac
383 349 607 393 praeinsertas
633 350 759 381 litteras
779 358 911 391 semper
935 347 1057 386 firmas,

322 403 445 435 validas
481 407 513 435 et
545 402 696 435 efficaces
729 402 870 434 existere
903 405 935 432 et
969 401 1056 439 sore,

321 466 466 498 suosque
492 455 660 498 plenarios
691 460 723 487 et
747 455 895 495 integros
922 452 1056 485 effectus

320 508 431 540 sortiri
458 513 489 540 et
515 508 694 547 obtinere,
722 518 757 539 ac
782 506 846 539 illis
864 532 871 546 ,
899 506 937 537 ad
974 515 1055 547 quos

320 566 448 604 spectat
473 566 502 593 et
530 572 589 604 pro
615 566 763 603 tempore
795 559 1056 602 quomodocum-

136 311 262 340 *Decretum
279 312 306 332 ir-

124 341 199 358 rltalns'.

321 624 383 656 quc
410 615 584 657 spectabit,
607 613 799 657 plenissime
827 611 1007 654 suffragari,
1024 617 1072 648 ct„

320 667 359 698 ab
385 666 449 699 illis
476 666 660 709 respective
679 665 916 698 inviolabilitffl·
940 665 1055 697 obser-

319 719 406 759 vari,
435 719 547 762 sieque
580 719 612 751 in
643 718 834 761 praemissis
866 728 927 761 per
956 728 1054 760 quos-

316 782 456 815 cumque
475 772 600 805 iudices
619 771 803 804 ordinarios
820 776 852 803 et
869 771 1051 813 delegatos,

316 823 413 856 etiam
432 835 605 857 causarum
632 824 743 867 palatii
766 823 941 867 apostolici
962 822 1053 855 audi-

316 881 419 917 tores,
446 888 482 910 ac
507 878 538 910 S.
566 878 603 910 R.
631 877 665 909 E.
693 877 888 916 cardinales,
914 875 1051 909 iudicari

315 933 347 961 et
371 928 500 962 definiri
527 930 662 970 debere,
682 941 718 962 ac
739 929 869 961 irritum
897 934 930 962 et
952 928 1049 962 inane

314 981 341 1013 si
367 992 461 1014 secus
487 993 589 1025 super
614 983 664 1014 his
691 994 708 1015 a
733 993 908 1025 quoquam,
936 981 1049 1025 quavis

314 1034 530 1075 auctoritate,
569 1035 713 1068 scienter
748 1035 800 1068 ch
835 1035 1048 1077 ignoranter,

314 1088 491 1130 contigerit
515 1089 681 1121 attentari.

130 1154 297 1183 verumtamem.
356 1142 371 1184 ἓ
390 1142 443 1175 013.
460 1142 529 1175 Non
547 1143 753 1175 obstantibus
780 1152 986 1186 quacumque
1012 1142 1050 1175 li-

114 1182 232 1202 ⁸‘³‘¹⁰¹⁰¹¹¹'
315 1194 354 1226 tis
378 1196 569 1238 pendentia,
596 1196 734 1239 aliisque
760 1196 970 1239 praemissis,
997 1206 1045 1235 ae,

312 1252 475 1289 quatenus
502 1258 586 1291 opus
612 1249 665 1289 sit,
692 1249 889 1282 recolendae
923 1259 1047 1281 memo-

311 1299 377 1332 riae
410 1300 500 1332 Pauli
532 1301 556 1333 ll
590 1306 622 1333 et
653 1302 793 1334 aliorum
823 1302 1045 1335 Romanorum

309 1351 503 1385 Pontificum
528 1355 825 1396 praet‘lecessorum
854 1359 1044 1387 nostrorum

309 1405 348 1437 de
373 1406 472 1438 rebus
502 1406 668 1439 Ecclesiae
701 1418 767 1440 non
793 1407 985 1447 alienandis,
1013 1413 1044 1440 et

308 1457 380 1491 aliis
406 1460 699 1493 constitutionibus
723 1466 754 1493 et.
779 1461 1041 1494 ordinationibus

307 1511 512 1554 apostolicis,
539 1523 669 1546 necnon
696 1514 860 1547 dictorum
885 1514 1043 1556 collegio-

307 1575 379 1597 rum
405 1570 437 1597 et
461 1566 532 1598 aliis
559 1566 739 1610 quibusvis,
759 1568 855 1600 etiam
876 1568 1041 1600 iuramen-

307 1623 352 1659 to,
372 1618 623 1653 confirmatione
645 1622 838 1665 apostolica,
858 1622 908 1654 vel
927 1622 1039 1664 quavis

306 1670 458 1706 firmitate
485 1674 547 1706 alia
572 1675 747 1715 roboratis,
767 1675 897 1707 statutis
915 1679 947 1707 et
963 1685 1040 1707 con-

305 1726 548 1766 suetudinibus,
564 1726 745 1770 privilegiis
768 1738 912 1770 quoque,
932 1727 1040 1760 indul-

306 1777 344 1810 tis
371 1783 403 1810 et
428 1779 547 1811 litteris
569 1780 772 1822 apostolicis,
794 1780 919 1813 eisdem
940 1782 1040 1813 colle-

304 1829 374 1871 giis,
394 1841 576 1874 eorumque
603 1833 789 1865 rectoribus
811 1838 844 1865 et
868 1834 1036 1873 ministris,

304 1893 340 1914 ac
364 1884 517 1925 personis
544 1885 758 1927 quibuslibet,
782 1887 842 1918 sub
868 1886 1036 1929 quibusvis

302 1936 479 1968 verborum
505 1937 675 1969 tenoribus
702 1943 733 1970 et
759 1939 880 1978 l'ormis,
903 1950 940 1972 ac
964 1950 1037 1972 cum

303 1987 566 2032 quibuscumque
578 1990 675 2022 etiam
684 1990 968 2033 derogatoriarum
982 1992 1038 2024 de-

302 2041 492 2083 rogatoriis‚
522 2042 661 2086 aliisque
693 2043 942 2085 efficacioribus,
970 2045 1037 2077 csti-

301 2095 480 2127 cacissimis
514 2102 545 2128 ct
576 2097 720 2129 insolitis
755 2098 934 2139 clausulis,
962 2099 1036 2131 irri-

301 2147 512 2190 tantibusque
539 2154 569 2181 et
595 2149 666 2181 aliis
689 2150 840 2189 decretis,
861 2151 893 2182 in
912 2162 1033 2194 genere

299 2201 350 2232 vel
382 2200 415 2231 in
448 2201 579 2243 specie,
607 2213 643 2234 ac
669 2203 747 2249 ali-as
773 2203 805 2235 in
831 2204 1034 2238 contrarium

299 2254 549 2295 quomodolibet
573 2256 758 2296 concessis,
786 2258 976 2300 approbatis
1003 2264 1034 2291 et

297 2305 478 2347 innovatis3
499 2307 617 2350 quibus
644 2309 795 2342 omnibus
823 2315 855 2342 et
880 2311 1031 2354 singulis,

297 2359 425 2392 etiamsi
450 2370 510 2402 pro
535 2360 669 2394 illorum
694 2362 869 2396 sufficienti
895 2364 1031 2407 deroga-

296 2411 385 2445 tione
412 2413 450 2445 de
483 2412 547 2446 illis
585 2424 767 2459 eorumque
799 2417 876 2449 totis
908 2418 1033 2450 tenori-

294 2465 369 2505 bus,
396 2465 573 2509 specialis,
601 2467 774 2510 specifica,
808 2480 966 2513 expressa
1000 2475 1032 2503 et

293 2518 475 2560 individua,
495 2531 531 2553 ac
557 2521 596 2553 de
621 2522 722 2555 verbo
741 2523 780 2555 ad
799 2524 948 2565 verbum,
964 2534 1029 2557 non

294 2575 403 2604 autem
438 2583 499 2615 per
535 2574 699 2607 clausulas
732 2578 904 2617 generales
941 2577 1028 2610 idem

292 2623 531 2667 imponantes,
558 2627 681 2661 mentio
708 2638 766 2662 seu
799 2630 932 2673 quaevis
966 2630 1028 2665 alia

1750 235 1787 267 ιε)Ῑ

1095 294 1266 337 expressio
1292 293 1443 326 habenda
1477 298 1531 326 aut.
1556 293 1664 336 aliqua
1689 293 1751 325 alia
1776 303 1830 325 ex-

1093 346 1213 388 quisita
1240 346 1341 379 forma
1368 347 1407 379 ad
1438 347 1500 378 hoc
1534 346 1693 379 servanda
1719 345 1826 385 soret,

1092 404 1225 432 tenores
1252 400 1455 438 huiusmodi,
1483 410 1519 432 ac
1544 400 1569 432 si
1596 400 1635 432 dc
1660 400 1761 432 verbo
1787 399 1827 432 ad

1073 453 1241 491 1verbum,
1268 452 1351 484 1111111
1378 452 1509 495 penitus
1524 453 1646 485 omisso
1673 457 1705 485 ot
1722 452 1827 485 forma

1090 504 1121 536 in
1141 504 1205 537 illis
1223 505 1340 537 tradita
1357 506 1541 544 observata,
1562 505 1826 548 exprimerentur

1071 572 1073 579 ⁴
1090 562 1121 589 et
1138 557 1381 597 insererentur,
1401 558 1633 601 praesentibus
1652 569 1712 601 pro
1726 559 1824 601 plene

1090 615 1118 641 et
1146 610 1349 643 sufficienter
1374 611 1539 654 expressis
1566 611 1739 651 liabentcS,
1758 611 1823 644 illis

1088 662 1167 694 alias
1200 663 1232 695 in
1265 673 1324 696 suo
1356 664 1477 696 robore
1507 664 1756 706 permansuris,
1783 665 1823 696 ad

1086 715 1346 758 praemissorum
1373 716 1537 757 effectum,
1557 717 1618 749 hac
1635 716 1704 749 vice
1730 717 1823 749 dum—

1088 773 1182 808 taxat,
1212 769 1402 812 specialiter
1437 774 1469 802 et
1500 779 1655 812 expresse
1684 769 1822 813 deroga-

1086 832 1176 861 mus,
1204 822 1391 865 ceterisque
1417 822 1591 855 contrariis
1610 822 1822 866 quibuscum—

1086 885 1162 917 que.

1127 927 1243 960 Datum
1269 928 1404 969 Romae,
1432 929 1518 972 apud
1543 929 1574 962 S.
1602 928 1733 962 Mariam
1758 929 1821 962 Ma-

1084 980 1202 1021 iorem,
1222 982 1282 1014 sub
1309 983 1430 1015 annulo
1446 981 1634 1022 piscatoris,
1662 982 1713 1015 die
1743 993 1819 1016 xxnt

1083 1034 1159 1066 maii
1192 1044 1343 1075 MDCan,
1377 1034 1588 1078 pontificatus
1624 1035 1730 1068 nostri
1762 1046 1819 1068 an-

1082 1097 1124 1119 110
1149 1097 1218 1120 vnl.

1116 1148 1177 1176 Dat.
1194 1148 1237 1176 die
1251 1148 1285 1176 23
1300 1149 1363 1176 maii
1385 1149 1461 1182 1662,
1483 1149 1577 1185 pontif.
1595 1157 1665 1178 anno
1681 1156 1736 1177 vni.

1365 1291 1523 1326 CCCXCII.

1080 1371 1258 1414 Confirmat
1282 1371 1445 1405 decretum
1461 1383 1570 1406 sacrae
1593 1372 1813 1416 conqreqatio-

1121 1426 1172 1457 uis
1197 1426 1417 1469 episcoporum
1447 1431 1475 1459 et
1504 1426 1704 1459 visitationis
1734 1437 1813 1471 apo-

1119 1477 1250 1511 stolicae
1270 1489 1330 1522 pro
1363 1479 1513 1512 dolandis
1543 1483 1609 1512 octo
1630 1479 1752 1522 puellis
1776 1479 1814 1512 de

1117 1531 1274 1574 parochia
1298 1532 1330 1565 S.
1357 1532 1509 1565 Andreae
1533 1532 1571 1565 de
1592 1532 1731 1566 Fraccz‘s.

1268 1613 1434 1639 Alexander
1455 1612 1533 1646 Papa
1555 1613 1616 1646 vn,

1214 1657 1250 1684 ad
1269 1657 1403 1684 futuram
1422 1657 1468 1684 rei
1488 1657 1668 1684 memoriam.

1117 1726 1287 1760 Emanavit
1303 1737 1411 1770 nuper
1436 1738 1453 1760 a
1478 1727 1738 1770 congregatione
1756 1737 1810 1760 ve-

1073 1780 1270 1812 nerabilium
1288 1780 1427 1812 fratrum
1445 1785 1637 1813 nostrorum
1663 1780 1694 1812 S.
1714 1781 1751 1813 R.
1771 1780 1806 1813 E.

1073 1833 1289 1865 cardinalium
1308 1837 1340 1865 et
1363 1833 1560 1866 dilectorum
1577 1832 1720 1866 filiorum
1745 1833 1809 1867 Ro-

1072 1897 1186 1918 manae
1213 1887 1322 1919 curiae
1335 1887 1570 1929 praelatorum,
1590 1878 1692 1929 super·
1708 1897 1808 1929 nego-

1073 1940 1124 1972 tiis
1150 1939 1346 1972 visitationis
1364 1940 1564 1982 apostolicae
1591 1939 1807 1972 ecclesiarum

1072 1997 1100 2024 ct
1123 1993 1273 2024 locorum
1290 1992 1422 2036 piorum
1440 1993 1543 2025 almae
1562 1992 1657 2025 Urbis
1673 1997 1805 2025 nostrae

1070 2056 1086 2077 a
1112 2045 1206 2077 nobis
1232 2045 1401 2078 institutae
1434 2046 1677 2089 deputatorum,
1694 2046 1807 2078 decre-

1070 2103 1138 2130 tum
1171 2098 1297 2131 tenoris
1331 2099 1386 2141 qui
1423 2099 1592 2141 sequitur,
1627 2098 1803 2132 videlicet:

1119 2164 1130 2182 α
1162 2151 1295 2184 Praevia
1330 2152 1564 2185 commissione
1601 2151 1804 2185 Sanctissimi

1068 2205 1146 2237 alias
1181 2204 1344 2237 emanavit
1375 2216 1393 2237 a
1417 2207 1510 2237 sacra
1545 2205 1803 2247 congregatione

1068 2256 1264 2290 visitationis
1290 2257 1493 2301 apostolicae
1518 2258 1687 2291 decretum
1704 2258 1804 2291 infra-

1068 2310 1181 2354 scripti
1204 2311 1337 2351 tenoris,
1364 2311 1536 2344 videlicet:

1110 2364 1124 2406 ἕ
1148 2363 1180 2395 ’1.
1207 2363 1285 2396 Cum
1300 2364 1332 2396 in
1348 2366 1445 2396 causa
1470 2367 1605 2397 romana
1630 2363 1801 2396 electionis

1066 2421 1140 2449 octo
1170 2417 1356 2459 puellarum
1386 2427 1571 2460 pauperum
1603 2417 1690 2450 inter
1721 2416 1802 2448 Mar-

1065 2470 1219 2502 chionem
1236 2469 1382 2511 Paulum,
1398 2475 1555 2513 nepotem
1574 2474 1606 2502 et
1622 2470 1801 2502 haeredem

1064 2522 1265 2555 marchionis
1294 2522 1415 2556 Octavii
1444 2524 1483 2556 de
1514 2522 1658 2563 Bubalis,
1687 2526 1720 2554 et
1747 2531 1802 2554 cu-

1064 2577 1174 2610 stodes
1215 2577 1383 2609 societatis
1423 2576 1475 2609 SS.
1514 2574 1728 2609 Sacramentii
1766 2574 1799 2605 in

1063 2629 1203 2664 ccclesia
1227 2629 1258 2663 S.
1287 2630 1436 2662 Andreae
1462 2629 1502 2662 de
1536 2621 1681 2668 Fractis,
1707 2636 1799 2659 reve-

1839 245 1889 269 An.
1911 243 1940 270 c.
1961 244 2027 283 1052

1852 1735 1956 1756 Recensct
1971 1738 2006 1756 dc·

1825 1765 1910 1782 cretum.
