2247 3208
217 219 266 247 An.
287 218 315 246 c.
334 217 400 246 1663
445 208 509 242 174

225 751 254 771 Nn
266 750 342 770 tratres
352 755 397 770 con-

212 778 266 797 xersi
277 777 302 797 ad
313 777 398 797 ordines

213 809 284 823 sacros

215 832 271 850 canl.

328 804 398 823 trans-

230 1514 234 1517 ·
249 1486 360 1508 Decretum
374 1484 401 1506 ir-

218 1517 291 1535 l'lluns.

297 2220 410 2250 Derogatio

230 2249 388 2268 contrariorum.

414 267 528 300 fratres
554 263 628 296 dicti
653 261 780 295 Ordinis
804 259 1064 293 praedicatorum
1088 267 1144 290 ne-

415 327 574 362 quaquam
600 314 727 348 extendi
747 318 951 351 censeantur,
971 321 1074 354 neque
1093 310 1143 343 his

413 371 458 403 ibi
477 375 530 402 aut
553 368 645 401 ullibi
670 366 834 408 suffragari
858 364 958 408 possit
980 365 1019 413 ad
1042 364 1143 396 ullum

413 427 636 466 praematurae
657 419 867 453 ordinationis
885 418 1031 450 ellectum
1049 427 1146 459 quae-

413 486 550 517 cumque
564 472 811 507 communicatio
829 471 1070 515 privilegiorum
1084 469 1145 501 cui-

413 537 549 570 cumque
575 525 723 567 religioni
750 534 975 558 concessorum
1001 527 1054 555 aut
1073 532 1145 554 con-

414 580 641 617 cedendorum⁷
672 577 858 610 auctoritate
884 575 1067 618 apostolica,
1099 579 1145 605 te-

414 643 491 666 nore
517 631 742 675 praesentium,
761 629 961 662 decernimus
986 632 1017 659 et
1041 627 1145 659 decla-

414 696 533 718 ramus.

459 738 473 780 §
505 737 536 770 5.
566 737 733 769 Praeterea
762 733 923 778 quibusvis
951 732 1146 775 supradicta-

413 801 483 823 rum
497 788 732 833 provinciarum
748 788 779 820 in
794 786 892 819 lndiis
906 784 1145 818 consistentium

413 843 540 876 Ordinis
558 841 711 885 praedicti
731 840 880 872 fratribus
897 839 985 871 laicis
1002 848 1056 870 seu
1072 848 1146 869 con-

413 895 521 935 versis,
538 905 579 927 ne
597 894 664 926 sine
683 892 823 935 legitima
843 891 1043 934 superiorum
1064 889 1146 921 eius-

376 940 380 944 ⁷
415 949 487 981 dem
512 947 638 980 Ordinis
674 944 884 988 permissione
910 954 926 975 e
951 947 1033 974 statu
1071 952 1146 973 con-

414 1010 578 1033 versorum
609 999 648 1031 ad
684 1002 801 1029 statum
836 1001 866 1028 et
906 994 1052 1027 habitum
1088 994 1147 1025 sra-

414 1058 499 1086 trum
531 1051 721 1085 clericorum
747 1048 821 1081 dicti
851 1046 978 1080 Ordinis
1010 1046 1145 1078 transire

415 1112 469 1139 aut
496 1106 591 1138 etiam
614 1104 697 1136 ultra
722 1102 761 1135 ad
786 1112 893 1134 sacros
924 1100 1052 1133 ordines
1077 1109 1145 1131 sese

414 1158 577 1191 intrudere
595 1156 733 1188 audeant
751 1153 859 1196 quovis
877 1153 971 1185 modo
987 1152 1035 1183 vel
1057 1160 1147 1193 prae-

414 1215 562 1249 sumant,
600 1208 657 1241 sub
697 1203 1034 1239 excommunicationis
1064 1204 1146 1235 latae

415 1262 591 1296 sententiae
616 1262 719 1304 poena
748 1269 804 1302 per
833 1262 1091 1291 contraventores
1110 1266 1147 1288 eo

416 1316 487 1360 ipso
531 1315 651 1356 absque
688 1313 749 1345 alia
793 1311 1007 1344 declaratione
1042 1309 1148 1341 incur-

414 1370 536 1408 tenda,
567 1366 756 1400 auctoritate
780 1370 811 1397 et
841 1369 950 1396 tenore
976 1361 1148 1405 praedictis

415 1422 625 1466 prohibemus
643 1424 674 1452 et
697 1417 928 1450 interdicimus.

460 1476 474 1518 ἓ
497 1475 528 1507 6.
554 1474 775 1506 Decernentes
801 1470 931 1502 easdem
957 1472 1149 1511 praesentes

416 1529 542 1562 litteras
576 1535 707 1568 semper
736 1523 856 1562 firmas,
892 1521 1012 1554 validas
1045 1525 1077 1552 et
1107 1519 1151 1553 ef-

415 1580 532 1613 ficaces
558 1578 697 1611 existere
731 1581 763 1609 et
788 1576 870 1615 sore,
903 1583 1047 1616 suosque
1083 1573 1152 1616 ple-

416 1632 526 1665 narios
552 1636 585 1663 et
602 1630 748 1672 integros
767 1626 898 1660 effectus
916 1626 1026 1659 sortiri
1044 1629 1076 1658 et
1096 1625 1153 1657 ob-

417 1685 533 1725 tinere,
560 1694 596 1716 ac
620 1684 659 1715 ab
684 1682 758 1721 illis,
793 1681 832 1713 ad
864 1690 946 1723 quos
972 1683 1099 1722 spectat
1123 1682 1154 1710 et

418 1748 479 1781 pro
504 1742 653 1779 tempore
684 1734 956 1776 quandocumque
981 1730 1151 1774 spectabit,

420 1788 654 1822 inviolabiliter
672 1786 860 1825 observari,
880 1785 992 1827 sicque
1011 1784 1043 1816 in
1061 1793 1155 1826 prae-

419 1841 528 1874 missis
560 1850 620 1883 per
651 1848 871 1882 quoscumque
908 1837 1031 1869 iudices
1070 1835 1155 1868 ordi-

421 1894 531 1927 narios
565 1898 597 1925 et
630 1893 818 1934 delegatos,
852 1890 949 1923 ctiam
983 1899 1155 1922 causarum

420 1945 532 1990 palatii
565 1945 736 1988 apostolici
762 1943 937 1982 auditores,
963 1941 1099 1974 iudicari
1125 1946 1157 1974 et

422 1998 551 2032 definiri
584 1999 715 2037 debere,
735 2008 771 2030 ac
796 1997 925 2029 irritum
949 2000 980 2027 et
1011 1996 1107 2027 inane
1129 1994 1155 2026 si

422 2062 516 2084 secus
536 2061 636 2094 super
657 2051 706 2082 his
732 2062 749 2082 a
774 2059 946 2092 quoquam,
966 2048 1077 2090 quavis
1101 2057 1157 2079 au-

424 2105 586 2144 ctoritate,
613 2104 756 2136 scienter
780 2104 830 2135 vel
856 2102 1058 2144 ignoranter,
1081 2110 1157 2132 con-

426 2157 536 2200 tigerit
555 2157 718 2189 attentari.

469 2211 484 2254 §
509 2210 539 2243 7.
566 2210 637 2243 Non
661 2209 867 2242 obstantibus
892 2207 1096 2251 praemissis,
1121 2217 1158 2239 ac

427 2262 716 2296 constitutionibus
742 2267 773 2293 ct
798 2260 1060 2294 ordinationibus
1081 2270 1159 2302 apo-

427 2316 561 2356 stolicis,
575 2325 713 2355 necnon,
728 2318 889 2357 quatenus
905 2323 986 2356 opus
1002 2313 1051 2352 sit,
1067 2322 1160 2355 prae-

982 209 1162 234 BULLARIUM
1185 208 1338 233 ROMANUM

1176 256 1294 289 litteris
1321 256 1511 299 apostolicis
1537 257 1569 289 in
1594 257 1794 290 contrarium
1815 268 1911 301 prae-

1177 309 1352 341 missorum
1372 309 1620 351 quomodolibet
1636 311 1815 351 concessis,
1834 322 1911 344 con-

1177 361 1311 394 firmatis
1338 366 1369 393 et
1394 362 1576 402 innovatis;
1611 363 1728 406 quibus
1759 363 1910 396 omnibus

1178 420 1210 447 et
1234 415 1384 458 singulis,
1412 415 1543 448 illorum
1571 421 1702 449 tenores
1727 417 1912 459 praesenti-

1177 469 1237 501 bus
1263 479 1322 511 pro
1355 469 1451 510 plene
1485 473 1517 500 ct
1549 468 1747 501 sufficienter
1780 480 1912 512 expres-

1178 521 1221 553 sis
1248 526 1279 552 et
1304 520 1437 552 insertis
1471 521 1650 561 habentes,
1684 521 1748 553 illis
1774 522 1853 554 alias
1879 522 1913 554 in

1179 584 1238 605 suo
1263 573 1383 605 robore
1408 573 1648 615 permansuris,
1682 573 1721 605 ad
1754 574 1914 616 praemis-

1179 636 1290 658 sorum
1305 625 1464 665 effectum,
1484 625 1544 657 hac
1561 625 1825 667 vice⁴dumtaxat,
1840 636 1913 669 spe-

1179 677 1306 710 cialiter
1335 682 1367 710 et
1396 688 1550 720 expresse
1577 678 1791 720 derogamus;
1827 683 1914 711 cete-

1179 730 1289 773 risque
1316 731 1488 762 contrariis
1514 731 1789 773 quibuscumque.

1222 783 1291 826 ξὸ.
1326 783 1480 815 Volumus
1513 789 1621 815 autem
1653 789 1688 816 ut
1724 784 1913 816 earumdem

1179 835 1401 878 praesentium
1422 836 1647 878 transumptis,
1664 836 1760 868 etiam
1775 835 1915 879 impres-

1180 889 1236 928 sis,
1260 899 1357 920 manu
1383 889 1521 921 alicuius
1547 889 1665 921 notarii
1690 889 1814 932 publici
1840 890 1915 922 sub-

1180 942 1322 984 scriptis,
1348 947 1380 974 et
1411 943 1518 983 sigillo
1546 953 1709 985 personae
1743 942 1775 973 in
1809 943 1914 975 eccle-

1181 994 1310 1026 siastica
1340 994 1496 1036 dignitate
1531 995 1727 1027 constitutae
1754 995 1887 1027 munitis
1904 1022 1912 1035 ,

1181 1047 1295 1078 eadem
1320 1057 1457 1088 prorsus
1484 1045 1564 1078 fides
1590 1047 1803 1086 adhibeatur,
1831 1057 1913 1089 quae

1180 1098 1410 1141 praesentibus
1426 1099 1652 1138 adhiberetur,
1665 1098 1691 1131 si
1708 1099 1815 1131 forent
1829 1099 1916 1132 exhi—

1182 1150 1266 1183 bitae
1294 1152 1342 1183 vel
1368 1156 1531 1183 ostensae.

1224 1204 1336 1236 Datum
1364 1204 1500 1244 Romae,
1527 1204 1612 1247 apud
1641 1204 1672 1237 S.
1700 1204 1830 1237 Mariam
1854 1204 1917 1237 Ma-

1182 1257 1306 1297 iorem,
1334 1258 1393 1289 sub
1418 1258 1537 1290 annulo
1562 1257 1750 1297 piscatoris,
1772 1257 1822 1291 die
1848 1267 1917 1291 xxm

1182 1310 1257 1342 maii
1293 1319 1458 1350 nnetxnl,
1484 1309 1691 1353 pontificatus
1723 1310 1827 1343 nostri
1860 1320 1916 1343 an—

1182 1373 1224 1395 no
1250 1373 1290 1396 lx.

1219 1424 1273 1451 Dat.
1295 1424 1338 1452 die
1357 1424 1390 1451 29
1410 1424 1474 1451 maii
1497 1424 1583 1458 1663,
1605 1423 1698 1459 pontif.
1721 1432 1791 1451 anno
1807 1432 1841 1452 ix,

1488 1565 1614 1599 CDXLI.

1188 1645 1396 1687 Confirmatio
1421 1646 1641 1688 capitulorum
1658 1644 1844 1678 concordiae
1861 1655 1920 1689 pro

1230 1698 1451 1730 stabilimento
1478 1698 1567 1741 pacis
1592 1702 1620 1730 et
1644 1698 1806 1740 reyularis
1825 1698 1922 1730 disci-

1228 1751 1342 1794 plinae
1358 1743 1396 1782 in
1414 1754 1569 1783 conventu
1583 1751 1638 1784 SS.
1659 1750 1831 1783 Trinitatis
1844 1750 1922 1782 ciri-

1233 1804 1308 1835 tatis
1343 1803 1576 1846 Neapolitanae
1616 1803 1749 1836 Ordinis
1785 1803 1923 1835 eiusdem

1232 1856 1287 1889 SS.
1320 1855 1493 1888 Trinitatis
1526 1856 1752 1898 redemptionis
1777 1855 1920 1898 captivo-

1234 1917 1319 1946 rum,
1340 1911 1368 1938 et
1392 1905 1435 1938 ad
1459 1906 1691 1949 componendas
1717 1906 1786 1938 lites
1803 1916 1839 1938 ccc
1864 1905 1925 1947 dif-

1232 1959 1385 2002 ferentias
1425 1959 1510 1991 inter
1543 1960 1660 2002 fratres
1695 1959 1860 2001 Hispanos
1895 1961 1924 1990 et

1233 2012 1334 2044 Italos
1348 2011 1481 2045 Ordinis
1495 2011 1692 2051 huiusmodi,
1705 2010 1846 2043 eiusdem
1856 2020 1925 2042 con-

1234 2069 1345 2097 ventus
1369 2065 1530 2097 occasione
1546 2064 1690 2096 subortas
1710 2063 1832 2106 (liteque
1850 2062 1923 2105 aqi-

1236 2121 1328 2158 tatas,
1347 2128 1419 2149 cum
1439 2117 1646 2160 deputatione
1670 2115 1846 2148 visitatoris
1861 2114 1879 2147 ¹.
1935 2114 1937 2116 ’

1383 2197 1547 2224 Alexander
1571 2197 1648 2230 Papa
1667 2197 1730 2228 Vll,

1337 2241 1372 2268 ad
1392 2241 1524 2268 futuram
1542 2241 1588 2268 rei
1602 2240 1780 2267 memoriam.

1238 2311 1410 2344 Salvatoris
1431 2317 1462 2344 ct
1479 2310 1600 2344 domini
1626 2310 1728 2343 nostri
1749 2310 1818 2342 lesu
1836 2308 1927 2343 Chri-

428 2369 588 2402 dictorum
602 2367 730 2400 Ordinis
744 2372 775 2399 et
791 2365 1036 2409 provinciarum,
1052 2364 1160 2397 aliisve
1175 2358 1178 2400 1
1195 2364 1235 2397 sti
1262 2365 1316 2407 qui
1342 2365 1483 2397 charitas
1508 2370 1554 2397 cst
1575 2369 1606 2397 et
1629 2364 1712 2396 Deus
1737 2363 1833 2406 pacis,
1852 2363 1928 2395 licet

429 2422 616 2465 quibusvis,
641 2421 737 2453 etiam
763 2420 964 2459 iurai‘nento,
990 2418 1161 2451 confirma-
1194 2417 1360 2458 immeriti,
1386 2417 1470 2450 vices
1496 2422 1643 2459 gerentes
1669 2416 1700 2448 in
1727 2416 1829 2456 terris,
1855 2416 1926 2457 illa,

429 2474 517 2507 tione
544 2473 738 2517 apostolica,
774 2474 825 2505 vel
859 2471 970 2514 quavis
1008 2469 1160 2502 firmitate
1196 2482 1276 2513 quac
1307 2470 1391 2503 inter
1424 2470 1650 2503 christifideles
1684 2479 1926 2512 quoscumque,

431 2528 493 2561 alia
516 2527 699 2567 roboratis,
733 2526 862 2558 statutis
895 2530 927 2557 et
952 2523 1163 2557 consuetudi—

431 2581 540 2620 nibus,
577 2579 756 2623 privilcgiis
793 2588 939 2621 quoque,
971 2577 1106 2609 indultis
1132 2580 1163 2608 et

1235 2585 1242 2610 1
1263 2584 1298 2610 Ex
1317 2584 1420 2619 Regest.
1438 2584 1462 2611 in
1478 2585 1575 2611 δραι-υἱ.
1596 2583 1668 2610 Brev.

1918 209 1966 237 An.
1987 210 2017 238 C.
2034 210 2102 238 1663

1963 797 2114 823 ‘transumpto-

1929 829 1974 844 rum
1990 823 2050 844 fidos.

1968 2318 2088 2342 Exordium.
