2247 3208
93 206 139 231 An.
161 203 189 231 C.
209 203 276 231 1665

117 423 208 448 Dei-ngat
224 428 272 443 con-

89 452 167 470 trariis.

109 2220 225 2246 Expostun.

874 205 1060 228 ALExxNDEr.
1084 207 1127 229 VH
1154 207 1201 229 1³5³.

284 252 396 292 belles,
415 258 516 283 ratam
538 252 729 285 lial‘iebimus
747 257 775 285 et
797 253 949 285 faciemus
972 263 1026 284 au-

285 309 373 337 ctore
399 304 535 338 Domino
566 315 667 347 usque
701 305 740 338 ad
774 305 1024 338 satisfactionem

284 357 480 400 condignam
507 357 738 390 inviolabiliter
762 358 940 391 observari.

328 411 343 452 ξ
369 411 400 443 [ι.
428 410 498 443 Non
524 411 729 444 obstantibus
758 411 960 454 praemissis,
988 421 1024 443 ae

284 462 573 496 constitutionibus
599 468 631 496 et
658 463 919 496 ordinationibus
945 472 1023 506 apo—

284 515 426 556 stolicis,
458 526 610 557 necnon,
645 521 809 559 qnatenus
844 526 926 558 opus
963 515 1022 553 sit,

284 569 360 601 dieti
385 568 527 609 Ordinis,
563 574 594 602 et
623 569 693 602 aliis
719 568 896 612 quibusvis,
925 568 1021 601 etiam

283 622 466 655 iuramento
482 649 490 661 ‚
527 621 776 655 confirmatione
815 622 997 666 apostolica
1014 648 1022 662 ‚

282 677 332 708 vel
377 675 486 719 quavis
534 675 688 708 firmitate
729 675 791 707 alia
832 675 1019 715 roboratis,

283 729 412 761 statutis
440 734 472 761 et
496 727 790 760 consuetudinibus
806 755 813 768 ,
841 727 1020 770 privilegiisv

283 792 431 825 quoque,
459 781 593 814 indultis
627 786 659 813 et
690 781 806 814 litteris
832 781 1020 824 apostolicis

281 835 314 867 in
340 834 537 867 eontrarium
555 834 813 878 praemissorum
840 834 1022 877 quomodo-

281 888 363 920 libet
379 888 557 927 concessis,
575 887 775 920 contii-matis
794 892 825 920 et.
844 887 1018 927 innovatis,

281 940 397 983 quibus
423 940 574 973 omnibus
600 945 632 972 et
656 939 806 982 singulis,
825 939 957 972 illorum
978 944 1021 972 te-

280 1003 377 1026 nores
404 993 630 1036 praesentibus
662 1003 722 1037 pro
754 994 851 1036 plene
877 998 909 1025 et
933 993 1020 1025 suffi-

280 1045 405 1078 cienter
437 1046 600 1088 expressis
637 1056 671 1078 ae
704 1046 742 1078 de
767 1045 864 1078 verbo
890 1045 928 1077 ad
953 1056 1020 1078 ver-

280 1099 357 1131 bum
393 1098 522 1131 insertis
562 1099 746 1139 habentes,
780 1098 844 1132 illis
875 1098 953 1131 alias
987 1099 1018 1130 in

280 1162 338 1184 suo
357 1152 476 1185 robore
494 1152 731 1195 permansuris,
754 1152 792 1184 ad
818 1151 1019 1195 praemisso-

280 1215 351 1238 rum
376 1204 536 1246 effectum,
563 1205 624 1237 liae
647 1205 715 1238 vioe
742 1205 918 1244 dumtaxat,
946 1215 1020 1247 spe-

279 1258 405 1291 cialiter
429 1263 461 1291 et
478 1268 632 1301 expresse
648 1258 858 1301 derogamus,
885 1258 1019 1291 ceteris-

280 1321 342 1354 que
363 1311 539 1344 contrariis
559 1311 831 1355 quibuscumque.

323 1364 438 1397 Datum
463 1365 496 1397 in
522 1366 601 1397 Aroe
627 1365 825 1408 Gandulplii‚
854 1365 1018 1398 Albanen-

280 1418 324 1451 sis
343 1418 516 1459 dioecesis,
537 1419 596 1451 sub
613 1420 735 1452 annulo
761 1418 948 1459 piscatoris,
966 1419 1016 1453 die

278 1481 336 1504 xxx
370 1471 445 1504 maii
481 1481 619 1513 MDCLXV,
662 1472 870 1515 pontificatus
910 1472 1015 1505 nostri

279 1534 365 1557 anno
389 1535 432 1558 xl.

314 1584 372 1612 Dat.
391 1585 434 1613 die
449 1586 483 1614 30
497 1586 562 1614 maii
581 1587 660 1621 1665,
676 1587 772 1623 pontif.
788 1595 858 1615 anno
874 1593 911 1615 xt.

597 1729 700 1762 DVIII.

280 1806 319 1840 Ul
343 1808 443 1840 Breve
466 1818 563 1851 snper
590 1808 836 1850 confirmatione
860 1819 1017 1853 quorum-

322 1860 397 1892 dam
423 1860 622 1894 decretorum
645 1862 832 1904 provinciae
851 1862 883 1895 S.
911 1862 1017 1894 lvonis

323 1914 411 1946 tertii
430 1913 566 1947 Ordinis
583 1915 688 1947 sancti
705 1915 877 1948 Francisci
890 1925 1018 1958 conffle-

320 1968 464 2010 9alz'om's
478 1967 671 2001 Gallicanae
683 1972 827 2000 servetur
840 1969 875 2000 in
888 1968 1018 2012 provin-

311 2021 370 2064 ·cz'ci
395 2022 426 2054 S.
452 2019 609 2053 Luslovicz·
634 2020 768 2054 Ordinis
790 2020 981 2053 huiusmodi
998 2019 1016 2053 ¹.

471 2101 641 2128 Alexander
660 2101 740 2134 Papa
759 2102 822 2133 VII,

418 2145 453 2172 ad
474 2145 607 2172 futuram
627 2146 672 2172 rei
695 2146 876 2173 memoriam.

321 2216 336 2258 ἓ
355 2215 385 2248 1.
413 2216 537 2259 Exponi
555 2216 649 2249 nobis
667 2227 771 2259 nuper
790 2217 865 2249 feeit
882 2216 1018 2250 dilectus

277 2267 362 2301 filius
375 2268 527 2301 Claudius
545 2268 729 2309 Salivensis,
752 2270 849 2301 frater
867 2279 1017 2311 expresse
1039 2296 1040 2320 ζ

278 2321 443 2363 professus
468 2331 503 2353 ae
527 2321 559 2353 in
583 2320 728 2354 Romana
757 2321 844 2354 ouria
864 2331 1018 2364 procura-

279 2379 328 2406 tor
353 2374 538 2417 provinciae
564 2374 594 2407 S.
615 2374 766 2407 Ludovioi
792 2374 1019 2417 congregatio-

278 2427 327 2460 nis
353 2427 474 2461 Galliae
500 2428 633 2460 fratrum
659 2428 744 2460 tertii
768 2428 897 2461 Ordinis
917 2428 1017 2460 saneti

277 2479 457 2519 aneisoi,
492 2481 579 2523 quod
613 2481 651 2513 ad
685 2480 879 2513 avertenda⁹
911 2481 1018 2523 gravia

315 2550 326 2575 1
346 2548 382 2574 Ex
402 2549 507 2583 Regest.
525 2550 550 2576 in
566 2550 667 2576 secret.
685 2550 762 2576 Brev.

313 2591 329 2618 Ξ
349 2592 419 2622 Edit.
436 2593 514 2619 Main.
531 2595 595 2628 legit
612 2595 765 2622 evertenda
780 2601 818 2628 tn.
837 2595 884 2627 Τ.),

1702 199 1765 231 :357

1068 254 1337 293 inconvenientia,
1365 255 1480 298 quihus
1498 255 1529 287 in
1549 256 1674 288 casibus
1692 266 1805 289 oecur-

1067 306 1212 339 rentibus
1245 317 1304 349 per
1339 312 1455 340 statuta
1481 308 1645 349 generalia
1677 308 1804 342 Ordinis

1068 358 1252 392 huiusmodi
1275 370 1291 391 a
1311 360 1392 392 Sede
1411 361 1597 403 Apostoliea
1614 361 1803 404 approbata,

1067 412 1257 453 praesertim
1297 413 1489 445 adveniente
1525 418 1626 446 morte
1667 414 1804 448 ministri

1066 462 1284 505 provincialis,
1309 475 1343 496 ae
1362 469 1464 497 morte
1490 465 1611 507 pariter
1636 477 1690 499 seu
1716 478 1806 500 vaea-

1067 516 1152 549 tione
1179 516 1358 549 definitoris
1383 516 1576 557 cuiuslibet,
1605 518 1804 553 sufficienter

1066 568 1228 610 provisum
1254 579 1317 601 non
1347 574 1414 609 est,
1448 570 1480 602 in
1512 570 1624 603 ultimo
1661 572 1803 615 capitulo

1065 621 1255 663 provinciali
1276 622 1460 665 provinciae
1478 623 1640 665 praefatae
1659 624 1802 658 unanimi

1065 684 1223 706 consensu
1259 674 1403 708 omnium
1439 675 1598 709 vocalium
1634 676 1801 710 decretum

1066 726 1124 758 t'uit
1147 727 1206 759 sub
1231 732 1343 761 nostro
1369 732 1401 761 et
1418 728 1519 761 dietae
1538 729 1630 761 Sedis
1649 729 1802 772 benepla-

1064 779 1126 812 cito
1153 780 1184 812 in
1209 780 1371 823 provincia
1395 780 1425 814 S.
1445 781 1594 814 Ludoviei
1616 782 1800 816 huiusmodi

1065 832 1096 865 in
1122 837 1289 875 posterum
1313 833 1515 867 observanda
1543 834 1611 867 fore
1644 836 1801 869 nonnulla

1065 887 1194 919 decreta
1225 888 1362 920 antehae
1394 898 1451 931 pro
1483 887 1649 931 provincia
1676 888 1707 921 S.
1736 889 1802 922 lvo-

1064 940 1112 972 nis
1138 941 1214 973 dieti
1241 941 1326 973 tertii
1351 940 1479 974 Ordinis
1505 942 1585 974 saeta
1611 946 1641 975 et
1666 952 1683 974 a
1708 942 1801 975 nobis

1064 1004 1121 1036 per
1157 994 1311 1037 quasdam
1347 998 1471 1027 nostras
1502 995 1535 1027 in
1570 994 1666 1028 simili
1699 995 1802 1029 forma

1063 1047 1171 1079 Brevis
1196 1047 1247 1080 die
1271 1057 1343 1080 xxvr
1369 1047 1522 1080 februarii
1547 1058 1653 1082 MDCLx
1669 1049 1801 1091 expedi-

1063 1104 1109 1132 tas
1134 1100 1257 1133 litteras
1283 1100 1480 1141 confirmata,
1508 1101 1628 1135 tenoris
1660 1102 1715 1147 qui
1750 1112 1799 1135 so·-

1063 1154 1179 1196 quitur,
1206 1153 1366 1188 videlieet:

1106 1208 1120 1251 ξ
1138 1207 1169 1240 02.
1190 1220 1203 1237 α
1218 1205 1306 1246 Quod
1325 1207 1350 1239 si
1369 1208 1600 1250 provincialem
1617 1208 1799 1242 ministrum
1833 1220 1942 1250 nevere-uum
1955 1227 1992 1253 prs.

1824 1253 1916 1267 FOVlssClfl

1062 1261 1093 1292 in
1125 1260 1230 1293 ol'tieio
1267 1261 1349 1293 mori
1381 1261 1568 1303 eontigerit,
1602 1253 1992 1304 guardianusimminutum.

1062 1314 1136 1353 lori,
1164 1313 1217 1345 ubi
1243 1313 1369 1353 obierit,
1386 1319 1417 1346 et
1436 1315 1631 1347 secretarius
1656 1315 1798 1349 defuncti

1061 1367 1235 1410 scripturas
1272 1378 1491 1410 quascumque
1528 1367 1566 1400 ad
1599 1367 1798 1411 provinciam

1061 1425 1092 1453 et
1111 1421 1242 1463 negotia
1263 1421 1375 1463 quovis
1392 1421 1486 1453 modo
1503 1426 1699 1464 spectantes,
1716 1422 1798 1456 nibil

1060 1474 1191 1507 omnino
1216 1474 1373 1516 legendo.
1406 1474 1586 1507 minoribus
1612 1474 1798 1518 provinciae

1060 1533 1091 1560 et
1115 1527 1176 1560 loei
1202 1527 1317 1569 sigillis
1342 1528 1425 1559 bene
1447 1527 1597 1567 munitas,
1615 1527 1653 1560 ad
1671 1528 1799 1571 provin-

1060 1580 1174 1613 cialem
1200 1580 1370 1614 novissime
1397 1580 1594 1619 absolutum,
1611 1581 1669 1621 vel,
1689 1591 1726 1614 eo
1745 1581 1797 1614 de-

1060 1632 1198 1673 ficiente,
1217 1634 1255 1665 ad
1277 1633 1493 1676 antiquiorem
1514 1633 1545 1665 in
1567 1633 1726 1675 religione
1744 1643 1800 1676 pa-

1061 1691 1153 1725 trem,
1180 1686 1233 1729 qui
1260 1687 1422 1729 praelatus
1439 1687 1486 1718 vel
1505 1686 1689 1729 provinciae
1714 1687 1799 1719 vica-

1061 1740 1170 1778 riatus,
1196 1740 1254 1778 vel,
1280 1739 1451 1782 utriusque
1478 1739 1615 1779 defectu,
1642 1740 1696 1783 qui
1723 1739 1800 1773 deti-

1061 1792 1231 1825 nitoriatus
1256 1791 1362 1825 officio
1384 1792 1511 1825 functus
1527 1792 1632 1831 sitierit,
1651 1795 1715 1825 una
1728 1803 1800 1826 oum

1061 1845 1175 1887 sigillis
1200 1845 1386 1888 provinciae
1405 1845 1554 1878 deserant
1570 1850 1602 1878 et
1618 1845 1797 1888 assignent,

1061 1898 1229 1941 praedicta
1253 1908 1328 1931 vero
1346 1898 1400 1930 ubi
1415 1898 1619 1940 provincialis
1632 1899 1799 1931 absolutus

1061 1956 1116 1983 aut
1134 1961 1217 1983 unus
1243 1961 1279 1983 ex
1305 1951 1498 1993 supradietis
1523 1950 1611 1983 iuxta
1643 1951 1800 1994 praesori-

1062 2009 1151 2047 ptum
1169 2004 1317 2036 ordinem
1330 2004 1502 2046 acceperit,
1521 2004 1547 2036 is
1561 2003 1683 2047 absque
1698 2006 1797 2043 mora,

1062 2062 1237 2090 convocato
1263 2055 1455 2095 definitorio,
1483 2057 1577 2089 saciet
1596 2056 1705 2089 vicarii
1725 2067 1800 2100 pro-

1061 2110 1206 2143 vincialis
1234 2109 1436 2149 electionem,
1463 2110 1495 2142 in
1513 2120 1575 2153 qua
1592 2115 1701 2143 votum
1722 2111 1800 2142 aeti-

1061 2174 1133 2195 vum
1159 2164 1247 2206 ipso,
1272 2173 1343 2195 eum
1368 2163 1455 2203 aliis⁷
1490 2163 1545 2206 qui
1578 2173 1694 2196 munus
1723 2173 1800 2206 pro-

1062 2216 1250 2248 vincialatus
1268 2220 1300 2248 et
1316 2215 1484 2248 vicariatus
1502 2216 1711 2259 provincialis
1731 2227 1800 2248 mu—

1062 2279 1121 2301 nus
1137 2267 1272 2311 egerint,
1295 2267 1516 2300 definitoribus
1536 2273 1598 2301 tam
1619 2268 1799 2301 actualibus

1062 2332 1157 2364 quam
1178 2321 1232 2364 qui
1250 2321 1327 2353 olim
1346 2321 1443 2359 suere,
1464 2321 1615 2361 liabebitg
1635 2321 1799 2364 passivum

1061 2385 1135 2407 vero
1162 2384 1284 2417 omnes,
1303 2384 1382 2416 quos
1401 2373 1439 2405 ad
1458 2373 1727 2416 provineialatuni
1745 2374 1801 2406 lia-

1060 2427 1138 2460 bere
1156 2432 1273 2459 statuta
1290 2427 1484 2459 decernunt:
1503 2427 1587 2469 quod
1606 2427 1633 2459 si
1651 2427 1800 2459 minister

1062 2480 1222 2522 generalis
1237 2479 1321 2512 intra
1338 2483 1402 2511 tres
1420 2479 1488 2512 dies
1507 2479 1672 2519 consistat,
1688 2490 1799 2513 consu-

1062 2533 1176 2565 lendus
1193 2538 1249 2572 est,
1266 2537 1298 2565 et
1315 2531 1383 2565 eius
1399 2532 1566 2575 responsio
1585 2533 1796 2575 expectanda,

1061 2586 1086 2618 si
1101 2591 1206 2618 tamen
1227 2585 1356 2628 longius
1374 2585 1466 2625 absit,
1485 2595 1522 2618 eo
1544 2586 1727 2618 inconsulto
1745 2588 1798 2628 [iat

1815 212 1861 234 an.
1883 209 1909 234 «ἰ.
1930 208 1996 234 ωδε

1969 1251 1990 1267 δ.
