<?xml version="1.0" encoding="UTF-8"?>
<!DOCTYPE html PUBLIC "-//W3C//DTD XHTML 1.0 Transitional//EN"
    "http://www.w3.org/TR/xhtml1/DTD/xhtml1-transitional.dtd">
<html xmlns="http://www.w3.org/1999/xhtml" xml:lang="en" lang="en">
 <head>
  <title>
</title>
<meta http-equiv="Content-Type" content="text/html;charset=utf-8" />
  <meta name='ocr-system' content='tesseract 3.04.00' />
  <meta name='ocr-capabilities' content='ocr_page ocr_carea ocr_par ocr_line ocrx_word'/>
</head>
<body>
  <div class='ocr_page' id='page_1' title='image "./bullarumdiplomat17cath_0348.png"; bbox 0 0 2247 3208; ppageno 0'>
   <div class='ocr_carea' id='block_1_1' title="bbox 220 199 405 229">
    <p class='ocr_par' dir='ltr' id='par_1_1' title="bbox 220 199 405 229">
     <span class='ocr_line' id='line_1_1' title="bbox 220 199 405 229; baseline -0.005 -1"><span class='ocrx_word' id='word_1_1' title='bbox 220 199 270 228; x_wconf 69' lang='lat' dir='ltr'>An.</span> <span class='ocrx_word' id='word_1_2' title='bbox 292 200 320 228; x_wconf 90' lang='lat' dir='ltr'>C.</span> <span class='ocrx_word' id='word_1_3' title='bbox 338 200 405 229; x_wconf 64' lang='lat'>1664</span> 
     </span>
    </p>
   </div>
   <div class='ocr_carea' id='block_1_2' title="bbox 406 192 1147 2608">
    <p class='ocr_par' dir='ltr' id='par_1_2' title="bbox 408 192 1147 917">
     <span class='ocr_line' id='line_1_2' title="bbox 451 192 515 225; baseline 0 0"><span class='ocrx_word' id='word_1_4' title='bbox 451 192 515 225; x_wconf 66' lang='lat'>290</span> 
     </span>
     <span class='ocr_line' id='line_1_3' title="bbox 411 246 1147 292; baseline -0.003 -10"><span class='ocrx_word' id='word_1_5' title='bbox 411 248 674 292; x_wconf 74' lang='lat' dir='ltr'>vigilantissimus</span> <span class='ocrx_word' id='word_1_6' title='bbox 714 251 882 290; x_wconf 88' lang='lat' dir='ltr'>protector</span> <span class='ocrx_word' id='word_1_7' title='bbox 924 258 961 280; x_wconf 86' lang='lat' dir='ltr'>ac</span> <span class='ocrx_word' id='word_1_8' title='bbox 999 246 1147 280; x_wconf 87' lang='lat' dir='ltr'>eiusdem</span> 
     </span>
     <span class='ocr_line' id='line_1_4' title="bbox 411 299 1146 345; baseline -0.004 -10"><span class='ocrx_word' id='word_1_9' title='bbox 411 302 543 345; x_wconf 89' lang='lat' dir='ltr'>capituli</span> <span class='ocrx_word' id='word_1_10' title='bbox 556 300 715 342; x_wconf 78' lang='lat' dir='ltr'>generalis</span> <span class='ocrx_word' id='word_1_11' title='bbox 737 300 935 342; x_wconf 87' lang='lat' dir='ltr'>apostolicus</span> <span class='ocrx_word' id='word_1_12' title='bbox 954 299 1146 343; x_wconf 82' lang='lat' dir='ltr'>praesidens</span> 
     </span>
     <span class='ocr_line' id='line_1_5' title="bbox 412 352 1145 386; baseline -0.003 0"><span class='ocrx_word' id='word_1_13' title='bbox 412 365 429 386; x_wconf 82' lang='lat' dir='ltr'>a</span> <span class='ocrx_word' id='word_1_14' title='bbox 447 352 653 385; x_wconf 84' lang='lat' dir='ltr'>sanctissimo</span> <span class='ocrx_word' id='word_1_15' title='bbox 679 352 810 385; x_wconf 89' lang='lat' dir='ltr'>domino</span> <span class='ocrx_word' id='word_1_16' title='bbox 828 356 942 385; x_wconf 89' lang='lat' dir='ltr'>nostro</span> <span class='ocrx_word' id='word_1_17' title='bbox 962 352 1145 385; x_wconf 81' lang='lat' dir='ltr'>Alexandro</span> 
     </span>
     <span class='ocr_line' id='line_1_6' title="bbox 411 405 1144 449; baseline -0.001 -11"><span class='ocrx_word' id='word_1_18' title='bbox 411 407 496 448; x_wconf 85' lang='lat' dir='ltr'>Papa</span> <span class='ocrx_word' id='word_1_19' title='bbox 521 406 571 437; x_wconf 64' lang='lat' dir='ltr'>Vll</span> <span class='ocrx_word' id='word_1_20' title='bbox 602 416 660 449; x_wconf 85' lang='lat' dir='ltr'>per</span> <span class='ocrx_word' id='word_1_21' title='bbox 690 405 815 439; x_wconf 73' lang='lat' dir='ltr'>litteras</span> <span class='ocrx_word' id='word_1_22' title='bbox 846 406 879 438; x_wconf 90' lang='lat' dir='ltr'>in</span> <span class='ocrx_word' id='word_1_23' title='bbox 912 405 1013 439; x_wconf 81' lang='lat' dir='ltr'>forma</span> <span class='ocrx_word' id='word_1_24' title='bbox 1036 405 1144 438; x_wconf 86' lang='lat' dir='ltr'>Brevis</span> 
     </span>
     <span class='ocr_line' id='line_1_7' title="bbox 411 457 1145 491; baseline 0 -1"><span class='ocrx_word' id='word_1_25' title='bbox 411 458 471 490; x_wconf 90' lang='lat' dir='ltr'>sub</span> <span class='ocrx_word' id='word_1_26' title='bbox 498 457 549 489; x_wconf 90' lang='lat' dir='ltr'>die</span> <span class='ocrx_word' id='word_1_27' title='bbox 575 468 619 490; x_wconf 82' lang='lat' dir='ltr'>vn</span> <span class='ocrx_word' id='word_1_28' title='bbox 645 458 719 489; x_wconf 91' lang='lat' dir='ltr'>maii</span> <span class='ocrx_word' id='word_1_29' title='bbox 739 457 884 490; x_wconf 84' lang='lat' dir='ltr'>eiusdem</span> <span class='ocrx_word' id='word_1_30' title='bbox 906 457 980 490; x_wconf 89' lang='lat' dir='ltr'>anni</span> <span class='ocrx_word' id='word_1_31' title='bbox 1006 467 1145 491; x_wconf 73' lang='lat' dir='ltr'>iiiDCinv</span> 
     </span>
     <span class='ocr_line' id='line_1_8' title="bbox 410 509 1146 554; baseline 0.001 -13"><span class='ocrx_word' id='word_1_32' title='bbox 410 514 575 542; x_wconf 73' lang='lat' dir='ltr'>emanatas</span> <span class='ocrx_word' id='word_1_33' title='bbox 594 509 779 553; x_wconf 87' lang='lat' dir='ltr'>specialiter</span> <span class='ocrx_word' id='word_1_34' title='bbox 797 511 985 554; x_wconf 87' lang='lat' dir='ltr'>deputatus,</span> <span class='ocrx_word' id='word_1_35' title='bbox 999 515 1031 543; x_wconf 88' lang='lat' dir='ltr'>et</span> <span class='ocrx_word' id='word_1_36' title='bbox 1054 520 1146 553; x_wconf 87' lang='lat' dir='ltr'>prae-</span> 
     </span>
     <span class='ocr_line' id='line_1_9' title="bbox 410 562 1145 605; baseline 0.001 -11"><span class='ocrx_word' id='word_1_37' title='bbox 410 562 486 594; x_wconf 89' lang='lat' dir='ltr'>dicti</span> <span class='ocrx_word' id='word_1_38' title='bbox 502 562 554 594; x_wconf 86' lang='lat' dir='ltr'>alii</span> <span class='ocrx_word' id='word_1_39' title='bbox 570 562 737 595; x_wconf 88' lang='lat' dir='ltr'>reverendi</span> <span class='ocrx_word' id='word_1_40' title='bbox 752 567 871 605; x_wconf 85' lang='lat' dir='ltr'>patres,</span> <span class='ocrx_word' id='word_1_41' title='bbox 885 563 1049 605; x_wconf 81' lang='lat' dir='ltr'>integrum</span> <span class='ocrx_word' id='word_1_42' title='bbox 1063 573 1145 595; x_wconf 87' lang='lat' dir='ltr'>com-</span> 
     </span>
     <span class='ocr_line' id='line_1_10' title="bbox 409 614 1143 658; baseline 0 -11"><span class='ocrx_word' id='word_1_43' title='bbox 409 616 532 657; x_wconf 87' lang='lat' dir='ltr'>pletum</span> <span class='ocrx_word' id='word_1_44' title='bbox 554 619 586 646; x_wconf 87' lang='lat' dir='ltr'>et</span> <span class='ocrx_word' id='word_1_45' title='bbox 610 615 803 647; x_wconf 88' lang='lat' dir='ltr'>canonicum</span> <span class='ocrx_word' id='word_1_46' title='bbox 828 625 948 658; x_wconf 89' lang='lat' dir='ltr'>corpus</span> <span class='ocrx_word' id='word_1_47' title='bbox 967 614 1143 647; x_wconf 88' lang='lat' dir='ltr'>definitorii</span> 
     </span>
     <span class='ocr_line' id='line_1_11' title="bbox 408 666 1145 710; baseline 0 -11"><span class='ocrx_word' id='word_1_48' title='bbox 408 666 626 710; x_wconf 77' lang='lat' dir='ltr'>perficientes,</span> <span class='ocrx_word' id='word_1_49' title='bbox 646 667 824 710; x_wconf 89' lang='lat' dir='ltr'>unicuique</span> <span class='ocrx_word' id='word_1_50' title='bbox 843 667 947 700; x_wconf 86' lang='lat' dir='ltr'>dictae</span> <span class='ocrx_word' id='word_1_51' title='bbox 968 667 1145 710; x_wconf 69' lang='lat' dir='ltr'>Congreget-</span> 
     </span>
     <span class='ocr_line' id='line_1_12' title="bbox 409 719 1143 762; baseline 0.003 -11"><span class='ocrx_word' id='word_1_52' title='bbox 409 719 508 752; x_wconf 85' lang='lat' dir='ltr'>tionis</span> <span class='ocrx_word' id='word_1_53' title='bbox 526 720 681 762; x_wconf 75' lang='lat' dir='ltr'>religioso</span> <span class='ocrx_word' id='word_1_54' title='bbox 696 721 795 752; x_wconf 86' lang='lat' dir='ltr'>verba</span> <span class='ocrx_word' id='word_1_55' title='bbox 809 720 863 752; x_wconf 88' lang='lat' dir='ltr'>illa</span> <span class='ocrx_word' id='word_1_56' title='bbox 880 720 910 752; x_wconf 87' lang='lat' dir='ltr'>S.</span> <span class='ocrx_word' id='word_1_57' title='bbox 928 720 1143 753; x_wconf 83' lang='lat' dir='ltr'>Paramiastes</span> 
     </span>
     <span class='ocr_line' id='line_1_13' title="bbox 408 772 1145 805; baseline 0.003 -2"><span class='ocrx_word' id='word_1_58' title='bbox 408 778 643 804; x_wconf 75' lang='lat' dir='ltr'>memorantes:</span> <span class='ocrx_word' id='word_1_59' title='bbox 656 772 691 805; x_wconf 79' lang='lat' dir='ltr'>Si</span> <span class='ocrx_word' id='word_1_60' title='bbox 702 772 840 804; x_wconf 71' lang='lat' dir='ltr'>volueris</span> <span class='ocrx_word' id='word_1_61' title='bbox 852 772 1007 804; x_wconf 78' lang='lat' dir='ltr'>mandata</span> <span class='ocrx_word' id='word_1_62' title='bbox 1020 783 1145 805; x_wconf 74' lang='lat' dir='ltr'>servare</span> 
     </span>
     <span class='ocr_line' id='line_1_14' title="bbox 408 825 1145 868; baseline -0.001 -11"><span class='ocrx_word' id='word_1_63' title='bbox 408 825 639 857; x_wconf 61' lang='lat' dir='ltr'>conseri-alswit</span> <span class='ocrx_word' id='word_1_64' title='bbox 658 829 696 864; x_wconf 76' lang='lat' dir='ltr'>te,</span> <span class='ocrx_word' id='word_1_65' title='bbox 713 830 887 868; x_wconf 76' lang='lat' dir='ltr'>sequentes</span> <span class='ocrx_word' id='word_1_66' title='bbox 904 826 1098 858; x_wconf 88' lang='lat' dir='ltr'>mandarunt</span> <span class='ocrx_word' id='word_1_67' title='bbox 1113 830 1145 857; x_wconf 89' lang='lat' dir='ltr'>et</span> 
     </span>
     <span class='ocr_line' id='line_1_15' title="bbox 409 877 1026 917; baseline -0.002 -7"><span class='ocrx_word' id='word_1_68' title='bbox 409 877 603 910; x_wconf 88' lang='lat' dir='ltr'>ordinarunt</span> <span class='ocrx_word' id='word_1_69' title='bbox 620 878 840 917; x_wconf 81' lang='lat' dir='ltr'>definitiones,</span> <span class='ocrx_word' id='word_1_70' title='bbox 859 878 1026 910; x_wconf 83' lang='lat' dir='ltr'>videlicet:</span> 
     </span>
    </p>

    <p class='ocr_par' dir='ltr' id='par_1_3' title="bbox 406 930 1146 1702">
     <span class='ocr_line' id='line_1_16' title="bbox 452 930 1145 963; baseline 0 -1"><span class='ocrx_word' id='word_1_71' title='bbox 452 941 474 963; x_wconf 79' lang='grc' dir='ltr'>Ι.</span> <span class='ocrx_word' id='word_1_72' title='bbox 501 930 703 962; x_wconf 87' lang='lat' dir='ltr'>Dcclaratum</span> <span class='ocrx_word' id='word_1_73' title='bbox 737 934 768 962; x_wconf 89' lang='lat' dir='ltr'>et</span> <span class='ocrx_word' id='word_1_74' title='bbox 800 930 967 962; x_wconf 86' lang='lat' dir='ltr'>decretum</span> <span class='ocrx_word' id='word_1_75' title='bbox 997 930 1056 962; x_wconf 88' lang='lat' dir='ltr'>fuit</span> <span class='ocrx_word' id='word_1_76' title='bbox 1090 940 1145 963; x_wconf 91' lang='lat' dir='ltr'>ne-</span> 
     </span>
     <span class='ocr_line' id='line_1_17' title="bbox 409 982 1143 1021; baseline 0.001 -6"><span class='ocrx_word' id='word_1_77' title='bbox 409 983 486 1015; x_wconf 89' lang='lat' dir='ltr'>dum</span> <span class='ocrx_word' id='word_1_78' title='bbox 504 982 700 1021; x_wconf 83' lang='lat' dir='ltr'>definitores,</span> <span class='ocrx_word' id='word_1_79' title='bbox 722 993 833 1015; x_wconf 88' lang='lat' dir='ltr'>verum</span> <span class='ocrx_word' id='word_1_80' title='bbox 851 983 945 1015; x_wconf 84' lang='lat' dir='ltr'>etiam</span> <span class='ocrx_word' id='word_1_81' title='bbox 965 983 1143 1016; x_wconf 79' lang='lat' dir='ltr'>visitatores</span> 
     </span>
     <span class='ocr_line' id='line_1_18' title="bbox 407 1035 1144 1078; baseline 0 -10"><span class='ocrx_word' id='word_1_82' title='bbox 407 1036 580 1068; x_wconf 85' lang='lat' dir='ltr'>lectoratus</span> <span class='ocrx_word' id='word_1_83' title='bbox 606 1036 707 1077; x_wconf 78' lang='lat' dir='ltr'>gradu</span> <span class='ocrx_word' id='word_1_84' title='bbox 733 1045 803 1067; x_wconf 85' lang='lat' dir='ltr'>esse</span> <span class='ocrx_word' id='word_1_85' title='bbox 825 1036 943 1067; x_wconf 86' lang='lat' dir='ltr'>debere</span> <span class='ocrx_word' id='word_1_86' title='bbox 961 1035 1144 1078; x_wconf 83' lang='lat' dir='ltr'>insignitos,</span> 
     </span>
     <span class='ocr_line' id='line_1_19' title="bbox 409 1088 1145 1131; baseline 0 -10"><span class='ocrx_word' id='word_1_87' title='bbox 409 1098 588 1131; x_wconf 88' lang='lat' dir='ltr'>eorumque</span> <span class='ocrx_word' id='word_1_88' title='bbox 607 1088 830 1119; x_wconf 78' lang='lat' dir='ltr'>sufficientiam</span> <span class='ocrx_word' id='word_1_89' title='bbox 852 1098 909 1130; x_wconf 85' lang='lat' dir='ltr'>per</span> <span class='ocrx_word' id='word_1_90' title='bbox 926 1089 1065 1121; x_wconf 85' lang='lat' dir='ltr'>lecturas</span> <span class='ocrx_word' id='word_1_91' title='bbox 1090 1094 1145 1121; x_wconf 85' lang='lat' dir='ltr'>aut</span> 
     </span>
     <span class='ocr_line' id='line_1_20' title="bbox 407 1140 1142 1184; baseline 0.003 -12"><span class='ocrx_word' id='word_1_92' title='bbox 407 1140 770 1184; x_wconf 80' lang='lat' dir='ltr'>praedicati01icS‚vitae</span> <span class='ocrx_word' id='word_1_93' title='bbox 784 1140 944 1182; x_wconf 77' lang='lat' dir='ltr'>probitate</span> <span class='ocrx_word' id='word_1_94' title='bbox 959 1141 1142 1182; x_wconf 80' lang='lat' dir='ltr'>accedente,</span> 
     </span>
     <span class='ocr_line' id='line_1_21' title="bbox 408 1193 1145 1237; baseline 0.001 -11"><span class='ocrx_word' id='word_1_95' title='bbox 408 1205 425 1226; x_wconf 88' lang='lat' dir='ltr'>a</span> <span class='ocrx_word' id='word_1_96' title='bbox 443 1200 533 1237; x_wconf 83' lang='lat' dir='ltr'>patre</span> <span class='ocrx_word' id='word_1_97' title='bbox 552 1193 671 1226; x_wconf 79' lang='lat' dir='ltr'>vicario</span> <span class='ocrx_word' id='word_1_98' title='bbox 697 1194 839 1236; x_wconf 76' lang='lat' dir='ltr'>generali</span> <span class='ocrx_word' id='word_1_99' title='bbox 865 1199 896 1226; x_wconf 89' lang='lat' dir='ltr'>et</span> <span class='ocrx_word' id='word_1_100' title='bbox 916 1194 1145 1227; x_wconf 81' lang='lat' dir='ltr'>examinatori-</span> 
     </span>
     <span class='ocr_line' id='line_1_22' title="bbox 407 1246 1146 1290; baseline 0.003 -11"><span class='ocrx_word' id='word_1_101' title='bbox 407 1248 467 1280; x_wconf 84' lang='lat' dir='ltr'>bus</span> <span class='ocrx_word' id='word_1_102' title='bbox 485 1247 645 1290; x_wconf 87' lang='lat' dir='ltr'>deputatis</span> <span class='ocrx_word' id='word_1_103' title='bbox 670 1257 727 1290; x_wconf 82' lang='lat' dir='ltr'>per</span> <span class='ocrx_word' id='word_1_104' title='bbox 748 1250 870 1279; x_wconf 79' lang='lat' dir='ltr'>secreta</span> <span class='ocrx_word' id='word_1_105' title='bbox 895 1246 1054 1290; x_wconf 75' lang='lat' dir='ltr'>suffragia,</span> <span class='ocrx_word' id='word_1_106' title='bbox 1080 1259 1146 1281; x_wconf 83' lang='lat' dir='ltr'>ma-</span> 
     </span>
     <span class='ocr_line' id='line_1_23' title="bbox 407 1301 1145 1344; baseline 0 -11"><span class='ocrx_word' id='word_1_107' title='bbox 407 1301 469 1333; x_wconf 89' lang='lat' dir='ltr'>iori</span> <span class='ocrx_word' id='word_1_108' title='bbox 486 1306 577 1344; x_wconf 86' lang='lat' dir='ltr'>parte</span> <span class='ocrx_word' id='word_1_109' title='bbox 594 1305 742 1333; x_wconf 88' lang='lat' dir='ltr'>votorum</span> <span class='ocrx_word' id='word_1_110' title='bbox 752 1305 972 1339; x_wconf 76' lang='lat' dir='ltr'>concurrente,</span> <span class='ocrx_word' id='word_1_111' title='bbox 988 1301 1020 1333; x_wconf 90' lang='lat' dir='ltr'>in</span> <span class='ocrx_word' id='word_1_112' title='bbox 1031 1301 1145 1333; x_wconf 85' lang='lat' dir='ltr'>litteris</span> 
     </span>
     <span class='ocr_line' id='line_1_24' title="bbox 406 1353 1146 1397; baseline 0.001 -12"><span class='ocrx_word' id='word_1_113' title='bbox 406 1353 594 1397; x_wconf 86' lang='lat' dir='ltr'>patentibus</span> <span class='ocrx_word' id='word_1_114' title='bbox 628 1353 667 1385; x_wconf 87' lang='lat' dir='ltr'>ab</span> <span class='ocrx_word' id='word_1_115' title='bbox 697 1353 810 1385; x_wconf 84' lang='lat' dir='ltr'>eodeni</span> <span class='ocrx_word' id='word_1_116' title='bbox 834 1357 926 1396; x_wconf 84' lang='lat' dir='ltr'>patre</span> <span class='ocrx_word' id='word_1_117' title='bbox 950 1353 1068 1386; x_wconf 87' lang='lat' dir='ltr'>vicario</span> <span class='ocrx_word' id='word_1_118' title='bbox 1094 1364 1146 1396; x_wconf 76' lang='lat' dir='ltr'>gc-</span> 
     </span>
     <span class='ocr_line' id='line_1_25' title="bbox 407 1405 1145 1450; baseline -0.001 -11"><span class='ocrx_word' id='word_1_119' title='bbox 407 1406 510 1439; x_wconf 89' lang='lat' dir='ltr'>ncrali</span> <span class='ocrx_word' id='word_1_120' title='bbox 544 1405 700 1449; x_wconf 74' lang='lat' dir='ltr'>expeditis</span> <span class='ocrx_word' id='word_1_121' title='bbox 732 1406 990 1447; x_wconf 75' lang='lat' dir='ltr'>cognoscendam</span> <span class='ocrx_word' id='word_1_122' title='bbox 1026 1411 1057 1438; x_wconf 89' lang='lat' dir='ltr'>et</span> <span class='ocrx_word' id='word_1_123' title='bbox 1091 1417 1145 1450; x_wconf 86' lang='lat' dir='ltr'>ap-</span> 
     </span>
     <span class='ocr_line' id='line_1_26' title="bbox 408 1459 1146 1503; baseline 0 -11"><span class='ocrx_word' id='word_1_124' title='bbox 408 1460 609 1503; x_wconf 85' lang='lat' dir='ltr'>probandam</span> <span class='ocrx_word' id='word_1_125' title='bbox 634 1470 722 1499; x_wconf 64' lang='lat' dir='ltr'>esse,</span> <span class='ocrx_word' id='word_1_126' title='bbox 749 1459 937 1491; x_wconf 83' lang='lat' dir='ltr'>absentibus</span> <span class='ocrx_word' id='word_1_127' title='bbox 962 1464 1069 1492; x_wconf 88' lang='lat' dir='ltr'>autem</span> <span class='ocrx_word' id='word_1_128' title='bbox 1093 1466 1146 1493; x_wconf 89' lang='lat' dir='ltr'>aut</span> 
     </span>
     <span class='ocr_line' id='line_1_27' title="bbox 409 1512 1144 1556; baseline 0.001 -12"><span class='ocrx_word' id='word_1_129' title='bbox 409 1513 631 1545; x_wconf 80' lang='lat' dir='ltr'>deficientibus</span> <span class='ocrx_word' id='word_1_130' title='bbox 658 1512 942 1551; x_wconf 70' lang='lat' dir='ltr'>examinatoribus,</span> <span class='ocrx_word' id='word_1_131' title='bbox 963 1513 1011 1544; x_wconf 86' lang='lat' dir='ltr'>vel</span> <span class='ocrx_word' id='word_1_132' title='bbox 1037 1512 1144 1556; x_wconf 87' lang='lat' dir='ltr'>aliquo</span> 
     </span>
     <span class='ocr_line' id='line_1_28' title="bbox 409 1564 1145 1607; baseline -0.001 -10"><span class='ocrx_word' id='word_1_133' title='bbox 409 1575 541 1602; x_wconf 79' lang='lat' dir='ltr'>eorum,</span> <span class='ocrx_word' id='word_1_134' title='bbox 567 1569 695 1607; x_wconf 89' lang='lat' dir='ltr'>patrem</span> <span class='ocrx_word' id='word_1_135' title='bbox 729 1564 927 1596; x_wconf 79' lang='lat' dir='ltr'>visitatorem</span> <span class='ocrx_word' id='word_1_136' title='bbox 961 1565 1145 1606; x_wconf 75' lang='lat' dir='ltr'>generalem</span> 
     </span>
     <span class='ocr_line' id='line_1_29' title="bbox 409 1616 1144 1659; baseline 0 -10"><span class='ocrx_word' id='word_1_137' title='bbox 409 1617 488 1649; x_wconf 85' lang='lat' dir='ltr'>alios</span> <span class='ocrx_word' id='word_1_138' title='bbox 506 1627 673 1650; x_wconf 80' lang='lat' dir='ltr'>assumere</span> <span class='ocrx_word' id='word_1_139' title='bbox 700 1617 829 1657; x_wconf 86' lang='lat' dir='ltr'>debere,</span> <span class='ocrx_word' id='word_1_140' title='bbox 846 1626 927 1659; x_wconf 87' lang='lat' dir='ltr'>quos</span> <span class='ocrx_word' id='word_1_141' title='bbox 949 1616 1085 1649; x_wconf 88' lang='lat' dir='ltr'>idoncos</span> <span class='ocrx_word' id='word_1_142' title='bbox 1102 1617 1144 1649; x_wconf 94' lang='lat' dir='ltr'>iu-</span> 
     </span>
     <span class='ocr_line' id='line_1_30' title="bbox 409 1669 574 1702; baseline -0.006 0"><span class='ocrx_word' id='word_1_143' title='bbox 409 1669 574 1702; x_wconf 87' lang='lat' dir='ltr'>dicaverit.</span> 
     </span>
    </p>

    <p class='ocr_par' dir='ltr' id='par_1_4' title="bbox 406 1722 1147 2608">
     <span class='ocr_line' id='line_1_31' title="bbox 454 1722 1144 1766; baseline 0 -11"><span class='ocrx_word' id='word_1_144' title='bbox 454 1733 489 1755; x_wconf 86' lang='lat'>11.</span> <span class='ocrx_word' id='word_1_145' title='bbox 505 1722 673 1755; x_wconf 80' lang='lat' dir='ltr'>Neminem</span> <span class='ocrx_word' id='word_1_146' title='bbox 687 1722 895 1765; x_wconf 79' lang='lat' dir='ltr'>imposterum</span> <span class='ocrx_word' id='word_1_147' title='bbox 908 1733 1002 1765; x_wconf 87' lang='lat' dir='ltr'>posse</span> <span class='ocrx_word' id='word_1_148' title='bbox 1018 1722 1050 1755; x_wconf 92' lang='lat' dir='ltr'>iu</span> <span class='ocrx_word' id='word_1_149' title='bbox 1061 1723 1144 1766; x_wconf 89' lang='lat' dir='ltr'>prio-</span> 
     </span>
     <span class='ocr_line' id='line_1_32' title="bbox 408 1775 1147 1819; baseline 0 -12"><span class='ocrx_word' id='word_1_150' title='bbox 408 1786 476 1808; x_wconf 85' lang='lat' dir='ltr'>rem</span> <span class='ocrx_word' id='word_1_151' title='bbox 503 1775 636 1808; x_wconf 85' lang='lat' dir='ltr'>alicuius</span> <span class='ocrx_word' id='word_1_152' title='bbox 662 1780 837 1807; x_wconf 85' lang='lat' dir='ltr'>conventus</span> <span class='ocrx_word' id='word_1_153' title='bbox 863 1775 937 1818; x_wconf 79' lang='lat' dir='ltr'>eligi</span> <span class='ocrx_word' id='word_1_154' title='bbox 963 1780 1014 1807; x_wconf 83' lang='lat' dir='ltr'>aul</span> <span class='ocrx_word' id='word_1_155' title='bbox 1047 1776 1147 1819; x_wconf 86' lang='lat' dir='ltr'>depu-</span> 
     </span>
     <span class='ocr_line' id='line_1_33' title="bbox 409 1827 1145 1871; baseline 0.001 -11"><span class='ocrx_word' id='word_1_156' title='bbox 409 1828 479 1867; x_wconf 81' lang='lat' dir='ltr'>tari,</span> <span class='ocrx_word' id='word_1_157' title='bbox 502 1827 556 1871; x_wconf 90' lang='lat' dir='ltr'>qui</span> <span class='ocrx_word' id='word_1_158' title='bbox 582 1827 784 1869; x_wconf 75' lang='lat' dir='ltr'>trigesimum</span> <span class='ocrx_word' id='word_1_159' title='bbox 809 1827 922 1860; x_wconf 80' lang='lat' dir='ltr'>aetatis</span> <span class='ocrx_word' id='word_1_160' title='bbox 948 1838 1065 1860; x_wconf 89' lang='lat' dir='ltr'>annum</span> <span class='ocrx_word' id='word_1_161' title='bbox 1079 1838 1145 1861; x_wconf 91' lang='lat' dir='ltr'>non</span> 
     </span>
     <span class='ocr_line' id='line_1_34' title="bbox 409 1880 1144 1923; baseline 0 -10"><span class='ocrx_word' id='word_1_162' title='bbox 409 1880 635 1923; x_wconf 83' lang='lat' dir='ltr'>compleverit,</span> <span class='ocrx_word' id='word_1_163' title='bbox 663 1885 694 1912; x_wconf 91' lang='lat' dir='ltr'>et</span> <span class='ocrx_word' id='word_1_164' title='bbox 727 1880 950 1913; x_wconf 87' lang='lat' dir='ltr'>duodecimum</span> <span class='ocrx_word' id='word_1_165' title='bbox 975 1881 1013 1913; x_wconf 88' lang='lat' dir='ltr'>ad</span> <span class='ocrx_word' id='word_1_166' title='bbox 1039 1881 1144 1913; x_wconf 90' lang='lat' dir='ltr'>minus</span> 
     </span>
     <span class='ocr_line' id='line_1_35' title="bbox 409 1932 1146 1975; baseline 0.001 -11"><span class='ocrx_word' id='word_1_167' title='bbox 409 1933 441 1964; x_wconf 92' lang='lat' dir='ltr'>in</span> <span class='ocrx_word' id='word_1_168' title='bbox 460 1932 718 1975; x_wconf 73' lang='lat' dir='ltr'>Congregatione</span> <span class='ocrx_word' id='word_1_169' title='bbox 736 1937 811 1975; x_wconf 87' lang='lat' dir='ltr'>post</span> <span class='ocrx_word' id='word_1_170' title='bbox 827 1932 1065 1975; x_wconf 83' lang='lat' dir='ltr'>professionem</span> <span class='ocrx_word' id='word_1_171' title='bbox 1080 1934 1146 1966; x_wconf 86' lang='lat' dir='ltr'>lau-</span> 
     </span>
     <span class='ocr_line' id='line_1_36' title="bbox 409 1984 1145 2028; baseline 0.003 -12"><span class='ocrx_word' id='word_1_172' title='bbox 409 1985 561 2017; x_wconf 88' lang='lat' dir='ltr'>dabiliter</span> <span class='ocrx_word' id='word_1_173' title='bbox 577 1984 711 2024; x_wconf 76' lang='lat' dir='ltr'>vixerit;</span> <span class='ocrx_word' id='word_1_174' title='bbox 738 1985 937 2028; x_wconf 86' lang='lat' dir='ltr'>omninoque</span> <span class='ocrx_word' id='word_1_175' title='bbox 954 1985 1086 2018; x_wconf 89' lang='lat' dir='ltr'>vetitum</span> <span class='ocrx_word' id='word_1_176' title='bbox 1105 1985 1145 2018; x_wconf 86' lang='lat' dir='ltr'>sit</span> 
     </span>
     <span class='ocr_line' id='line_1_37' title="bbox 408 2037 1145 2081; baseline 0.004 -13"><span class='ocrx_word' id='word_1_177' title='bbox 408 2037 491 2080; x_wconf 89' lang='lat' dir='ltr'>patri</span> <span class='ocrx_word' id='word_1_178' title='bbox 517 2037 635 2069; x_wconf 80' lang='lat' dir='ltr'>vicario</span> <span class='ocrx_word' id='word_1_179' title='bbox 654 2037 795 2079; x_wconf 69' lang='lat' dir='ltr'>&lt;generali</span> <span class='ocrx_word' id='word_1_180' title='bbox 820 2048 878 2080; x_wconf 89' lang='lat' dir='ltr'>pro</span> <span class='ocrx_word' id='word_1_181' title='bbox 897 2043 1042 2081; x_wconf 87' lang='lat' dir='ltr'>tempore</span> <span class='ocrx_word' id='word_1_182' title='bbox 1057 2049 1145 2071; x_wconf 87' lang='lat' dir='ltr'>crea-</span> 
     </span>
     <span class='ocr_line' id='line_1_38' title="bbox 408 2090 1143 2134; baseline 0.003 -12"><span class='ocrx_word' id='word_1_183' title='bbox 408 2101 443 2122; x_wconf 90' lang='lat' dir='ltr'>re</span> <span class='ocrx_word' id='word_1_184' title='bbox 462 2095 517 2122; x_wconf 90' lang='lat' dir='ltr'>aut</span> <span class='ocrx_word' id='word_1_185' title='bbox 533 2091 689 2133; x_wconf 86' lang='lat' dir='ltr'>deputare</span> <span class='ocrx_word' id='word_1_186' title='bbox 706 2090 847 2134; x_wconf 81' lang='lat' dir='ltr'>aliquem</span> <span class='ocrx_word' id='word_1_187' title='bbox 866 2091 898 2123; x_wconf 93' lang='lat' dir='ltr'>in</span> <span class='ocrx_word' id='word_1_188' title='bbox 915 2091 1059 2134; x_wconf 87' lang='lat' dir='ltr'>priorem</span> <span class='ocrx_word' id='word_1_189' title='bbox 1078 2103 1143 2124; x_wconf 89' lang='lat' dir='ltr'>non</span> 
     </span>
     <span class='ocr_line' id='line_1_39' title="bbox 408 2144 1144 2177; baseline 0.001 -1"><span class='ocrx_word' id='word_1_190' title='bbox 408 2146 531 2176; x_wconf 75' lang='lat' dir='ltr'>servata</span> <span class='ocrx_word' id='word_1_191' title='bbox 568 2144 671 2175; x_wconf 75' lang='lat' dir='ltr'>forma</span> <span class='ocrx_word' id='word_1_192' title='bbox 706 2148 735 2175; x_wconf 67' lang='lat' dir='ltr'>ct</span> <span class='ocrx_word' id='word_1_193' title='bbox 772 2154 836 2176; x_wconf 92' lang='lat' dir='ltr'>non</span> <span class='ocrx_word' id='word_1_194' title='bbox 877 2144 1144 2177; x_wconf 77' lang='lat' dir='ltr'>concurrentibus</span> 
     </span>
     <span class='ocr_line' id='line_1_40' title="bbox 407 2196 1144 2239; baseline 0.001 -11"><span class='ocrx_word' id='word_1_195' title='bbox 407 2196 572 2239; x_wconf 86' lang='lat' dir='ltr'>requisitis</span> <span class='ocrx_word' id='word_1_196' title='bbox 608 2207 643 2228; x_wconf 86' lang='lat' dir='ltr'>ac</span> <span class='ocrx_word' id='word_1_197' title='bbox 669 2196 909 2229; x_wconf 88' lang='lat' dir='ltr'>conditionibus</span> <span class='ocrx_word' id='word_1_198' title='bbox 933 2197 966 2228; x_wconf 93' lang='lat' dir='ltr'>in</span> <span class='ocrx_word' id='word_1_199' title='bbox 991 2198 1144 2229; x_wconf 90' lang='lat' dir='ltr'>constitu-</span> 
     </span>
     <span class='ocr_line' id='line_1_41' title="bbox 409 2248 1142 2293; baseline 0.004 -13"><span class='ocrx_word' id='word_1_200' title='bbox 409 2249 550 2281; x_wconf 85' lang='lat' dir='ltr'>tionibus</span> <span class='ocrx_word' id='word_1_201' title='bbox 578 2253 607 2281; x_wconf 86' lang='lat' dir='ltr'>et</span> <span class='ocrx_word' id='word_1_202' title='bbox 646 2248 887 2281; x_wconf 84' lang='lat' dir='ltr'>definitionibus</span> <span class='ocrx_word' id='word_1_203' title='bbox 921 2250 1017 2283; x_wconf 85' lang='lat' dir='ltr'>etiam</span> <span class='ocrx_word' id='word_1_204' title='bbox 1054 2260 1142 2293; x_wconf 83' lang='lat' dir='ltr'>prae-</span> 
     </span>
     <span class='ocr_line' id='line_1_42' title="bbox 408 2301 1142 2346; baseline 0.001 -12"><span class='ocrx_word' id='word_1_205' title='bbox 408 2302 555 2334; x_wconf 82' lang='lat' dir='ltr'>sentibus</span> <span class='ocrx_word' id='word_1_206' title='bbox 586 2301 752 2344; x_wconf 76' lang='lat' dir='ltr'>praefixis3</span> <span class='ocrx_word' id='word_1_207' title='bbox 780 2303 865 2344; x_wconf 88' lang='lat' dir='ltr'>quod</span> <span class='ocrx_word' id='word_1_208' title='bbox 897 2303 921 2335; x_wconf 86' lang='lat' dir='ltr'>si</span> <span class='ocrx_word' id='word_1_209' title='bbox 956 2303 1025 2346; x_wconf 85' lang='lat' dir='ltr'>ipse</span> <span class='ocrx_word' id='word_1_210' title='bbox 1051 2308 1142 2346; x_wconf 89' lang='lat' dir='ltr'>pater</span> 
     </span>
     <span class='ocr_line' id='line_1_43' title="bbox 407 2354 1142 2396; baseline 0.003 -10"><span class='ocrx_word' id='word_1_211' title='bbox 407 2354 546 2386; x_wconf 87' lang='lat' dir='ltr'>vicarius</span> <span class='ocrx_word' id='word_1_212' title='bbox 573 2354 733 2396; x_wconf 76' lang='lat' dir='ltr'>generalis</span> <span class='ocrx_word' id='word_1_213' title='bbox 758 2355 1003 2396; x_wconf 82' lang='lat' dir='ltr'>contrafecerit,</span> <span class='ocrx_word' id='word_1_214' title='bbox 1029 2356 1142 2388; x_wconf 87' lang='lat' dir='ltr'>decre-</span> 
     </span>
     <span class='ocr_line' id='line_1_44' title="bbox 408 2406 1141 2451; baseline 0.001 -13"><span class='ocrx_word' id='word_1_215' title='bbox 408 2412 475 2439; x_wconf 86' lang='lat' dir='ltr'>tum</span> <span class='ocrx_word' id='word_1_216' title='bbox 501 2406 561 2438; x_wconf 88' lang='lat' dir='ltr'>fuit</span> <span class='ocrx_word' id='word_1_217' title='bbox 584 2407 689 2449; x_wconf 86' lang='lat' dir='ltr'>ipsum</span> <span class='ocrx_word' id='word_1_218' title='bbox 714 2409 848 2450; x_wconf 73' lang='lat' dir='ltr'>utraque</span> <span class='ocrx_word' id='word_1_219' title='bbox 878 2418 954 2441; x_wconf 85' lang='lat' dir='ltr'>voce</span> <span class='ocrx_word' id='word_1_220' title='bbox 982 2408 1141 2451; x_wconf 85' lang='lat' dir='ltr'>privatum</span> 
     </span>
     <span class='ocr_line' id='line_1_45' title="bbox 407 2459 1139 2503; baseline 0 -11"><span class='ocrx_word' id='word_1_221' title='bbox 407 2460 519 2492; x_wconf 86' lang='lat' dir='ltr'>saltem</span> <span class='ocrx_word' id='word_1_222' title='bbox 533 2470 590 2502; x_wconf 89' lang='lat' dir='ltr'>per</span> <span class='ocrx_word' id='word_1_223' title='bbox 602 2459 774 2491; x_wconf 88' lang='lat' dir='ltr'>triennium</span> <span class='ocrx_word' id='word_1_224' title='bbox 790 2460 1139 2503; x_wconf 86' lang='lat' dir='ltr'>remanere,huiusque</span> 
     </span>
     <span class='ocr_line' id='line_1_46' title="bbox 406 2512 1140 2555; baseline 0 -10"><span class='ocrx_word' id='word_1_225' title='bbox 406 2523 533 2555; x_wconf 83' lang='lat' dir='ltr'>poenae</span> <span class='ocrx_word' id='word_1_226' title='bbox 553 2512 804 2544; x_wconf 78' lang='lat' dir='ltr'>(le‹;·laratione1n</span> <span class='ocrx_word' id='word_1_227' title='bbox 822 2518 853 2545; x_wconf 88' lang='lat' dir='ltr'>et</span> <span class='ocrx_word' id='word_1_228' title='bbox 866 2513 1087 2547; x_wconf 80' lang='lat' dir='ltr'>executionem</span> <span class='ocrx_word' id='word_1_229' title='bbox 1100 2514 1140 2545; x_wconf 90' lang='lat' dir='ltr'>ad</span> 
     </span>
     <span class='ocr_line' id='line_1_47' title="bbox 407 2564 808 2608; baseline -0.002 -10"><span class='ocrx_word' id='word_1_230' title='bbox 407 2564 625 2598; x_wconf 86' lang='lat' dir='ltr'>definitorium</span> <span class='ocrx_word' id='word_1_231' title='bbox 650 2570 808 2608; x_wconf 85' lang='lat' dir='ltr'>spectare.</span> 
     </span>
    </p>
   </div>
   <div class='ocr_carea' id='block_1_3' title="bbox 1164 1114 1167 1128">
    <p class='ocr_par' dir='ltr' id='par_1_5' title="bbox 1164 1114 1167 1128">
     <span class='ocr_line' id='line_1_48' title="bbox 1164 1114 1167 1128; baseline 0 0"><span class='ocrx_word' id='word_1_232' title='bbox 1164 1114 1167 1128; x_wconf 81' lang='grc' dir='ltr'>Ι</span> 
     </span>
    </p>
   </div>
   <div class='ocr_carea' id='block_1_4' title="bbox 1163 1251 1169 1590">
    <p class='ocr_par' dir='ltr' id='par_1_6' title="bbox 1163 1251 1169 1590">
     <span class='ocr_line' id='line_1_49' title="bbox 1163 1251 1169 1590; baseline 0 0"><span class='ocrx_word' id='word_1_233' title='bbox 1163 1251 1169 1590; x_wconf 75' lang='lat' dir='ltr'>l</span> 
     </span>
    </p>
   </div>
   <div class='ocr_carea' id='block_1_5' title="bbox 993 199 1347 224">
    <p class='ocr_par' dir='ltr' id='par_1_7' title="bbox 993 199 1347 224">
     <span class='ocr_line' id='line_1_50' title="bbox 993 199 1347 224; baseline 0.003 -1"><span class='ocrx_word' id='word_1_234' title='bbox 993 199 1172 224; x_wconf 72' lang='lat' dir='ltr'>BULLARIUM</span> <span class='ocrx_word' id='word_1_235' title='bbox 1197 199 1347 224; x_wconf 73' lang='lat' dir='ltr'><strong>ROMANUM</strong></span> 
     </span>
    </p>
   </div>
   <div class='ocr_carea' id='block_1_6' title="bbox 1182 247 1920 2492">
    <p class='ocr_par' dir='ltr' id='par_1_8' title="bbox 1185 247 1920 908">
     <span class='ocr_line' id='line_1_51' title="bbox 1233 247 1920 293; baseline 0.004 -14"><span class='ocrx_word' id='word_1_236' title='bbox 1233 257 1281 280; x_wconf 89' lang='lat'>111.</span> <span class='ocrx_word' id='word_1_237' title='bbox 1298 247 1429 281; x_wconf 81' lang='lat' dir='ltr'>Praevia</span> <span class='ocrx_word' id='word_1_238' title='bbox 1443 248 1748 290; x_wconf 55' lang='lat' dir='ltr'>confirmationem,</span> <span class='ocrx_word' id='word_1_239' title='bbox 1764 255 1920 293; x_wconf 87' lang='lat' dir='ltr'>quatenus</span> 
     </span>
     <span class='ocr_line' id='line_1_52' title="bbox 1189 299 1920 343; baseline 0.005 -12"><span class='ocrx_word' id='word_1_240' title='bbox 1189 310 1269 343; x_wconf 88' lang='lat' dir='ltr'>opus</span> <span class='ocrx_word' id='word_1_241' title='bbox 1294 299 1343 339; x_wconf 88' lang='lat' dir='ltr'>sit,</span> <span class='ocrx_word' id='word_1_242' title='bbox 1369 300 1579 334; x_wconf 83' lang='lat' dir='ltr'>innovatione</span> <span class='ocrx_word' id='word_1_243' title='bbox 1604 302 1801 335; x_wconf 86' lang='lat' dir='ltr'>definitionis</span> <span class='ocrx_word' id='word_1_244' title='bbox 1819 313 1862 336; x_wconf 75' lang='grc' dir='ltr'>ΧΠ</span> <span class='ocrx_word' id='word_1_245' title='bbox 1887 302 1920 335; x_wconf 91' lang='lat' dir='ltr'>in</span> 
     </span>
     <span class='ocr_line' id='line_1_53' title="bbox 1187 352 1920 395; baseline 0.007 -11"><span class='ocrx_word' id='word_1_246' title='bbox 1187 352 1326 395; x_wconf 89' lang='lat' dir='ltr'>capitulo</span> <span class='ocrx_word' id='word_1_247' title='bbox 1358 354 1501 395; x_wconf 84' lang='lat' dir='ltr'>generali</span> <span class='ocrx_word' id='word_1_248' title='bbox 1527 364 1660 387; x_wconf 86' lang='lat' dir='ltr'>romano</span> <span class='ocrx_word' id='word_1_249' title='bbox 1685 365 1839 395; x_wconf 66' lang='lat' dir='ltr'>itinchW,</span> <span class='ocrx_word' id='word_1_250' title='bbox 1865 355 1920 388; x_wconf 84' lang='lat' dir='ltr'>de-</span> 
     </span>
     <span class='ocr_line' id='line_1_54' title="bbox 1187 405 1920 448; baseline 0.005 -12"><span class='ocrx_word' id='word_1_251' title='bbox 1187 409 1309 436; x_wconf 88' lang='lat' dir='ltr'>cretum</span> <span class='ocrx_word' id='word_1_252' title='bbox 1335 405 1394 437; x_wconf 88' lang='lat' dir='ltr'>fuit</span> <span class='ocrx_word' id='word_1_253' title='bbox 1417 405 1543 448; x_wconf 87' lang='lat' dir='ltr'>priores</span> <span class='ocrx_word' id='word_1_254' title='bbox 1568 412 1693 439; x_wconf 87' lang='lat' dir='ltr'>creatos</span> <span class='ocrx_word' id='word_1_255' title='bbox 1712 412 1743 439; x_wconf 89' lang='lat' dir='ltr'>et</span> <span class='ocrx_word' id='word_1_256' title='bbox 1763 408 1920 440; x_wconf 85' lang='lat' dir='ltr'>creandos</span> 
     </span>
     <span class='ocr_line' id='line_1_55' title="bbox 1187 457 1919 502; baseline 0.005 -14"><span class='ocrx_word' id='word_1_257' title='bbox 1187 460 1261 499; x_wconf 87' lang='lat' dir='ltr'>post</span> <span class='ocrx_word' id='word_1_258' title='bbox 1285 457 1484 499; x_wconf 82' lang='lat' dir='ltr'>praedictam</span> <span class='ocrx_word' id='word_1_259' title='bbox 1509 457 1730 491; x_wconf 79' lang='lat' dir='ltr'>definitionem</span> <span class='ocrx_word' id='word_1_260' title='bbox 1748 464 1779 491; x_wconf 90' lang='lat' dir='ltr'>et</span> <span class='ocrx_word' id='word_1_261' title='bbox 1803 459 1919 502; x_wconf 86' lang='lat' dir='ltr'>capitu-</span> 
     </span>
     <span class='ocr_line' id='line_1_56' title="bbox 1186 510 1918 553; baseline 0.004 -11"><span class='ocrx_word' id='word_1_262' title='bbox 1186 510 1251 542; x_wconf 90' lang='lat' dir='ltr'>lum</span> <span class='ocrx_word' id='word_1_263' title='bbox 1276 511 1463 542; x_wconf 88' lang='lat' dir='ltr'>nullatenus</span> <span class='ocrx_word' id='word_1_264' title='bbox 1489 521 1584 553; x_wconf 87' lang='lat' dir='ltr'>posse</span> <span class='ocrx_word' id='word_1_265' title='bbox 1606 511 1726 544; x_wconf 85' lang='lat' dir='ltr'>habere</span> <span class='ocrx_word' id='word_1_266' title='bbox 1750 522 1861 544; x_wconf 87' lang='lat' dir='ltr'>vocem</span> <span class='ocrx_word' id='word_1_267' title='bbox 1887 512 1918 545; x_wconf 93' lang='lat' dir='ltr'>in</span> 
     </span>
     <span class='ocr_line' id='line_1_57' title="bbox 1186 561 1920 607; baseline 0.005 -14"><span class='ocrx_word' id='word_1_268' title='bbox 1186 561 1326 603; x_wconf 89' lang='lat' dir='ltr'>capitulo</span> <span class='ocrx_word' id='word_1_269' title='bbox 1359 562 1524 604; x_wconf 80' lang='lat' dir='ltr'>generali,</span> <span class='ocrx_word' id='word_1_270' title='bbox 1554 562 1853 607; x_wconf 83' lang='lat' dir='ltr'>praerogativisque</span> <span class='ocrx_word' id='word_1_271' title='bbox 1885 575 1920 597; x_wconf 88' lang='lat' dir='ltr'>ac</span> 
     </span>
     <span class='ocr_line' id='line_1_58' title="bbox 1186 613 1919 659; baseline 0.004 -14"><span class='ocrx_word' id='word_1_272' title='bbox 1186 613 1278 646; x_wconf 90' lang='lat' dir='ltr'>titulo</span> <span class='ocrx_word' id='word_1_273' title='bbox 1312 614 1457 656; x_wconf 86' lang='lat' dir='ltr'>priorum</span> <span class='ocrx_word' id='word_1_274' title='bbox 1482 619 1615 647; x_wconf 84' lang='lat' dir='ltr'>eatenus</span> <span class='ocrx_word' id='word_1_275' title='bbox 1641 616 1781 657; x_wconf 80' lang='lat' dir='ltr'>gaudere</span> <span class='ocrx_word' id='word_1_276' title='bbox 1807 621 1919 659; x_wconf 87' lang='lat' dir='ltr'>quate-</span> 
     </span>
     <span class='ocr_line' id='line_1_59' title="bbox 1185 666 1920 710; baseline 0.005 -13"><span class='ocrx_word' id='word_1_277' title='bbox 1185 676 1244 698; x_wconf 87' lang='lat' dir='ltr'>nus</span> <span class='ocrx_word' id='word_1_278' title='bbox 1270 666 1390 698; x_wconf 86' lang='lat' dir='ltr'>fuerint</span> <span class='ocrx_word' id='word_1_279' title='bbox 1408 666 1440 698; x_wconf 91' lang='lat' dir='ltr'>in</span> <span class='ocrx_word' id='word_1_280' title='bbox 1466 667 1581 699; x_wconf 88' lang='lat' dir='ltr'>actuali</span> <span class='ocrx_word' id='word_1_281' title='bbox 1603 668 1762 710; x_wconf 82' lang='lat' dir='ltr'>gubernio</span> <span class='ocrx_word' id='word_1_282' title='bbox 1779 679 1920 701; x_wconf 89' lang='lat' dir='ltr'>conven-</span> 
     </span>
     <span class='ocr_line' id='line_1_60' title="bbox 1186 719 1918 761; baseline 0.005 -12"><span class='ocrx_word' id='word_1_283' title='bbox 1186 723 1284 758; x_wconf 88' lang='lat' dir='ltr'>tuum;</span> <span class='ocrx_word' id='word_1_284' title='bbox 1305 729 1369 761; x_wconf 91' lang='lat' dir='ltr'>quo</span> <span class='ocrx_word' id='word_1_285' title='bbox 1388 723 1521 761; x_wconf 86' lang='lat' dir='ltr'>peracto</span> <span class='ocrx_word' id='word_1_286' title='bbox 1542 719 1649 752; x_wconf 89' lang='lat' dir='ltr'>redire</span> <span class='ocrx_word' id='word_1_287' title='bbox 1668 721 1770 753; x_wconf 85' lang='lat' dir='ltr'>teneri</span> <span class='ocrx_word' id='word_1_288' title='bbox 1786 721 1823 753; x_wconf 89' lang='lat' dir='ltr'>ad</span> <span class='ocrx_word' id='word_1_289' title='bbox 1841 732 1918 753; x_wconf 89' lang='lat' dir='ltr'>suae</span> 
     </span>
     <span class='ocr_line' id='line_1_61' title="bbox 1185 771 1919 816; baseline 0.004 -14"><span class='ocrx_word' id='word_1_290' title='bbox 1185 771 1396 813; x_wconf 83' lang='lat' dir='ltr'>professionis</span> <span class='ocrx_word' id='word_1_291' title='bbox 1421 772 1528 804; x_wconf 85' lang='lat' dir='ltr'>locum</span> <span class='ocrx_word' id='word_1_292' title='bbox 1553 773 1612 804; x_wconf 89' lang='lat' dir='ltr'>sub</span> <span class='ocrx_word' id='word_1_293' title='bbox 1638 775 1744 815; x_wconf 79' lang='lat' dir='ltr'>poena</span> <span class='ocrx_word' id='word_1_294' title='bbox 1768 773 1919 816; x_wconf 87' lang='lat' dir='ltr'>privatio-</span> 
     </span>
     <span class='ocr_line' id='line_1_62' title="bbox 1186 823 1920 868; baseline 0.005 -13"><span class='ocrx_word' id='word_1_295' title='bbox 1186 823 1235 855; x_wconf 85' lang='lat' dir='ltr'>nis</span> <span class='ocrx_word' id='word_1_296' title='bbox 1260 823 1348 856; x_wconf 90' lang='lat' dir='ltr'>vocis</span> <span class='ocrx_word' id='word_1_297' title='bbox 1374 824 1495 857; x_wconf 80' lang='lat' dir='ltr'>activae</span> <span class='ocrx_word' id='word_1_298' title='bbox 1512 829 1544 857; x_wconf 90' lang='lat' dir='ltr'>et</span> <span class='ocrx_word' id='word_1_299' title='bbox 1561 825 1708 867; x_wconf 84' lang='lat' dir='ltr'>passivae</span> <span class='ocrx_word' id='word_1_300' title='bbox 1726 836 1785 868; x_wconf 87' lang='lat' dir='ltr'>per</span> <span class='ocrx_word' id='word_1_301' title='bbox 1810 836 1920 859; x_wconf 79' lang='lat' dir='ltr'>sexen-</span> 
     </span>
     <span class='ocr_line' id='line_1_63' title="bbox 1185 876 1287 908; baseline 0 0"><span class='ocrx_word' id='word_1_302' title='bbox 1185 876 1287 908; x_wconf 87' lang='lat' dir='ltr'>nium.</span> 
     </span>
    </p>

    <p class='ocr_par' dir='ltr' id='par_1_9' title="bbox 1185 928 1920 1395">
     <span class='ocr_line' id='line_1_64' title="bbox 1229 928 1919 974; baseline 0.006 -13"><span class='ocrx_word' id='word_1_303' title='bbox 1229 939 1271 961; x_wconf 88' lang='lat' dir='ltr'>iv.</span> <span class='ocrx_word' id='word_1_304' title='bbox 1299 928 1470 961; x_wconf 81' lang='lat' dir='ltr'>Decretum</span> <span class='ocrx_word' id='word_1_305' title='bbox 1496 930 1571 969; x_wconf 88' lang='lat' dir='ltr'>suit,</span> <span class='ocrx_word' id='word_1_306' title='bbox 1599 931 1685 973; x_wconf 87' lang='lat' dir='ltr'>quod</span> <span class='ocrx_word' id='word_1_307' title='bbox 1709 930 1766 972; x_wconf 90' lang='lat' dir='ltr'>illi,</span> <span class='ocrx_word' id='word_1_308' title='bbox 1792 932 1844 974; x_wconf 94' lang='lat' dir='ltr'>qui</span> <span class='ocrx_word' id='word_1_309' title='bbox 1870 942 1919 965; x_wconf 87' lang='lat' dir='ltr'>ra-</span> 
     </span>
     <span class='ocr_line' id='line_1_65' title="bbox 1186 981 1918 1025; baseline 0.007 -13"><span class='ocrx_word' id='word_1_310' title='bbox 1186 981 1273 1013; x_wconf 90' lang='lat' dir='ltr'>tione</span> <span class='ocrx_word' id='word_1_311' title='bbox 1299 982 1440 1014; x_wconf 87' lang='lat' dir='ltr'>lecturae</span> <span class='ocrx_word' id='word_1_312' title='bbox 1460 992 1518 1014; x_wconf 89' lang='lat' dir='ltr'>seu</span> <span class='ocrx_word' id='word_1_313' title='bbox 1544 983 1795 1025; x_wconf 87' lang='lat' dir='ltr'>praedicationis</span> <span class='ocrx_word' id='word_1_314' title='bbox 1815 985 1918 1018; x_wconf 86' lang='lat' dir='ltr'>locum</span> 
     </span>
     <span class='ocr_line' id='line_1_66' title="bbox 1186 1035 1919 1079; baseline 0.005 -14"><span class='ocrx_word' id='word_1_315' title='bbox 1186 1038 1217 1065; x_wconf 90' lang='lat' dir='ltr'>et</span> <span class='ocrx_word' id='word_1_316' title='bbox 1240 1044 1350 1066; x_wconf 85' lang='lat' dir='ltr'>vocem</span> <span class='ocrx_word' id='word_1_317' title='bbox 1377 1044 1476 1076; x_wconf 89' lang='lat' dir='ltr'>super</span> <span class='ocrx_word' id='word_1_318' title='bbox 1500 1035 1579 1067; x_wconf 87' lang='lat' dir='ltr'>alios</span> <span class='ocrx_word' id='word_1_319' title='bbox 1606 1036 1784 1078; x_wconf 86' lang='lat' dir='ltr'>respective</span> <span class='ocrx_word' id='word_1_320' title='bbox 1809 1036 1919 1079; x_wconf 79' lang='lat' dir='ltr'>vigore</span> 
     </span>
     <span class='ocr_line' id='line_1_67' title="bbox 1186 1085 1918 1131; baseline 0.005 -13"><span class='ocrx_word' id='word_1_321' title='bbox 1186 1085 1382 1120; x_wconf 86' lang='lat' dir='ltr'>definitionis</span> <span class='ocrx_word' id='word_1_322' title='bbox 1397 1098 1453 1120; x_wconf 78' lang='lat' dir='ltr'>xiii</span> <span class='ocrx_word' id='word_1_323' title='bbox 1478 1087 1612 1131; x_wconf 88' lang='lat' dir='ltr'>praefati</span> <span class='ocrx_word' id='word_1_324' title='bbox 1630 1088 1763 1131; x_wconf 86' lang='lat' dir='ltr'>capituli</span> <span class='ocrx_word' id='word_1_325' title='bbox 1789 1099 1918 1131; x_wconf 73' lang='lat' dir='ltr'>genera-</span> 
     </span>
     <span class='ocr_line' id='line_1_68' title="bbox 1186 1138 1918 1181; baseline 0.004 -10"><span class='ocrx_word' id='word_1_326' title='bbox 1186 1138 1223 1171; x_wconf 93' lang='lat' dir='ltr'>lis</span> <span class='ocrx_word' id='word_1_327' title='bbox 1245 1139 1368 1172; x_wconf 88' lang='lat' dir='ltr'>romani</span> <span class='ocrx_word' id='word_1_328' title='bbox 1386 1149 1524 1173; x_wconf 81' lang='lat' dir='ltr'>MDCXLIV</span> <span class='ocrx_word' id='word_1_329' title='bbox 1542 1140 1751 1181; x_wconf 89' lang='lat' dir='ltr'>obtinuerint,</span> <span class='ocrx_word' id='word_1_330' title='bbox 1771 1142 1918 1174; x_wconf 89' lang='lat' dir='ltr'>eumdem</span> 
     </span>
     <span class='ocr_line' id='line_1_69' title="bbox 1185 1193 1919 1236; baseline 0.004 -11"><span class='ocrx_word' id='word_1_331' title='bbox 1185 1193 1293 1225; x_wconf 87' lang='lat' dir='ltr'>locum</span> <span class='ocrx_word' id='word_1_332' title='bbox 1314 1197 1346 1225; x_wconf 89' lang='lat' dir='ltr'>et</span> <span class='ocrx_word' id='word_1_333' title='bbox 1368 1193 1626 1236; x_wconf 79' lang='lat' dir='ltr'>praerogativam</span> <span class='ocrx_word' id='word_1_334' title='bbox 1643 1194 1805 1227; x_wconf 86' lang='lat' dir='ltr'>retineant</span> <span class='ocrx_word' id='word_1_335' title='bbox 1822 1195 1919 1228; x_wconf 82' lang='lat' dir='ltr'>etiam</span> 
     </span>
     <span class='ocr_line' id='line_1_70' title="bbox 1186 1246 1918 1289; baseline 0.005 -13"><span class='ocrx_word' id='word_1_336' title='bbox 1186 1250 1338 1288; x_wconf 87' lang='lat' dir='ltr'>respectu</span> <span class='ocrx_word' id='word_1_337' title='bbox 1359 1255 1471 1278; x_wconf 89' lang='lat' dir='ltr'>eorum</span> <span class='ocrx_word' id='word_1_338' title='bbox 1498 1246 1551 1289; x_wconf 90' lang='lat' dir='ltr'>qui</span> <span class='ocrx_word' id='word_1_339' title='bbox 1574 1247 1682 1279; x_wconf 90' lang='lat' dir='ltr'>locum</span> <span class='ocrx_word' id='word_1_340' title='bbox 1700 1251 1731 1279; x_wconf 91' lang='lat' dir='ltr'>et</span> <span class='ocrx_word' id='word_1_341' title='bbox 1746 1257 1859 1280; x_wconf 90' lang='lat' dir='ltr'>vocem</span> <span class='ocrx_word' id='word_1_342' title='bbox 1881 1258 1918 1280; x_wconf 83' lang='lat' dir='ltr'>ex</span> 
     </span>
     <span class='ocr_line' id='line_1_71' title="bbox 1185 1297 1920 1343; baseline 0.005 -14"><span class='ocrx_word' id='word_1_343' title='bbox 1185 1298 1213 1329; x_wconf 95' lang='lat' dir='ltr'>vi</span> <span class='ocrx_word' id='word_1_344' title='bbox 1240 1297 1343 1330; x_wconf 88' lang='lat' dir='ltr'>dictae</span> <span class='ocrx_word' id='word_1_345' title='bbox 1369 1297 1569 1332; x_wconf 85' lang='lat' dir='ltr'>definitionis</span> <span class='ocrx_word' id='word_1_346' title='bbox 1594 1304 1669 1342; x_wconf 90' lang='lat' dir='ltr'>post</span> <span class='ocrx_word' id='word_1_347' title='bbox 1699 1299 1806 1343; x_wconf 87' lang='lat' dir='ltr'>ipsum</span> <span class='ocrx_word' id='word_1_348' title='bbox 1832 1310 1920 1333; x_wconf 85' lang='lat' dir='ltr'>asse·</span> 
     </span>
     <span class='ocr_line' id='line_1_72' title="bbox 1186 1350 1917 1395; baseline 0.005 -13"><span class='ocrx_word' id='word_1_349' title='bbox 1186 1350 1248 1383; x_wconf 89' lang='lat' dir='ltr'>cuti</span> <span class='ocrx_word' id='word_1_350' title='bbox 1267 1351 1384 1384; x_wconf 88' lang='lat' dir='ltr'>fuerint</span> <span class='ocrx_word' id='word_1_351' title='bbox 1402 1351 1479 1384; x_wconf 89' lang='lat' dir='ltr'>licet</span> <span class='ocrx_word' id='word_1_352' title='bbox 1495 1352 1700 1395; x_wconf 88' lang='lat' dir='ltr'>professione</span> <span class='ocrx_word' id='word_1_353' title='bbox 1729 1353 1917 1386; x_wconf 88' lang='lat' dir='ltr'>anteriores.</span> 
     </span>
    </p>

    <p class='ocr_par' dir='ltr' id='par_1_10' title="bbox 1185 1404 1920 1753">
     <span class='ocr_line' id='line_1_73' title="bbox 1228 1404 1918 1448; baseline 0.004 -12"><span class='ocrx_word' id='word_1_354' title='bbox 1228 1414 1258 1436; x_wconf 91' lang='lat' dir='ltr'>v.</span> <span class='ocrx_word' id='word_1_355' title='bbox 1286 1404 1454 1437; x_wconf 83' lang='lat' dir='ltr'>Decretum</span> <span class='ocrx_word' id='word_1_356' title='bbox 1474 1405 1542 1445; x_wconf 86' lang='lat' dir='ltr'>fuit,</span> <span class='ocrx_word' id='word_1_357' title='bbox 1562 1406 1660 1448; x_wconf 89' lang='lat' dir='ltr'>quod,</span> <span class='ocrx_word' id='word_1_358' title='bbox 1679 1406 1764 1438; x_wconf 89' lang='lat' dir='ltr'>inter</span> <span class='ocrx_word' id='word_1_359' title='bbox 1792 1406 1918 1448; x_wconf 85' lang='lat' dir='ltr'>priores</span> 
     </span>
     <span class='ocr_line' id='line_1_74' title="bbox 1186 1456 1920 1500; baseline 0.004 -12"><span class='ocrx_word' id='word_1_360' title='bbox 1186 1456 1303 1499; x_wconf 87' lang='lat' dir='ltr'>quibus</span> <span class='ocrx_word' id='word_1_361' title='bbox 1322 1457 1483 1500; x_wconf 89' lang='lat' dir='ltr'>prioratus</span> <span class='ocrx_word' id='word_1_362' title='bbox 1505 1458 1622 1500; x_wconf 84' lang='lat' dir='ltr'>gradus</span> <span class='ocrx_word' id='word_1_363' title='bbox 1641 1458 1785 1491; x_wconf 88' lang='lat' dir='ltr'>fueritin</span> <span class='ocrx_word' id='word_1_364' title='bbox 1804 1459 1920 1491; x_wconf 89' lang='lat' dir='ltr'>eodem</span> 
     </span>
     <span class='ocr_line' id='line_1_75' title="bbox 1186 1509 1918 1554; baseline 0.004 -13"><span class='ocrx_word' id='word_1_365' title='bbox 1186 1509 1370 1543; x_wconf 86' lang='lat' dir='ltr'>definitorio</span> <span class='ocrx_word' id='word_1_366' title='bbox 1402 1511 1561 1550; x_wconf 89' lang='lat' dir='ltr'>collatus,</span> <span class='ocrx_word' id='word_1_367' title='bbox 1602 1512 1835 1554; x_wconf 83' lang='lat' dir='ltr'>praecedentia</span> <span class='ocrx_word' id='word_1_368' title='bbox 1872 1511 1918 1545; x_wconf 95' lang='lat' dir='ltr'>illi</span> 
     </span>
     <span class='ocr_line' id='line_1_76' title="bbox 1186 1563 1920 1606; baseline 0.003 -12"><span class='ocrx_word' id='word_1_369' title='bbox 1186 1567 1351 1605; x_wconf 82' lang='lat' dir='ltr'>competat</span> <span class='ocrx_word' id='word_1_370' title='bbox 1378 1563 1432 1606; x_wconf 89' lang='lat' dir='ltr'>qui</span> <span class='ocrx_word' id='word_1_371' title='bbox 1458 1563 1490 1595; x_wconf 88' lang='lat' dir='ltr'>in</span> <span class='ocrx_word' id='word_1_372' title='bbox 1515 1563 1718 1606; x_wconf 83' lang='lat' dir='ltr'>professione</span> <span class='ocrx_word' id='word_1_373' title='bbox 1744 1564 1841 1597; x_wconf 84' lang='lat' dir='ltr'>fuerit</span> <span class='ocrx_word' id='word_1_374' title='bbox 1865 1574 1920 1596; x_wconf 87' lang='lat' dir='ltr'>an-</span> 
     </span>
     <span class='ocr_line' id='line_1_77' title="bbox 1187 1615 1919 1659; baseline 0.001 -12"><span class='ocrx_word' id='word_1_375' title='bbox 1187 1615 1293 1657; x_wconf 85' lang='lat' dir='ltr'>terior,</span> <span class='ocrx_word' id='word_1_376' title='bbox 1321 1615 1446 1647; x_wconf 86' lang='lat' dir='ltr'>etiamsi</span> <span class='ocrx_word' id='word_1_377' title='bbox 1472 1616 1580 1648; x_wconf 85' lang='lat' dir='ltr'>forsan</span> <span class='ocrx_word' id='word_1_378' title='bbox 1604 1615 1638 1648; x_wconf 93' lang='lat' dir='ltr'>in</span> <span class='ocrx_word' id='word_1_379' title='bbox 1662 1616 1836 1659; x_wconf 87' lang='lat' dir='ltr'>posteriori</span> <span class='ocrx_word' id='word_1_380' title='bbox 1854 1626 1919 1648; x_wconf 88' lang='lat' dir='ltr'>ses-</span> 
     </span>
     <span class='ocr_line' id='line_1_78' title="bbox 1186 1667 1920 1712; baseline 0.003 -12"><span class='ocrx_word' id='word_1_381' title='bbox 1186 1668 1277 1701; x_wconf 87' lang='lat' dir='ltr'>sione</span> <span class='ocrx_word' id='word_1_382' title='bbox 1303 1668 1446 1701; x_wconf 87' lang='lat' dir='ltr'>eiusdem</span> <span class='ocrx_word' id='word_1_383' title='bbox 1471 1667 1648 1701; x_wconf 85' lang='lat' dir='ltr'>definitorii</span> <span class='ocrx_word' id='word_1_384' title='bbox 1672 1669 1814 1701; x_wconf 87' lang='lat' dir='ltr'>fueritin</span> <span class='ocrx_word' id='word_1_385' title='bbox 1832 1669 1920 1712; x_wconf 90' lang='lat' dir='ltr'>prio-</span> 
     </span>
     <span class='ocr_line' id='line_1_79' title="bbox 1185 1721 1678 1753; baseline 0.002 -1"><span class='ocrx_word' id='word_1_386' title='bbox 1185 1730 1253 1753; x_wconf 87' lang='lat' dir='ltr'>rem</span> <span class='ocrx_word' id='word_1_387' title='bbox 1271 1725 1448 1753; x_wconf 88' lang='lat' dir='ltr'>conventus</span> <span class='ocrx_word' id='word_1_388' title='bbox 1474 1721 1678 1753; x_wconf 88' lang='lat' dir='ltr'>constitutus.</span> 
     </span>
    </p>

    <p class='ocr_par' dir='ltr' id='par_1_11' title="bbox 1182 1772 1920 2492">
     <span class='ocr_line' id='line_1_80' title="bbox 1229 1772 1919 1816; baseline 0.003 -10"><span class='ocrx_word' id='word_1_389' title='bbox 1229 1783 1272 1806; x_wconf 84' lang='lat' dir='ltr'>vi.</span> <span class='ocrx_word' id='word_1_390' title='bbox 1300 1772 1392 1806; x_wconf 86' lang='lat' dir='ltr'>Cum¹</span> <span class='ocrx_word' id='word_1_391' title='bbox 1418 1774 1595 1816; x_wconf 83' lang='lat' dir='ltr'>legitimam</span> <span class='ocrx_word' id='word_1_392' title='bbox 1619 1785 1674 1807; x_wconf 89' lang='lat' dir='ltr'>seu</span> <span class='ocrx_word' id='word_1_393' title='bbox 1693 1774 1919 1808; x_wconf 87' lang='lat' dir='ltr'>rationabilem</span> 
     </span>
     <span class='ocr_line' id='line_1_81' title="bbox 1185 1828 1919 1872; baseline 0.004 -14"><span class='ocrx_word' id='word_1_394' title='bbox 1185 1837 1327 1866; x_wconf 89' lang='lat' dir='ltr'>causam,</span> <span class='ocrx_word' id='word_1_395' title='bbox 1354 1833 1489 1870; x_wconf 88' lang='lat' dir='ltr'>propter</span> <span class='ocrx_word' id='word_1_396' title='bbox 1514 1838 1611 1871; x_wconf 86' lang='lat' dir='ltr'>quam</span> <span class='ocrx_word' id='word_1_397' title='bbox 1635 1828 1732 1861; x_wconf 88' lang='lat' dir='ltr'>liceat</span> <span class='ocrx_word' id='word_1_398' title='bbox 1755 1828 1919 1872; x_wconf 81' lang='lat' dir='ltr'>prioribus</span> 
     </span>
     <span class='ocr_line' id='line_1_82' title="bbox 1185 1886 1920 1925; baseline 0.004 -14"><span class='ocrx_word' id='word_1_399' title='bbox 1185 1890 1344 1920; x_wconf 85' lang='lat' dir='ltr'>recusare,</span> <span class='ocrx_word' id='word_1_400' title='bbox 1362 1890 1420 1912; x_wconf 90' lang='lat' dir='ltr'>seu</span> <span class='ocrx_word' id='word_1_401' title='bbox 1444 1891 1508 1913; x_wconf 91' lang='lat' dir='ltr'>non</span> <span class='ocrx_word' id='word_1_402' title='bbox 1526 1886 1706 1925; x_wconf 89' lang='lat' dir='ltr'>acceptare,</span> <span class='ocrx_word' id='word_1_403' title='bbox 1726 1886 1779 1914; x_wconf 88' lang='lat' dir='ltr'>aut</span> <span class='ocrx_word' id='word_1_404' title='bbox 1803 1892 1920 1914; x_wconf 88' lang='lat' dir='ltr'>renun-</span> 
     </span>
     <span class='ocr_line' id='line_1_83' title="bbox 1186 1932 1919 1975; baseline 0.001 -11"><span class='ocrx_word' id='word_1_405' title='bbox 1186 1932 1268 1965; x_wconf 89' lang='lat' dir='ltr'>tiare</span> <span class='ocrx_word' id='word_1_406' title='bbox 1282 1933 1404 1965; x_wconf 90' lang='lat' dir='ltr'>actuale</span> <span class='ocrx_word' id='word_1_407' title='bbox 1419 1933 1610 1975; x_wconf 84' lang='lat' dir='ltr'>gubernium</span> <span class='ocrx_word' id='word_1_408' title='bbox 1622 1938 1845 1973; x_wconf 88' lang='lat' dir='ltr'>conventuum,</span> <span class='ocrx_word' id='word_1_409' title='bbox 1861 1934 1919 1965; x_wconf 88' lang='lat' dir='ltr'>suit</span> 
     </span>
     <span class='ocr_line' id='line_1_84' title="bbox 1186 1986 1917 2029; baseline 0 -11"><span class='ocrx_word' id='word_1_410' title='bbox 1186 1986 1360 2026; x_wconf 87' lang='lat' dir='ltr'>decretum,</span> <span class='ocrx_word' id='word_1_411' title='bbox 1379 1986 1476 2029; x_wconf 83' lang='lat' dir='ltr'>quod,</span> <span class='ocrx_word' id='word_1_412' title='bbox 1496 1986 1521 2018; x_wconf 83' lang='lat' dir='ltr'>si</span> <span class='ocrx_word' id='word_1_413' title='bbox 1544 1986 1726 2019; x_wconf 87' lang='lat' dir='ltr'>huiusmodi</span> <span class='ocrx_word' id='word_1_414' title='bbox 1747 1987 1917 2025; x_wconf 87' lang='lat' dir='ltr'>recusatio,</span> 
     </span>
     <span class='ocr_line' id='line_1_85' title="bbox 1186 2038 1919 2081; baseline 0.001 -12"><span class='ocrx_word' id='word_1_415' title='bbox 1186 2043 1318 2070; x_wconf 87' lang='lat' dir='ltr'>autnon</span> <span class='ocrx_word' id='word_1_416' title='bbox 1336 2038 1523 2081; x_wconf 83' lang='lat' dir='ltr'>acceptatio,</span> <span class='ocrx_word' id='word_1_417' title='bbox 1543 2044 1596 2071; x_wconf 91' lang='lat' dir='ltr'>aut</span> <span class='ocrx_word' id='word_1_418' title='bbox 1611 2039 1815 2071; x_wconf 87' lang='lat' dir='ltr'>renunciatio</span> <span class='ocrx_word' id='word_1_419' title='bbox 1838 2039 1919 2071; x_wconf 84' lang='lat' dir='ltr'>sacta</span> 
     </span>
     <span class='ocr_line' id='line_1_86' title="bbox 1185 2091 1917 2134; baseline 0 -11"><span class='ocrx_word' id='word_1_420' title='bbox 1185 2091 1280 2123; x_wconf 88' lang='lat' dir='ltr'>suerit</span> <span class='ocrx_word' id='word_1_421' title='bbox 1294 2091 1428 2123; x_wconf 92' lang='lat' dir='ltr'>durante</span> <span class='ocrx_word' id='word_1_422' title='bbox 1439 2091 1579 2134; x_wconf 88' lang='lat' dir='ltr'>capitulo</span> <span class='ocrx_word' id='word_1_423' title='bbox 1593 2091 1735 2134; x_wconf 78' lang='lat' dir='ltr'>generali</span> <span class='ocrx_word' id='word_1_424' title='bbox 1749 2102 1807 2123; x_wconf 90' lang='lat' dir='ltr'>seu</span> <span class='ocrx_word' id='word_1_425' title='bbox 1821 2091 1917 2130; x_wconf 78' lang='lat' dir='ltr'>dieta,</span> 
     </span>
     <span class='ocr_line' id='line_1_87' title="bbox 1184 2143 1918 2186; baseline 0 -10"><span class='ocrx_word' id='word_1_426' title='bbox 1184 2145 1223 2177; x_wconf 89' lang='lat' dir='ltr'>ad</span> <span class='ocrx_word' id='word_1_427' title='bbox 1248 2144 1399 2176; x_wconf 85' lang='lat' dir='ltr'>iudicium</span> <span class='ocrx_word' id='word_1_428' title='bbox 1421 2143 1593 2176; x_wconf 80' lang='lat' dir='ltr'>definitorii</span> <span class='ocrx_word' id='word_1_429' title='bbox 1615 2144 1794 2186; x_wconf 77' lang='lat' dir='ltr'>pertineat3</span> <span class='ocrx_word' id='word_1_430' title='bbox 1822 2144 1846 2176; x_wconf 89' lang='lat' dir='ltr'>si</span> <span class='ocrx_word' id='word_1_431' title='bbox 1864 2155 1918 2176; x_wconf 88' lang='lat' dir='ltr'>au-</span> 
     </span>
     <span class='ocr_line' id='line_1_88' title="bbox 1184 2197 1918 2240; baseline -0.001 -11"><span class='ocrx_word' id='word_1_432' title='bbox 1184 2202 1247 2229; x_wconf 89' lang='lat' dir='ltr'>tem</span> <span class='ocrx_word' id='word_1_433' title='bbox 1269 2201 1357 2229; x_wconf 85' lang='lat' dir='ltr'>extra</span> <span class='ocrx_word' id='word_1_434' title='bbox 1382 2197 1444 2229; x_wconf 84' lang='lat' dir='ltr'>tale</span> <span class='ocrx_word' id='word_1_435' title='bbox 1465 2202 1592 2240; x_wconf 89' lang='lat' dir='ltr'>tempus</span> <span class='ocrx_word' id='word_1_436' title='bbox 1614 2197 1842 2235; x_wconf 52' lang='lat' dir='ltr'>accideritsad</span> <span class='ocrx_word' id='word_1_437' title='bbox 1862 2208 1918 2240; x_wconf 88' lang='lat' dir='ltr'>pa-</span> 
     </span>
     <span class='ocr_line' id='line_1_89' title="bbox 1183 2248 1918 2291; baseline 0 -10"><span class='ocrx_word' id='word_1_438' title='bbox 1183 2254 1264 2281; x_wconf 90' lang='lat' dir='ltr'>trem</span> <span class='ocrx_word' id='word_1_439' title='bbox 1289 2248 1442 2280; x_wconf 88' lang='lat' dir='ltr'>vicarium</span> <span class='ocrx_word' id='word_1_440' title='bbox 1466 2250 1650 2291; x_wconf 78' lang='lat' dir='ltr'>generalem</span> <span class='ocrx_word' id='word_1_441' title='bbox 1670 2249 1822 2290; x_wconf 80' lang='lat' dir='ltr'>iudicium</span> <span class='ocrx_word' id='word_1_442' title='bbox 1848 2259 1918 2291; x_wconf 85' lang='lat' dir='ltr'>spe-</span> 
     </span>
     <span class='ocr_line' id='line_1_90' title="bbox 1183 2301 1915 2344; baseline -0.001 -11"><span class='ocrx_word' id='word_1_443' title='bbox 1183 2305 1248 2333; x_wconf 85' lang='lat' dir='ltr'>ctet</span> <span class='ocrx_word' id='word_1_444' title='bbox 1271 2301 1366 2333; x_wconf 86' lang='lat' dir='ltr'>etiam</span> <span class='ocrx_word' id='word_1_445' title='bbox 1391 2301 1575 2333; x_wconf 86' lang='lat' dir='ltr'>auctoritate</span> <span class='ocrx_word' id='word_1_446' title='bbox 1609 2301 1738 2344; x_wconf 87' lang='lat' dir='ltr'>capituli</span> <span class='ocrx_word' id='word_1_447' title='bbox 1756 2301 1915 2344; x_wconf 80' lang='lat' dir='ltr'>generalis</span> 
     </span>
     <span class='ocr_line' id='line_1_91' title="bbox 1183 2353 1915 2396; baseline 0 -11"><span class='ocrx_word' id='word_1_448' title='bbox 1183 2364 1239 2386; x_wconf 89' lang='lat' dir='ltr'>seu</span> <span class='ocrx_word' id='word_1_449' title='bbox 1267 2353 1380 2393; x_wconf 84' lang='lat' dir='ltr'>dietae,</span> <span class='ocrx_word' id='word_1_450' title='bbox 1395 2364 1465 2386; x_wconf 88' lang='lat' dir='ltr'>cum</span> <span class='ocrx_word' id='word_1_451' title='bbox 1490 2358 1563 2386; x_wconf 84' lang='lat' dir='ltr'>voto</span> <span class='ocrx_word' id='word_1_452' title='bbox 1589 2355 1702 2387; x_wconf 83' lang='lat' dir='ltr'>saltem</span> <span class='ocrx_word' id='word_1_453' title='bbox 1724 2358 1863 2396; x_wconf 88' lang='lat' dir='ltr'>quatuor</span> <span class='ocrx_word' id='word_1_454' title='bbox 1879 2363 1915 2386; x_wconf 69' lang='lat' dir='ltr'>ex</span> 
     </span>
     <span class='ocr_line' id='line_1_92' title="bbox 1182 2406 1916 2450; baseline 0 -12"><span class='ocrx_word' id='word_1_455' title='bbox 1182 2406 1327 2449; x_wconf 83' lang='lat' dir='ltr'>patribus</span> <span class='ocrx_word' id='word_1_456' title='bbox 1365 2407 1418 2450; x_wconf 90' lang='lat' dir='ltr'>qui</span> <span class='ocrx_word' id='word_1_457' title='bbox 1454 2407 1502 2439; x_wconf 89' lang='lat' dir='ltr'>ius</span> <span class='ocrx_word' id='word_1_458' title='bbox 1538 2407 1681 2440; x_wconf 85' lang='lat' dir='ltr'>habeant</span> <span class='ocrx_word' id='word_1_459' title='bbox 1709 2406 1916 2448; x_wconf 84' lang='lat' dir='ltr'>ingrediendi</span> 
     </span>
     <span class='ocr_line' id='line_1_93' title="bbox 1183 2459 1378 2492; baseline -0.005 0"><span class='ocrx_word' id='word_1_460' title='bbox 1183 2459 1378 2492; x_wconf 84' lang='lat' dir='ltr'>definitoria.</span> 
     </span>
    </p>
   </div>
   <div class='ocr_carea' id='block_1_7' title="bbox 1216 2572 1879 2611">
    <p class='ocr_par' dir='ltr' id='par_1_12' title="bbox 1216 2572 1879 2611">
     <span class='ocr_line' id='line_1_94' title="bbox 1216 2572 1879 2611; baseline 0.003 -12"><span class='ocrx_word' id='word_1_461' title='bbox 1216 2573 1228 2600; x_wconf 88' lang='lat'><strong>1</strong></span> <span class='ocrx_word' id='word_1_462' title='bbox 1251 2572 1359 2600; x_wconf 86' lang='lat' dir='ltr'>Videtur</span> <span class='ocrx_word' id='word_1_463' title='bbox 1374 2573 1516 2609; x_wconf 84' lang='lat' dir='ltr'>legendum</span> <span class='ocrx_word' id='word_1_464' title='bbox 1532 2574 1615 2602; x_wconf 73' lang='lat' dir='ltr'>Circa</span> <span class='ocrx_word' id='word_1_465' title='bbox 1630 2581 1677 2611; x_wconf 90' lang='lat' dir='ltr'>pro</span> <span class='ocrx_word' id='word_1_466' title='bbox 1695 2573 1763 2601; x_wconf 84' lang='lat' dir='ltr'>Cum</span> <span class='ocrx_word' id='word_1_467' title='bbox 1777 2574 1814 2609; x_wconf 73' lang='lat' dir='ltr'>(R.</span> <span class='ocrx_word' id='word_1_468' title='bbox 1830 2575 1879 2608; x_wconf 77' lang='lat' dir='ltr'>T.)-</span> 
     </span>
    </p>
   </div>
   <div class='ocr_carea' id='block_1_8' title="bbox 1929 201 2111 230">
    <p class='ocr_par' dir='ltr' id='par_1_13' title="bbox 1929 201 2111 230">
     <span class='ocr_line' id='line_1_95' title="bbox 1929 201 2111 230; baseline 0.016 -3"><span class='ocrx_word' id='word_1_469' title='bbox 1929 201 1978 229; x_wconf 68' lang='grc' dir='ltr'>ΑΒ,</span> <span class='ocrx_word' id='word_1_470' title='bbox 1999 202 2027 230; x_wconf 85' lang='lat' dir='ltr'>C.</span> <span class='ocrx_word' id='word_1_471' title='bbox 2046 203 2111 230; x_wconf 65' lang='lat'>1664</span> 
     </span>
    </p>
   </div>
  </div>
 </body>
</html>
