2247 3208
148 203 198 231 An.
213 202 241 228 C.
268 203 333 230 lfissss

157 842 328 862 D‹›2⁵1·.=t·11ut‘nn-

140 869 190 889 tat-1
210 871 316 889 coutzrmat

170 2109 290 2132 clausulas.

930 204 1117 228 ALEXANDER
1143 205 1186 228 vil
1213 206 1260 228 PP-

347 262 404 284 seu
431 252 614 291 domorum,
633 256 664 284 et
689 251 746 283 sul»
773 252 886 295 quovis
912 252 1005 285 titulo
1028 252 1082 284 lia-

346 302 540 337 bitationum
554 305 752 337 eret-tionem
771 305 890 347 absque
907 304 996 338 Sedis
1011 305 1080 347 Apo

346 357 480 390 stolieae
516 356 646 390 lieentia
678 363 789 390 contra
824 363 967 390 tenorem
1002 357 1079 389 dieti

346 410 455 442 Brevis
480 410 514 442 in
538 411 680 453 praefata
712 410 879 454 provincia
911 420 982 441 esse
1006 420 1081 453 pro-

345 462 522 496 hibendam
547 468 579 495 et
603 462 893 501 intordhendunss,
911 468 1006 505 prout
1026 462 1081 494 ba-

345 526 414 547 rum
440 515 523 548 serie
558 516 712 558 prohibet
737 521 767 548 et
791 514 975 554 interdicit·,
1005 524 1081 546 con-

347 568 451 601 trariis
477 568 730 612 quibuscumque
768 579 833 601 non
865 567 1076 600 obstantibus.

345 621 464 655 Romae
488 632 532 655 xli
557 621 691 654 ianuarii
716 630 852 654 uncini.

598 674 636 706 M.
665 673 836 706 cardinalis
861 673 1032 707 CINE'STt'S.

384 727 419 760 E.
435 727 604 770 episeopus
617 726 860 766 Camerinensis,
874 726 1076 759 secretarius.

476 779 560 812 Loco
585 781 607 820 †
632 778 728 821 sigilli
750 791 780 810 n.

387 832 401 875 ἓ
426 830 457 864 ⁶2.
484 831 562 864 Cum
585 836 702 871 autem,
721 831 801 863 sieut
821 831 922 864 dietus
944 832 1079 864 Bernar-

344 885 437 918 dinus
456 885 550 918 nobis
574 895 677 928 nuper
701 885 818 928 exponi
838 885 918 923 feeit,
938 886 1005 929 ipse
1027 886 1080 919 de-

343 942 464 970 cretum
497 938 697 979 huiusmodi,
732 949 789 981 pro
824 938 909 971 illius
946 938 1078 971 firmiori

343 990 565 1031 subsistentia,
595 991 792 1034 apostolicae
826 990 1078 1024 confirmationis

343 1049 470 1077 nostrae
507 1044 687 1087 patrocinio
722 1045 910 1078 communiri
942 1056 1079 1078 summo-

343 1108 419 1140 pere
438 1097 615 1130 desideret:
636 1108 704 1137 nos,
724 1097 826 1141 ipsum
846 1098 1077 1131 Bernardinum

343 1150 539 1193 specialibus
564 1150 724 1184 favoribus
745 1156 775 1183 et
793 1151 901 1193 gratiis
925 1152 1077 1195 prosequi

343 1204 506 1243 volentes,
533 1209 564 1236 et
587 1215 605 1236 a
629 1204 792 1247 quibusvis
825 1205 1078 1237 exeommunica-

343 1256 452 1295 tionis,
479 1256 699 1300 suspensIOuis
724 1262 755 1290 et
779 1256 962 1297 interdicti,
995 1258 1079 1291 aliis-

343 1320 405 1353 que
430 1309 654 1342 ecclesiasticis
679 1310 858 1350 sententiis,
885 1310 1025 1343 censuris
1047 1316 1078 1343 et

342 1362 456 1406 poenis
472 1389 479 1401 ,
505 1373 521 1394 a
545 1362 613 1395 iure
649 1364 697 1395 vel
723 1363 761 1395 ab
787 1363 919 1396 homine
935 1390 942 1403 ,
969 1363 1077 1406 quavis

343 1414 515 1448 occasione
539 1416 588 1448 vel
609 1417 707 1448 eausa
726 1415 807 1455 latis,
826 1415 982 1459 siquibus
1000 1427 1078 1458 quo-

341 1469 523 1502 modolibet
546 1468 718 1502 innodatus
736 1469 850 1508 existit,
869 1470 908 1502 ad
930 1469 1076 1502 effectum

342 1522 559 1565 praesentium
593 1523 758 1554 dumtaxat
793 1523 1076 1566 consequendum,

343 1575 456 1607 harum
491 1574 573 1607 serie
611 1575 816 1608 absolventes
841 1580 873 1608 et
897 1575 1077 1608 absolutum

343 1628 411 1660 fore
429 1632 610 1667 censentes,
628 1628 918 1671 supplicationilms
937 1628 1004 1660 eius
1022 1639 1078 1661 uo-

342 1680 429 1712 mine
455 1680 549 1713 nobis
571 1691 669 1724 super
694 1681 756 1714 hoc
781 1681 944 1714 humiliter
968 1692 1079 1724 porre-

343 1733 400 1766 ctis
418 1733 571 1772 inclinati,
589 1734 754 1766 decretum
768 1734 1011 1777 praeinsertum,
1027 1745 1079 1766 au-
1094 1751 1095 1756 =

343 1785 490 1818 ctoritate
511 1786 699 1829 apostoliea,
719 1792 830 1819 tenore
848 1786 1076 1830 praesentium,

343 1838 569 1871 confirmamus
595 1844 626 1870 et
650 1839 878 1882 approbamus,
904 1839 1015 1882 illique
1033 1839 1079 1871 in-

342 1890 503 1923 violabilis
548 1891 744 1934 apostolieae
783 1890 941 1923 firmitatis
980 1891 1079 1924 robur

343 1944 525 1984 adiieimus3
542 1945 627 1977 salva
648 1949 753 1977 tamen
779 1954 908 1987 semper
932 1944 963 1976 in
989 1954 1080 1987 prae-

343 1998 448 2030 missis
480 1997 668 2030 auetoritate
708 1998 872 2040 praefatae
905 2007 1079 2040 congrega-

345 2050 440 2083 tionis
465 2050 687 2083 cardinalium.

387 2103 401 2147 g
425 2103 456 2137 3.
491 2103 707 2135 Decernentes
740 2103 867 2136 easdem
895 2107 1079 2145 praesentes

343 2156 464 2189 litteras
489 2166 615 2198 semper
639 2154 754 2194 firmas,
780 2155 902 2188 validas
926 2160 958 2187 et
974 2154 1081 2188 estiea-

343 2219 394 2241 ees
419 2208 556 2242 existere
581 2214 612 2240 et
637 2208 715 2247 sore,
741 2218 879 2251 suosque
915 2208 1080 2251 plenarios

343 2267 374 2294 et
398 2261 543 2303 integros
569 2260 700 2293 ess'ectus
725 2260 831 2292 sortiri
857 2266 888 2293 et
911 2260 1078 2299 obtinere,

343 2326 379 2347 ac
403 2314 475 2353 illis,
502 2314 541 2346 ad
567 2324 647 2357 quos
668 2318 790 2356 spectat
807 2318 837 2346 et
857 2324 915 2356 pro
935 2318 1081 2356 tempore

343 2366 520 2411 spectabit,
547 2366 732 2409 plenissime
765 2365 930 2408 suffragari
946 2393 953 2405 ‚
980 2377 1016 2398 ae
1040 2367 1079 2398 ab

343 2420 407 2453 illis
431 2419 607 2462 respective
632 2418 862 2451 inviolabiliter
892 2418 1078 2458 observari,

343 2473 452 2516 sicque
487 2472 519 2504 in
552 2471 735 2515 praemissis
771 2482 829 2514 per
862 2482 1079 2514 quoscumque

380 2545 388 2569 1
414 2542 462 2569 Ed.
478 2542 557 2569 Main.
578 2541 661 2569 habet
677 2541 889 2576 prohibendum
909 2544 935 2569 et
954 2541 1079 2570 interdi-

342 2587 466 2614 cendum
480 2590 518 2621 (R.
535 2586 582 2620 ΤΣ).

409 2640 487 2667 Ball.
510 2640 592 2666 Rom.
617 2655 645 2657 —
670 2638 726 2666 Vol.
752 2637 843 2665 XVII.
989 2639 1020 2667 17

1760 194 1818 227 12³)

1116 252 1235 284 iudices
1272 251 1454 285 ordinarios
1479 256 1510 285 et
1543 252 1726 294 delegatos,
1754 252 1849 283 etiam

1115 315 1279 337 causarum
1297 304 1407 348 palatii
1427 304 1595 348 apostolici
1614 304 1786 343 auditores,
1806 304 1850 335 iu-

1115 357 1212 389 dicari
1238 362 1269 389 et
1293 356 1418 390 definiri
1444 357 1582 397 debere,
1609 368 1645 390 ac
1670 357 1793 389 irritum
1818 361 1850 389 et

1115 409 1229 449 inane,
1257 409 1280 441 si
1307 419 1395 441 secus
1427 419 1523 452 super
1548 409 1598 442 liis
1623 421 1640 442 a
1665 419 1825 452 quoquam
1841 435 1848 448 ,

1115 461 1223 504 (plavis
1247 461 1449 500 auctoritate,
1472 461 1610 495 scienter
1626 463 1674 495 vel
1695 462 1849 504 ignoran-

1115 520 1170 554 ter,
1196 514 1370 557 contigerit
1393 515 1555 547 attentari.

1157 567 1172 610 g
1197 567 1228 599 4.
1256 566 1326 599 Non
1345 566 1545 599 obstantibus
1564 567 1848 602 constitutionibus

1114 624 1145 651 et
1170 619 1429 652 ordinationibus
1454 619 1649 662 apostolicis,
1668 619 1847 662 ceterisque

1114 671 1284 704 contrariis
1309 672 1575 714 spiibuseumque.

1157 724 1268 757 Datum
1294 725 1433 767 Romae,
1459 725 1542 766 apud
1575 724 1605 756 S.
1634 723 1763 756 Mariam
1790 723 1850 755 Ma-

1113 777 1224 818 iorem,
1250 778 1308 809 sub
1333 779 1453 810 annulo
1478 776 1658 816 Piscatoris,
1678 776 1728 808 die
1745 787 1788 809 xu
1808 776 1850 808 se-

1113 831 1232 864 bruarii
1259 840 1421 870 MDCLxul,
1447 829 1650 873 pontificatus
1674 829 1777 861 nostri
1795 840 1848 862 an-

1113 894 1155 916 no
1182 894 1250 917 vui.

1149 946 1206 973 Dat.
1224 945 1267 973 die
1284 945 1314 972 12
1330 945 1459 973 februarii
1482 944 1558 978 1663,
1576 943 1670 979 pontif.
1688 951 1758 971 anno
1774 949 1829 970 vm.

1407 1096 1560 1135 CDxxvl.

1214 1176 1395 1210 Iubilaeum
1422 1176 1464 1208 acl
1488 1174 1637 1207 divinam
1662 1185 1751 1217 opem

1344 1229 1587 1272 implorandam
1598 1227 1616 1260 ¹.

1304 1307 1468 1335 Alexander
1487 1307 1565 1340 Papa
1585 1306 1636 1332 vn
1647 1326 1654 1338 ,

1112 1360 1267 1388 Universis
1295 1359 1542 1388 christifidelibus
1569 1361 1744 1392 praesentes
1765 1357 1848 1384 litte-

1145 1413 1195 1432 ras
1215 1405 1397 1440 inspecturis
1412 1428 1419 1439 ,
1442 1406 1570 1431 salutem
1594 1406 1624 1430 et
1653 1403 1847 1436 apostolicam

1146 1449 1394 1478 benedictionem.

1156 1521 1170 1564 ξ
1197 1521 1225 1552 1.
1254 1520 1465 1564 Omnipotens
1495 1519 1593 1562 Deus,
1627 1530 1762 1561 magnus
1791 1520 1849 1552 do-

1111 1574 1217 1606 minus
1242 1580 1369 1613 noster,
1395 1573 1484 1605 euius
1509 1572 1685 1616 sapientiae
1710 1583 1776 1605 non
1802 1578 1849 1604 est

1112 1638 1272 1667 numerus,
1288 1626 1393 1658 infima
1410 1626 1518 1658 mundi
1535 1626 1666 1658 minime
1680 1636 1847 1668 spernens,

1112 1686 1254 1713 nostram
1279 1679 1495 1712 infirmitatem
1521 1684 1552 1711 et
1576 1677 1789 1711 humilitatem
1809 1679 1849 1711 ad

1112 1745 1268 1766 summum
1294 1734 1492 1776 apostolatus
1517 1733 1650 1775 gradum
1669 1732 1849 1775 provehere

1113 1787 1262 1829 dignatus
1288 1791 1344 1825 est,
1369 1792 1404 1818 ut
1428 1786 1494 1818 eius
1519 1785 1617 1818 solius
1634 1784 1749 1817 virtute
1775 1795 1850 1817 con-

1113 1839 1170 1879 fisi,
1186 1839 1234 1878 iis,
1256 1850 1335 1882 quae
1350 1838 1382 1871 in
1397 1839 1464 1871 eius
1482 1848 1589 1881 grege,
1610 1848 1725 1881 magno
1744 1837 1848 1880 pretio

1113 1899 1247 1936 empto,
1279 1892 1430 1925 remediis
1466 1892 1632 1934 indigent,
1665 1895 1849 1933 opportune

1113 1945 1366 1977 subveniremus.
1379 1944 1589 1987 Quapropter,
1600 1942 1760 1976 Ecclesiae
1774 1952 1850 1974 suae

1113 1998 1207 2030 nobis
1238 1997 1379 2030 creditae
1412 1997 1617 2030 necessitates
1649 1995 1851 2027 animadver-

1113 2054 1236 2089 tentes,
1263 2049 1301 2082 ad
1334 2049 1476 2082 remedia
1508 2048 1602 2081 nobis
1634 2047 1740 2080 divina
1766 2046 1851 2080 illins

1113 2102 1286 2135 elementia
1322 2101 1439 2134 tradita
1470 2101 1644 2143 confugere
1678 2110 1758 2143 opus
1783 2110 1850 2131 esse

1114 2155 1383 2195 existimavimus,
1406 2155 1445 2187 ad
1463 2153 1695 2197 poenitentiam
1718 2152 1849 2192 seilicet,

1114 2208 1304 2249 orationem,
1324 2208 1443 2241 ieiunia
1467 2213 1499 2240 et
1522 2209 1762 2250 eleemosynas3
1785 2216 1852 2249 spe-

1113 2266 1221 2294 rantes
1246 2261 1341 2304 quod,
1376 2260 1428 2304 qui
1454 2260 1536 2293 nos‘²
1559 2259 1693 2301 castigat
1718 2264 1852 2302 propter

1113 2319 1245 2357 peccata
1269 2319 1398 2353 nostra,
1425 2313 1463 2345 ad
1489 2323 1561 2346 eum
1593 2322 1765 2345 conversos
1799 2312 1854 2343 be-

1114 2366 1211 2409 nigne
1236 2365 1408 2409 respiciet,
1435 2371 1486 2406 et,
1519 2374 1709 2398 communes
1739 2363 1851 2407 populi

1114 2419 1161 2451 sui
1186 2419 1397 2462 supplicantis
1423 2429 1518 2451 voees
1543 2418 1735 2458 exaudiens,
1762 2417 1853 2449 mise-

1114 2471 1327 2504 ricordiarum
1359 2481 1487 2503 suarum
1519 2470 1695 2514 participes
1724 2470 1849 2502 reddet.

1150 2543 1161 2568 1
1184 2541 1221 2568 Ex
1241 2542 1351 2571 Resest.
1374 2541 1400 2567 in
1419 2541 1519 2567 Secret.
1541 2540 1618 2567 Brev.

1147 2585 1163 2612 2
1183 2585 1254 2612 Edit.
1269 2585 1349 2612 Main.
1365 2584 1430 2621 legit
1444 2593 1503 2611 non
1518 2593 1567 2620 pro
1583 2593 1633 2611 nos
1648 2588 1684 2618 (a.
1702 2586 1750 2618 τ.).

1864 203 1914 230 Au.
1930 202 1958 229 C.
1979 201 2047 229 1663

1864 579 1974 601 Gaurana
1986 579 2045 600 tullii.

1890 1527 2013 1550 Exordium.
