2247 3208
191 259 241 286 An.
263 257 291 284 e.
314 256 382 284 1669
430 246 493 281 7602

233 1694 313 1713 Petitur
328 1698 375 1712 eon<

193 1720 284 1740 firmatio
312 1722 376 1740 slatu-

195 1749 263 1767 turum

386 315 443 338 nes
463 303 557 336 fuisse
574 306 606 333 et
622 310 691 332 esse
709 308 819 330 eorum
836 294 1015 338 respective
1028 303 1125 325 mann

386 356 518 401 propria
535 353 741 395 subscriptas,
758 351 881 392 hocque
899 347 1060 380 mediante
1079 345 1125 377 iu-

386 413 539 444 ramento,
566 410 660 449 prout
685 404 728 435 sic
750 412 860 442 manu,
880 404 1028 443 respectu
1047 398 1123 430 dicti

386 459 579 506 perillustris
604 464 635 490 et
658 453 917 489 reverendissimi
939 452 1060 486 domini
1077 451 1124 484 Io-

387 514 490 557 sephi,
517 522 615 555 super
640 511 707 543 eius
732 514 842 553 pectus
863 507 1025 551 apposita,
1059 516 1125 539 res-

386 572 481 611 pectu
507 576 580 598 vero
610 564 758 603 aliorum,
780 561 871 595 tactis
889 559 1056 603 scripturis
1083 559 1123 591 ad

387 624 497 652 sancta
520 618 576 650 Dei
593 615 776 658 Evangelia,
796 614 854 658 ipsi
875 623 987 646 omnes
1011 617 1041 645 et
1059 611 1123 655 qui-

386 671 465 704 libet
482 671 625 713 ipsorum
654 669 799 700 iurarunt
816 671 847 699 et
864 667 988 705 iuravit,
1007 674 1042 697 ac
1059 674 1124 697 om-

386 724 419 757 ni
442 722 567 755 meliori
596 722 707 761 modo,
735 726 795 753 etc.
823 720 952 761 Haeque
977 716 1124 758 recogni-

386 777 489 810 tiones
504 775 752 819 suscriptionum
771 773 1007 817 praedictarum
1024 771 1123 803 sactae

387 831 518 863 suerunt
553 829 585 861 iu
621 829 689 861 soro
720 825 992 870 archiepiscopali
1020 824 1124 857 Bono-

386 882 503 921 niensi,
528 893 564 915 ac
585 881 617 913 in
641 881 807 913 mansione
828 878 906 911 iuris
923 877 1124 910 reverendis-

387 934 457 967 simi
483 934 603 967 domini
628 932 738 965 vicarii
763 931 934 975 generalis.

430 988 468 1021 Et
492 988 566 1031 quia
591 998 649 1029 ego
667 987 799 1019 Ioannes
817 984 959 1028 Baptista
976 983 1052 1016 olim
1069 982 1124 1015 do-

386 1041 464 1074 mini
485 1040 556 1073 Iulii
577 1039 718 1073 Caesaris
740 1039 778 1071 de
796 1037 930 1071 Cavatiis
947 1035 1125 1069 Bononien-

388 1094 429 1126 sis
447 1093 523 1126 civis
542 1093 689 1136 publicus
709 1091 896 1134 apostolica,
913 1088 1072 1132 imperiali
1089 1099 1124 1121 ac

387 1146 564 1179 communis
589 1145 731 1177 eiusdem
762 1142 949 1176 auctoritate
980 1141 1124 1174 notarius

387 1198 563 1241 collegialis
577 1225 584 1239 ,
622 1209 657 1231 ac
694 1197 799 1230 curiae
836 1194 1122 1239 archiepiscopalis

387 1251 554 1291 actuarius,
569 1251 740 1295 praedietis
772 1249 1051 1292 recognitionibus
1077 1249 1124 1282 di-

387 1310 508 1337 ctarum
530 1304 807 1346 subscriptionum
824 1302 954 1335 interfui
973 1306 1003 1334 et
1020 1302 1059 1334 de
1078 1301 1123 1334 eis

387 1363 518 1400 rogatus
544 1357 597 1397 sui,
624 1357 696 1390 ideo
722 1368 759 1389 ea
784 1356 892 1388 omnia
909 1356 941 1387 in
966 1356 1050 1388 hanc
1071 1366 1124 1398 pu-

385 1411 502 1444 blicam
529 1416 560 1443 et
584 1410 803 1443 authenticam
839 1409 973 1442 sormam
997 1408 1120 1451 redegi.

386 1465 420 1497 ln
442 1474 581 1508 quorum
602 1463 706 1503 fidem,
727 1464 827 1496 robur
843 1473 879 1495 ac
904 1462 1123 1495 testimonium

386 1518 439 1550 hic
463 1529 513 1550 me
539 1528 610 1549 cum
635 1517 730 1550 solito
756 1516 849 1559 signo
875 1515 1052 1559 subscripsi
1075 1525 1126 1548 re-

388 1571 537 1615 quisitus,
563 1576 623 1603 etc.

474 1625 575 1657 Locus
590 1626 612 1665 †
630 1623 724 1666 signi.

432 1678 446 1720 ἓ
472 1677 502 1709 02.
530 1677 606 1709 Cum
628 1681 744 1717 autem,
763 1676 845 1708 sicut
864 1675 977 1708 eadem
998 1674 1125 1718 exposi-

390 1731 432 1763 tio
466 1730 707 1772 subiungebat,
742 1728 882 1772 capitula
917 1737 971 1761 seu
1007 1732 1125 1760 statuta

388 1784 589 1827 praeinserta
606 1794 623 1815 a
641 1783 757 1815 dilecto
776 1781 841 1814 filio
855 1780 975 1813 vicario
992 1791 1124 1813 venera-

387 1837 461 1870 bilis
486 1837 591 1869 fratris
609 1835 844 1878 archiepiscopi
862 1834 1075 1867 Bononiensis
1091 1833 1124 1866 in

388 1889 608 1933 spiritualibus
635 1888 775 1932 generali
797 1888 975 1931 approbata
993 1887 1122 1928 suerint3

389 1944 465 1976 dicti
498 1954 572 1975 vero
602 1947 800 1985 exponentes
818 1942 888 1981 illa,
919 1952 981 1984 quo
1001 1940 1124 1974 firmius

389 1997 564 2029 subsistant
584 2002 614 2029 et
633 2001 802 2028 serventur
825 1995 976 2035 exactius,
998 2000 1126 2038 aposto-

391 2050 471 2082 licae
490 2049 742 2083 confirmationis
764 2053 890 2081 nostrae
911 2048 1027 2081 robore
1044 2059 1126 2081 eom-

392 2103 511 2135 muniri
529 2113 732 2145 summopere
747 2102 947 2135 desiderent:
966 2112 1036 2142 nos,
1051 2112 1126 2145 spe-

393 2157 506 2189 cialem
522 2157 600 2200 ipsis
618 2157 853 2199 exponentibus
870 2156 1003 2199 gratiam
1021 2156 1125 2189 facere

391 2211 548 2249 volentes,
575 2215 606 2242 et
630 2220 741 2243 eorum
766 2210 943 2252 singulares
968 2220 1126 2253 personas

392 2274 409 2295 a
426 2263 594 2306 quibusvis
610 2263 972 2304 exconnnunicaffionis,
989 2273 1127 2306 suspen-

392 2315 494 2348 sionis
524 2321 555 2347 et
579 2316 770 2356 interdicti,
799 2316 938 2359 aliisque
972 2315 1128 2348 ecclesia-

393 2369 482 2401 sticis
510 2370 695 2409 sententiis,
722 2370 871 2402 censuris
899 2374 930 2402 et
955 2369 1086 2413 poenis,
1110 2380 1127 2401 a

393 2422 464 2454 iure
494 2423 544 2454 vel
575 2423 614 2454 ab
642 2422 783 2461 bomine,
812 2423 925 2466 quavis
951 2422 1126 2455 occasione

395 2476 445 2508 vel
463 2477 561 2507 causa
576 2475 661 2515 latis,
688 2475 713 2507 si
741 2476 858 2518 quibus
878 2475 1127 2519 quomodolibet

395 2529 570 2562 innodatae
604 2528 765 2569 existunt,
792 2529 829 2561 ad
856 2528 1004 2561 effectum
1035 2538 1128 2571 prae-

396 2583 535 2615 sentium
549 2582 712 2614 dumtaxat
724 2582 997 2624 consequendum,
1012 2581 1127 2613 harum
1147 2597 1150 2602 -

397 2635 481 2670 serie
506 2635 708 2668 absolventes
731 2638 763 2667 et
786 2634 949 2667 absolutas
968 2634 1036 2667 sore
1054 2644 1129 2667 cen-

971 246 1150 270 BULLARIUM
1174 244 1325 269 ROMANUM

1910 245 1958 271 An.
1976 245 2005 272 c.
2029 245 2096 272 ¹1:69

1168 295 1288 332 sentes,
1315 292 1604 335 supplicationibus
1631 303 1747 326 eorum
1772 293 1906 326 nomine

1166 343 1259 376 nobis
1285 354 1384 387 super
1410 344 1472 376 boe
1497 345 1663 378 humiliter
1680 347 1838 389 porrectis
1858 347 1906 380 in-

1167 395 1293 436 clinati,
1321 396 1360 428 de
1378 397 1610 429 venerabilium
1628 398 1763 430 fratrum
1783 404 1907 432 nostro-

1166 459 1235 481 rum
1267 448 1298 481 S.
1329 448 1367 480 R.
1398 448 1432 481 E.
1464 449 1675 482 cardinalium
1710 452 1849 493 negotiis
1874 457 1906 485 et

1167 501 1457 535 consultationibus
1494 502 1721 545 episcoporum
1755 509 1787 536 et
1810 515 1905 547 regu-

1166 554 1279 587 larium
1305 554 1566 597 praepositorum
1584 554 1728 595 consilio,
1748 557 1856 590 omnia
1874 562 1905 590 et

1166 607 1291 650 singula
1317 607 1457 650 capitula
1482 618 1536 640 seu
1557 612 1672 641 statuta
1694 609 1902 652 praeinserta,

1166 660 1355 693 auctoritate
1381 661 1577 703 apostolica,
1604 666 1716 694 tenore
1753 673 1906 705 praesen-

1168 713 1259 754 tium,
1286 713 1512 746 confirmamus
1530 719 1561 746 et
1581 715 1808 757 approbamus,
1829 715 1906 749 illis-

1168 776 1228 808 que
1252 766 1449 799 inviolabilis
1475 767 1672 810 apostolieae
1687 767 1845 801 firmitatis
1858 779 1907 802 ro-

1166 819 1226 850 bur
1252 818 1429 857 adiicimus‚
1448 830 1482 851 ac
1507 830 1620 852 omnes
1645 825 1677 852 et
1702 820 1846 863 singulos
1865 821 1907 854 iu-

1167 870 1210 902 ris
1226 876 1258 903 et
1272 871 1343 903 sacti
1363 871 1526 912 desectus,
1547 872 1571 903 si
1592 872 1646 915 qui
1673 873 1812 916 desuper
1827 884 1907 917 quo-

1166 923 1347 957 modolibet
1365 924 1608 965 intervenerint,
1628 927 1826 968 supplemus,
1846 927 1907 961 sal-

1167 979 1204 1009 va
1227 981 1332 1009 tamen
1365 987 1494 1020 semper
1524 977 1557 1009 in
1586 978 1773 1020 praemissis
1798 984 1907 1013 aucto-

1166 1030 1259 1062 ritate
1283 1030 1545 1072 congregationis
1579 1032 1769 1063 eorumdem
1795 1032 1902 1064 cardi-

1167 1083 1302 1116 nalium.
1330 1082 1552 1116 Decernentes
1588 1083 1675 1126 ipsas
1710 1090 2099 1126 praesentesclausutaoprac·

1167 1136 1292 1169 litteras
1318 1147 1354 1168 ac
1378 1136 1520 1179 capitula
1555 1147 1613 1169 seu
1650 1142 1768 1169 statuta
1801 1125 2008 1180 prae—”mm

1166 1188 1305 1229 inserta,
1332 1199 1465 1232 semper
1495 1188 1608 1229 firma,
1643 1190 1748 1223 valida
1779 1195 1811 1222 et
1837 1189 1905 1223 essi-

1166 1241 1255 1274 cacia
1287 1242 1428 1274 existere
1464 1246 1496 1275 et
1531 1242 1620 1282 sore,
1657 1253 1802 1286 suosque
1834 1244 1904 1286 ple-

1165 1295 1275 1327 narios
1302 1300 1335 1327 et
1353 1295 1500 1338 integros
1523 1293 1656 1328 effectus
1674 1296 1785 1328 sortiri
1803 1301 1835 1328 et
1853 1296 1906 1328 ob-

1166 1347 1282 1388 tinere,
1309 1359 1344 1380 ac
1370 1349 1409 1381 ab
1442 1349 1516 1388 illis,
1537 1349 1576 1381 ad
1602 1359 1684 1392 quos
1722 1354 1850 1392 spectat
1874 1354 1906 1382 et

1165 1411 1225 1444 pro
1267 1406 1415 1444 tempore
1457 1401 1728 1444 quandocumque
1770 1406 1904 1444 speeta-

1166 1455 1232 1494 bit,
1257 1454 1484 1488 inviolabiliter
1519 1454 1702 1495 observari,
1730 1455 1843 1497 sicque
1872 1455 1905 1488 in

1165 1508 1356 1551 praemissis
1382 1518 1441 1551 per
1467 1518 1689 1551 quoscumque
1708 1507 1832 1540 iudices
1854 1518 1906 1540 or-

1166 1560 1310 1593 dinarios
1338 1565 1370 1592 et
1393 1560 1580 1602 delegatos,
1615 1560 1712 1592 etiam
1731 1571 1905 1593 causarum

1165 1613 1278 1657 palatii
1312 1614 1484 1656 apostolici
1511 1613 1688 1653 auditores,
1710 1613 1848 1646 iudicari
1874 1618 1907 1647 et

1167 1665 1295 1698 definiri
1329 1666 1460 1706 debere,
1480 1677 1516 1698 ac
1541 1666 1671 1699 irritum
1700 1670 1732 1698 et
1758 1666 1856 1699 inane
1877 1666 1905 1699 si

1167 1729 1261 1752 secus
1281 1729 1381 1762 super
1403 1719 1452 1752 his
1479 1730 1496 1751 a
1522 1729 1695 1762 quoquam,
1716 1718 1828 1762 quavis
1853 1729 1905 1751 au-

1166 1772 1329 1813 ctoritate,
1356 1773 1500 1805 scienter
1524 1773 1574 1805 vel
1599 1772 1804 1815 ignoranter,
1827 1782 1904 1805 con-

1168 1826 1278 1869 tigerit
1308 1826 1473 1859 attentari.

1210 1879 1278 1923 §3
1316 1879 1387 1912 Non
1419 1879 1623 1912 obstantibus
1659 1879 1902 1912 constitutioni-

1166 1934 1225 1966 bus
1256 1937 1288 1966 et
1321 1932 1580 1965 ordinationibus
1610 1932 1814 1975 apostolicis,
1846 1943 1900 1973 ac,

1167 1992 1326 2031 quatenus
1353 1997 1435 2030 opus
1470 1986 1530 2025 sit,
1559 1986 1661 2018 dictae
1687 1985 1905 2018 archiconsra-

1168 2040 1327 2073 ternitatis
1359 2039 1467 2072 aliisve
1493 2038 1676 2082 quibusvis,
1703 2039 1797 2071 etiam
1821 2039 1905 2071 iura-

1166 2098 1300 2133 mento,
1335 2092 1581 2125 confirmatione
1618 2092 1817 2135 apostolica,
1851 2092 1902 2124 vel

1168 2146 1278 2190 quavis
1300 2145 1450 2179 firmitate
1483 2145 1543 2178 alia
1567 2145 1749 2185 roboratiS,
1776 2144 1902 2177 statutis

1168 2206 1200 2233 et
1231 2200 1533 2239 consuetudinilnis,
1556 2198 1733 2242 privilegiis
1762 2208 1902 2242 quoque,

1170 2253 1302 2286 indultis
1326 2258 1358 2285 et
1382 2253 1496 2285 litteris
1522 2251 1707 2295 apostolicis
1724 2251 1758 2283 in
1776 2256 1904 2284 contra-

1171 2307 1255 2339 rium
1275 2306 1535 2350 praemissorum
1561 2305 1810 2349 quomodolibet
1833 2315 1905 2337 con-

1170 2361 1281 2402 cessis,
1301 2359 1500 2393 confirmatis
1527 2364 1559 2392 et
1582 2358 1761 2398 innovatis,
1785 2358 1904 2401 quibus

1170 2415 1334 2447 omnibus
1354 2419 1386 2446 et
1419 2413 1555 2456 singulis
1573 2440 1580 2453 ,
1606 2412 1741 2445 illorum
1770 2416 1903 2444 tenores

1170 2468 1399 2512 praesentibus
1429 2478 1489 2511 pro
1516 2467 1613 2510 plene
1640 2470 1672 2498 et
1702 2464 1903 2498 sufficienter

1171 2523 1335 2567 expressis
1351 2533 1387 2555 ac
1402 2523 1440 2554 dc
1457 2521 1556 2554 verbo
1571 2521 1609 2553 ad
1621 2520 1754 2553 verbum
1769 2517 1902 2550 insertis

1171 2578 1341 2616 habentes,
1350 2575 1414 2608 illis
1426 2575 1503 2607 alias
1512 2574 1613 2606 insuo
1624 2573 1745 2606 robore
1753 2581 1903 2614 perman-

1170 2630 1277 2671 suris,
1303 2630 1342 2662 ad
1366 2627 1624 2674 praemissorum
1649 2624 1815 2665 effectum,
1841 2623 1903 2660 hac

1986 674 2100 698 Cnnfirmzt

1915 699 2018 722 Pontifex.

1983 1888 2099 1910 Contrariis

1913 1915 2009 1941 derogat.
