2247 3208
275 253 321 276 An.
339 251 453 289 Qttiss'i

294 1680 390 1700 t:1.1u=u¹a
405 1680 450 1701 sub-

268 1707 315 1727 lulli.

291 2310 408 2331 Contrariis
417 2311 451 2332 de·

267 2340 336 2362 regit.

502 240 566 273 59⁹2

465 308 543 340 pore
570 296 646 329 iuris
672 296 790 335 clauso,
818 295 912 328 etiam
939 295 1094 334 enormis,
1114 305 1203 327 enor-

464 349 626 382 missimae
654 354 684 380 et
710 348 815 380 totalis
841 347 1005 387 laesionis,
1033 348 1120 380 nullo
1144 357 1202 378 un-

464 412 557 445 quam
584 406 725 443 tempore
752 400 790 433 de
811 400 1029 442 subreptionis
1046 401 1094 433 vel
1112 400 1203 438 obre-

462 453 582 497 ptionis
598 458 650 485 aut
672 453 828 486 nullitatis
843 453 931 492 vitio,
943 464 999 485 seu
1014 452 1201 486 intentionis

463 512 592 540 nostrae
606 506 653 538 vel
669 505 822 538 interesse
838 505 1026 538 habentium
1041 511 1094 538 aut
1108 506 1202 538 habe-

462 570 497 592 re
510 558 792 602 praetendentium
806 568 991 597 consensus,
1008 558 1109 591 aliove
1124 570 1202 601 quo-

462 612 543 645 libet
567 611 662 643 etiam
687 610 889 643 substantiali
920 622 956 643 ac
973 611 1150 653 incogitato
1172 617 1202 644 et

464 657 701 708 inexcogitabili
724 665 850 698 defectu
867 665 982 705 notari,
1004 665 1199 708 impugnari,

462 719 608 760 infringi,
628 718 808 758 retractari,
840 718 878 750 ad
905 718 988 750 viam
1013 729 1068 750 seu
1094 718 1202 751 termi—

463 783 522 805 nos
547 772 624 805 iuris
648 772 781 811 reduci,
807 778 860 804 aut
884 773 915 804 in
950 773 1200 805 controversiam

463 824 618 865 revocari,
639 836 692 858 seu
707 826 859 858 adversus
875 825 947 858 illas
973 831 1003 858 et
1028 825 1082 858 illa
1101 827 1201 869 quod-

463 889 599 922 cumque
621 879 698 911 iuris
724 879 796 912 sacti
814 880 862 911 vel
885 878 1004 921 gratiae
1024 879 1200 911 remedium

462 932 631 975 impetrari
657 932 705 964 vel
730 931 896 971 intentari,
930 936 985 964 aut
1008 931 1199 974 impetrato,

463 994 518 1018 seu
551 985 646 1017 etiam
672 989 777 1023 motu,
803 985 935 1018 seientia
968 990 998 1017 et
1031 986 1199 1028 potestatis

462 1037 664 1081 plenitudine
690 1037 820 1080 paribus
847 1048 1002 1070 concesso
1035 1039 1082 1071 vel
1116 1049 1201 1071 ema-

463 1096 549 1130 nato,
565 1091 750 1133 quempiam
775 1091 807 1122 in
833 1090 952 1124 iudicio
978 1091 1026 1127 vel
1052 1097 1139 1124 extra
1165 1091 1201 1124 il-

462 1144 516 1176 lud
540 1143 585 1175 uti
611 1154 668 1175 seu
694 1154 727 1175 se
753 1143 860 1176 iuvare
887 1154 1001 1187 posse',
1035 1145 1089 1176 sed
1116 1144 1200 1187 ipsas

462 1202 649 1239 praesentes
681 1197 803 1229 litteras
839 1201 870 1229 et
906 1197 937 1229 in
971 1196 1015 1229 eis
1050 1202 1201 1230 contenta

463 1249 599 1288 decreta,
616 1259 674 1282 seu
689 1254 814 1290 statuta,
829 1254 861 1281 et
874 1249 936 1282 alia
949 1250 1101 1292 praefata,
1117 1260 1200 1282 sem-

463 1312 522 1344 per
541 1301 644 1341 firma,
664 1302 768 1334 valida
786 1308 818 1334 et
849 1302 992 1335 efficacia
1010 1303 1150 1335 existere
1170 1309 1201 1336 et

463 1354 541 1392 sore,
559 1365 699 1397 suosque
718 1354 885 1397 plenarios
905 1360 937 1387 et
961 1354 1108 1397 integros
1127 1355 1202 1388 cll'e·

463 1412 532 1439 ctus
555 1407 665 1439 sortiri
684 1412 716 1439 ct
741 1406 901 1446 obtinere,
914 1418 951 1439 ac
965 1407 1045 1447 illis,
1065 1409 1102 1440 ad
1120 1420 1199 1451 quos

462 1464 589 1502 spectat
614 1464 645 1492 et
666 1470 726 1503 pro
755 1465 901 1503 tempore
929 1461 1200 1504 quandocumque

464 1513 634 1555 spectabit,
654 1512 843 1556 plenissime
862 1512 1040 1556 sull'ragari,
1057 1521 1087 1546 et
1105 1515 1199 1547 abeis

462 1565 639 1608 respective
652 1564 683 1597 in
696 1566 844 1598 omnibus
859 1571 890 1598 et
903 1577 961 1609 per
975 1567 1083 1599 omnia
1102 1567 1201 1600 invio-

462 1617 605 1650 labiliter
621 1623 652 1650 et
669 1618 861 1651 inconcusse
876 1619 1045 1652 observari
1061 1625 1092 1652 et
1108 1620 1201 1652 aditn-

461 1670 564 1713 pleri,
593 1670 704 1713 sicque
718 1676 749 1703 et
773 1681 838 1704 non
857 1672 949 1704 aliter
963 1672 994 1704 in
1010 1673 1199 1715 praemissis

461 1733 522 1766 per
547 1733 769 1766 quoscumque
795 1723 920 1757 iudices
958 1725 1143 1758 ordinarios
1170 1732 1202 1759 et

463 1777 649 1819 delegatos,
678 1777 774 1809 etiam
800 1788 969 1810 causarum
991 1778 1101 1821 paladii
1128 1790 1207 1822 apo-t

462 1829 568 1861 stolici
594 1829 771 1870 auditores,
793 1841 828 1863 ac
848 1830 878 1864 S.
900 1831 935 1863 R.
957 1831 990 1863 E.
1012 1832 1200 1872 cardinales,

461 1882 556 1914 etiarn
587 1883 627 1914 de
660 1884 760 1915 latere
793 1884 915 1925 legatos
942 1889 973 1916 ot
998 1884 1201 1927 Apostolieae

460 1935 552 1967 Sedis
574 1935 717 1976 nuncios,
737 1936 861 1968 sublata
879 1937 923 1969 cis
946 1941 975 1970 et
1000 1948 1109 1969 eorum
1135 1939 1200 1970 cui*

460 1988 540 2020 libet
576 1989 684 2032 (pravis
718 1990 810 2022 aliter
843 1990 1005 2023 iudicandi
1035 1997 1067 2023 ct
1102 1992 1200 2023 inter-

460 2041 607 2083 pretandi
628 2043 778 2074 facultate
796 2047 828 2074 ct
845 2043 1041 2082 auctoritate,
1064 2044 1198 2076 iudicari

461 2098 493 2125 et
507 2093 633 2125 definiri
653 2095 784 2134 debere,
805 2106 840 2127 ac
859 2095 985 2128 irritum
1004 2101 1035 2128 et
1060 2096 1154 2129 inane.
1174 2097 1199 2129 si

461 2156 554 2178 secus
592 2157 691 2189 super
728 2147 778 2179 liis
819 2159 835 2180 a
877 2159 1053 2192 quoquam,
1088 2150 1199 2192 quavis

462 2199 679 2239 auctoritate,
717 2200 860 2233 scienter
897 2203 945 2234 vel
990 2202 1197 2244 ignoranter,

463 2252 638 2293 contigerit
662 2253 827 2286 attentari.

509 2308 522 2348 3*
549 2305 579 2337 5.
607 2305 675 2338 Non
701 2307 905 2339 obstantibus
932 2309 1136 2351 praemissis,
1164 2320 1200 2341 ae

464 2357 750 2391 constitutionibus
776 2365 806 2392 et
833 2360 1096 2393 ordinationibus
1122 2372 1200 2405 apo-

463 2410 598 2450 stolicis,
623 2422 763 2452 necnon,
790 2418 947 2455 quatenus
974 2424 1055 2457 opus
1072 2414 1123 2454 sit,
1145 2414 1200 2447 Or-

462 2462 545 2495 dinis
563 2468 594 2495 et
610 2470 788 2498 conventus
802 2471 833 2498 et
853 2467 981 2509 collegii
1000 2467 1198 2508 huiusmodi,

461 2516 572 2548 aliisve
598 2517 887 2559 quibusvis,etia1n
913 2520 1106 2560 iuramento,
1129 2532 1200 2554 con-

459 2568 644 2602 firmatione
670 2572 864 2612 apostolica,
893 2574 942 2605 vel
968 2574 1079 2616 quavis
1106 2573 1199 2606 firmi-

462 2627 524 2655 tate
550 2623 613 2655 alia
644 2624 828 2665 roboratis,
856 2626 981 2658 statutis
1008 2632 1039 2659 et
1064 2637 1200 2660 consuc-

1049 246 1228 271 BULLARIL'M
1253 245 1406 270 ROMANt'M

1247 293 1422 334 tudinibuS,
1439 294 1618 337 privilegiis
1633 305 1770 339 quoque,
1797 296 1928 330 indultis
1954 302 1986 330 et

1245 346 1361 379 litteris
1373 347 1566 389 apostolicis,
1582 347 1640 380 sub
1651 349 1904 394 quibuscumque
1919 361 1984 383 ver-

1244 400 1359 432 borum
1383 400 1548 433 tenoribus
1567 406 1600 433 et
1624 401 1746 441 formis,
1764 413 1799 435 ac
1817 414 1888 436 cum
1914 404 1985 447 qui-

1244 453 1352 485 busvis
1364 453 1460 485 etiam
1471 454 1747 496 derogatoriarum
1757 455 1980 498 derogatoriis,

1245 506 1379 549 aliisque
1406 506 1662 547 efficacioribus,
1689 507 1917 541 efficacissimis
1950 515 1982 542 et

1244 558 1383 591 insolitis
1406 559 1566 599 clausulis,
1586 569 1621 591 ac
1645 559 1844 592 irritantibus
1864 566 1894 594 et
1911 562 1981 595 aliis

1244 611 1402 651 decretis,
1435 611 1465 643 in
1499 621 1618 654 genere
1644 613 1693 645 vel
1718 612 1750 644 in
1776 613 1901 656 specie,
1928 618 1982 646 aut

1244 663 1333 696 aliis¹
1357 664 1389 696 in
1415 664 1613 697 contrarium
1638 665 1885 708 praemissorum
1903 677 1981 710 quo-

1243 717 1420 750 modolibet
1445 717 1621 756 concessis,
1654 718 1850 751 confirmatis
1875 724 1905 751 et
1934 719 1981 752 in-

1244 770 1392 809 novatis;
1427 770 1542 813 quibus
1578 770 1727 803 omnibus
1760 776 1792 803 et
1832 771 1978 813 singulis,

1244 822 1367 855 etiamsi
1394 833 1452 866 pro
1478 823 1608 856 illorum
1641 823 1812 856 sufficienti
1846 824 1981 866 deroga-

1244 875 1329 908 tione
1356 876 1394 908 de
1421 875 1485 907 illis
1512 886 1687 918 eorumque
1713 876 1789 908 totis
1815 876 1979 909 tenoribus

1243 927 1400 969 specialisy
1419 927 1576 970 specifica,
1593 938 1743 971 expressa
1760 932 1791 960 et
1807 928 1979 968 individua,

1243 990 1279 1012 ae
1305 980 1343 1012 de
1369 980 1465 1012 verbo
1491 981 1530 1012 ad
1555 980 1698 1018 verbum„
1716 991 1779 1013 non
1798 986 1902 1014 autem
1923 992 1980 1024 per

1243 1033 1400 1065 clausulas
1432 1034 1597 1075 generales
1632 1033 1716 1065 idem
1742 1033 1976 1076 importantes,

1243 1085 1363 1118 mentio
1388 1096 1445 1118 seu
1472 1085 1604 1128 quaevis
1633 1086 1695 1118 alia
1720 1086 1884 1129 expressio
1923 1087 1980 1119 ha-

1243 1138 1349 1170 benda
1381 1142 1433 1169 aut
1463 1137 1571 1180 aliqua
1595 1138 1658 1170 alia
1683 1137 1840 1181 exquisita
1879 1138 1981 1171 fornia

1243 1190 1281 1222 ad
1309 1191 1369 1223 hoc
1394 1191 1552 1223 servanda
1578 1190 1661 1223 soret
1679 1217 1686 1230 ,
1714 1196 1843 1223 tenores
1869 1190 1981 1223 huius-

1243 1244 1341 1284 modi,
1367 1255 1402 1276 ac
1429 1244 1455 1276 si
1481 1245 1520 1276 de
1546 1244 1645 1276 verbo
1676 1244 1713 1276 ad
1739 1243 1872 1276 verbum
1897 1243 1982 1276 inse-

1243 1302 1390 1329 rerentur
1416 1301 1445 1329 et
1471 1296 1739 1340 exprimerentur,
1756 1296 1982 1340 praesentibus

1243 1360 1303 1393 pro
1334 1351 1430 1393 plene
1463 1354 1495 1382 et
1526 1349 1721 1381 sufficienter
1753 1349 1917 1392 expressis
1951 1354 1983 1382 et

1244 1403 1282 1435 de
1307 1403 1406 1435 verbo
1427 1403 1464 1435 ad
1486 1402 1616 1435 verbum
1643 1401 1775 1434 insertis
1802 1401 1980 1441 habentes,

1242 1455 1307 1488 illis
1336 1455 1413 1487 alias
1439 1454 1470 1486 in
1502 1465 1559 1487 suo
1581 1455 1701 1487 robore
1731 1453 1956 1497 permansuris
1974 1480 1981 1493 ,

1243 1509 1281 1541 ad
1317 1508 1574 1551 praemissorum
1608 1507 1779 1547 effectum,
1818 1507 1878 1540 hac
1912 1506 1981 1540 vice

1244 1562 1424 1600 dumtaxat,
1464 1561 1651 1604 specialiter
1683 1566 1715 1593 et
1747 1570 1903 1603 expresse
1930 1560 1982 1592 de-

1243 1625 1410 1657 rogamus3
1430 1614 1615 1657 ceterisque
1645 1613 1818 1646 contrariis
1844 1613 1979 1657 quibus-

1243 1678 1394 1711 cumque.
1630 1711 1631 1714 Ἴ

1286 1721 1400 1754 Datum
1424 1721 1565 1761 Romae,
1593 1721 1675 1763 apud
1706 1720 1737 1753 S.
1764 1720 1894 1753 Mariam
1920 1720 1983 1753 Ma-

1243 1774 1356 1814 iorem,
1379 1775 1439 1807 sub
1465 1775 1585 1806 annulo
1611 1773 1806 1813 Piscatoris‚
1834 1772 1886 1805 die
1910 1783 1983 1806 xxix

1244 1826 1385 1860 octobris
1414 1836 1588 1865 MDCvan,
1629 1825 1836 1870 pontificatus
1875 1825 1980 1857 nostri

1245 1891 1329 1913 anno
1352 1891 1373 1913 1.

1280 1942 1335 1969 Dat.
1357 1942 1400 1968 die
1419 1942 1452 1968 29
1472 1941 1590 1968 octobris
1614 1941 1690 1972 1667,
1712 1940 1807 1975 pontif.
1828 1948 1898 1966 anno
1914 1947 1932 1967 1.

1563 2071 1654 2104 XXX.

1242 2152 1413 2194 Suspensio
1435 2161 1555 2194 poenae
1572 2151 1915 2183 earcommemicationis
1934 2150 1981 2183 la-

1288 2209 1337 2237 tae
1352 2206 1529 2237 sententiae
1540 2204 1705 2246 perBrere
1721 2204 1905 2236 Alexandri
1920 2203 1982 2236 VII

1286 2268 1383 2300 super
1428 2258 1658 2300 resorimctiouc
1706 2257 1983 2289 mmmm-forma

1287 2310 1485 2343 monialium
1504 2311 1686 2352 Hispaniae
1710 2310 1854 2342 emananti
1878 2310 1980 2352 impo-

1286 2364 1376 2403 sicae,
1402 2363 1437 2395 in
1462 2363 1609 2395 omuibus
1628 2363 1668 2394 iis
1692 2363 1818 2395 casibus
1851 2362 1886 2394 in
1910 2362 1981 2404 qm*-

1288 2417 1344 2448 bus
1359 2417 1465 2448 eadem
1486 2426 1590 2459 poena
1615 2427 1633 2448 α
1659 2415 1729 2447 iure
1754 2415 1917 2447 communi
1935 2415 1981 2446 rel.

1287 2468 1364 2501 aliis
1382 2469 1665 2500 constitutionilias
1682 2467 1864 2510 apostolicis
1882 2467 1982 2510 impo-

1287 2521 1350 2554 sita
1375 2531 1437 2553 non
1464 2519 1658 2563 reperitur?

1281 2593 1287 2617 1
1314 2592 1408 2618 Potius
1430 2591 1487 2626 lege
1508 2591 1583 2617 alias
1602 2596 1642 2620 (n.
1658 2590 1706 2622 T.).

1277 2636 1292 2662 2
1307 2636 1343 2662 Ex
1359 2635 1467 2670 aegest.
1484 2635 1511 2662 in
1526 2635 1626 2663 Secret.
1644 2636 1723 2662 Brev.

1993 249 2045 275 An.
2065 249 2091 275 C.
2109 250 2175 279 1667
