2247 3208
153 244 204 271 An.
220 244 250 271 C.
275 243 342 272 ¹668

348 296 399 324 tur
427 291 459 323 in
492 291 697 334 captivitate,
731 302 770 324 ne
806 302 924 324 nomen
956 289 1083 322 Domini

348 344 416 376 Iesu
450 342 566 376 Christi
605 350 744 386 negent,
780 344 837 376 sed
870 343 1018 376 fortiores
1050 342 1083 375 in

346 395 420 428 fidei
446 396 651 429 confessione
677 397 863 440 persistant,
890 407 924 428 ac
951 402 1083 439 quanto-

347 448 443 481 citius
461 448 500 481 ab
518 449 630 482 eadem
650 450 802 482 servitute
823 450 1011 488 liberentur,
1032 459 1082 481 re-

345 501 530 542 citaverint,
546 507 714 545 praeterea
726 502 846 535 eisdem
864 501 1081 534 confratribus

345 554 442 587 etiam
467 555 638 596 confessis,
665 556 713 588 vel
747 554 922 588 confitendi
954 553 1080 586 firmum

344 607 548 650 propositum
574 608 790 648 habentibus,
817 607 961 640 habitum
990 618 1081 650 prae-

344 660 442 692 fatum
468 661 696 701 deferentibus,
722 662 775 704 qui
801 660 934 703 singulis
966 660 1080 693 diebus

343 713 462 756 septies
495 714 674 747 orationem
703 714 896 746 dominicam
922 718 954 745 et
987 713 1079 746 toties

342 765 569 799 salutationem
608 767 787 808 angelicam
824 766 996 809 praefatas,
1039 766 1077 798 ad

343 818 443 862 ipsius
468 819 624 862 Deiparae
648 819 787 862 Virginis
805 819 922 852 Mariae
940 819 1078 862 gloriam

342 877 373 904 et
399 872 580 913 honorem;
608 878 662 904 aut
678 873 784 915 ipsum
808 872 860 905 SS.
881 869 1077 905 Eucaristiae

339 922 589 965 Sacramentum,
609 925 683 958 dum
701 926 740 958 ad
758 925 897 968 aliquem
915 924 1077 958 infirmum

341 976 493 1017 defertur,
519 977 765 1017 associaverint;
790 979 839 1011 vel
865 979 920 1022 qui
944 978 1007 1010 hoc
1033 979 1077 1011 fa-

339 1039 411 1063 cere
437 1030 597 1073 impediti,
623 1032 862 1080 campanae'ad
887 1032 918 1065 id
945 1033 1018 1065 dato
1040 1033 1077 1065 si-

339 1093 421 1124 gno,
456 1083 594 1125 genibus
627 1085 716 1117 flexis
748 1085 869 1128 septies
896 1086 1076 1120 orationem

339 1135 534 1169 dominicam
567 1143 599 1170 et
639 1138 733 1171 toties
762 1139 988 1172 salutationem
1020 1151 1076 1173 an—

338 1187 473 1229 gelicam
498 1189 683 1224 huiusmodi
708 1201 767 1234 pro
797 1192 912 1224 eodem
947 1192 1074 1225 infirmo

338 1241 561 1283 recitaverint,
589 1254 646 1276 seu
668 1255 827 1288 pauperes
849 1255 865 1278 e
890 1246 1074 1288 captivitate

337 1293 522 1338 redemptos
548 1295 691 1339 hospitio
722 1297 925 1340 receperint,
960 1298 1074 1332 illosve

336 1347 375 1379 ad
402 1348 570 1381 ecclesiam
595 1348 721 1382 Ordinis
739 1351 787 1382 vel
807 1350 984 1384 oratorium
1002 1362 1073 1385 con-

335 1399 545 1434 fraternitatis
570 1402 724 1442 locorum,
750 1403 783 1435 in
801 1403 916 1446 quibus
938 1404 1071 1447 degunt,

335 1453 579 1487 associaverint:
605 1460 728 1499 septem
747 1466 848 1489 annos
875 1462 906 1489 et
930 1458 1073 1492 todidem

335 1505 571 1549 quadragenas.
598 1507 765 1542 Postremo
792 1508 915 1542 eisdem
946 1511 1073 1545 confra-

334 1558 452 1597 tribus,
479 1559 532 1602 qui
561 1559 593 1592 in
625 1560 743 1603 vigiliis
776 1561 981 1595 festivitatum
1014 1562 1073 1597 Do-

334 1611 412 1644 mini
437 1612 537 1645 nostri
562 1612 634 1646 Iesu
663 1613 796 1653 Christi,
830 1620 884 1647 aut
916 1615 1071 1659 Deiparae

334 1663 473 1706 Virginis
497 1664 623 1705 Mariae,
650 1667 698 1698 vel
720 1665 908 1699 Sanctorum
926 1668 1071 1701 eiusdem

332 1714 481 1756 Ordinis,
507 1716 572 1750 sive
608 1717 744 1760 singulis
781 1719 879 1751 sextis
913 1719 1000 1753 feriis
1035 1731 1071 1754 ac

333 1768 447 1801 diebus
472 1769 597 1802 sabbati
627 1771 798 1804 cuiuslibet
834 1771 1068 1815 hebdomadae,

331 1822 370 1855 ad
396 1822 451 1855 Dei
477 1824 711 1867 omnipotentis
737 1831 769 1858 et
792 1825 947 1868 Deiparae
969 1827 1070 1871 Virgi-

332 1875 381 1908 nis
408 1875 525 1909 Mariae
550 1877 680 1910 laudem
698 1883 730 1910 et
746 1879 883 1920 gloriam
906 1880 1071 1914 ieiunave-

330 1927 396 1960 rint
406 1927 423 1969 ¹,
440 1929 535 1972 quive
553 1930 750 1974 sepeliendis
763 1933 899 1965 mortuis
917 1934 1068 1974 officiose,

331 1986 385 2013 aut
409 1981 516 2015 missis
543 1988 573 2016 et
597 1983 667 2016 aliis
693 1983 808 2018 divinis
835 1985 948 2019 officiis
968 1987 1001 2019 in
1019 1998 1069 2020 ec-

330 2035 439 2067 clesiis
471 2046 530 2068 seu
555 2036 710 2080 cappellis
734 2036 862 2071 Ordinis
889 2044 921 2072 et
944 2041 1070 2073 confra-

329 2088 519 2121 ternitatum
544 2089 730 2122 huiusmodi
752 2100 840 2123 more
872 2092 1069 2126 confratrum

330 2141 532 2175 celebrandis
558 2147 611 2175 aut
635 2144 940 2186 congregationibus
964 2147 1070 2189 publi-

330 2194 374 2227 cis
401 2196 451 2228 vel
483 2195 617 2238 privatis
642 2197 828 2229 earumdem
859 2198 1070 2232 confraterni-

330 2252 430 2280 tatum
455 2259 513 2291 pro
539 2259 746 2293 quocumque
773 2260 870 2293 opere
896 2252 949 2294 pio
979 2263 1069 2285 exer-

330 2300 435 2333 cendo
462 2301 576 2334 devote
597 2301 815 2343 interfuerint,
839 2309 893 2335 aut
908 2315 1068 2348 pauperes

329 2353 522 2396 peregrinos
547 2355 598 2387 vel
619 2355 790 2397 religiosos
812 2355 914 2398 ipsius
938 2356 1066 2391 Ordinis

331 2405 476 2449 hospitio
501 2407 697 2449 exceperint,
719 2412 773 2440 aut
789 2418 901 2451 pacem
920 2420 993 2442 cum
1012 2410 1069 2443 ini-

327 2457 422 2491 micis
440 2459 582 2502 propriis
602 2460 650 2491 vel
669 2459 782 2492 alienis
808 2462 1066 2503 composuerint,

329 2523 386 2545 seu
411 2512 538 2545 devium
563 2512 705 2555 aliquem
730 2514 769 2546 ad
786 2513 867 2546 viam
887 2515 998 2547 salutis
1020 2526 1069 2548 re-

329 2565 487 2605 duxerint,
513 2566 564 2598 vel
589 2565 777 2608 ignorantes
806 2566 863 2599 Dei
895 2573 1069 2611 praecepta

365 2627 377 2652 1
399 2625 448 2652 Ed.
465 2625 544 2652 Main.
559 2626 625 2661 legit
641 2627 850 2655 ieiimaverunt
864 2628 904 2663 (R.
920 2627 969 2663 T.).

345 2691 352 2696 ν
377 2700 381 2702 -
417 2679 497 2712 Bull-
518 2680 601 2709 Rom.
644 2681 702 2717 Vol:
722 2681 813 2716 XVII.
975 2682 1009 2709 90

976 241 1118 264 cLEtiENs
1142 241 1172 264 lx
1197 240 1245 264 1³1³.

1764 228 1827 262 713
1874 237 1920 264 An.
1939 237 1969 264 u.
1989 236 2058 263 1668

1128 293 1159 320 et
1183 299 1266 331 quae
1292 288 1332 321 ad
1357 288 1492 321 salutem
1516 292 1592 320 sunt
1608 287 1791 320 necessaria
1810 287 1866 319 do-

1127 342 1274 382 cuerint,
1306 348 1357 375 aut
1392 341 1563 385 quinquies
1594 341 1774 374 orationem
1807 341 1864 372 do-

1126 395 1277 428 minicam
1305 402 1336 428 et
1360 396 1453 429 toties
1482 395 1710 428 salutationem
1742 393 1863 436 angeli-

1125 457 1193 479 cam
1216 448 1374 490 praefatas
1394 459 1452 491 pro
1471 448 1640 481 animabus
1664 447 1861 480 confratrum

1125 499 1282 532 dictarum
1296 501 1593 533 confraternitatum
1612 501 1644 532 in
1658 499 1775 533 Christi
1791 499 1861 531 cha-

1123 552 1216 585 ritate
1242 553 1469 586 defunctorum
1486 553 1707 592 recitaverint,
1718 558 1769 584 aut
1782 563 1861 595 pau-

1123 615 1215 647 peres
1235 607 1359 648 puellas
1379 607 1418 638 de
1436 617 1494 639 suo
1510 606 1651 649 proprio,
1671 615 1734 638 non
1754 611 1859 638 autem

1123 658 1231 701 aliquo
1246 658 1431 701 particulari
1447 660 1554 701 legato
1569 659 1622 702 pio
1640 659 1678 692 ad
1696 659 1727 691 id
1746 659 1858 691 relicto

1122 710 1172 742 vel
1196 710 1422 753 relinquendo,
1449 711 1653 744 matrimonio
1679 712 1860 744 collocave-

1121 762 1201 795 rint:
1226 762 1322 795 toties
1347 774 1405 806 pro
1431 764 1577 807 quolibet
1601 764 1857 807 praemissorum

1120 815 1340 858 posteriorum
1376 827 1508 859 operum
1540 817 1671 860 piorum
1703 816 1857 850 exercitio

1121 873 1187 900 tres
1209 878 1311 901 annos
1336 874 1368 901 et
1393 869 1528 902 totidem
1561 870 1783 912 quadragenas
1816 870 1856 902 de

1120 921 1273 954 iniunctis
1310 921 1356 954 eis
1396 928 1450 955 aut
1490 922 1567 955 alias
1605 922 1858 965 quomodolibet

1121 974 1236 1007 debitis
1252 975 1464 1018 poenitentiis
1483 976 1737 1008 misericorditer
1754 976 1786 1008 in
1801 976 1859 1009 Do-

1119 1027 1216 1068 mino,
1238 1034 1406 1072 perpetuo,
1433 1029 1519 1063 dicta
1544 1028 1724 1072 apostolica
1750 1034 1859 1062 aucto-

1119 1080 1223 1121 ritate,
1256 1082 1443 1114 earumdem
1473 1087 1589 1115 tenore
1621 1082 1855 1125 praesentium,

1118 1134 1310 1167 relaxamus.
1340 1135 1382 1167 Ac
1416 1135 1539 1168 eisdem
1570 1135 1789 1168 confratribus
1824 1140 1858 1168 ut

1118 1187 1335 1230 indulgentias
1362 1193 1393 1220 et
1417 1193 1626 1231 peccatorum
1645 1188 1856 1221 remissiones

1117 1240 1278 1283 praefatas
1305 1241 1450 1273 fidelium
1483 1242 1515 1274 in
1548 1241 1665 1275 Christi
1699 1242 1856 1275 charitate

1117 1293 1341 1326 defunctorum
1366 1294 1533 1327 animabus
1558 1305 1617 1339 per
1641 1296 1771 1329 modum
1793 1295 1858 1328 suf·

1116 1346 1209 1389 fragii
1234 1346 1360 1390 possint
1384 1348 1570 1390 applicare;

1159 1400 1174 1442 g
1198 1400 1230 1432 4.
1253 1401 1297 1432 Ac
1321 1401 1420 1443 ipsius
1446 1400 1573 1434 Ordinis
1590 1401 1745 1444 magistro
1763 1408 1793 1435 et
1811 1404 2051 1455 l'a-mfflfflfggnosggj

1115 1452 1221 1485 miliae
1264 1454 1457 1487 reformatae
1501 1455 1666 1497 praefatae
1707 1456 1826 1489 vicario
1845 1462 1997 1497 ,²⁰¹01222uffl·

1115 1516 1240 1539 necnon
1265 1507 1431 1539 ambarum
1457 1507 1649 1542 familiarum
1671 1508 1856 1542 huiusmodi

1115 1560 1381 1601 procuratoribus
1407 1561 1626 1603 generalibus,
1644 1572 1729 1595 nunc
1746 1568 1778 1595 et
1794 1573 1854 1606 pro

1115 1617 1261 1655 tempore
1281 1612 1502 1653 existentibus,
1522 1618 1558 1645 ut
1574 1614 1743 1658 utriusque
1759 1626 1854 1649 sexus

1114 1666 1407 1706 confraternitates,
1434 1672 1497 1700 tam
1522 1667 1582 1700 sub
1601 1669 1764 1711 praefatae
1778 1670 1855 1702 Bea-

1114 1724 1164 1751 tae
1190 1719 1313 1751 Mariae·
1333 1719 1371 1752 de
1397 1719 1544 1753 Mercede
1571 1731 1668 1764 quam
1690 1722 1751 1754 alia
1777 1733 1854 1766 qua—

1114 1782 1251 1815 cumque
1277 1772 1480 1806 invocatione
1506 1778 1538 1806 et
1568 1774 1850 1817 denominatione,

1113 1824 1214 1857 ubivis
1238 1826 1384 1858 locorum
1402 1825 1545 1868 erigere¹
1564 1832 1597 1859 et
1614 1826 1797 1868 instituere,
1820 1828 1854 1860 il-

1113 1877 1224 1919 lasque
1250 1876 1295 1909 sic
1320 1883 1443 1910 erectas
1462 1883 1493 1910 et
1512 1877 1674 1911 institutas
1694 1879 1782 1912 illius
1804 1890 1852 1913 ar-

1113 1930 1496 1970 chiconfraternitatibus,
1524 1934 1648 1964 servata
1667 1937 1773 1965 tamen
1793 1934 1853 1966 for-

1113 1985 1163 2015 ma
1199 1983 1442 2017 constitutionis
1479 1984 1581 2017 felicis
1618 1986 1851 2019 recordationis

1112 2036 1282 2069 Clementis
1306 2037 1391 2080 Papa
1415 2037 1478 2069 VIII
1503 2038 1767 2080 praedecessoris
1794 2049 1852 2072 no-

1112 2089 1167 2122 stri
1179 2094 1277 2133 super
1288 2089 1443 2123 dictarum
1456 2091 1756 2124 confraternitatum
1767 2102 1852 2125 erec-

1113 2143 1255 2175 tionibus
1270 2148 1300 2176 et
1314 2144 1596 2186 aggregationibus
1610 2144 1725 2184 editae,
1741 2156 1851 2188 aggre-

1112 2207 1187 2238 gare
1213 2197 1336 2239 possint
1363 2198 1546 2238 etvaleant,
1574 2198 1686 2231 eadem
1711 2199 1850 2232 auctori-

1112 2255 1185 2289 tate,
1212 2249 1307 2282 etiam
1328 2255 1501 2292 perpetuo,
1521 2250 1707 2284 earumdem
1735 2256 1848 2285 tenore

1111 2302 1344 2345 praesentium,
1373 2302 1590 2345 indulgemus.

1155 2355 1169 2397 g
1199 2355 1230 2387 5.
1262 2355 1332 2388 Non
1368 2355 1570 2388 obstantibus
1605 2358 1750 2400 praefata
1782 2358 2044 2416 Clss‘r0{3{¹'‘³“'⁵⁶⁰‘

1110 2407 1228 2440 mentis
1253 2418 1288 2440 ac
1312 2407 1383 2451 piae
1408 2408 1584 2442 memoriae
1609 2409 1697 2442 Pauli
1722 2411 1807 2454 Papa
1828 2411 1849 2442 V
1924 2406 1928 2410 ’

1112 2461 1207 2493 etiam
1220 2461 1479 2504 praedecessoris
1494 2461 1596 2495 nostri
1610 2462 1766 2496 similium
1779 2475 1849 2507 gra-

1112 2513 1225 2546 tiarum
1243 2515 1444 2547 revocatoria
1460 2525 1517 2548 seu
1532 2516 1761 2557 moderatoria‚
1779 2528 1849 2550 nec-

1112 2576 1177 2598 non
1194 2568 1303 2599 nostra
1321 2567 1359 2599 de
1379 2566 1588 2610 indulgentiis
1606 2570 1645 2602 ad
1662 2570 1764 2602 instar
1782 2580 1848 2604 non

1145 2628 1159 2654 1
1180 2626 1349 2672 Edi‘zMam·
1360 2627 1431 2664 legit
1445 2629 1551 2664 eliyere
1565 2631 1604 2672 (a.
1619 2629 1668 2666 Τ.).
