2247 3208
207 201 257 229 Λιι.
274 200 302 228 c.
324 200 391 228 ¹664
437 190 501 224 994

395 248 498 280 cunda
524 245 685 279 dominica
719 248 792 287 post
824 243 947 275 Pascha
971 242 1127 274 Resurre-

393 300 524 339 ctionis3
543 298 586 330 ita
603 303 637 329 ut
653 302 725 329 ante
747 296 942 329 electionem
963 296 1064 338 patris
1082 294 1125 326 vi-

393 352 468 385 carii
484 351 655 393 generalis,
672 360 752 392 quae
770 349 916 382 facienda
930 355 979 381 est
991 348 1126 380 sabbato

392 410 465 436 ante
481 403 675 435 dominicam
691 402 830 441 tertiam,
846 401 915 434 fieri
934 401 1059 444 possint
1077 401 1126 433 de-

391 456 570 496 finitiones,
586 456 717 489 decreta
734 461 765 488 ct
780 460 908 493 statuta,
923 464 1003 496 quae
1018 454 1127 485 hacte-

392 519 452 541 nus
477 509 597 541 fiebant
633 514 705 551 post
739 508 931 541 electionem
956 506 1056 550 patris
1083 506 1127 538 vi-

391 560 469 594 carii
495 561 669 603 generalis;
697 566 729 593 et
753 560 920 603 praedicti,
940 559 993 602 qui
1012 569 1127 591 conve-

390 614 460 646 nire
486 614 617 653 debent,
645 613 777 646 omnino
795 613 823 645 id
850 617 1050 655 exequantur
1067 612 1125 643 sub

390 667 505 708 poenis
530 666 664 698 arbitrio
698 666 842 698 ciusdem
879 664 1053 697 detinitorii
1078 664 1126 695 in-

389 718 550 759 fligendis
576 724 733 761 quatenus
758 718 827 750 sinc
853 717 1047 757 rationabili,
1072 721 1126 748 aut

389 770 533 812 legitima
553 773 648 803 causa
672 781 736 803 non
755 770 962 803 accesserint.

432 834 496 856 XIX.
517 824 563 856 Ad
583 824 751 856 fovendam
769 823 983 855 humilitatem
1000 827 1031 854 et
1048 822 1125 853 obe-

390 876 545 909 dientiam
571 878 768 919 regularem,
795 876 1007 908 exercendam
1036 874 1124 907 iusti-

389 929 467 961 tiam
492 929 741 969 distributivam,
759 935 791 961 et
805 927 1040 972 providendum
1059 928 1123 959 lau-

389 982 491 1014 dabili
518 983 584 1014 otio
615 987 646 1014 et
675 982 774 1025 quieti
808 981 1047 1023 religiosorum,
1074 980 1124 1011 de-

389 1039 515 1067 cretum
542 1035 599 1066 suit
624 1034 710 1077 quod
737 1034 769 1066 in
801 1034 943 1065 futurum
974 1032 1120 1074 rcligosi,

389 1086 442 1129 qui
478 1097 539 1130 per
573 1098 627 1118 sex
664 1097 766 1118 annos
800 1086 972 1118 continuos
1008 1095 1122 1118 munus

388 1140 619 1182 quodcumque
645 1138 881 1172 iurisdictionis
907 1139 1121 1179 exercuerint,

387 1193 455 1225 sive
481 1192 592 1225 vicarii
618 1191 793 1235 generalis,
821 1192 887 1224 sive
914 1192 1095 1224 delinitoris
1114 1219 1121 1232 ‚

387 1251 441 1278 aut
453 1245 630 1278 visitatoris
646 1256 705 1289 per
723 1245 932 1284 electionem,
953 1245 1017 1277 sive
1035 1246 1123 1287 prio-

386 1298 430 1330 ris
456 1298 602 1338 actualis,
627 1309 644 1330 a
670 1307 873 1340 quocumque
891 1308 926 1329 ex
944 1297 1121 1340 praedictis

386 1349 576 1381 muneribus
612 1347 914 1391 indispensabiliter
944 1358 1003 1390 per
1031 1348 1123 1380 bien-

385 1401 476 1434 nium
500 1412 612 1433 vacare
634 1400 785 1433 debeant.

429 1464 479 1487 xx.
511 1453 671 1486 Statutum
704 1454 761 1485 suit
794 1454 880 1497 quod
914 1454 946 1485 in
979 1454 1121 1485 futurum

387 1512 459 1539 acta
484 1506 717 1547 visitationum,
737 1512 801 1539 tam
822 1507 922 1549 patris
940 1506 1049 1538 vicarii
1071 1517 1124 1549 ge-

387 1559 507 1592 neralis
533 1564 564 1592 et
587 1559 674 1591 illius
698 1559 1004 1598 commissariormn,
1027 1569 1121 1601 quam

386 1618 518 1656 patruni
542 1612 758 1651 visitatorum,
785 1611 963 1643 deserenda
988 1612 1052 1643 sint
1083 1611 1121 1643 ad

388 1665 566 1708 capitulum
592 1666 758 1707 generale,
778 1670 809 1697 et
830 1665 1007 1697 deserenda
1024 1665 1055 1696 in
1073 1665 1122 1697 de-

386 1718 530 1751 finitorio
557 1718 702 1750 eiusdem
733 1718 865 1760 capituli
891 1724 964 1750 ante
991 1718 1122 1750 electio-

387 1782 463 1804 nem
487 1772 586 1814 patris
612 1771 719 1803 vicarii
747 1771 907 1813 generalis
922 1780 1123 1813 congregan-

388 1824 441 1864 do,
466 1825 504 1856 ad
526 1823 675 1856 effectum
701 1829 735 1855 ut
755 1829 938 1867 opportune
959 1822 1121 1866 provideri

387 1876 506 1919 possit,
533 1882 627 1919 prout
651 1876 787 1916 iustitia,
810 1876 963 1918 religiosa
979 1876 1123 1919 pruden-

388 1929 432 1961 tia
457 1935 489 1962 et
512 1930 601 1962 zelus
621 1929 802 1970 dictaverit,
821 1930 917 1962 etiam
940 1929 973 1961 in
991 1928 1124 1961 electio-

387 1982 484 2015 nibus
509 1983 675 2015 faciendis.

431 2046 492 2068 xxi.
520 2036 580 2067 Pro
604 2036 717 2068 maiori
736 2036 789 2067 Dei
808 2036 949 2075 servitio,
964 2033 1122 2067 beneficio

388 2087 667 2130 Congregationis,
694 2099 730 2120 ac
755 2088 841 2120 illius
863 2087 1048 2131 perfectiori
1067 2088 1123 2120 ob-

389 2140 556 2180 servantia,
582 2141 719 2183 aliisque
745 2141 837 2173 iustis
857 2141 895 2172 de
917 2140 1021 2173 causis
1045 2140 1124 2171 insi-

388 2193 496 2225 nuatis
522 2198 553 2225 et
577 2198 701 2225 mature
734 2193 903 2236 perpensis
920 2220 927 2233 ,
955 2193 1122 2225 decretum

389 2244 449 2276 suit
485 2246 570 2288 quod
603 2246 635 2277 in
666 2246 805 2277 futurum
830 2246 981 2288 (servato
1017 2251 1122 2277 tamen

387 2297 597 2341 beneplacito
630 2298 720 2330 Sedis
750 2298 969 2340 Apostolicae,
996 2303 1027 2330 et
1058 2308 1122 2330 non

388 2350 476 2391 alias,
498 2350 599 2390 aliter,
618 2361 677 2383 nce
703 2351 766 2382 alio
792 2351 902 2394 modo)
922 2356 1047 2393 tempus
1066 2350 1107 2382 du
1116 2368 1123 2372 ·»

388 2402 522 2435 rationis
546 2413 713 2435 nnmerum
739 2403 847 2435 vicarii
874 2402 1043 2445 generalis,
1070 2402 1123 2434 de-

387 2455 553 2488 finitorum
574 2461 603 2487 et
628 2455 829 2487 visitatorum
848 2466 906 2498 per
921 2455 1120 2493 electionem,

388 2518 514 2541 necnon
545 2509 689 2552 priorum
723 2508 895 2540 actualium
921 2508 1121 2549 singulorum

388 2568 616 2602 conventuum,
643 2571 707 2593 non
734 2560 872 2604 amplius
893 2561 931 2593 ad
956 2559 1122 2592 biennium

977 193 1157 218 BULLARIUM
1181 192 1332 216 ROMANUM

1170 241 1224 272 sed
1240 240 1278 272 ad
1296 239 1471 271 triennium
1486 240 1646 282 perduret,
1662 245 1693 272 et
1706 239 1810 273 dietae
1827 249 1904 272 non-

1169 292 1231 324 nisi
1256 292 1288 324 in
1314 292 1457 324 secundo
1483 302 1566 325 anno
1584 292 1739 325 celebrari
1760 292 1900 335 possint.

1212 355 1287 378 xxu.
1314 344 1478 377 Stantibus
1505 345 1692 378 definitione
1717 350 1749 377 et
1773 345 1903 378 decreto

1170 399 1317 441 superius
1342 398 1426 430 sacto
1452 408 1510 440 pro
1536 398 1705 431 duratione
1733 409 1903 431 munerum

1170 456 1201 483 et
1225 450 1456 493 guberniorum
1478 450 1516 482 ad
1543 449 1729 490 triennium,
1745 460 1780 482 ex
1799 451 1902 483 altero

1169 504 1288 546 pariter
1321 504 1451 536 decreto
1487 503 1524 535 de
1556 503 1723 536 vacatione
1759 503 1903 536 biennali

1169 562 1244 599 post
1269 566 1323 588 sex
1348 562 1450 589 annos
1474 555 1740 588 iurisdietionalis
1772 556 1903 598 regimi-

1169 608 1233 647 nis,
1264 609 1428 640 decretum
1462 608 1521 640 suit
1552 608 1638 650 quod
1670 608 1703 639 in
1734 613 1903 651 posterum

1168 661 1290 693 vacatio
1316 671 1381 693 non
1408 660 1537 703 quidem
1562 670 1621 703 per
1643 660 1811 692 biennium
1838 665 1902 692 tan-

1169 718 1247 753 tum,
1267 714 1322 746 sed
1348 724 1408 756 per
1432 713 1607 745 triennium
1624 713 1778 756 perduret
1793 723 1903 756 respe-

1168 771 1220 797 ctu
1242 777 1413 798 munerum
1438 766 1470 798 in
1492 766 1606 798 eodem
1626 766 1757 798 decreto
1775 765 1902 808 exposi-

1169 823 1293 858 torum;
1321 829 1385 861 quo
1410 828 1485 850 vero
1518 819 1555 851 ad
1588 823 1713 861 patrem
1744 817 1901 850 vicarium

1167 873 1361 913 generalem,
1388 872 1441 915 qui
1466 872 1592 904 functus
1611 872 1652 904 sit
1667 882 1801 904 munere
1817 872 1901 904 vica-

1167 925 1204 956 rii
1231 925 1399 966 generalis,
1419 925 1457 956 ad
1475 925 1560 956 idem
1579 935 1695 956 munus
1711 924 1901 967 ineligibilis

1167 977 1207 1008 sit
1221 987 1280 1019 per
1294 977 1494 1016 sexennium,
1515 982 1678 1008 reservato
1693 976 1899 1019 beneplacito

1166 1029 1359 1071 apostolico,
1386 1035 1417 1061 et
1441 1039 1506 1062 non
1531 1029 1619 1069 alias,
1634 1029 1738 1068 aliter,
1755 1039 1815 1061 nee
1835 1029 1899 1062 alio

1166 1083 1275 1114 modo.

1208 1144 1297 1167 xxm.
1324 1134 1498 1167 Decretum
1534 1135 1594 1166 suit
1625 1134 1711 1177 quod
1736 1134 1787 1175 id,
1813 1134 1900 1177 quod

1166 1191 1320 1218 statutum
1347 1191 1396 1218 est
1421 1187 1460 1219 de
1478 1187 1647 1219 duratione
1665 1187 1816 1221 triennali
1832 1197 1901 1219 mu-

1166 1249 1279 1271 nerum
1305 1240 1406 1282 patris
1432 1239 1544 1272 vicarii
1579 1239 1739 1281 generalis
1765 1245 1796 1272 et
1820 1240 1900 1272 alio-

1166 1302 1249 1332 rum,
1275 1297 1310 1323 ut
1335 1303 1434 1335 supra
1454 1319 1461 1332 ‚
1487 1291 1573 1325 idem
1598 1292 1838 1325 observandum
1858 1292 1901 1325 sit

1165 1346 1271 1389 quoad
1287 1346 1489 1379 durationem
1503 1356 1674 1378 munerum
1687 1351 1815 1389 patrum
1828 1357 1901 1389 pro-

1164 1399 1322 1433 curatoris
1349 1400 1510 1441 generalis
1527 1426 1534 1438 ,
1561 1399 1664 1440 socii,
1691 1409 1749 1432 seu
1774 1399 1899 1432 scribae

1164 1458 1195 1485 et
1220 1452 1385 1485 secretarii
1411 1452 1679 1494 congregationis
1694 1462 1754 1495 pro
1773 1457 1899 1495 tempo-

1164 1516 1197 1538 re
1223 1505 1443 1545 existentium,
1460 1510 1625 1538 reservato
1643 1505 1850 1547 beneplacito
1868 1515 1899 1537 a·

1164 1558 1337 1601 postolico,
1364 1562 1395 1590 et
1419 1568 1484 1590 non
1510 1558 1599 1598 alias,
1625 1562 1688 1590 ete.

1206 1622 1288 1644 xxw.
1308 1611 1467 1644 Statutum
1486 1616 1518 1643 et
1534 1611 1699 1643 decretum
1714 1610 1780 1650 suit,
1797 1610 1897 1654 quod,

1164 1664 1332 1696 eveniente
1357 1674 1431 1697 casu
1445 1663 1572 1703 mortis,
1590 1673 1646 1695 seu
1664 1663 1898 1706 cuiuscumque

1164 1715 1295 1748 alterius
1321 1720 1353 1747 et
1376 1715 1511 1757 legitimi
1535 1720 1566 1747 et
1590 1714 1737 1748 canonici
1762 1714 1893 1757 impedi-

1163 1768 1262 1800 menti
1287 1767 1387 1810 patris
1406 1767 1515 1800 vicarii
1546 1767 1706 1810 generalis
1730 1777 1790 1810 pro
1819 1772 1899 1799 tem·

1164 1830 1255 1862 pore,
1282 1831 1346 1863 quo
1371 1830 1488 1852 munus
1514 1819 1624 1852 vicarii
1653 1819 1813 1862 generalis
1838 1829 1899 1862 per

1164 1873 1261 1905 alium
1285 1872 1503 1905 exercendum
1525 1873 1615 1912 soret,
1638 1877 1725 1912 tunc,
1747 1872 1774 1904 si
1795 1871 1897 1905 dietus

1164 1936 1257 1958 casus
1276 1925 1399 1958 accidat
1418 1925 1502 1957 intra
1524 1935 1577 1957 scx
1591 1934 1719 1957 menses
1735 1924 1899 1967 proximos

1164 1983 1238 2011 ante
1263 1977 1517 2010 celebrationem
1550 1976 1683 2019 capituli
1716 1976 1898 2019 generalis,

1165 2031 1355 2073 gubernium
1373 2029 1639 2072 Congregatiouis
1658 2030 1846 2061 devolvatur
1858 2028 1898 2060 ad

1164 2088 1289 2126 patrem
1305 2083 1458 2114 vicarium
1475 2083 1659 2124 generalem
1678 2081 1824 2124 proxime
1842 2081 1898 2113 ah-

1165 2136 1305 2167 solutum
1340 2134 1570 2177 supcrstitem,
1604 2144 1660 2166 seu
1693 2133 1835 2175 legitime
1867 2138 1900 2165 et

1164 2189 1319 2221 canonice
1344 2199 1409 2220 non
1426 2188 1627 2231 impeditum,
1646 2197 1748 2230 usque
1767 2187 1805 2218 ad
1822 2196 1899 2229 pro-

1164 2242 1282 2273 ximum
1306 2240 1482 2283 capitulum
1497 2241 1647 2283 generale
1666 2238 1899 2272 celebrandum

1164 2301 1308 2337 tempore
1333 2293 1480 2336 superius
1506 2297 1624 2325 statuto
1655 2291 1817 2325 durationi
1843 2301 1899 2333 gu-

1163 2347 1267 2381 bernii
1292 2346 1330 2379 ad
1356 2346 1540 2385 triennium,
1559 2345 1591 2377 in
1614 2345 1749 2387 reliquis
1771 2344 1810 2376 ad
1835 2344 1899 2376 sor-

1164 2411 1247 2432 mam
1272 2399 1561 2439 constituti0num3
1593 2397 1620 2431 si
1654 2402 1759 2430 autem
1785 2407 1897 2437 casus,

1165 2454 1202 2485 de
1229 2463 1293 2496 quo
1318 2463 1428 2496 supra,
1456 2451 1600 2485 evenerit
1632 2456 1705 2483 ante
1731 2461 1784 2483 sex
1809 2460 1899 2482 men-

1164 2517 1214 2538 ses
1229 2507 1420 2549 praedictos,
1437 2511 1522 2545 tunc,
1543 2506 1648 2537 ‹lelato
1667 2503 1823 2547 gubernio
1842 2514 1899 2546 pa-

1165 2559 1205 2591 tri
1231 2559 1348 2592 vicario
1375 2559 1517 2602 generali
1544 2558 1691 2591 absoluto
1715 2556 1896 2600 praedictO,

1915 190 1963 218 An.
1979 190 2008 218 C.
2033 188 2100 220 1664
