2247 3208
200 256 248 281 An.
268 255 295 280 c.
319 253 385 281 1003
432 244 495 276 140

394 302 466 334 dem
491 298 637 332 moderni
663 301 694 328 et
718 305 778 338 pro
796 299 943 337 tempore
960 290 1127 325 existentis

393 352 605 398 protectoris,
631 348 799 382 Altissimo
825 345 1031 387 famulentur)
1055 355 1129 387 per-

393 411 489 449 petuo
523 403 674 445 erigimus
700 407 731 434 et
763 400 973 449 instituimus3
1007 398 1051 430 Ae
1082 397 1127 430 illi

394 459 439 492 sic
463 462 570 490 erecto
596 466 656 499 pro
682 454 751 487 eius
777 454 851 486 dote
876 451 984 485 omnIa
1008 456 1039 484 et
1064 451 1129 484 sin-

394 513 469 554 gula
492 511 586 548 bona,
622 507 802 541 oblationes
834 511 865 538 et
894 505 1129 548 eleemosynas,

393 564 518 606 aliaque
552 563 605 605 pia
630 560 784 600 subsidia,
818 569 876 602 per
908 567 1129 601 quoscumque

394 615 620 650 christifideles
635 613 822 656 elargienda
838 617 869 645 et
885 611 1043 650 donanda,
1062 620 1130 653 per-

394 676 491 714 petuo
505 669 705 712 applicamus
720 671 751 699 et
765 665 1026 709 appropriainus3
1043 673 1130 706 prae-

395 723 537 765 fatasque
562 721 715 764 virgines,
745 729 824 762 quae
857 719 889 750 in
915 717 1000 751 dicta
1031 717 1129 749 domo

394 785 478 807 nunc
502 774 649 813 existunt,
682 778 713 806 et
737 782 818 815 quae
851 771 995 803 habitum
1020 780 1132 802 mona-

395 828 520 860 chalem
562 826 722 868 suscipere
758 828 893 868 possunt
927 834 963 856 ac
997 823 1129 862 volunt,

395 881 537 922 aliasque
563 889 622 921 pro
647 884 793 920 tempore
818 877 850 909 in
875 876 1041 919 praedicto
1062 886 1130 908 mo-

396 932 534 965 nasterio
559 930 808 963 introducendas
832 940 890 972 per
913 933 1129 972 protectorem

395 985 607 1028 praedictum,
633 989 686 1015 aut
709 982 806 1015 alium
831 982 870 1014 ab
895 992 933 1014 eo
959 982 997 1014 ad
1023 981 1055 1014 id
1073 991 1129 1013 suo

396 1038 529 1071 arbitrio
551 1036 778 1079 deputandum,
796 1034 906 1074 velari,
931 1039 962 1066 et
986 1033 1130 1066 habitum

396 1091 606 1134 praedictum,
631 1089 712 1122 sicut
735 1087 958 1131 praemittitur,
984 1087 1049 1120 illis
1073 1087 1131 1119 im-

396 1144 472 1187 poni
498 1152 591 1186 posse
614 1143 760 1175 volumus
785 1146 816 1173 et
840 1139 1057 1172 concedimus.
1081 1138 1131 1171 Di-

397 1202 544 1238 ctumque
569 1192 809 1233 monasterium,
830 1203 866 1225 ac
889 1192 974 1225 illius
998 1191 1131 1234 prioris-

397 1260 463 1281 sam
487 1253 518 1280 et
541 1247 697 1280 moniales
721 1256 777 1279 seu
808 1245 964 1288 virgines,
990 1249 1022 1277 et
1044 1243 1130 1276 illius

397 1310 562 1344 personas,
587 1309 622 1332 ac
640 1300 725 1331 bona
746 1308 975 1341 quaecumque,
997 1306 1081 1329 nunc
1101 1301 1132 1328 et

398 1363 456 1396 pro
483 1358 627 1394 tempore
652 1351 831 1389 existentia,
857 1350 895 1382 ab
917 1349 1005 1382 omni
1031 1348 1132 1381 cuius-

399 1415 534 1447 cumque
560 1403 690 1437 alterius
707 1402 939 1441 iurisdictione,
960 1401 1134 1444 superiori-

400 1463 474 1497 tate,
499 1458 583 1495 cura,
608 1455 819 1495 correctione,
851 1454 1044 1493 visitatione,
1076 1453 1133 1486 do-

399 1509 518 1549 minio,
543 1513 723 1551 potestate,
762 1517 887 1540 necnon
920 1517 936 1539 a
972 1506 1133 1539 solutione

401 1570 670 1604 quarumcumque
686 1559 892 1599 decimarum,
907 1570 943 1592 ac
960 1558 1135 1591 cuiuscum-

401 1624 462 1657 que
487 1613 631 1653 subsidii,
656 1613 817 1655 gabellae,
844 1617 876 1645 et
899 1611 1034 1644 cuiusvis
1058 1611 1136 1643 alte-

401 1666 466 1699 rius
488 1664 638 1705 ordinis¹‚
655 1671 718 1697 tam
739 1664 894 1697 ordinarii
920 1674 1014 1708 quam
1034 1668 1137 1696 extra-

403 1718 581 1758 ordinarii,
606 1728 643 1750 ex
669 1728 871 1761 quacumque
896 1719 1007 1756 causa,
1041 1716 1137 1749 etiam

403 1782 461 1815 per
485 1782 542 1804 nos
575 1775 607 1803 et
636 1780 838 1803 successores
870 1774 997 1803 nostros
1025 1768 1138 1800 Roma-

404 1835 462 1857 nos
478 1823 649 1856 Pontifices
670 1833 728 1866 pro
750 1827 894 1865 tempore
912 1821 1084 1854 existentes
1101 1831 1138 1853 ac

404 1877 519 1909 Sedem
543 1882 574 1908 et
598 1885 756 1908 cameram
787 1875 962 1918 praefatam
987 1879 1018 1907 et
1044 1884 1139 1917 quos-

405 1940 539 1972 cumque
565 1929 645 1961 alios
670 1927 917 1971 quomodolibet
933 1926 1092 1969 impositis
1109 1931 1140 1958 et

404 1979 640 2024 iinpoiiendis²,
665 1981 777 2013 eadem
801 1979 988 2012 auctoritate
1013 1978 1140 2022 penitus

407 2035 572 2067 eximimus
597 2039 627 2066 et
652 2033 841 2072 liberamus,
866 2032 1024 2075 nobisque
1050 2037 1081 2064 et
1097 2031 1142 2064 ei-

409 2088 481 2120 dem
505 2086 578 2119 Sedi
605 2097 640 2118 ac
664 2086 772 2118 loanni
808 2085 955 2118 Michaeli
987 2083 1139 2117 cardinali

409 2145 440 2171 et
458 2149 516 2181 pro
533 2144 676 2180 tempore
695 2137 842 2170 existenti
860 2136 1035 2180 protectori
1049 2146 1142 2179 prae-

409 2192 474 2224 sato
513 2191 694 2223 immediate
730 2190 935 2230 subiicimus·‚
973 2189 1141 2232 ipsumque

410 2244 562 2275 Ioannem
588 2242 774 2275 Michaelem
800 2241 1005 2281 cardinalem,
1027 2246 1059 2274 et
1083 2250 1141 2283 pro

411 2301 556 2337 tempore
584 2295 774 2327 existentem
806 2294 918 2327 domus
943 2294 1144 2326 cathecume-

411 2358 526 2380 norum
564 2352 595 2378 ct
629 2346 863 2389 neophytarum
909 2345 1143 2389 praedictarum

412 2405 641 2444 protectorem,
664 2399 697 2431 in
721 2399 863 2431 ciusdem
887 2398 1075 2431 monasterii
1100 2397 1145 2429 sic

413 2453 510 2486 erecti
536 2458 753 2497 protectorem
778 2451 925 2494 eligimus
958 2456 990 2484 et
1013 2450 1145 2493 deputa-

449 2535 459 2559 1
480 2532 579 2559 Forsan
594 2531 737 2566 legendum
753 2531 849 2557 oneris
864 2537 911 2564 pro
927 2529 1038 2556 ordinis
1051 2528 1143 2563 (R.T.).

449 2578 464 2602 2
479 2576 635 2611 Legendum
650 2575 719 2602 foret
738 2575 939 2609 impositorum
954 2576 978 2601 et
995 2574 1145 2608 imponen-

415 2622 519 2648 storum
536 2620 576 2646 vel
593 2619 719 2654 impositi
735 2621 760 2646 et
774 2617 944 2653 imponendi
960 2617 997 2653 (n.
1010 2616 1057 2652 T.).

970 242 1150 268 BULLARIUM
1174 241 1325 265 ROMANUM

1162 299 1244 329 mus;
1272 288 1408 331 sibique,
1433 288 1494 329 ut¹,
1516 299 1576 332 per
1592 299 1624 322 se
1644 299 1701 322 seu
1718 298 1900 332 quemeum-

1164 353 1225 386 que
1249 342 1446 375 catholicum
1463 342 1647 383 antistitem,
1672 342 1847 385 prorissam
1868 347 1900 375 et

1163 395 1322 428 moniales
1347 394 1536 428 monasterii
1555 395 1687 437 praefati
1704 394 1899 427 benedicere

1164 453 1196 480 et
1217 448 1333 487 velare,
1358 458 1394 480 ac
1420 457 1638 490 quaecumque
1663 452 1788 488 statuta,
1815 447 1899 480 ordi-

1164 500 1312 533 nationes
1344 505 1375 533 et
1398 500 1537 543 capitula
1571 500 1645 532 felix
1684 499 1831 542 regimen
1867 503 1900 532 et

1164 563 1353 596 prosperum
1389 558 1504 585 statum
1536 552 1720 585 monasterii
1753 557 1785 585 et
1813 552 1898 585 illius

1907 239 1956 266 An.
1972 237 2001 266 C.
2023 237 2091 266 1663

1163 616 1372 649 personarum
1398 605 1581 638 huiusmodi
1603 604 1842 645 concernentia,
1861 605 1900 637 li-
1949 608 1952 611 ’

1163 659 1225 692 cita
1249 664 1280 691 et
1305 659 1447 698 honesta,
1467 669 1503 691 ac
1527 658 1623 691 sacris
1641 657 1817 690 canonibus
1833 667 1899 690 non

1163 712 1335 751 contraria,
1353 712 1504 751 condere,
1530 711 1659 754 illaque,
1685 711 1708 743 si
1735 721 1816 753 opus
1833 710 1899 743 fue-

1163 764 1213 803 rit,
1240 770 1372 803 mutare,
1395 766 1542 803 alterare,
1561 774 1696 803 cassare,
1721 773 1757 794 ac
1781 763 1843 795 alia
1860 762 1898 795 de

1165 827 1246 849 novo
1272 817 1378 857 edere,
1404 827 1502 860 quae,
1530 822 1700 859 postquam
1724 815 1810 848 edita
1835 815 1900 848 fue-

1164 870 1239 908 rint,
1258 869 1341 901 dicta
1367 869 1556 902 auctoritate
1582 868 1759 911 apostolica
1782 867 1898 900 contir-

1164 927 1248 954 mata
1265 932 1332 954 esse
1358 927 1561 962 censeantur;
1588 932 1623 954 ac
1648 921 1752 954 eidem
1772 930 1899 954 monas-

1165 974 1256 1014 terio,
1282 985 1318 1006 ac
1341 974 1427 1007 illius
1459 974 1629 1017 priorissae
1651 979 1683 1006 et
1705 973 1899 1006 monialibus

1165 1033 1196 1060 et
1219 1027 1408 1069 virginibus,
1432 1027 1645 1070 personisque
1670 1037 1729 1069 pro
1754 1032 1899 1069 tempore

1165 1079 1391 1118 existentibus,
1420 1080 1505 1123 quod
1531 1079 1680 1112 omnibus
1705 1083 1737 1112 et
1766 1077 1900 1121 singulis

1164 1131 1349 1175 privilegiis,
1363 1131 1626 1172 immunitatibus,
1644 1131 1900 1174 exemptionibus

1163 1184 1408 1229 praerogativis,
1440 1185 1656 1224 facultatibus,
1686 1183 1901 1217 concessioni-

1165 1239 1233 1279 bus,
1258 1238 1402 1278 indultis,
1426 1237 1636 1280 indulgentiis
1654 1242 1685 1270 et
1705 1236 1827 1279 gratiis,
1846 1236 1902 1270 ali·

1165 1292 1272 1334 isque,
1298 1290 1412 1323 ceteris
1444 1290 1518 1323 dicti
1543 1289 1668 1323 Ordinis
1698 1289 1900 1322 monasteriis

1167 1343 1413 1388 quomodolibet
1443 1343 1476 1375 in
1507 1353 1625 1386 genere
1649 1344 1698 1375 vel
1730 1342 1763 1374 in
1793 1341 1900 1385 specie

1167 1405 1202 1427 ac
1235 1393 1492 1426 communitative
1525 1393 1694 1433 concessis,
1726 1397 1758 1425 et
1785 1393 1901 1435 quibus

1167 1446 1361 1478 monasteria
1393 1451 1425 1478 et
1448 1447 1520 1479 loca
1544 1456 1579 1478 ac
1603 1455 1760 1489 personae
1793 1445 1902 1478 huius-

1167 1499 1253 1532 mo'di
1279 1504 1422 1539 utuntur,
1447 1499 1614 1542 potiuntur
1637 1503 1668 1531 et
1692 1498 1842 1540 gaudent,
1866 1508 1902 1531 ac

1167 1554 1230 1593 uti,
1255 1552 1352 1596 potiri
1377 1557 1408 1585 et
1432 1552 1570 1594 gaudere
1594 1556 1748 1595 poterunt
1770 1561 1904 1595 quomo-

1169 1605 1292 1638 dolibet
1315 1605 1348 1637 in
1374 1605 1524 1644 futurum,
1549 1604 1645 1638 etiam
1670 1609 1764 1648 atque
1784 1603 1903 1648 princi-

1169 1658 1294 1702 paliter,
1318 1657 1452 1702 perinde
1471 1668 1507 1690 ac
1528 1657 1553 1690 si
1578 1657 1682 1690 eidem
1707 1657 1902 1690 monasterio

1170 1721 1206 1743 ac
1229 1711 1315 1744 illius
1345 1710 1492 1754 personis
1520 1709 1722 1752 originaliter
1752 1719 1904 1742 concessa

1171 1769 1277 1797 essent
1301 1768 1333 1796 et
1356 1763 1612 1796 concederentur
1622 1760 1643 1802 ²,
1667 1762 1725 1803 uti,
1749 1761 1848 1805 potiri
1873 1766 1905 1795 et

1172 1817 1311 1859 gaudere
1324 1817 1427 1849 libere
1441 1821 1472 1849 et
1485 1815 1571 1848 licite
1586 1815 1710 1859 possint
1722 1820 1754 1848 et
1764 1815 1902 1855 valeant,

1172 1870 1293 1903 eisdem
1313 1869 1500 1901 auctoritate
1517 1873 1549 1901 et
1566 1873 1677 1901 tenore
1698 1867 1906 1901 concedimus

1173 1928 1204 1955 et
1227 1922 1441 1964 indulgemus.
1468 1921 1506 1953 Et
1529 1921 1670 1964 insuper,
1696 1920 1734 1953 de
1760 1919 1906 1963 omnipo-

1174 1975 1269 2007 tentis
1293 1974 1347 2006 Dei
1372 1974 1593 2007 misericordia
1610 1978 1642 2006 et
1657 1973 1825 2006 beatorum
1848 1972 1906 2006 Pe-

1175 2027 1212 2059 tri
1234 2033 1265 2059 et
1281 2026 1369 2059 Pauli
1388 2027 1609 2069 apostolorum
1629 2025 1697 2058 eius
1717 2025 1906 2058 auctoritate

1174 2079 1296 2119 confisi,
1333 2078 1480 2111 omnibus
1512 2083 1544 2111 et
1575 2078 1709 2120 singulis
1741 2077 1906 2121 utriusque

1175 2142 1266 2165 sexus
1290 2131 1552 2164 christifidelibus
1575 2141 1648 2163 vere
1666 2130 1907 2174 poenitentibus

1175 2189 1206 2217 et
1227 2183 1398 2223 confessis,
1417 2194 1472 2216 seu
1489 2182 1682 2216 confitendi³
1699 2193 1716 2215 a
1737 2182 1806 2215 iure
1830 2188 1908 2215 tem-

1176 2236 1307 2280 poribus
1332 2236 1533 2278 propositum
1550 2236 1753 2275 habentibus,
1771 2235 1824 2279 qui
1843 2246 1909 2269 mo-

1176 2288 1305 2322 nasterii
1331 2289 1485 2332 praedicti
1519 2289 1686 2321 ecclesiam
1710 2289 1743 2321 in
1767 2288 1910 2321 eiusdem

1177 2341 1460 2381 Annuneiationis,
1489 2341 1733 2384 Conceptionis,
1762 2341 1910 2374 Nativita—

1178 2395 1227 2435 tis,
1245 2395 1487 2435 Purificationis,
1509 2394 1754 2438 Assumptionis,
1776 2394 1909 2438 aliisque

1214 2485 1224 2509 1
1244 2483 1309 2510 Male
1324 2483 1387 2509 edit,
1404 2483 1485 2510 Main.
1503 2483 1569 2518 legit
1583 2487 1609 2510 et
1624 2490 1672 2518 pro
1687 2486 1718 2510 ut
1734 2484 1772 2516 (n.
1786 2483 1835 2516 Τ.).

1213 2528 1229 2553 2
1250 2526 1296 2553 Ed.
1319 2527 1395 2553 Main.
1419 2527 1482 2562 legit
1502 2527 1692 2555 concedentur
1712 2534 1761 2562 pro
1780 2525 1913 2554 concede-

1179 2573 1282 2598 rentur
1296 2573 1335 2601 (Β.
1352 2572 1400 2605 Τ.>.

1215 2614 1230 2642 3
1252 2614 1330 2642 Deest
1346 2623 1393 2643 vox
1410 2615 1524 2645 statutis
1539 2615 1577 2650 (n.
1592 2615 1640 2650 Τ.).
