2247 3208
210 846 227 863 tr

223 236 271 261 An.
288 233 316 260 c.
340 232 405 260 1662
454 222 495 256 28

419 291 511 313 sores
536 283 675 317 nostros
703 281 734 309 et
757 275 867 308 forsan
891 284 952 317 per
968 283 1027 306 nos
1045 277 1077 305 et
1093 271 1148 305 Se-

417 335 489 367 deni
516 331 725 376 praedictam,
751 334 804 361 aut
827 328 912 360 illius
930 327 1065 369 legatos,
1088 326 1146 358 suh

416 386 668 428 quilniscumque
684 381 850 415 tenoribus
866 385 897 413 et
908 378 1030 418 formis,
1049 377 1145 410 etiam

226 818 336 840 lieri-ghissa
346 824 394 839 cou-

231 850 327 864 sitorum.

203 2487 273 2510 Tenei-
283 2489 371 2512 decreti.

414 448 474 481 per
488 437 618 469 modum
633 435 740 468 statuti
757 433 915 477 perpetui,
943 431 1038 465 etiam
1055 434 1144 463 motu

413 495 444 522 ot
479 488 614 522 seientia
647 487 827 527 similibus,
854 485 949 518 etiam
981 482 1143 526 imperiali

411 542 461 574 vel
475 541 561 583 regis
580 539 854 577 consideratione,
874 543 906 570 et
922 547 958 569 ex
977 535 1142 579 quibusvis

411 594 515 627 causis
542 593 637 626 etiam
664 592 785 625 iteratis
810 590 933 624 vicibus
959 587 1140 627 concessis,

410 645 599 689 approbatis
625 650 656 677 et
679 643 849 682 innovatis,
873 648 905 675 et
928 642 1039 675 forsan
1056 640 1141 683 quod

410 699 499 741 ipsae
524 707 685 741 personae
710 707 770 739 per
794 696 874 728 alios
901 705 995 737 quain
1027 703 1139 725 eorum

409 750 537 793 priores
572 749 789 793 provinciales
822 747 944 780 visitari
975 751 1006 778 et
1038 745 1141 777 refor-

410 802 488 834 mari
510 812 575 834 non
592 801 720 845 possint
736 799 1003 844 disponentibus,
1023 797 1138 840 quibus

409 854 557 886 omnibus
576 860 607 886 ct
622 854 766 896 singulis,
785 851 909 885 etiamsi
930 861 989 894 pro
1008 850 1138 883 illorum

408 905 578 939 sufficienti
609 906 819 948 derogatione
845 905 884 937 de
913 903 976 936 illis
1010 913 1139 936 eorum-

408 970 468 1002 que
495 960 568 996 totis
594 959 761 992 tenoribus
787 957 948 1001 specialis,
975 955 1135 1000 specifica,

407 1022 561 1055 expressa
586 1017 617 1045 et
640 1011 816 1051 individua,
842 1021 878 1043 ac
907 1010 946 1043 de
970 1009 1072 1042 verbo
1097 1009 1137 1041 ad

405 1065 548 1104 verbum,
574 1075 640 1097 non
664 1069 769 1096 autem
783 1074 844 1107 per
861 1063 1020 1096 clausulas
1038 1072 1137 1104 gene-

404 1116 488 1148 rales
502 1116 587 1148 idem
602 1116 824 1159 importantes,
837 1115 959 1148 mentio
969 1125 1027 1148 seu
1038 1124 1136 1158 quae-

403 1169 448 1200 vis
474 1168 536 1200 alia
564 1168 733 1212 expressio
765 1168 913 1201 facienda
946 1172 1000 1200 aut
1028 1167 1135 1210 aliqua

402 1221 463 1254 alia
489 1222 647 1265 exquisita
684 1221 789 1255 forma
813 1222 853 1254 ad
878 1222 942 1254 hoc
974 1220 1135 1254 servanda

401 1274 493 1313 foret,
519 1281 650 1307 tenores
670 1274 866 1314 huiusmodi,
882 1285 918 1307 ac
937 1273 963 1306 si
978 1274 1017 1307 de
1032 1273 1133 1306 verbo

400 1327 439 1359 ad
464 1328 597 1360 verbum
629 1327 741 1360 inserti
767 1328 882 1366 forent,
902 1326 1132 1369 praesentibus

398 1390 458 1422 pro
500 1379 701 1413 sufficienter
743 1380 907 1423 expressis
950 1380 1130 1418 habentes,

398 1433 505 1475 quoad
530 1433 711 1475 praeniissa
727 1432 915 1476 specialiter
928 1437 960 1465 et
976 1442 1130 1475 expresse

397 1485 599 1527 derogamus,
627 1485 745 1528 illaque
764 1486 919 1518 adversus
938 1490 1129 1528 praesentes

395 1538 578 1570 nullatenus
603 1537 775 1581 suffragari
801 1538 915 1571 eadem
936 1538 1129 1571 auctoritate

395 1591 600 1623 decernimus
614 1617 621 1631 ,
648 1591 820 1624 contrariis
847 1591 1126 1634 quibuscumque;

395 1648 448 1675 aut
471 1643 497 1675 si
523 1643 683 1686 aliquibus
720 1644 939 1677 communiter
971 1649 1025 1677 aut
1049 1643 1128 1677 divi-

394 1695 454 1727 sim
480 1696 519 1728 ab
546 1697 658 1729 eadem
684 1697 724 1729 sit
747 1697 830 1730 Sede
851 1697 1011 1730 indultum
1040 1697 1127 1741 quod

393 1747 562 1789 interdici,
589 1750 744 1792 suspendi
768 1751 819 1783 vel
851 1750 1125 1783 excommunicari

392 1810 457 1832 non
482 1801 608 1843 possint
624 1812 685 1844 per
705 1802 830 1836 litteras
848 1803 1045 1846 apostolicas
1059 1813 1123 1836 non

393 1853 549 1886 facientes
581 1855 713 1898 plenam
739 1861 770 1888 et
802 1866 992 1899 expressam
1017 1867 1054 1889 ac
1085 1856 1124 1889 de

391 1906 491 1938 verbo
516 1907 555 1939 ad
580 1908 714 1941 verbum
739 1909 778 1942 de
796 1908 922 1942 indulto
937 1909 1123 1942 huiusmodi

391 1958 602 1992 mentionem.

424 2020 522 2046 Datum
541 2020 639 2048 Romae
659 2022 728 2057 apud
747 2022 773 2049 S.
794 2023 902 2050 Mariam
917 2023 1056 2057 Maiorem,
1073 2022 1123 2049 sub

390 2063 489 2090 annulo
510 2065 662 2099 piscatoris,
678 2066 721 2093 die
741 2073 801 2093 xxVI
817 2067 882 2094 iunii
901 2074 1016 2101 MDCLWt,
1034 2068 1123 2095 Ponti-

390 2107 483 2135 ficatus
503 2108 586 2136 nostri
604 2117 673 2137 anno
692 2117 731 2137 111.

798 2145 833 2179 G.
861 2147 1073 2181 GUALTERms.

432 2215 459 2246 A
488 2218 572 2257 {erqo
603 2219 731 2248 autem:
758 2215 881 2249 Dilecto
916 2216 983 2250 filio
1019 2217 1119 2251 Paulo

389 2265 534 2298 Luchino
553 2267 737 2300 Pisaurensi
759 2269 861 2311 priori
887 2270 1032 2311 generali
1057 2271 1121 2303 fra-

388 2322 474 2350 trum
498 2319 707 2351 eremitarum
731 2320 762 2353 S.
790 2321 973 2363 Augustini.

476 2371 560 2404 Loco
584 2374 607 2412 †
631 2372 740 2415 sigilli.

554 2433 568 2475 ἓ
592 2433 623 2465 sl.
649 2433 694 2466 De
718 2434 807 2467 cultu
830 2435 950 2469 divino.

432 2496 453 2519 1.
489 2484 636 2518 Officium
673 2487 836 2527 divinum,
871 2494 935 2520 tam
965 2489 1117 2522 diurnum

389 2548 486 2580 quam
512 2543 718 2578 nocturnum,
746 2539 835 2571 horis
856 2539 890 2572 a¹
913 2541 1116 2584 temporibus

423 2599 434 2624 1
457 2598 608 2633 Legendum
629 2608 661 2626 ac
683 2608 729 2635 pro
749 2609 766 2626 α
785 2604 822 2635 (fl.
839 2601 887 2636 12).

993 225 1171 249 BULLARIUM
1196 222 1347 248 ROMANUM

1180 271 1319 310 statutis,
1339 272 1468 303 summa
1488 281 1561 304 cum
1581 271 1802 312 veneratione,
1822 271 1911 304 iuxta

1180 324 1278 356 ritum
1296 323 1327 356 S.
1354 323 1392 355 R.
1412 323 1457 363 Ε.,
1478 324 1729 357 constitutiones
1748 330 1780 357 et
1800 334 1911 357 caere-

1178 376 1320 409 moniale
1345 375 1474 409 Ordinis
1491 376 1605 415 nostri,
1627 377 1666 409 ab
1684 376 1836 409 omnibus
1855 377 1910 409 de-

1177 428 1244 460 bite
1269 439 1305 460 ac
1331 429 1446 461 devote
1471 428 1639 468 recitetur,
1666 429 1754 471 quod
1777 434 1814 461 ut
1839 429 1908 461 sine

1177 491 1289 513 errore
1322 481 1432 524 aliquo
1457 481 1678 524 persolvatur,
1704 481 1850 524 quotidie
1875 482 1908 514 in

1175 533 1239 566 fine
1260 534 1389 576 prandii
1414 534 1520 567 lector
1543 543 1686 573 mensae,
1706 534 1816 566 audito
1837 545 1908 567 sur-

1175 587 1272 628 gendi
1298 587 1412 629 signo,
1439 588 1504 620 alta
1535 592 1567 619 et
1596 587 1795 629 intelligibili
1827 597 1906 620 voce

1175 639 1372 679 enunciabit‚
1389 650 1425 672 ac
1439 640 1536 672 etiam
1554 639 1691 682 singulis
1704 640 1819 672 diebus
1834 640 1907 672 sab-

1174 691 1248 731 bati,
1268 697 1300 724 et
1324 692 1356 724 in
1381 692 1491 734 vigilia
1511 693 1686 725 cuiuslibet
1711 692 1905 733 festivitatis,

1173 744 1316 776 tabulam
1331 743 1525 777 officiorum¹
1543 744 1687 777 omnium
1704 755 1764 788 per
1780 745 1906 778 hebdo-

1172 796 1299 828 madam
1317 797 1367 829 vel
1395 797 1428 829 in
1449 797 1711 830 solemnitatibus
1729 807 1906 830 occurren-

1172 848 1258 881 tibus
1281 849 1545 892 deputandorum
1570 850 1774 882 servandam.

1214 912 1249 934 11.
1276 901 1478 942 Matutinum,
1505 902 1592 945 quod
1616 912 1677 945 per
1701 907 1805 935 totum
1827 903 1902 935 anni

1170 954 1328 987 circulum
1354 954 1506 998 (excepto
1533 955 1641 988 triduo
1659 960 1733 988 ante
1753 952 1902 998 P'ascha),

1169 1007 1257 1040 iuxta
1281 1008 1480 1054 laudabilem
1505 1008 1778 1041 consuetudinem
1804 1009 1901 1042 huius

1169 1065 1349 1093 conventus
1382 1065 1414 1093 et
1444 1060 1598 1103 collegii,
1633 1061 1760 1093 dicetur
1794 1061 1903 1094 media

1168 1118 1277 1155 noete,
1304 1113 1442 1156 singulis
1461 1114 1576 1146 diebus
1602 1113 1774 1147 dominicis
1800 1119 1832 1147 et
1856 1115 1902 1148 fe-

1168 1166 1226 1198 stis
1250 1165 1376 1209 primae
1395 1171 1427 1199 et
1443 1167 1607 1199 secundae
1632 1166 1747 1199 elassis
1772 1166 1900 1210 integre

1167 1217 1384 1259 decantetur;
1411 1219 1443 1252 in
1478 1220 1614 1263 reliquis
1649 1225 1759 1252 autem
1784 1221 1899 1254 diebus

1166 1271 1303 1312 festivis,
1331 1276 1363 1304 et
1387 1272 1420 1304 in
1457 1272 1548 1304 festis
1585 1273 1747 1305 secundae
1784 1273 1899 1306 classis

1165 1334 1231 1357 non
1265 1325 1409 1365 festivis,
1443 1325 1559 1358 saltem
1584 1326 1697 1358 laudes
1731 1326 1809 1358 item
1844 1327 1900 1359 de-

1165 1381 1362 1417 cantentur,
1390 1377 1466 1410 dum
1485 1383 1594 1410 autem
1621 1377 1749 1420 integre
1780 1379 1899 1412 decan-

1165 1430 1287 1462 tabitur
1310 1431 1517 1471 matutinum,
1539 1431 1578 1464 ad
1596 1430 1677 1464 illud
1696 1441 1832 1474 surgere
1852 1436 1898 1465 te-

1163 1488 1304 1516 neantur
1334 1494 1447 1517 omnes
1474 1489 1507 1517 et
1537 1484 1658 1527 singuli
1682 1495 1742 1528 per
1765 1489 1896 1518 nostras

1163 1537 1416 1569 constitutiones
1451 1547 1518 1570 non
1554 1537 1718 1580 exempti,
1751 1543 1808 1570 aut
1831 1548 1897 1570 non

1161 1589 1306 1632 legitime
1331 1589 1503 1632 impediti;
1527 1589 1646 1622 ceteris
1672 1600 1748 1622 vero
1769 1590 1895 1630 diebus,

1162 1642 1280 1685 quibus
1306 1651 1372 1674 non
1398 1642 1608 1681 decantatur,
1634 1642 1742 1675 media
1766 1653 1896 1675 eorum-

1161 1694 1234 1727 dem
1258 1705 1335 1737 pars
1359 1705 1420 1738 per
1444 1695 1586 1727 alternas
1606 1695 1829 1728 hebdomadas
1855 1695 1895 1728 ad

1159 1747 1240 1780 illud
1265 1748 1441 1780 dicendum
1466 1758 1602 1790 surgere
1629 1752 1792 1780 teneatur.

1203 1811 1251 1834 111.
1279 1800 1369 1838 Quod
1395 1801 1483 1841 item,
1509 1802 1644 1843 peracta
1668 1800 1817 1833 oratione
1842 1811 1893 1833 sc-

1158 1853 1274 1893 rotina,
1296 1853 1384 1886 illico
1410 1853 1538 1886 dicatur
1555 1853 1587 1885 in
1608 1853 1710 1886 choro
1732 1853 1771 1885 ab
1789 1853 1894 1886 omni-

1157 1905 1217 1937 bus
1239 1911 1270 1938 et
1297 1905 1445 1948 singulis,
1467 1906 1539 1948 qui,
1565 1907 1615 1939 vel
1641 1916 1678 1938 ex
1703 1906 1890 1949 privilegio,

1156 1958 1207 1990 vel
1225 1968 1261 1990 ex
1283 1958 1370 1991 iusto
1387 1959 1635 2002 impedimento,
1654 1969 1719 1991 non
1737 1964 1892 1991 tenentur

1156 2011 1196 2044 ad
1220 2011 1301 2043 illud
1334 2021 1470 2053 surgere
1497 2011 1604 2044 media
1628 2016 1737 2044 nocte.
1764 2010 1892 2043 Matuti-

1155 2073 1233 2096 nu1n
1258 2074 1389 2107 quoque
1415 2064 1453 2096 de
1479 2063 1603 2103 Beata²‚
1631 2063 1762 2106 quando
1780 2063 1891 2095 dicen-

1156 2117 1232 2149 dum
1251 2117 1321 2157 erit,
1347 2117 1380 2148 in
1401 2116 1503 2149 choro
1522 2117 1650 2149 dicatur
1672 2120 1748 2158 post
1769 2115 1890 2148 oratio-

1153 2179 1228 2201 nem
1254 2169 1441 2209 serotinam,
1469 2169 1520 2201 cui
1545 2168 1698 2201 intersint
1722 2178 1835 2201 omnes
1857 2173 1889 2201 et

1153 2221 1273 2265 singuli
1298 2221 1395 2254 etiam
1421 2221 1572 2264 exempti,
1594 2221 1724 2253 nemine
1749 2231 1886 2264 prorsus

1153 2281 1300 2319 excepto.

1195 2338 1238 2362 1v.
1264 2327 1405 2370 Singulis
1443 2327 1557 2360 diebus
1583 2327 1622 2360 ab
1648 2327 1800 2360 omnibus
1825 2337 1888 2370 per

1151 2381 1293 2414 mediam
1310 2381 1425 2413 boram
1442 2380 1583 2413 orationi
1600 2380 1734 2412 mentali
1753 2384 1887 2412 vacetur

1151 2435 1184 2466 in
1209 2434 1330 2475 choro,
1353 2434 1392 2466 ab
1416 2434 1455 2466 iis
1482 2433 1624 2476 quidem,
1653 2432 1707 2475 qui
1733 2432 1887 2465 dixerunt

1186 2516 1196 2540 1
1215 2514 1314 2541 Forsan
1329 2513 1473 2548 legendum
1488 2512 1697 2547 officiariorum
1715 2519 1763 2546 pro
1779 2510 1886 2545 officio-

1149 2567 1217 2585 ἸΊΗη
1244 2565 1272 2583 Π.
1289 2564 1313 2584 Τ.
1331 2578 1337 2584 .

1184 2603 1200 2629 2
1216 2558 1327 2630 videm?
1341 2602 1434 2629 deesse
1453 2601 1571 2636 Virgine
1588 2600 1627 2627 vel
1643 2600 1740 2627 Maria
1754 2600 1790 2634 (R.
1802 2599 1851 2633 τ.).

1928 223 1975 248 An.
1991 221 2021 249 C.
2044 220 2109 248 loc-‘2
