2247 3208
122 203 174 228 An.
192 201 220 228 C.
244 202 310 228 1667

151 1416 297 1442 Exequutores

112 1443 208 1470 deputat.

318 260 437 283 annum
462 250 633 292 habituris,
652 250 884 294 cuiuscumque
901 249 1055 294 praeemi-

314 303 454 344 nentiae,
480 309 588 344 status,
615 305 747 347 gradus,
774 304 897 337 ordinis
919 309 950 336 et
980 314 1056 336 con-

909 202 1097 226 ALEMNDER
1121 202 1165 224 Vll
1192 202 1239 224 1³1³.

1074 262 1078 337 i

1764 190 1775 203 s

1781 190 1800 224 3

1735 190 1774 223 A&

1098 249 1137 281 ab
1163 249 1209 281 eis
1235 249 1429 292 deputandis
1446 249 1752 282 ‘subcolleetoribus
1777 249 1837 281 hu-

1097 301 1247 341 iusmodi,
1274 312 1290 334 a
1315 302 1523 345 patriarchis,
1558 302 1834 345 archiepiscopis,

315 356 458 395 ditionis,
476 357 571 389 etiam
589 357 766 399 religionis,
784 359 833 390 vel
850 357 983 389 militiae
1002 366 1055 388 ex·
1098 354 1265 397 episcopis,
1293 354 1619 395 administratoribus,
1643 355 1765 395 electis,
1784 356 1838 388 ab·

313 409 422 449 istaut,
437 411 565 453 quibus,
582 417 636 443 aut
648 422 786 454 quorum
805 411 974 454 aliquibus,
988 410 1054 442 ulla
1096 407 1233 447 batibus,
1249 409 1545 447 commendaturus,
1562 408 1732 451 prioribus,
1747 419 1836 451 prae-

314 463 490 506 pririlegia,
519 465 753 508 exenwdones.
775 469 828 497 aut
852 464 977 496 indulta
995 462 1053 494 sub
1075 469 1077 497 1
1096 460 1294 502 ceptoribus‚
1322 461 1528 503 praepositis,
1557 462 1720 503 praelatis,
1749 461 1836 504 capi-

314 527 516 559 quacumque
542 517 714 550 verborum
739 516 842 548 forma
867 521 899 547 et
923 525 1054 558 expres·
1076 554 1077 557 Ἴ
1096 512 1187 551 tulis,
1213 513 1427 545 conventibus
1453 518 1483 545 et
1509 514 1580 545 aliis
1612 515 1759 556 personis
1785 525 1836 547 ee-

314 567 406 601 sione
433 579 600 608 concessa,
627 569 731 612 quoad
758 568 821 600 hoc
846 568 1053 603 nullatenus,

314 620 480 663 sull‘ragari
514 631 609 663 posse
644 622 787 653 volumus
813 619 985 661 (fratribus
1022 624 1053 650 et

314 673 462 716 personis
487 673 563 705 dicti
589 673 759 715 hospitalis
784 673 815 705 S.
835 672 963 705 loannis
979 671 1054 704 ilie-

315 725 535 768 rosolymitani
561 725 593 757 in
621 730 718 757 totum
744 730 775 757 et
800 725 942 764 omnino,
966 730 1074 760 cete-1,

312 778 356 810 ris
374 788 448 810 vero
466 777 689 820 hospitalibus,
707 777 961 820 hospitalitatem
981 782 1052 809 actu
1072 810 1074 815 ,

313 830 527 870 servantibus,
550 841 609 874 pro
636 833 671 863 ea
697 830 876 874 quantitate
904 835 1050 869 tantum,

313 894 407 927 quam
432 883 465 915 in
490 884 648 916 servanda
665 884 734 927 ipsa
753 883 974 926 hospitalitate
1001 894 1053 915 ex-

312 942 450 979 ponunt,
471 937 635 969 dumtaxat
649 935 819 979 exceptis),
840 936 1018 969 dummodo
1036 946 1052 967 a

311 989 460 1031 personis
485 988 638 1021 Ordinum
663 988 928 1027 Mendicantium,
956 988 1051 1021 etiam

312 1041 415 1074 dictae
440 1042 610 1074 Societatis
634 1042 712 1080 Iesu,
741 1042 869 1074 nonnisi
895 1041 1073 1075 medietasr

312 1095 381 1127 eius
406 1095 518 1138 partis,
542 1105 624 1138 quae
645 1095 771 1128 ratione
789 1095 925 1127 subsidii
943 1094 1052 1127 huius-

311 1147 399 1180 modi
425 1148 464 1180 ab
490 1148 536 1180 eis
561 1148 716 1180 solvenda
741 1153 833 1187 esset,
860 1148 965 1180 solum
989 1147 1053 1180 exi-

312 1206 422 1242 gatur,
464 1201 791 1244 proportionabiliter
816 1206 847 1233 et
872 1201 1052 1243 aequaliter

311 1253 396 1285 iuxta
423 1263 533 1286 verum
564 1255 706 1286 valorem
743 1253 943 1296 praedictum
968 1253 1052 1286 inter

310 1305 489 1348 praedictas
508 1316 666 1348 personas
687 1306 920 1339 ecclesiasticas
938 1316 1051 1339 secun-

309 1358 385 1390 dum
399 1360 568 1402 aequalem
587 1364 617 1391 et
635 1359 809 1392 discretam
831 1359 1048 1402 partitionem,

309 1421 403 1454 quam
429 1412 467 1443 ad
495 1422 552 1444 nos
579 1412 817 1454 quamprimum
851 1411 931 1444 mitti
965 1422 1052 1444 man-

309 1465 434 1501 damus.
462 1475 520 1507 per
544 1465 748 1497 venerabiles
774 1465 887 1497 fratres
913 1465 1050 1507 Stepha-

308 1528 385 1549 num
419 1517 698 1560 archiepiscopum
725 1518 1049 1561 Adriauopolitanum

308 1570 462 1602 nuncium
484 1576 629 1602 nostrum
656 1576 684 1602 et
712 1571 929 1613 patriarcham
947 1571 1049 1604 Vene-

307 1623 425 1655 tiarum
451 1624 717 1661 distribuendum,
736 1635 770 1656 ac
790 1624 820 1656 in
842 1624 920 1656 locis
938 1630 966 1657 et
987 1630 1049 1657 ter-

308 1675 402 1708 minis
428 1676 598 1719 modisque
617 1683 645 1709 et
669 1677 779 1709 formis
794 1687 850 1719 per
875 1677 962 1720 ipsos
980 1677 1049 1709 δἀ-

307 1728 453 1770 phanum
469 1730 764 1773 archiepiscopum.
779 1730 938 1769 nuncium,
953 1736 981 1762 et
999 1742 1047 1773 pa-

307 1781 503 1817 triarcham,
532 1792 613 1824 quos
650 1783 840 1814 collectores
879 1783 1047 1823 generales

308 1833 442 1866 subsidii
470 1834 656 1867 huiusmodi
684 1836 799 1868 harum
825 1836 1048 1869 s·¹1'iecousti-

309 1886 426 1919 tuimus
451 1892 482 1919 et
507 1888 711 1930 deputamus,
737 1889 929 1929 statuendis,
961 1890 1048 1921 ordi-

308 1939 406 1971 nandi
433 1945 465 1971 et
494 1940 696 1973 declarandis
721 1941 852 1974 omnino
883 1942 922 1974 de
955 1952 1048 1984 prae-

309 1992 394 2024 senti
419 2003 503 2025 anno
529 1993 790 2035 persolvendum.
809 2004 844 2026 ac
869 2004 928 2036 per
945 2004 999 2026 eos
1017 2000 1049 2026 et

310 2055 423 2077 eorum
449 2046 712 2084 subcollectores‚
729 2046 783 2089 qui
804 2047 868 2078 sint
887 2057 1047 2090 personae

310 2099 554 2137 ecclesiasticae,
579 2099 618 2131 ad
645 2099 707 2132 hoc
733 2100 772 2131 ab
790 2099 868 2142 ipsis
892 2100 1049 2143 deputan-

310 2150 380 2190 dos,
399 2151 656 2194 percipiendum,
674 2152 868 2193 exigendum
889 2158 920 2184 et
937 2154 1048 2185 levan-

311 2203 399 2243 dum,
418 2214 453 2235 ac
479 2203 550 2235 duci
569 2209 600 2236 et
617 2204 762 2236 dominio
781 2204 956 2247 praedictis
976 2216 1048 2237 cum

312 2255 427 2288 effectu
454 2257 720 2298 consignandum,
738 2262 771 2289 ut
787 2257 866 2290 illud
880 2257 912 2289 in
930 2268 1049 2301 expen-

312 2319 363 2341 sas
388 2309 588 2342 necessarias
614 2316 724 2342 contra
749 2310 851 2343 dictos
877 2311 995 2343 Turcas
1019 2316 1051 2343 et

312 2372 378 2395 non
404 2362 436 2394 in
461 2363 540 2394 alios
576 2373 653 2394 usus
686 2369 874 2396 convertere
901 2365 1049 2404 valeant,

312 2415 492 2458 apostolica
516 2415 723 2455 auctoritate,
750 2421 863 2448 tenore
896 2427 1051 2459 praesen-

313 2467 401 2507 tium,
420 2467 629 2510 imponimus,
656 2467 911 2511 impositumque
930 2470 997 2501 sore
1021 2475 1051 2501 et

284 2550 287 2553 .
314 2529 386 2552 esse
411 2520 620 2552 decernimus
639 2526 669 2552 et
687 2521 901 2560 declaramus,
922 2531 1051 2553 necnon

315 2572 437 2605 eisdem
463 2572 690 2605 collectoribus
716 2573 934 2615 generalibus,
956 2579 986 2606 et
1011 2575 1050 2607 ab

1097 565 1290 596 clesiasticis
1316 565 1511 607 praedictis,
1539 572 1770 609 praeterquam
1801 573 1836 600 ut

1098 628 1196 660 supra
1214 619 1387 661 expressis·
1401 625 1502 651 ratam
1521 620 1596 652 dicti
1614 621 1758 659 subsidii,
1778 631 1834 653 eos

1096 674 1128 702 et
1153 680 1264 702 eorum
1290 671 1489 713 quemlibet,
1525 678 1559 705 ut
1594 673 1832 715 praemittitur,

1096 727 1290 764 tangentem,
1307 724 1449 765 petendi,
1469 724 1616 766 exigendi
1635 731 1665 757 et
1678 725 1834 768 colligen-

1096 774 1147 813 di;
1175 774 1285 818 eisque
1311 781 1342 808 et
1368 786 1479 809 eorum
1504 777 1660 819 singulis,
1686 784 1720 810 ut
1744 778 1834 810 illam

1095 827 1192 860 modo
1225 828 1407 870 praemisso
1433 830 1572 869 solvant,
1598 840 1659 873 per
1690 840 1832 873 poenas,

1096 880 1203 922 quoad
1216 881 1425 924 patriarchas,
1443 882 1706 925 archiepiscopos
1722 888 1754 915 et
1770 883 1833 925 epi-

1095 943 1219 976 scopos,
1243 933 1406 966 interdicti
1424 940 1456 967 et
1473 935 1696 978 suspensionis
1712 935 1834 978 ingres-

1095 997 1149 1019 sus
1170 986 1336 1027 ecclesiae,
1357 988 1463 1030 quoad
1482 988 1561 1021 alios
1581 999 1668 1028 vero,
1684 988 1833 1031 privatio-

1095 1038 1143 1070 nis
1154 1039 1387 1071 beneficiorum
1403 1040 1699 1073 ecclesiasticorum
1708 1051 1766 1084 per
1776 1051 1831 1075 eos

1094 1092 1339 1133 quomodolibet
1365 1093 1584 1133 obtentorum,
1612 1099 1644 1126 et
1668 1094 1759 1134 alias,
1792 1094 1830 1127 de

1094 1144 1209 1186 quibus
1230 1144 1293 1177 illis
1311 1145 1478 1185 videbitur,
1497 1147 1592 1178 etiam
1612 1147 1829 1190 pecuniarias,

1094 1207 1127 1229 ac
1153 1198 1282 1229 demum
1309 1209 1367 1241 per
1392 1199 1585 1232 sententiam
1611 1201 1832 1233 excommuni-

1093 1250 1236 1289 cationis,
1256 1251 1398 1294 aliasque
1414 1262 1566 1285 censuras
1584 1253 1831 1294 ecclesiasticas,

1093 1310 1263 1347 ceteraque
1283 1310 1470 1348 opportuna
1486 1305 1564 1338 iuris
1582 1311 1613 1339 et
1640 1306 1712 1339 sacti
1730 1317 1832 1341 reme-

1094 1357 1152 1395 dia,
1173 1358 1346 1390 mandandi
1365 1364 1396 1390 et
1412 1359 1650 1402 praecipiendi;
1667 1360 1831 1393 contradi-

1093 1416 1198 1443 ctores
1217 1411 1389 1454 quoslibet,
1405 1412 1555 1451 rebelles,
1575 1418 1607 1445 et
1622 1423 1713 1445 suam
1730 1413 1831 1457 ipsius

1093 1463 1227 1496 subsidii
1253 1470 1377 1506 partem
1411 1465 1536 1497 solvere
1562 1471 1749 1498 recusantes
1775 1476 1832 1498 seu

1093 1516 1290 1556 differentes,
1319 1523 1350 1549 et
1375 1528 1413 1550 ne
1445 1519 1501 1550 illa
1533 1519 1675 1551 solvatur
1699 1530 1832 1562 persua-

1093 1570 1205 1602 dentes
1225 1570 1347 1603 d'recte
1367 1572 1414 1604 rel
1433 1571 1601 1611 indirecte,
1619 1583 1677 1615 per
1694 1582 1827 1615 poenas,

1092 1633 1249 1656 censuras
1275 1629 1307 1655 et
1331 1624 1475 1656 remedia
1500 1624 1701 1665 huiusmodi,
1720 1626 1832 1668 appel-

1093 1675 1210 1708 latione
1229 1677 1418 1719 postposita,
1434 1678 1683 1720 compescendi;
1705 1678 1831 1711 brachii

1092 1739 1222 1772 quoque
1242 1730 1396 1761 secularis
1411 1730 1574 1769 auxilium,
1589 1730 1613 1762 si
1629 1741 1709 1773 opus
1724 1731 1829 1770 suerit,

1091 1782 1129 1813 ad
1156 1782 1216 1814 hoc
1242 1782 1432 1821 invocandi,
1459 1783 1618 1815 solventes
1650 1783 1689 1816 de
1721 1783 1832 1816 solutis

1092 1835 1258 1876 quietandi
1278 1840 1309 1867 et
1326 1835 1498 1874 liberandi,
1514 1846 1531 1868 a
1545 1836 1690 1868 censuris
1706 1841 1737 1868 et
1754 1847 1832 1878 poe-

1092 1887 1150 1926 nis,
1181 1898 1259 1930 quas
1285 1888 1535 1930 praemissorum
1562 1889 1731 1921 occasione
1758 1899 1832 1932 quo-

1092 1940 1269 1972 modolibet
1286 1940 1491 1979 incurrerint,
1504 1941 1720 1980 absolvendi¹,
1734 1946 1765 1973 et
1778 1951 1831 1983 ge-

1092 1993 1248 2025 neraliter
1272 1994 1379 2025 onmia
1405 1999 1437 2026 et
1461 1993 1587 2036 singula
1612 1995 1674 2027 alia
1693 1995 1725 2026 in
1741 2005 1832 2037 prae-

1092 2046 1195 2078 missis
1225 2052 1256 2079 et
1280 2047 1363 2078 circa
1387 2057 1423 2080 ea
1448 2047 1628 2079 necessaria
1661 2058 1718 2080 seu
1751 2058 1832 2090 quo-

1092 2099 1272 2131 modolibet
1288 2105 1482 2142 opportuna,
1502 2099 1626 2132 etiamsi
1645 2100 1832 2132 mandatum

1093 2152 1261 2194 exigerent
1295 2153 1395 2194 magis
1431 2152 1572 2195 speciale
1605 2163 1703 2195 quam
1739 2163 1833 2195 pra„-

1092 2204 1238 2237 sentibus
1255 2205 1295 2237 sit
1308 2215 1502 2248 expressum,
1522 2205 1669 2244 faciendi,
1686 2205 1830 2248 gerendi,

1094 2257 1275 2296 ordinandi,
1301 2257 1474 2290 mandandi
1494 2263 1526 2289 et
1546 2258 1736 2301 exequendi,
1763 2260 1832 2301 ple-

1094 2321 1166 2342 nam
1199 2316 1229 2342 et
1255 2310 1403 2349 liberam,
1431 2310 1618 2343 auctoritate
1655 2317 1686 2344 et
1718 2316 1832 2344 tenore

1094 2363 1278 2406 praedictis,
1302 2363 1483 2395 facultatem
1501 2364 1710 2396 concedimus
1729 2369 1760 2397 et
1780 2375 1833 2407 po-

1097 2423 1255 2450 testatem.

1138 2470 1152 2512 ξ
1177 2469 1207 2502 3.
1235 2470 1388 2502 Volentes
1415 2475 1521 2503 tamen
1554 2472 1639 2514 quod
1673 2481 1832 2514 personae

1078 2523 1083 2555 .’
1095 2522 1334 2555 ecclesiasticae
1350 2523 1475 2556 ratione
1490 2523 1625 2557 subsidii
1649 2524 1833 2557 huiusmodi

1133 2583 1141 2609 1
1166 2582 1213 2610 Ed.
1232 2582 1310 2610 Maia.
1326 2583 1391 2619 legit
1406 2584 1574 2611 absolvendo
1589 2585 1627 2618 (R.
1644 2585 1691 2620 T.).

1847 200 1895 225 An.
1916 199 1944 226 C.
1965 199 2029 225 ttffi‘r'i

1865 2476 1944 2497 Statuit
1956 2474 2027 2501 quoad

1843 2502 2028 2531 ecclesiasticam&

1845 2536 1864 2550 iu
1880 2530 1973 2550 rubrica.
