2247 3208
211 227 265 255 An.
280 227 310 254 C.
332 226 399 254 2664
445 216 509 250 25⁶2

406 274 506 317 gradu
540 268 767 314 appellationis
796 265 979 311 pendeant,
1010 265 1049 297 ad
1079 274 1138 297 nos

404 330 582 362 avocantes,
610 332 728 365 easque
753 320 879 364 penitus
899 318 1138 362 supprimentes

404 384 436 411 et
460 378 690 419 extinguentes,
717 378 805 407 motu
829 372 927 405 simili
945 375 977 403 et
994 382 1031 403 ex
1052 372 1138 403 certa
1158 368 1160 398 ἰ

403 430 535 462 scientia
559 429 668 461 nostra
692 431 724 459 et
748 426 786 459 de
820 423 1016 468 apostolicae
1047 426 1139 466 pote-

402 482 491 514 statis
516 480 715 524 plenitudine
742 479 941 511 declaramus
966 481 996 509 et
1020 475 1139 508 denun-

402 534 518 566 tiamus
544 537 685 565 mentem
709 537 741 564 ct
765 531 978 563 intentionem
995 533 1138 562 nostram

403 588 434 620 in
460 586 633 630 praedictis
657 585 772 618 litteris
798 584 892 617 fuisse
923 587 955 616 et
983 592 1074 622 esse⁷
1103 592 1139 614 ac

403 640 637 673 immutabilem
664 639 742 677 sore,
768 637 909 672 decimas
935 636 1019 679 ipsas
1044 644 1140 678 super

403 693 553 726 omnibus
570 690 780 734 pensionibus
800 688 972 733 praedictis
990 686 1017 729 (¹
1038 691 1138 719 ratam

403 745 533 778 cuilibet
558 753 668 776 earum
693 741 905 784 tangentem),
932 739 1018 773 omni
1044 744 1161 782 pacto.

403 802 435 830 et
458 797 644 830 conditione
669 795 825 833 remotis,
861 798 892 825 et
923 793 1042 835 absque
1074 791 1140 824 Ulla

403 860 459 893 spe
484 849 689 882 relevationis
714 846 998 891 pensionariorum
1027 848 1141 877 contra

403 903 547 935 titulares
581 906 612 934 et
647 899 925 933 administratores
958 906 1162 930 mensarum.

403 954 693 988 ecclesiasticarum
726 957 758 984 et
790 952 990 994 reliquomm
1019 948 1141 982 benefi—

403 1009 526 1041 ciorum
553 1011 584 1039 et
609 1008 756 1039 locorum
774 1005 901 1048 piorum
928 1003 960 1035 in
986 1002 1077 1035 dictis
1095 1001 1141 1034 lit-

404 1061 482 1093 teris
501 1068 736 1103 expressorum,
757 1067 815 1100 per
832 1067 892 1089 nos
909 1055 1005 1088 fuisse
1023 1059 1055 1087 et
1071 1064 1140 1087 esse

403 1113 594 1155 impositas3
623 1117 655 1144 et
678 1115 853 1154 propterea
877 1118 991 1141 omnes
1024 1112 1056 1140 et
1080 1107 1142 1140 sin-

405 1166 498 1208 gulos
524 1163 771 1207 pensionarios,
808 1171 1009 1205 quacumque
1037 1165 1143 1192 aucto-

404 1218 499 1250 ritate
519 1243 526 1257 ,
553 1216 709 1259 dignitate
728 1208 740 1255 ,⁵
761 1213 1018 1258 praeeminentia
1048 1222 1143 1256 prae-

406 1271 549 1313 fulgeant
574 1270 654 1312 (non
687 1274 792 1301 tamen
813 1277 968 1311 personas
997 1266 1029 1298 in
1051 1276 1144 1309 prae-

405 1323 497 1356 dictis
522 1322 636 1355 litteris
661 1320 844 1363 exceptas),
862 1319 901 1352 ad
927 1319 1068 1362 ipsarum
1095 1318 1144 1351 de-

405 1376 558 1408 cimarum
583 1374 778 1407 solutionem
803 1383 862 1416 pro
887 1374 955 1405 rata
975 1371 1145 1404 cuiuslibet

406 1428 573 1472 pensionis
604 1427 704 1460 teneri
734 1432 766 1459 et
793 1426 953 1468 obligatos
981 1435 1060 1464 esse,
1089 1434 1145 1456 ne-

407 1492 468 1525 que
483 1482 584 1514 ullum
602 1481 649 1512 ius
672 1485 703 1512 et
727 1479 886 1512 actionem
908 1477 1018 1521 (etiam
1035 1477 1067 1509 in
1083 1477 1146 1510 vim

407 1534 635 1576 cuiuscumque
654 1533 738 1576 pacti
757 1536 789 1564 et
801 1530 1035 1569 conventionis,
1051 1540 1146 1572 quan-

408 1586 523 1620 tumvis
548 1596 585 1619 ex
611 1587 705 1618 causa
736 1586 893 1624 onerosa,
919 1583 968 1616 vel
1001 1582 1147 1616 donatio-

408 1639 469 1679 nis,
496 1638 686 1677 iuramenti,
723 1636 930 1679 obligationis
955 1635 1145 1675 cameralis,

409 1691 572 1734 augmenti
604 1691 801 1734 pensionum
831 1695 864 1723 et
898 1689 1036 1723 cuiusvis
1067 1690 1147 1723 alte-

408 1745 475 1777 rius
501 1744 706 1788 quantumvis
738 1743 972 1785 inexcogitatae
1004 1742 1147 1775 cautelae

410 1804 441 1831 et
457 1797 625 1841 pactionis,
646 1796 742 1829 etiam
763 1807 780 1828 a
797 1795 878 1829 Sede
904 1794 1091 1839 Apostolica
1114 1795 1147 1827 in

410 1861 528 1893 genere
561 1851 610 1882 vel
643 1849 674 1881 iu
707 1849 814 1891 specie
840 1853 934 1891 atque
967 1847 1148 1880 individua-

410 1904 484 1936 liter
502 1913 572 1934 cum
598 1902 728 1934 illorum
757 1905 789 1934 et
814 1901 943 1933 illarum
967 1904 1081 1934 tenore
1102 1900 1149 1932 in-

410 1961 496 1988 serto
511 1954 696 1998 approbatis
717 1958 748 1986 et
766 1953 974 1993 confirmatis,
990 1958 1022 1985 et
1040 1953 1148 1985 forsan

410 2019 468 2051 pro
504 2007 664 2040 decennio
694 2006 830 2038 durante
867 2004 1089 2048 approbandis
1119 2010 1150 2037 et

410 2057 672 2102 confirmandis&
688 2059 810 2101 aliquid
828 2058 1002 2101 aliquando
1017 2058 1056 2090 ab
1070 2057 1148 2100 ipsis

411 2112 595 2145 titularibus
629 2111 800 2154 repetendi
840 2115 1056 2154 competere;
1092 2109 1149 2142 sed

411 2166 500 2209 ipsos
532 2164 761 2208 pensionarios
797 2165 835 2197 ad
871 2163 1068 2196 decimarum
1092 2163 1151 2195 hu-

411 2218 553 2251 iusmodi
571 2217 767 2250 solutionem
786 2227 845 2259 pro
863 2218 931 2249 rata
948 2226 1023 2249 suae
1042 2216 1150 2248 cuius-

413 2271 494 2303 libet
518 2270 697 2313 pensionis,
720 2269 805 2301 iuxta
822 2275 1005 2302 nostrarum
1031 2269 1151 2301 littera-

413 2333 485 2356 rum
509 2322 752 2366 praedictarum
785 2322 920 2354 sormam
946 2327 978 2354 et
1002 2326 1150 2354 tenorem

450 2419 461 2444 1
486 2418 549 2444 Heic
564 2418 639 2444 deest
653 2419 738 2445 iuxta
755 2417 794 2443 vel
811 2418 897 2444 simile
908 2419 947 2451 (n.
963 2417 1011 2449 Τ.).

449 2464 465 2488 ’2
485 2462 517 2488 At
537 2461 680 2495 legendum
695 2462 872 2495 approbatae
887 2464 913 2488 et
928 2461 1149 2495 confirmatae...

414 2506 622 2540 approbandae
642 2508 667 2532 el
687 2505 903 2539 confirmandae
921 2504 1150 2539 (conventionis),

418 2550 457 2576 vel
477 2549 632 2583 approbati
651 2551 676 2576 et
696 2548 876 2582 confirmati,
897 2552 949 2575 etc.
969 2549 1089 2583 (pacti),
1110 2548 1151 2575 vel

416 2593 650 2628 approbalorum,
669 2596 719 2619 etc.
736 2593 774 2626 (n.
787 2592 834 2627 T.).

982 216 1162 241 BULLARIUM
1185 214 1336 239 ROMANUM

1180 274 1217 296 ac
1241 266 1450 306 praesentem
1477 268 1621 296 nostram
1647 263 1914 305 declarationem,

1180 327 1216 349 ae
1241 316 1266 348 si
1293 317 1399 359 quoad
1431 317 1561 349 easdem
1598 318 1738 351 decimas
1771 329 1830 362 per
1855 328 1915 351 nos

1179 369 1349 412 impositas
1362 369 1546 401 nullatenus
1564 375 1665 412 pacta,
1677 371 1914 411 conventiones,

1181 421 1389 460 donationes,
1414 420 1617 462 iuramenta,
1645 422 1860 464 obligationes
1886 428 1917 455 et

1180 474 1261 506 aliae
1280 474 1425 506 cautelae
1444 473 1594 516 superius
1611 474 1715 506 dictae
1735 480 1766 507 et
1786 485 1846 518 per
1863 475 1918 508 Se-

1181 527 1254 559 dem
1272 526 1492 570 Apostolicam
1511 527 1709 570 approbatae
1728 528 1777 560 vel
1799 538 1918 570 appro-

1179 579 1304 612 bandae
1330 579 1513 611 nullatenus
1539 584 1745 612 emanassent
1762 581 1811 612 vel
1833 590 1918 612 ema-

1180 632 1348 672 naverint;
1374 631 1440 664 imo
1465 631 1529 664 illis
1555 631 1717 671 omnibus,
1744 632 1849 674 quoad
1868 642 1918 665 so-

1180 685 1340 717 lutionem
1358 685 1555 717 decimarum
1580 684 1827 728 praedictarum,
1849 686 1918 728 ple-

1180 737 1284 777 narie,
1311 748 1460 781 expresse
1479 743 1510 770 et
1534 737 1694 780 specifice,
1712 737 1751 770 ad
1775 737 1918 770 savorem

1181 790 1344 823 fructuum
1370 790 1609 833 praedictorum
1627 817 1634 830 ,
1660 800 1716 823 seu
1741 790 1918 823 titularium

1182 849 1213 875 et
1244 842 1509 876 beneficiatorum
1545 853 1581 874 ac
1619 842 1920 882 administratorum

1180 895 1435 938 praedictorum,
1461 895 1655 938 derogatum
1680 895 1789 936 fuisse,
1807 906 1843 928 ac
1861 895 1919 929 ite-

1181 958 1252 980 rum
1283 958 1342 980 nos
1375 953 1488 980 tenore
1521 948 1703 991 praesentis
1737 953 1920 991 motuspro-

1182 1000 1243 1043 prii
1271 1010 1422 1043 expresse
1455 1005 1487 1033 et
1517 1000 1662 1043 plenarie
1694 1001 1733 1033 ad
1766 1011 1921 1034 exonera-

1182 1054 1305 1086 tionem
1331 1053 1510 1086 titularium
1537 1057 1568 1085 et
1590 1052 1858 1086 beneficiatorum
1883 1064 1920 1087 ac

1182 1116 1381 1146 mensarum,
1402 1106 1604 1148 aliorumque
1630 1106 1775 1138 locorum
1795 1105 1921 1150 praedi-

1183 1164 1308 1192 ctorum
1330 1163 1441 1191 contra
1459 1157 1686 1201 pensionarios
1713 1157 1918 1201 derogamus,

1183 1216 1215 1245 et
1238 1211 1324 1244 dicto
1350 1212 1485 1244 durante
1511 1211 1671 1244 decennio
1689 1211 1821 1244 eosdem
1841 1221 1920 1254 pen-

1185 1264 1346 1297 sionarios
1372 1264 1496 1303 teneri,
1527 1274 1582 1303 ac,
1608 1273 1668 1306 per
1693 1273 1749 1296 eos
1774 1263 1813 1296 ad
1839 1273 1920 1307 quos

1184 1321 1310 1360 spectat
1334 1322 1365 1349 et
1387 1327 1446 1360 pro
1471 1322 1617 1360 tempore
1644 1316 1815 1358 spectabit,
1834 1317 1922 1349 iuxta

1184 1370 1371 1414 praedictae
1389 1369 1604 1413 impositionis
1623 1375 1655 1402 et
1673 1370 1768 1402 huius
1787 1375 1921 1402 nostrae

1186 1423 1417 1456 declarationis
1453 1423 1590 1455 sormam
1615 1427 1647 1455 et
1671 1428 1817 1455 tenorem
1850 1422 1921 1466 cogi

1186 1481 1218 1508 et
1241 1476 1393 1519 compelli
1418 1486 1513 1519 posse
1539 1485 1597 1508 seu
1623 1475 1755 1508 debere.

1230 1529 1245 1572 ἓ
1270 1528 1300 1561 5.
1327 1528 1365 1560 Et
1388 1538 1447 1571 pro
1472 1527 1593 1571 potiori
1612 1527 1737 1560 cautela
1755 1537 1923 1570 quascum-

1188 1592 1251 1625 que
1277 1581 1454 1614 sententias
1470 1581 1502 1613 in
1520 1580 1625 1614 causis
1649 1579 1823 1623 praedictis
1849 1590 1924 1614 con-

1188 1633 1255 1668 tra¹
1280 1634 1369 1678 ipsos
1394 1633 1635 1678 pensionarios‚
1654 1643 1712 1666 seu
1736 1643 1849 1666 eorum
1867 1633 1924 1666 ali-

1189 1698 1296 1731 quem,
1323 1697 1425 1730 super
1448 1686 1632 1731 praemissis
1658 1685 1790 1719 decimis
1815 1685 1925 1718 hacte-

1188 1751 1248 1774 nus
1272 1742 1374 1781 latas,
1404 1741 1625 1784 promulgatas
1658 1744 1690 1772 et
1720 1739 1922 1782 publicatas,

1189 1804 1224 1826 ac
1250 1794 1346 1827 etiam
1371 1793 1580 1836 exequutioni
1613 1792 1844 1833 demandatas‚
1879 1791 1925 1825 uti

1189 1848 1293 1880 nullas
1309 1852 1338 1879 et
1356 1846 1513 1878 invalidas
1531 1855 1733 1885 revocamus,
1750 1854 1925 1884 cassamus

1189 1900 1394 1932 annullamus
1420 1904 1452 1931 et
1475 1897 1597 1930 viribus
1623 1906 1815 1930 e-acuamus
1851 1906 1925 1929 cum

1190 1953 1340 1985 omnibus
1357 1952 1433 1984 inde
1452 1951 1607 1995 sequutis,
1625 1950 1770 1993 ipsisque
1795 1949 1926 1993 pensio-

1190 2006 1289 2038 nariis
1314 2011 1508 2049 perpetuum
1529 2004 1694 2038 silentium
1716 2014 1814 2047 super
1833 2013 1926 2046 prae-

1190 2058 1297 2091 missis
1314 2057 1512 2101 imponimus
1532 2062 1564 2089 et
1584 2056 1768 2099 impositum
1789 2065 1858 2088 esse
1876 2056 1927 2088 de-

1190 2112 1368 2150 claramus,
1399 2114 1431 2142 et
1462 2110 1546 2141 hanc
1573 2108 1691 2141 mentis
1716 2113 1845 2140 nostrae
1871 2107 1927 2140 de-

1192 2163 1404 2196 clarationem
1441 2172 1513 2194 cum
1545 2161 1693 2193 omnibus
1730 2166 1761 2192 et
1790 2159 1926 2202 singulis

1191 2226 1251 2260 per
1265 2226 1324 2248 nos
1344 2213 1506 2259 praesenti
1526 2214 1754 2257 motuproprio
1769 2213 1926 2246 ordinatis

1192 2269 1297 2301 locum
1322 2267 1441 2299 habere
1468 2271 1498 2299 et
1523 2266 1656 2299 omnino
1689 2265 1811 2298 servari
1836 2266 1928 2298 volu-

1192 2331 1275 2360 mus,
1301 2325 1365 2352 tam
1390 2320 1422 2351 in
1448 2319 1662 2362 pensionibus
1689 2319 1845 2351 hactenus
1870 2318 1928 2351 im-

1192 2373 1318 2416 positis,
1337 2383 1431 2415 quam
1457 2373 1488 2404 in
1513 2377 1681 2415 posterum
1706 2370 1925 2414 imponendis3

1194 2426 1450 2469 quibuscumque
1483 2426 1606 2468 pactis,
1638 2423 1927 2464 conventionibus,

1193 2478 1345 2511 clausulis
1380 2483 1411 2510 et
1442 2477 1597 2518 cautelis,
1630 2487 1665 2510 ac
1695 2477 1790 2510 etiam
1823 2476 1929 2510 eidem

1231 2549 1240 2574 1
1263 2547 1323 2574 Non
1343 2547 1408 2574 satis
1424 2547 1473 2575 ista
1488 2547 1648 2580 cohaerent3
1669 2546 1757 2574 forsan
1775 2555 1830 2582 pro
1845 2547 1927 2583 ipsis,

1170 2580 1173 2623 i
1194 2595 1245 2619 etc.
1267 2593 1305 2627 (a.
1321 2593 1370 2627 T.).

1922 216 1972 242 Αη.
1992 215 2025 242 c.
2042 194 2110 243 iem

1959 1484 2067 1506 Clausulas
2080 1488 2116 1509 ap·

1932 1514 1999 1540 ponit.
