2247 3208
212 221 263 247 An.
274 218 302 247 e.
316 217 392 247 ‚1664
438 209 502 243 250

405 266 574 299 butionum
599 263 857 306 quotidianarum
882 266 913 294 et
944 262 1139 294 emolumen-

407 325 511 351 torum
528 315 764 349 ordinariorum
781 314 923 347 omnium
942 319 973 346 et
989 323 1138 356 quarum-

407 379 543 412 cumque
568 367 850 411 patriarcbalium,
875 366 1138 409 metropolitana-

405 433 485 461 rum,
512 420 746 454 cathedralium
770 425 802 452 et
825 419 1080 461 collegiatarum,
1103 428 1139 450 ac

406 473 659 517 parochialium,
685 468 884 515 aliarumque
909 471 1137 511 ecclesiarum,

406 537 530 559 necnon
556 525 823 559 monasteriorum
847 531 878 557 et
902 528 1134 564 conventuum,

406 590 442 612 ac
468 579 562 612 etiam
586 589 768 611 mensarum
794 577 1066 620 patriarchalium,
1092 587 1139 608 ar-

406 631 705 673 chiepiscopalium,
730 630 972 673 episcopalium,
997 629 1138 661 abbatia-

404 684 507 723 lhun,
540 683 763 725 capitularium
795 688 827 715 et
859 682 1137 721 conventualium,

406 736 606 779 prioratuum
639 745 790 778 quoque,
821 734 1137 777 praepositurarum,

406 788 651 821 canonicatuum
676 793 709 820 et
732 787 1010 830 praebendarum,
1036 786 1139 828 digni-

408 847 516 880 tatum,
543 847 787 883 personatuum,
812 845 1058 881 ceterorumque
1083 838 1138 870 be-

406 893 595 926 ncticiorum
614 897 645 925 et
658 893 813 926 beliorum
838 891 1138 929 ecclesiasticorum,

408 947 503 979 etiam
528 946 792 988 iurispatronatus
812 943 973 982 laieorum,
992 947 1023 975 et
1044 952 1138 985 regu-

405 1000 521 1032 larium
539 1000 682 1030 locorum
697 996 702 1012 ¹
722 997 754 1029 in
771 997 918 1036 universa
938 995 1027 1028 ltalia
1044 1000 1075 1027 et
1091 995 1138 1027 in-

406 1052 484 1084 sulis
520 1050 741 1083 adiacentibus
777 1048 1044 1087 consistentium,
1080 1047 1137 1080 sub

407 1104 502 1136 certis
529 1109 635 1135 tamen
660 1101 915 1144 exceptionibus,
936 1110 971 1132 ae
994 1100 1089 1132 modo
1108 1105 1138 1132 et

406 1157 506 1189 forma
532 1160 606 1187 tunc
632 1154 808 1197 expressis,
834 1158 929 1196 atque
954 1153 1049 1185 etiam
1074 1161 1139 1185 om-

405 1209 496 1241 nium
521 1213 549 1240 et
576 1217 850 1249 quarumcumque
874 1205 1066 1249 pensionum
1086 1215 1140 1237 an-

405 1271 542 1294 nuarum
567 1270 664 1303 super
678 1259 842 1298 fructibus,
858 1258 1048 1297 redditibus,
1066 1267 1139 1300 pro—

405 1314 566 1354 ventibus,
589 1313 720 1351 iuribus,
748 1311 1002 1349 obventionibus,
1021 1311 1139 1344 emolu-

405 1367 534 1407 mentis,
560 1377 596 1398 ac
621 1365 901 1398 distributionibus
928 1363 1138 1407 quotidianis,

407 1419 483 1457 sive,
510 1429 621 1451 carum
638 1419 720 1457 loco,
742 1418 910 1457 fructuum,
935 1417 1138 1456 reddituum,

406 1477 630 1514 proventuum,
647 1470 888 1508 obventionum,
909 1471 1140 1502 emolumento-

406 1536 489 1563 rum,
513 1536 548 1557 ae
569 1524 833 1557 distributionum
858 1522 1041 1556 huiusmodi
1060 1523 1139 1565 <Sta-

406 1583 441 1610 tu
468 1578 584 1610 Veneto
610 1577 758 1619 excepto)
777 1576 810 1608 in
835 1576 974 1613 savorem
992 1585 1140 1618 quorum-

408 1640 544 1673 cumque
563 1630 642 1672 (non
660 1634 767 1661 tamen
784 1628 995 1661 cardinalium
1014 1628 1141 1671 praedi-

407 1685 543 1724 ctorum)
576 1686 812 1714 reservatarum
844 1686 876 1714 et
907 1681 1140 1722 assignatarum

409 1746 465 1768 seu
482 1735 715 1775 translatarum,
729 1739 782 1766 aut
795 1740 1029 1767 reservatorum
1046 1739 1078 1767 et
1094 1744 1141 1766 as-

409 1787 607 1830 signatorum
631 1788 681 1819 vel
707 1788 952 1827 translatorum,
977 1798 1012 1819 ac
1036 1797 1141 1820 reser-

407 1841 582 1873 vandarum
610 1845 641 1873 et
664 1841 927 1882 assignandarum
952 1851 1011 1873 seu
1036 1846 1142 1874 trans-

409 1894 631 1934 ferendarum,
659 1899 713 1925 aut
736 1894 1011 1926 reservandorum
1037 1900 1068 1927 et
1091 1906 1142 1928 as-

409 1947 638 1989 signandorum
662 1957 717 1979 seu
741 1946 1046 1987 transferendorum,
1070 1958 1143 1990 per-

410 2000 597 2042 cipiendas,
632 1998 805 2041 exigendas
840 2003 872 2031 et
905 1998 1078 2032 levandas²
1102 2001 1141 2033 ab

409 2052 558 2084 omnibus
584 2057 616 2084 et
640 2051 894 2094 quibuscumque
922 2052 1116 2095 patriarchis
1133 2079 1140 2093 ,

410 2104 667 2148 archiepiscopis
686 2109 717 2137 et
734 2104 804 2137 aliis
829 2105 1037 2138 ecclesiarum
1055 2116 1143 2149 prae-

409 2158 493 2197 latis,
521 2163 552 2190 et
576 2157 692 2189 ceteris
718 2157 947 2200 cuiuscumque
965 2159 1143 2201 dignitatis,

409 2211 542 2254 gradus,
570 2216 678 2250 status,
704 2211 835 2250 ordinis,
861 2211 995 2244 militiae
1020 2217 1051 2244 et
1068 2222 1144 2245 con-

411 2263 543 2297 ditionis
556 2263 716 2307 personis,
728 2264 886 2296 decennio
897 2264 976 2297 inibi
990 2274 1143 2307 expresso

411 2316 545 2350 durante
582 2315 748 2359 praedicta
780 2326 981 2359 quocumque
1013 2316 1082 2350 iure
1114 2322 1146 2349 et

410 2369 503 2402 titulo
527 2368 746 2401 obtinentibus
771 2373 802 2400 et
826 2369 1015 2410 obtenturiS,
1035 2379 1071 2402 ac
1095 2379 1145 2402 re-

410 2428 535 2455 servata
567 2427 597 2454 et
628 2421 789 2463 assignata
819 2432 875 2454 seu
905 2423 1058 2455 translata
1089 2423 1144 2455 ha-

446 2502 456 2527 1
481 2500 581 2527 Forsan
598 2500 742 2527 Orclz'num
757 2500 798 2526 vel
813 2501 985 2528 clericorum
1000 2501 1144 2537 legendum

412 2552 459 2580 pro
474 2544 600 2572 locorum
620 2545 657 2579 (R.
673 2546 722 2578 T.).

447 2590 463 2616 2
482 2588 620 2616 Coniunct.
637 2597 669 2615 ac
685 2588 805 2616 delemus
819 2590 858 2624 (n.
875 2590 923 2624 T.).

983 214 1163 238 BULLARIUM
1187 213 1337 239 ROMANUM

1180 260 1331 294 bentibus
1356 266 1388 294 et
1411 261 1568 295 habituris
1585 290 1592 303 ,
1618 273 1745 297 necnon
1774 274 1913 298 oecono-

1180 313 1252 353 mis,
1279 313 1591 348 administratoribus
1608 317 1771 358 perpetuis
1788 322 1818 349 et
1836 322 1915 350 tem-

1181 366 1360 409 poralibus,
1386 367 1649 408 usufructuariis,
1677 380 1712 401 ae
1738 370 1857 402 fruetus
1883 376 1915 402 et

1180 419 1364 462 pensiones,
1383 430 1434 452 res
1451 425 1481 452 et
1494 420 1557 452 alia
1573 420 1643 453 iura
1668 422 1914 464 quomodolibet

1182 471 1375 504 habentibus
1395 476 1426 503 et
1442 471 1611 513 habituris,
1634 478 1695 505 tam
1714 474 1913 506 secularibus

1181 534 1276 566 quam
1292 525 1505 567 regularibus,
1526 525 1622 558 etiam
1640 536 1913 571 quorumcumque

1180 578 1334 611 ordinum
1359 583 1391 610 et
1414 583 1575 610 certarum
1599 578 1806 618 militiarum;

1223 631 1237 673 ᾗ
1261 631 1291 663 2.
1320 631 1364 663 Ac
1389 635 1558 673 praeterea
1582 631 1771 674 pensionum
1802 631 1913 665 huius-

1179 683 1266 716 modi
1292 683 1432 715 decimas
1457 684 1496 715 ad
1523 683 1680 715 rationem
1711 684 1824 717 decem

1180 736 1364 768 centenario
1389 735 1546 778 praestari
1571 736 1689 768 debere
1705 763 1712 776 ,
1744 742 1775 769 et
1800 747 1913 770 secun-

1180 788 1254 819 dum
1272 798 1308 820 ea
1322 798 1432 820 omnes
1446 788 1478 819 in
1496 788 1636 820 solidum
1652 789 1814 831 cogendos
1829 800 1911 829 esse,

1180 841 1383 882 ipsarumque
1409 841 1604 875 decimarum
1637 847 1862 884 procuratores
1894 854 1912 875 a

1180 892 1295 934 quibus
1319 892 1450 925 libuerit
1474 893 1598 936 integre
1628 894 1777 936 exigendi
1809 895 1912 938 optio-

1180 955 1253 977 nem
1288 946 1537 988 facultatemque
1569 947 1706 987 habere,
1738 958 1797 980 nec
1828 949 1910 981 ullas

1180 997 1396 1030 immunitates
1422 1003 1454 1030 et
1478 999 1721 1042 exemptiones,
1755 1001 1849 1033 etiam
1874 1012 1911 1034 ex

1179 1053 1274 1083 eausa
1298 1051 1535 1093 resignationis,
1557 1051 1712 1084 cessionis
1733 1052 1821 1092 iuris,
1838 1063 1913 1086 con-

1179 1103 1307 1137 cordiae
1324 1130 1331 1143 ,
1358 1104 1595 1143 conventionis,
1628 1109 1682 1137 aut
1711 1115 1913 1148 quacumque

1179 1156 1241 1189 alia
1265 1156 1352 1199 gravi
1367 1162 1397 1189 et
1410 1159 1546 1189 onerosa
1559 1158 1739 1197 occasione,
1760 1168 1913 1201 quocum-

1179 1219 1241 1251 que
1261 1209 1358 1241 modo
1384 1214 1415 1241 et
1438 1209 1497 1241 sub
1523 1209 1776 1253 quibuscumque
1800 1211 1914 1244 verbo-

1179 1271 1251 1293 rum
1276 1261 1535 1304 expressionibus
1561 1262 1678 1303 (etiam
1710 1273 1728 1296 a
1759 1263 1911 1303 decimis,

1179 1325 1237 1347 seu
1261 1314 1424 1357 quibusvis
1442 1315 1512 1347 aliis
1529 1314 1795 1358 impositionibus,
1816 1316 1912 1348 etiam

1179 1377 1238 1410 pro
1263 1367 1467 1410 expeditione
1488 1373 1551 1400 tam
1571 1367 1722 1401 oss'ensiva
1739 1379 1836 1411 quam
1860 1369 1913 1402 de-

1181 1420 1299 1452 fensiva
1323 1425 1435 1453 contra
1458 1420 1574 1453 Turcas
1600 1426 1632 1453 et
1656 1421 1736 1453 alios
1766 1420 1910 1455 infideles

1180 1478 1212 1505 et
1236 1473 1430 1512 haereticos,
1457 1483 1568 1505 senex
1594 1473 1655 1506 alia
1680 1473 1791 1516 quavis
1813 1484 1913 1517 quan-

1181 1526 1295 1558 tumvis
1323 1526 1467 1568 legitima
1503 1531 1534 1558 et
1571 1526 1754 1559 rationabili
1788 1537 1823 1559 ac
1858 1538 1914 1560 ne-

1181 1578 1318 1612 cessario
1348 1584 1380 1611 et
1407 1579 1446 1611 de
1481 1579 1673 1611 necessitate
1704 1579 1915 1622 exprimenda

1181 1633 1294 1672 causa,
1328 1632 1424 1664 etiam
1456 1632 1489 1664 in
1523 1632 1665 1665 savorem
1689 1632 1914 1675 imperatoris,

1182 1695 1303 1727 regum,
1330 1684 1532 1727 reginarum,
1558 1685 1673 1717 ducum
1699 1696 1754 1718 seu
1778 1685 1914 1718 aliorum

1182 1747 1457 1780 quorumcumque
1471 1737 1666 1781 principum,
1679 1748 1713 1770 ac
1727 1748 1786 1781 pro
1805 1748 1915 1771 eorum

1182 1795 1214 1822 et
1237 1789 1326 1823 Sedis
1352 1790 1557 1832 Apostolicae
1582 1791 1834 1831 necessitatibus,
1860 1801 1915 1823 seu

1182 1843 1260 1876 alias
1285 1843 1438 1877 canonice
1463 1844 1512 1876 vel
1537 1844 1575 1876 de
1601 1844 1682 1876 tacto
1707 1844 1863 1887 impositis
1886 1849 1916 1876 et

1182 1907 1242 1939 pro
1259 1901 1403 1939 tempore
1420 1896 1652 1940 imponendis),
1669 1897 1766 1929 etiam
1784 1907 1842 1939 per
1858 1907 1916 1929 nos

1183 1959 1351 1982 concessas
1376 1955 1408 1982 et
1431 1949 1561 1982 interim
1583 1949 1818 1989 concedendas,
1838 1949 1917 1982 intc—

1925 218 1975 245 An.
1987 217 2016 245 C.
2041 218 2108 246 2664

1974 644 2105 665 Pensionarn

1923 672 2020 690 tenentur
2035 670 2060 690 ad
2073 677 2106 689 zn-

1854 696 1912 727 PFO
1924 697 2023 717 lunonem
2047 697 2107 717 ‹tevi-

1924 728 2009 744 marum.

1184 2012 1274 2043 gram
1298 2001 1491 2034 solutionem
1516 2002 1699 2034 huiusmodi
1726 2001 1916 2034 imminuere
1965 2030 1968 2033 .

1183 2055 1232 2086 vel
1258 2053 1423 2096 impedire,
1442 2063 1545 2096 neque
1563 2064 1771 2096 possessores,
1791 2053 1918 2086 usufru-

1184 2106 1334 2145 ctuarios,
1360 2111 1414 2138 aut
1438 2106 1515 2139 alias
1536 2106 1706 2148 pensiones
1723 2116 1778 2138 seu
1796 2106 1917 2138 fruetus

1185 2159 1369 2192 huiusmodi
1387 2160 1509 2191 solvere
1523 2159 1686 2198 debentes,
1702 2158 1842 2191 etiamsi¹
1857 2159 1917 2202 ipsi

1185 2213 1247 2244 iuri
1265 2216 1296 2245 et
1312 2212 1427 2244 actioni
1446 2212 1603 2255 petendae
1620 2213 1669 2244 vel
1688 2212 1915 2252 detrahendae,

1185 2270 1239 2297 aut
1263 2265 1451 2297 retinendae
1476 2265 1635 2307 portionis
1653 2270 1685 2297 ct
1705 2269 1791 2297 ratae
1816 2265 1916 2307 partis

1185 2317 1409 2360 pensionarios
1421 2317 1638 2360 contingentis
1650 2317 1858 2351 iureiurando
1871 2328 1918 2351 re-

1185 2370 1426 2410 nunciaverint,
1453 2375 1549 2413 atque
1581 2381 1618 2404 ex
1648 2372 1748 2403 torma
1771 2381 1917 2404 camerae

1185 2422 1381 2465 apostolicae
1418 2423 1615 2466 amplissima
1638 2424 1795 2463 caverint,
1820 2424 1916 2457 modo

1185 2476 1294 2518 aliquo
1319 2476 1474 2518 obligari,
1501 2487 1605 2520 neque
1631 2477 1669 2510 ad
1695 2477 1726 2509 id
1750 2487 1808 2520 pro
1834 2477 1918 2510 dicto

1221 2547 1232 2572 1
1255 2545 1373 2574 Pessime
1388 2546 1451 2574 edit.
1468 2546 1550 2576 Main.
1567 2547 1648 2574 babet
1668 2547 1811 2582 deberent,
1828 2552 1919 2576 ettam

1184 2591 1222 2626 (a.
1243 2589 1291 2625 T.).
