2247 3208
180 205 231 234 An.
251 204 279 234 C.
301 205 370 234 1663
415 197 479 231 166

199 1403 203 1406 .
212 1375 324 1397 Decretum
344 1373 371 1395 lr-

186 1405 261 1424 mans.

379 253 598 288 communiter
618 261 689 284 cum
707 250 777 283 aliis
794 259 905 283 verum
923 248 1020 281 etiam
1038 258 1111 291 par-

380 307 557 341 ticulariter
592 305 675 337 dicto
713 302 914 336 canonicatui
949 312 985 334 ac
1019 310 1112 344 prae-

379 360 505 392 bendae
531 357 674 397 annexis,
701 356 817 400 quibus
843 354 992 388 omnibus
1019 353 1112 386 satis-

380 412 485 444 facere
511 410 642 443 omnino
668 413 861 448 teneantur,
888 412 988 451 prout
1019 416 1113 450 prae-

380 463 483 495 dictus
508 462 685 505 Pompilius
711 462 894 500 tenebatur,
914 465 946 493 et
967 470 1039 491 cum
1064 459 1113 491 de-

380 522 468 549 creto
503 516 588 559 quod
620 515 701 547 haec
738 515 901 546 fructuum
937 511 1112 556 applicatio

381 574 413 602 ct
438 568 614 611 assignatio
639 568 743 601 locum
765 567 884 599 habeat
908 566 947 598 ad
973 565 1113 597 savorem

381 622 613 655 canonicorum
639 621 803 653 dumtaxat
826 628 913 651 nunc
937 617 1113 650 viventium

383 675 431 718 (ut
456 675 574 707 dictum
600 674 660 716 est)
676 678 708 705 et
721 672 800 705 alios
819 671 1027 704 canonicatus
1045 680 1115 712 pos-

382 726 580 766 sidentium,
614 726 712 765 itaut,
746 734 862 757 eorum
887 723 996 765 aliquo
1023 722 1115 754 dece-

383 781 481 813 dente
516 781 565 812 vel
602 779 757 818 cedente,
794 776 901 820 portio
925 775 1018 815 ,illius
1050 784 1115 807 non

382 836 528 865 transeat
552 831 585 863 in
609 840 842 868 successorem,
869 838 972 870 neque
998 826 1116 859 ceteris

384 885 549 919 canonicis
570 888 743 922 accrescat,
770 882 843 921 sed,
871 890 909 913 eo
933 881 1005 923 ipso
1031 879 1117 922 quod

385 937 505 981 singuli
531 947 643 970 eorum
662 935 860 969 decesserint
879 934 929 966 vel
947 932 1116 970 cesserint,

385 991 494 1035 portio
520 991 567 1024 sic
592 989 779 1023 decedentis
805 988 855 1020 vel
889 985 1035 1019 cedentis
1061 995 1117 1017 no-

385 1049 470 1076 strae
497 1049 529 1076 et
553 1052 780 1075 successorum
799 1045 987 1072 nostrorum
1013 1038 1119 1080 dispo-

385 1097 493 1129 sitioni
517 1095 703 1139 specialiter
727 1097 893 1126 reservata
917 1092 974 1131 sit,
1006 1096 1041 1123 ut
1073 1101 1121 1123 ex-

385 1159 496 1193 presse
521 1158 724 1181 reservamus
742 1146 773 1178 in
788 1146 959 1179 utilitatem
974 1144 1120 1176 eiusdem

386 1202 558 1242 ccclesiae,
585 1199 745 1244 quamdiu,
772 1197 959 1231 huiusmodi
984 1196 1121 1240 applica-

386 1256 474 1288 tione
511 1259 544 1287 et
577 1253 796 1296 assignatione
830 1252 984 1290 durante,
1017 1249 1120 1282 dictus

387 1307 595 1342 canonicatus
620 1306 790 1345 vacaverit,
817 1303 1083 1337 convertendam.

431 1361 445 1404 ἓ
469 1361 500 1393 4.
527 1360 747 1393 Decernentes
773 1358 904 1391 easdem
929 1360 1122 1400 praesentes

388 1414 524 1453 litteras,
544 1417 576 1445 et
593 1412 625 1444 in
643 1412 690 1444 eis
716 1415 871 1443 contenta
892 1419 1122 1453 quaecumque,

389 1467 486 1501 etiam
512 1477 549 1499 ex
575 1476 614 1498 eo
641 1465 727 1508 quod
756 1463 914 1507 praedicti
949 1461 1124 1505 capitulum

390 1526 422 1553 et
452 1519 624 1559 canonici,
660 1523 691 1551 et
722 1517 775 1549 alii
801 1517 957 1560 quilibet,
985 1514 1124 1547 cuiusvis

391 1579 510 1613 status,
538 1572 673 1615 gradus,
701 1570 842 1609 ordinis,
868 1568 1064 1601 conditionis
1096 1573 1127 1600 et

390 1625 671 1670 praeeminentiae
698 1629 730 1656 et
754 1622 936 1665 dignitatis,
964 1632 1021 1654 seu
1047 1621 1125 1653 alias

391 1679 525 1723 speciali
542 1683 574 1711 et
591 1677 756 1710 individua
775 1675 939 1708 mentione
958 1674 1047 1717 digni
1062 1673 1127 1707 exi-

393 1738 492 1773 stant,
518 1732 551 1764 in
571 1730 759 1775 praemissis
778 1729 938 1761 interesse
957 1728 1124 1767 habentes,

392 1796 450 1819 seu
466 1787 587 1818 habere
600 1782 847 1828 quomodolibet
860 1781 1125 1825 praetendentes,

393 1839 456 1872 illis
482 1848 547 1871 non
566 1835 804 1874 consenserint,
825 1840 878 1867 aut
896 1834 935 1866 ad
953 1844 989 1866 ea
1010 1833 1126 1872 vocati,

394 1891 484 1924 citati
499 1896 531 1923 et
545 1890 657 1930 auditi,
674 1900 730 1921 seu
753 1898 877 1926 causae,
894 1892 1030 1930 propter
1048 1897 1126 1929 quas

394 1949 587 1987 praesentes
613 1941 806 1980 emanarint,
827 1940 1003 1979 adductae,
1022 1938 1129 1971 verifi-

395 2001 486 2030 catae
512 2002 544 2029 et
568 1995 760 2027 iustificatae
779 2004 843 2026 non
862 1992 994 2031 suerint,
1016 1996 1071 2023 aut
1092 2001 1128 2023 ex

397 2050 459 2083 alia
485 2059 685 2092 quacumque
712 2046 915 2090 quantumvis
940 2046 1030 2085 iusta,
1056 2044 1130 2086 legi-

397 2102 482 2141 tima,
504 2102 558 2145 pia
583 2106 614 2133 et
637 2100 841 2144 privilegiata
865 2100 978 2137 causa,
1005 2098 1127 2135 colore,

397 2160 564 2198 preetextu
598 2159 628 2186 et
659 2152 779 2195 capite,
807 2151 900 2183 etiam
934 2151 965 2182 in
991 2159 1129 2192 corpore

397 2206 476 2239 iuris
502 2207 623 2245 clauso,
650 2205 744 2237 etiam
771 2202 922 2243 enormis,
949 2201 1131 2235 enormissi-

399 2269 469 2292 mae
495 2264 526 2290 et
550 2258 657 2290 totalis
682 2255 844 2293 laesionis,
872 2256 962 2290 nullo
988 2265 1130 2297 unquam

400 2317 546 2354 tempore
565 2311 604 2342 de
629 2308 845 2351 subreptionis
863 2309 911 2339 vel
930 2305 1131 2349 obreptionis

400 2369 455 2397 aut
479 2362 635 2395 nullitatis
659 2361 755 2399 vitio,
782 2372 837 2391 seu
867 2358 1055 2392 intentionis
1080 2369 1132 2390 uo-

400 2423 485 2449 strae
518 2421 574 2448 aut
597 2415 752 2446 interesse
779 2412 965 2445 habentium
999 2421 1133 2443 ‹musen-

401 2481 464 2510 sus,
485 2469 588 2502 aliove
610 2467 754 2510 quolibet
771 2465 975 2508 quantumvis
1000 2474 1130 2506 magno,

402 2523 529 2556 formali
554 2527 586 2554 et
610 2518 822 2554 substantiali,
847 2530 883 2550 ac
908 2518 1085 2559 incogitato
1103 2522 1133 2547 et

402 2573 652 2618 inexcogitabili,
672 2572 935 2612 individuamque
954 2569 1133 2613 expressio-

954 198 1133 225 BULLARIUM
1156 198 1307 223 ROMANUM

1145 257 1219 279 nem
1244 246 1430 289 requirente
1464 245 1589 278 defectu
1623 243 1751 282 notari,
1775 243 1878 286 impu-

1146 299 1253 342 gnari,
1280 298 1434 340 infringi,
1461 297 1638 337 retractari,
1663 296 1803 335 limitari,
1830 295 1878 328 in-

1146 352 1291 391 validari‚
1318 350 1467 390 rescindi,
1494 350 1527 383 in
1552 349 1805 383 controversiam
1832 359 1878 381 re-

1146 405 1264 445 vocari,
1287 406 1335 438 vel
1351 406 1389 437 ad
1408 404 1564 437 terminos
1582 404 1660 436 iuris
1685 403 1804 443 reduci,
1823 413 1879 435 seu

1147 460 1300 492 adversus
1325 458 1396 491 illas
1429 456 1619 500 aperitionis
1648 456 1730 496 oris,
1759 456 1880 488 restitu-

1147 511 1242 544 tionis
1256 511 1287 543 in
1302 511 1475 552 integrum,
1487 509 1640 552 aliudque
1654 508 1879 551 quodcumque

1147 564 1238 604 iuris,
1256 564 1329 596 sacti
1355 564 1403 596 vel
1430 562 1552 605 gratiae
1577 561 1754 594 remedium
1780 560 1881 603 impe-

1148 617 1227 649 trari
1252 617 1302 649 vel
1327 615 1501 654 intentari,
1535 619 1587 646 aut
1620 613 1804 656 impetrato,
1831 612 1881 645 vel

1149 670 1245 702 etiam
1271 674 1380 709 motu,
1407 668 1541 700 scientia
1573 672 1604 699 et
1626 666 1794 709 potestatis
1819 666 1883 708 ple-

1149 723 1294 755 nitudine
1320 722 1451 765 paribus
1472 731 1625 754 concesso
1650 721 1699 752 vel
1723 723 1882 759 emanato,

1151 775 1334 819 quempiam
1360 775 1392 807 in
1418 774 1536 806 iudicio
1554 774 1602 806 vel
1629 778 1717 805 extra
1742 772 1820 805 illud
1837 771 1882 803 uti

1150 839 1205 861 seu
1223 838 1255 860 se
1277 827 1385 859 iuvare
1404 837 1509 870 posse,
1528 836 1631 868 neque
1649 826 1776 858 easdem
1795 834 1885 868 prae-

1151 886 1257 913 sentes
1277 880 1400 912 litteras
1419 880 1476 911 sub
1492 878 1656 922 quibusvis
1672 877 1823 910 similium
1834 877 1883 910 vel

1152 933 1354 965 dissimilium
1370 931 1622 974 exemptionum,
1644 930 1882 969 liberationum,

1152 985 1399 1018 concessionum
1416 1010 1423 1024 ,
1450 984 1650 1016 indultorum
1681 988 1712 1015 et
1743 983 1885 1024 assigna-

1154 1038 1276 1070 tionum
1304 1036 1583 1075 revocationibus,
1612 1035 1883 1074 restrictionibus,

1154 1089 1414 1129 limitationibus,
1452 1088 1738 1130 derogationum,
1776 1087 1886 1120 aliisve

1155 1142 1326 1176 contrariis
1343 1142 1620 1185 dispositionibus,
1638 1141 1732 1173 etiam
1750 1151 1809 1184 per
1828 1150 1888 1173 nos

1155 1200 1187 1228 et
1211 1195 1374 1228 Romanos
1398 1194 1570 1227 Pontifices
1602 1203 1805 1226 successores
1829 1202 1888 1225 no-

1156 1253 1239 1281 stros
1256 1248 1437 1291 Sedemque
1457 1247 1655 1291 praedictam
1672 1246 1888 1289 quandocum-

1157 1312 1217 1346 que
1255 1301 1423 1341 faciendis,
1452 1311 1595 1344 unquam
1629 1299 1886 1343 comprehendi,

1157 1361 1211 1387 aut
1234 1352 1504 1397 comprehensas¹
1522 1353 1657 1392 censeri,
1683 1352 1738 1385 sed
1763 1362 1890 1395 semper

1158 1408 1197 1439 ab
1214 1407 1278 1440 illis
1295 1412 1451 1449 exceptas,
1471 1411 1511 1445 et,
1530 1405 1655 1449 quoties
1673 1405 1746 1437 illae
1765 1414 1890 1436 emana-

1159 1460 1270 1500 verint,
1293 1460 1388 1492 toties
1417 1459 1449 1491 in
1486 1459 1657 1502 pristinum
1682 1462 1713 1490 et
1737 1456 1891 1492 validissi-

1159 1524 1246 1545 mum
1268 1518 1384 1545 statum
1406 1512 1579 1551 restitutas,
1600 1510 1758 1554 repositas
1775 1515 1807 1542 et
1825 1509 1892 1552 ple-

1159 1567 1249 1599 narie
1274 1566 1501 1608 reintegratas‚
1530 1575 1566 1597 ac
1591 1564 1686 1596 etiam
1718 1564 1756 1596 de
1788 1572 1891 1602 novo,

1160 1621 1217 1653 sub
1236 1630 1439 1663 quacumque
1464 1617 1637 1661 posteriori
1667 1617 1738 1649 data
1759 1626 1817 1659 per
1837 1625 1892 1648 eos

1160 1673 1199 1705 ad
1214 1683 1295 1715 quos
1313 1682 1374 1714 pro
1397 1677 1541 1713 tempore
1558 1668 1716 1713 spectabit
1733 1668 1891 1710 eligenda,

1160 1734 1329 1758 concessas
1342 1723 1466 1756 censeri
1486 1728 1516 1755 et
1535 1722 1684 1764 intelligi,
1702 1729 1894 1763 semperque

1161 1778 1288 1817 firmas,
1314 1776 1435 1809 validas
1468 1781 1499 1808 et
1530 1775 1676 1807 efficaces
1702 1773 1838 1806 existere
1864 1776 1895 1804 et

1162 1832 1250 1871 fore,
1277 1839 1415 1872 suosque
1442 1828 1607 1872 plenarios
1632 1832 1663 1859 et
1687 1827 1831 1868 integros
1856 1824 1896 1857 es-

1163 1885 1262 1917 sectus
1287 1883 1395 1915 sortiri
1427 1888 1458 1914 et
1488 1881 1656 1919 obtinere,
1682 1890 1717 1911 ac
1742 1878 1805 1911 illis
1821 1905 1829 1918 ,
1855 1877 1895 1910 ad

1163 1948 1243 1980 quos
1269 1940 1392 1979 spectat
1415 1940 1446 1967 et
1470 1945 1530 1977 pro
1556 1939 1702 1976 tempore
1727 1931 1894 1974 spectabit,

1163 1988 1350 2032 plenissime
1375 1986 1553 2029 suflragari,
1579 1997 1615 2018 ac
1639 1985 1679 2017 ab
1704 1985 1767 2016 illis
1792 1993 1895 2026 respe-

1163 2043 1245 2074 ctive
1261 2040 1494 2073 inviolabiliter
1514 2045 1543 2071 et
1557 2039 1769 2071 inconcussae
1791 2036 1896 2068 obser-

1163 2094 1250 2134 vari,
1269 2094 1379 2136 sicque
1404 2098 1434 2125 et
1458 2102 1523 2124 non
1545 2091 1638 2123 aliter
1657 2090 1690 2122 in
1711 2087 1896 2132 praemissis

1164 2146 1315 2180 omuibus
1340 2151 1371 2178 et
1394 2145 1529 2187 singulis
1555 2143 1703 2182 censeri,
1730 2148 1827 2185 atque
1853 2142 1897 2174 ita

1164 2211 1222 2244 per
1248 2208 1470 2243 ‹jptoseumque
1501 2197 1625 2229 iudices
1657 2195 1842 2229 ordinarios
1867 2198 1899 2227 et

1165 2254 1340 2295 delegatos,
1367 2251 1461 2284 etiam
1488 2260 1658 2283 causarum
1685 2248 1794 2292 palatii
1821 2258 1898 2290 apo-

1165 2304 1270 2337 stolici
1296 2304 1482 2342 auditores,
1510 2314 1547 2335 ac
1571 2302 1602 2334 S.
1637 2302 1673 2333 R.
1700 2302 1733 2333 E.
1762 2311 1899 2333 camera-

1166 2358 1260 2397 rium,
1286 2362 1315 2389 et
1341 2356 1419 2388 alios
1444 2356 1647 2394 cardinales,
1669 2354 1762 2386 ctiam
1789 2354 1827 2385 de
1855 2354 1899 2385 la-

1167 2416 1235 2442 terc
1248 2411 1383 2451 legatos,
1399 2419 1525 2440 necnon
1542 2417 1687 2440 camerae
1702 2405 1899 2449 apostolicae

1167 2462 1388 2505 praesidentes
1413 2461 1561 2499 clericos,
1579 2466 1607 2492 et
1629 2459 1708 2492 alios
1735 2459 1901 2501 quoslibet

1204 2578 1212 2602 1
1237 2575 1301 2602 Male
1318 2575 1359 2601 etl.
1378 2576 1458 2601 alain.
1475 2575 1539 2609 legit
1554 2574 1768 2608 comprehensos
1784 2574 1822 2607 (R.
1838 2573 1886 2607 ik).

1892 192 1940 220 An.
1961 192 1992 220 C·
2009 191 2077 222 1663
