2247 3208
99 243 149 270 An.
166 242 194 270 C.
215 242 284 270 1663

98 673 206 694 Contraria
218 673 277 693 ΙυΙΙιῐ.

130 881 278 908 Transiunpto‹

95 914 140 929 rum
155 908 213 929 fides-

886 238 1073 263 ‚anxxxDEn
1098 240 1140 263 Vll
1167 241 1214 263 Pe.

295 289 484 334 praemissis
510 299 567 332 per
593 298 811 331 quoscumque
839 287 959 320 iudices
984 298 1033 319 or-

296 342 438 375 dinarios
471 346 501 375 et
533 341 712 383 delegatos,
740 340 836 372 etiam
863 351 1030 372 causarum
1058 356 1062 363 ·

295 395 405 439 palatii
439 394 606 438 apostolici
633 394 814 433 auditores,
841 392 974 425 iudicari
1001 398 1031 425 et

296 447 422 481 definiri
454 448 590 487 debere,
618 458 652 480 ac
679 447 802 479 irritum
828 451 860 477 et
883 446 978 478 inane
1004 445 1030 477 si

295 511 386 533 secus
411 512 508 544 super
532 500 582 532 his
607 511 624 533 a
650 510 819 544 quoquam,
843 498 952 542 quavis
979 509 1032 530 au-

295 554 450 593 ctoritate,
478 554 617 586 scienter
641 555 690 586 vel
715 553 910 595 ignoranter,
931 551 1032 584 couti-

297 608 379 650 gerit
403 607 564 640 attentari.

340 661 354 703 g
380 660 410 692 Γ».
438 660 506 692 Non
533 658 735 692 obstantibus
751 658 901 691 omnibus
920 662 951 689 et
968 656 1032 689 sin-

296 713 379 756 gulis
403 713 488 752 illis,
515 721 595 755 quae
627 711 659 743 in
690 711 805 744 litteris
839 709 956 743 nostris
983 721 1031 741 su-

295 765 450 808 pradietis
468 764 625 796 voluimus
642 773 706 795 non
724 764 872 802 obstare,
900 762 1031 795 ceteris-

296 829 356 861 que
381 817 549 850 contrariis
575 817 845 860 quibuscumque.

331 871 345 913 ξ
359 870 390 903 6.
404 871 555 903 Volumus
570 875 685 909 autem,
696 875 731 902 ut
743 870 929 902 earumdem
942 880 1031 913 prae-

295 922 434 955 sentium
464 923 644 955 litterarum
674 923 902 965 transumptis,
933 922 1029 955 etiam

294 975 473 1019 impressis,
492 986 588 1008 manu
609 975 742 1008 alieuius
766 975 883 1008 notarii
909 975 1028 1017 publici

295 1028 493 1071 subscriptis,
513 1033 544 1060 et
558 1028 665 1070 sigillo
690 1038 851 1071 personae
876 1028 908 1060 in
927 1029 1029 1061 eccle-

294 1081 422 1114 siastiea
455 1081 611 1123 dignitate
649 1081 840 1114 constitutae
875 1081 1025 1121 munitis,

293 1135 406 1168 eadem
439 1145 573 1177 prorsus
603 1134 683 1166 fides
715 1134 834 1177 ubique
868 1135 1025 1174 locorum,

294 1192 357 1220 tam
388 1187 419 1219 in
452 1187 571 1219 iudicio
596 1198 692 1230 quam
717 1191 807 1219 extra
831 1187 910 1219 illud
936 1187 1027 1219 adhi-

292 1241 418 1279 beatur,
446 1250 527 1283 quae
553 1239 699 1282 ipsismet
726 1239 950 1282 praesentibus
974 1240 1028 1272 ad-

292 1292 470 1331 hiberetur,
481 1293 504 1325 si
518 1293 623 1325 forent
633 1292 794 1325 exhibitae
806 1294 854 1325 vel
865 1298 1023 1326 ostensae.

334 1346 447 1378 Datum
473 1346 608 1386 Romae,
635 1346 720 1389 apud
746 1346 776 1378 S.
804 1346 934 1378 Mariam
965 1347 1027 1379 Ma-

291 1399 416 1440 iorem,
450 1400 509 1432 snb
541 1400 662 1432 annulo
694 1399 884 1439 Piso-amris,
915 1399 965 1432 die
990 1411 1027 1433 xx

292 1451 443 1484 februarii
456 1462 610 1492 MDCLXIII,
623 1452 830 1496 pontificatus
848 1453 951 1485 nostri
973 1464 1027 1485 an-

291 1515 333 1537 no
351 1515 421 1538 v111.

326 1566 384 1594 Dat.
402 1566 445 1594 die
464 1567 498 1594 ΞΟ
517 1566 646 1594 februarii
666 1566 745 1600 1663,
762 1567 859 1602 pontif.
880 1575 949 1594 anuo
968 1574 1024 1594 vui.

577 1700 733 1733 CDXXIX.

293 1770 514 1813 Confirmatio,
530 1775 569 1809 el,
585 1776 746 1815 quatenus
764 1782 842 1814 opus
859 1772 910 1813 sit,
931 1772 1025 1804 inno-

335 1825 421 1856 vatio
442 1825 592 1857 Brevium
614 1825 672 1857 Pii
688 1825 708 1857 Ι
713 1824 746 1864 V,
771 1829 798 1857 et
817 1825 852 1857 in
878 1825 922 1857 eis
945 1826 1026 1857 rela-

337 1881 445 1909 tarum
470 1887 589 1909 necnon
621 1878 679 1910 Pii
706 1877 733 1909 V
755 1877 958 1919 litterarum,
984 1878 1026 1909 ad

334 1929 470 1972 favorem
496 1929 609 1961 domus
633 1940 686 1961 sen
711 1929 882 1972 hospitalis
906 1941 942 1962 ae
966 1941 1023 1962 ar-

335 1981 670 2025 eli{confraternitatis
700 1987 728 2014 et
752 1983 943 2015 monasterii
966 1983 1022 2016 SS.

334 2034 613 2067 Amzmzciationis
629 2036 864 2078 neophytorum
882 2040 909 2068 el
927 2037 1027 2068 cathe-

335 2097 541 2119 cumenormn
557 2087 594 2119 de
610 2088 701 2127 Urbe,
716 2099 785 2120 omn
803 2089 924 2121 decreto
941 2089 1026 2132 quod

337 2139 488 2182 Greqorii
523 2140 587 2172 XV
608 2140 758 2184 aliaeque
784 2152 881 2185 super
904 2152 1027 2185 exemp<

337 2196 442 2224 torum
465 2193 648 2236 privz‘leqii's
680 2200 848 2227 emanante
876 2196 1027 2228 comella-

337 2245 434 2278 tz'ones
444 2246 646 2288 apostolicae,
663 2247 771 2290 quoad
787 2247 1025 2290 impediendum

337 2298 475 2330 liberum
489 2299 677 2331 eoeercilium
697 2299 935 2332 iurisdictionis
961 2305 1026 2333 lanz

334 2351 521 2393 spiritualis
539 2362 639 2395 quant
665 2351 852 2395 temporalis
877 2355 909 2384 in
935 2352 1026 2386 domo

334 2413 390 2435 seu
420 2402 576 2448 hospitali
607 2415 643 2436 ac
674 2405 870 2437 monasterio
899 2407 1027 2448 praedi-

334 2455 394 2488 ctis
418 2456 584 2489 cardinali
614 2458 788 2499 protectori
808 2468 867 2500 pro
893 2462 1026 2502 tempore

335 2509 488 2543 existenti
508 2521 567 2553 per
583 2510 703 2543 Brevia
719 2511 887 2554 praedicta
904 2522 1025 2544 conces-

335 2573 629 2607 sum‚nequaqua›n
647 2564 750 2596 locum
772 2564 921 2606 habeant,
937 2569 991 2598 etc.
1005 2564 1023 2597 ¹.

328 2625 340 2651 1
358 2623 395 2651 Ex
411 2624 517 2660 Regest.
534 2625 560 2652 in
574 2625 675 2652 Secret.
692 2624 769 2651 Brev-

1704 233 1767 267 tar.

1258 289 1421 316 »alexanter
1442 291 1518 323 Papa
1541 293 1600 318 vu.

1188 333 1223 358 ad
1243 337 1416 366 perpetuam
1432 334 1475 360 rei
1495 336 1674 363 memoriam.

1110 392 1205 431 lllius,
1226 394 1278 436 qui
1297 393 1458 427 illuminat.
1482 407 1607 429 omnem
1636 398 1798 432 hominem

1064 445 1245 478 venientem
1271 447 1302 478 in
1328 448 1412 479 hunc
1433 450 1596 489 mundum,
1615 451 1708 491 vices,
1725 452 1799 485 licet

1066 498 1226 537 immeriti,
1254 505 1403 541 gerentes
1428 501 1460 533 in
1486 502 1598 541 terris,
1626 514 1662 535 ex
1689 505 1799 538 debito

1066 551 1234 593 pastoralis
1268 551 1363 584 officii
1396 554 1489 585 uobis
1524 555 1681 588 commissi
1715 558 1796 590 cirea

1065 608 1181 635 statum
1206 604 1346 636 omnium
1373 606 1640 648 eluistitidelium,
1660 614 1690 641 et
1708 620 1799 652 prae-

1066 656 1173 689 sertim
1191 667 1309 697 eornm,
1325 659 1388 701 qui,
1403 669 1438 691 ex
1454 659 1577 693 iudaicti
1591 662 1744 695 caecitate
1760 664 1798 696 ad

1065 709 1129 741 veri
1163 710 1291 742 luminis
1322 712 1535 753 agnitionem,
1561 714 1625 746 Deo
1646 715 1797 756 donante,

1065 763 1219 801 conversi,
1239 763 1352 796 divinis
1372 765 1535 807 obsequiis
1553 776 1620 798 sese
1638 768 1696 799 snb
1713 769 1798 801 suavi

1066 815 1232 858 religionis
1246 817 1320 859 iugo
1335 818 1540 857 devoverunt,
1554 831 1590 852 ao
1603 821 1797 855 christianae

1065 870 1231 903 charitatis
1256 876 1288 903 et
1319 872 1389 904 aliis
1422 873 1548 915 pietatis
1573 875 1725 917 operibus
1750 886 1799 908 se-

1065 923 1140 955 dulo
1160 923 1358 965 incumbunt,
1381 926 1548 968 propensis
1566 927 1679 960 studiis
1696 928 1799 961 inten-

1065 975 1175 1013 dimus,
1203 987 1239 1008 ae
1263 977 1391 1010 illorum
1419 977 1503 1010 felici
1529 979 1678 1021 regimini
1698 985 1729 1012 et
1747 991 1798 1023 gu-

1063 1027 1176 1060 bernio
1195 1029 1370 1062 salubriter
1393 1031 1561 1073 providere
1587 1032 1795 1074 satagemus¹,

1063 1081 1145 1113 sicut
1170 1081 1202 1114 in
1228 1083 1362 1115 Domino
1383 1084 1604 1126 cognoscimus
1629 1086 1794 1129 expedire,

1106 1135 1121 1177 ξ
1147 1134 1176 1166 ’1.
1204 1134 1357 1178 Exposuit
1392 1136 1550 1179 siquidem
1577 1138 1670 1170 nobis
1694 1150 1798 1182 nuper

1063 1187 1198 1220 dilectus
1223 1188 1305 1221 tilius
1340 1194 1452 1222 noster
1489 1190 1679 1225 Benedictus
1714 1193 1797 1226 tituli

1061 1240 1091 1271 S.
1110 1240 1290 1283 Honuphrii
1309 1247 1437 1274 sanctae
1457 1243 1618 1275 Romanae
1637 1244 1797 1278 Ecclesiae

1062 1293 1229 1336 presbyter
1253 1294 1423 1327 cardinalis
1458 1295 1648 1328 Odescalous
1674 1307 1798 1330 nuncn-

1062 1351 1174 1388 patuS‚
1198 1347 1374 1379 modernus
1409 1348 1523 1381 domus
1549 1360 1603 1381 seu
1629 1350 1798 1392 hospitalis

1061 1408 1097 1430 ae
1141 1399 1508 1433 arehieonsraternitatis
1545 1406 1576 1433 et
1608 1403 1796 1435 monasterii

1061 1451 1113 1484 SS.
1139 1452 1408 1485 Annunciationis
1434 1455 1672 1498 neophytorum
1698 1461 1729 1488 et
1749 1466 1798 1488 ea-

1062 1506 1331 1539 thecumenorum
1350 1507 1389 1539 de
1408 1507 1492 1541 Urbe
1514 1509 1598 1551 apud
1616 1520 1675 1542 nos
1697 1515 1728 1541 ot
1744 1509 1798 1543 Se-

1061 1559 1134 1591 dem
1151 1559 1370 1603 Apostolieam
1389 1565 1566 1603 protector,
1585 1563 1683 1605 qnod,
1704 1562 1798 1595 lieet²

1061 1612 1178 1645 thidum
1212 1613 1402 1656 (postquam
1433 1614 1535 1647 felicis
1559 1615 1796 1648 reeordationis

1061 1665 1133 1697 Pius
1157 1664 1242 1708 Papa
1267 1665 1302 1698 IV
1332 1666 1568 1709 praedecessor
1599 1672 1709 1700 noster
1740 1679 1798 1711 per

1061 1718 1215 1760 quasdam
1250 1729 1321 1751 suas
1352 1719 1384 1751 in
1415 1719 1510 1752 simili
1548 1721 1649 1753 Forma
1674 1721 1793 1762 Brevis,

1061 1771 1111 1803 die
1130 1782 1205 1804 xxiii
1221 1771 1357 1804 ianuarii
1375 1778 1460 1806 MDLX
1478 1774 1644 1816 expeditas
1661 1773 1796 1814 litteras,

1061 1823 1193 1861 indulta,
1222 1824 1389 1867 privilegia
1415 1830 1446 1858 et
1470 1826 1598 1868 gratias,
1622 1838 1639 1858 a
1663 1826 1796 1859 diversis

1061 1876 1214 1909 Romanis
1250 1877 1479 1917 Pontificibus,
1513 1879 1577 1910 suis
1612 1879 1794 1922 nostrisque

1060 1929 1375 1971 praedecessoribus,
1387 1931 1498 1963 domui
1516 1941 1570 1963 seu
1588 1932 1741 1975 hospitali
1760 1943 1796 1964 ac,

1061 1983 1410 2016 arcliiconsraternitati
1436 1989 1467 2016 et
1491 1985 1687 2018 monasterio
1705 1996 1797 2028 prae-

1061 2035 1152 2067 dictis
1169 2046 1334 2075 concessa,
1350 2037 1528 2080 apostolica
1542 2037 1729 2070 auctoritate
1743 2049 1797 2082 ap-

1061 2088 1252 2130 probaverat
1281 2094 1312 2121 et
1336 2089 1601 2133 confirmaverat)
1629 2101 1796 2124 emanave-

1061 2141 1124 2173 rint
1149 2142 1186 2173 ah
1216 2142 1331 2175 eodem
1356 2142 1411 2175 Pio
1437 2143 1688 2186 praedecessore
1714 2144 1795 2177 aliae

1061 2194 1180 2237 pariter
1204 2195 1237 2227 in
1262 2196 1363 2228 forma
1389 2196 1496 2228 Brevis
1520 2197 1647 2229 litterae
1673 2197 1794 2230 tenoris

1062 2248 1113 2290 qui
1140 2248 1296 2291 sequitur,
1314 2248 1483 2281 videlicet:

1110 2313 1123 2329 α
1139 2300 1221 2333 Pius
1245 2301 1341 2344 Papa
1364 2301 1432 2343 IV,
1457 2301 1498 2334 ad
1529 2307 1716 2345 perpetuam
1747 2303 1796 2336 rei

1060 2354 1257 2385 memoriam.
1290 2353 1376 2393 Cum,
1403 2354 1487 2386 inter
1508 2360 1631 2387 ceteras
1658 2355 1792 2388 Romam

1061 2404 1233 2444 Pontifieis,
1256 2405 1309 2448 qui
1335 2404 1450 2438 Christi
1475 2405 1560 2439 vices
1585 2407 1666 2449 gerit
1684 2407 1714 2439 iu
1734 2412 1795 2439 ter-

1060 2458 1112 2498 ris,
1128 2458 1372 2497 sollicitudines,
1394 2458 1450 2492 illa
1474 2459 1676 2502 potissimum
1692 2460 1794 2503 ipsius

1095 2540 1106 2564 1
1129 2537 1222 2564 Potius
1235 2537 1294 2572 lege
1309 2538 1470 2572 satayimus
1487 2539 1525 2572 (R.
1540 2539 1589 2573 ⁹12).

1093 2581 1108 2607 2
1124 2581 1255 2616 Apodosis
1271 2581 1349 2607 liuius
1369 2582 1487 2616 syntaxis
1507 2582 1629 2617 sequitur
1648 2585 1740 2618 postea
1760 2582 1792 2609 ad

1058 2626 1071 2661 ἓ
1090 2627 1107 2653 4
1124 2627 1336 2660 Nihilominus,
1358 2635 1418 2662 pag.
1441 2627 1486 2653 141
1510 2627 1525 2653 b
1545 2628 1584 2662 (n.
1601 2627 1650 2663 T.).

1814 244 1850 269 Au
1879 244 1905 269 Γ..
1933 244 1998 272 1ιϋ3

1843 411 1980 432 Prooemium.

1840 1147 1956 1174 Expositum

1867 2309 1993 2331 Constituti«)

1786 2356 1792 2361 ,
1809 2336 1840 2357 Pu
1856 2336 1889 2357 iv.
