2247 3208
227 222 276 248 An.
292 221 317 248 c,
344 221 409 247 1061
456 212 497 244 76

248 2271 345 2301 Concedit
359 2271 410 2291 Pon-

229 2301 277 2318 mex
300 2302 322 2319 ut
340 2305 360 2319 iu
379 2304 411 2318 ru-

229 2326 297 2346 brica.

422 268 493 300 utili
521 273 551 299 et
574 265 759 299 necessaria
783 275 819 296 ac
842 274 907 295 non
926 263 1032 295 minus
1052 267 1154 294 status

422 318 635 352 ecclesiastici
657 327 750 360 quam
770 316 927 349 laicorum
946 314 1153 347 commodum

422 375 640 403 cont-eruente
656 369 715 411 agi,
732 374 764 401 et
788 368 897 406 laicos,
914 367 966 410 qui
992 365 1024 397 in
1050 366 1155 398 eccle—

421 424 625 456 siasticorum
645 421 775 454 familiis
797 425 882 459 sunt,
902 419 1017 451 iisdem
1037 418 1152 461 quibus

421 475 633 509 ecclesiastici
660 470 918 517 exemptionibus
940 482 975 504 ac
1000 471 1154 503 immuni-

420 529 539 561 tatibus
565 528 627 560 srui
653 528 785 565 solere,
817 526 1004 567 dictumque
1034 528 1151 556 statum

420 581 677 613 ecclesiasticum
709 579 847 622 proinde
881 575 1152 610 considerabilius

420 634 530 666 forsan
549 632 692 665 universi
715 630 864 674 corporis
883 629 1065 661 membrum
1088 629 1154 660 exi-

420 687 521 729 stere)
548 685 765 717 mediantibus
791 682 945 726 praefatis
972 681 1153 724 impositio-

420 741 515 772 nibus
549 748 653 781 usque
686 737 725 769 ad
758 746 917 768 summam
943 734 1056 777 viginti
1082 734 1153 766 mil-

421 792 497 824 lium
513 796 679 823 scutorum
695 789 832 832 parium,
848 798 969 830 easque
984 787 1152 831 pecunias,

421 855 503 887 quae
535 854 594 886 pro
626 843 751 883 integra
783 851 928 873 summae
965 839 1151 872 huiusmodi

420 897 641 940 praestatione
663 894 868 927 necessariae
889 893 1015 932 suerint,
1035 897 1152 935 sponte

421 950 627 982 contribuere
654 948 831 985 intendant,
850 946 875 978 si
899 951 1012 978 nostra
1037 950 1069 977 et
1094 945 1153 976 hu-

422 1004 470 1036 ius
496 1003 630 1035 Sanctae
656 1002 747 1034 Sedis
767 1000 826 1032 sibi
849 1010 949 1042 super
966 1000 1029 1032 1100
1053 998 1154 1031 110011-

422 1057 464 1089 tia
500 1055 695 1097 suffragetur
731 1060 762 1086 et
798 1054 956 1092 facultas,
984 1054 1021 1084 ea
1046 1057 1153 1084 tamen

421 1111 492 1152 lege
526 1115 560 1141 ut
592 1108 739 1140 eiusdem
773 1117 917 1139 summac
952 1105 1075 1138 exactio
1100 1104 1153 1136 fiat

421 1173 481 1206 per
513 1162 783 1194 subcollcctorem
821 1158 1078 1191 ecclesiasticum
1115 1157 1154 1188 ab

422 1215 572 1247 omnibus
606 1213 843 1256 exponentibus
874 1210 1048 1254 praedictis
1078 1219 1155 1241 con-

422 1267 554 1299 iunctim
593 1266 838 1309 deputamliuu,
878 1265 932 1307 qui
970 1264 1154 1295 facultatem

422 1321 542 1353 babeat
567 1320 714 1361 exigendi
750 1318 788 1350 ab
820 1318 944 1349 eisdem
971 1315 1154 1355 annuatim,

423 1379 478 1405 aut
503 1373 564 1405 alia
590 1373 691 1405 forma
717 1382 812 1414 quam
838 1379 1021 1412 congruere
1048 1368 1156 1401 existi-

424 1426 583 1459 maverint
612 1436 684 1457 011111
716 1423 943 1456 ecclesiasticis
973 1423 1012 1455 ad
1038 1422 1155 1454 dictam

425 1479 697 1511 contrilmtionem
725 1477 896 1518 obligatis,
926 1476 1025 1518 idque
1051 1485 1155 1518 usque

425 1533 463 1564 ad
478 1533 636 1573 integram
650 1530 900 1563 satisfactionem
913 1529 1059 1561 eiusdem
1071 1539 1157 1561 sum-

425 1596 516 1624 mae,
549 1595 630 1627 quae
668 1584 699 1616 111
732 1582 992 1625 redemptionem
1019 1582 1155 1614 civitatis

424 1638 587 1670 Pactensis
619 1648 654 1669 ac
680 1636 793 1668 casalis
828 1636 866 1668 de
900 1635 1093 1668 Surrentino
1125 1640 1156 1667 et

425 1690 581 1721 territorii
607 1690 845 1732 praefatorum,
872 1694 903 1720 et
927 1699 992 1720 non
1017 1688 1049 1720 in
1075 1687 1154 1720 alios

424 1753 500 1774 usus
519 1742 662 1774 converti
681 1742 809 1782 debeat,
829 1752 888 1773 1100
908 1747 980 1773 ante
999 1742 1154 1780 solvatur,

425 1806 521 1838 quum
540 1800 725 1827 contractus
751 1794 946 1827 venditionis
968 1794 1103 1826 civitatis
1125 1799 1157 1826 et

424 1848 539 1880 casalis
567 1848 604 1880 de
630 1848 822 1880 Surrentino
854 1853 886 1880 et
913 1847 1069 1879 territorii
1096 1848 1156 1879 hu—

425 1901 587 1940 iusmodi,
612 1901 697 1932 inter
722 1905 936 1932 uzemoratum
967 1900 1155 1943 Philippum

424 1964 536 1995 regem
563 1958 594 1985 et
618 1953 736 1985 dictum
763 1953 935 1985 Ascanium
961 1953 1094 1993 ducem,
1121 1958 1157 1985 ut

424 2006 618 2048 praeseruu·,
645 2006 753 2045 initus,
780 2006 912 2038 om'nino
938 2006 1098 2038 rescissus
1124 2011 1157 2038 et

426 2058 600 2089 dissolutus
620 2058 732 2089 suerit:
751 2056 843 2090 uobis
862 2064 1039 2101 propterea
1056 2058 1154 2091 iidem

427 2116 627 2153 exponentes
660 2111 825 2143 humiliter
861 2110 1038 2154 supplicari
1072 2111 1156 2143 sece-

426 2168 502 2194 ruut
533 2168 568 2193 ut
592 2163 651 2194 sibi
684 2164 715 2195 111
748 2163 936 2206 praemissis
969 2168 1154 2206 opportune

426 2216 599 2258 providere
626 2221 655 2247 01
681 2220 716 2247 111
739 2216 819 2247 intra
844 2216 1014 2259 indulgere
1040 2218 1078 2250 de
1100 2217 1156 2250 be-

427 2268 582 2310 nignitate
620 2269 798 2310 apostolica
834 2268 1052 2311 dignaremur.
1091 2270 1155 2303 Nos

427 2321 536 2363 igitur,
557 2320 645 2363 ipsos
672 2325 869 2363 nssfxponentes
892 2322 1086 2364 specialibus
1112 2324 1156 2356 sa—

427 2372 559 2405 voribus
582 2378 613 2405 et
633 2373 743 2415 gratiis
768 2374 924 2416 prosequi
950 2376 1106 2415 volentes,
1126 2381 1158 2408 et

429 2437 540 2459 eorum
567 2425 748 2467 singulares
775 2437 931 2468 personas
950 2438 967 2459 a
989 2429 1155 2470 quibusvis

429 2478 781 2517 excommunicationis,
804 2480 1028 2521 suspensionis
1055 2486 1086 2513 et
1109 2481 1157 2513 in-

428 2531 566 2571 terdicti,
581 2531 717 2573 aliisque
733 2530 959 2562 ecelesiasticis
975 2533 1155 2572 sententiis,

428 2584 576 2617 censuris
596 2589 626 2616 et
641 2582 873 2626 poenis,aiure
891 2585 941 2616 vel
956 2584 994 2616 ab
1013 2585 1156 2626 homine,

1000 216 1054 239 nm
1064 215 1180 239 LARIUM
1204 214 1356 239 ROMANUM

1191 261 1301 304 quavis
1320 260 1491 293 occasione
1516 260 1566 294 vel
1587 262 1683 293 causa
1701 258 1784 299 latis,
1804 258 1829 292 si
1851 258 1922 302 qui-

1187 314 1247 345 bus
1274 312 1522 356 quomodolibet
1554 313 1728 346 innodatae
1757 312 1919 352 existunt,

1187 366 1227 398 ad
1249 365 1400 398 effectum
1418 366 1642 408 praesentium
1663 366 1829 399 dumtaxat
1846 374 1922 396 con-

1187 418 1401 461 sequendum,
1421 418 1538 450 harum
1556 418 1641 451 serie
1662 418 1869 451 absolventes
1891 421 1922 450 ct

1186 471 1353 504 absolutas
1391 471 1459 503 sore
1501 475 1695 510 censentes,
1732 470 1921 503 huiusmodi

1187 523 1481 568 supplicationibus
1508 524 1676 564 inclinati,
1713 534 1749 556 ac
1773 523 1923 557 conside-

1186 582 1297 609 rantes
1320 577 1406 620 quod
1430 576 1605 620 episcopus
1624 581 1655 608 et
1671 576 1779 608 clerus
1793 576 1923 619 praedi-

1187 629 1226 661 cti
1254 640 1314 672 pro
1342 629 1569 673 redemptione
1592 628 1782 661 huiusmodi
1800 633 1921 661 tantam

1186 682 1414 715 necessitatem
1441 687 1474 714 et
1504 682 1678 714 utilitatem
1711 680 1922 724 adspexerint

1187 741 1222 767 ut
1241 735 1364 778 absque
1391 736 1457 768 ulla
1483 735 1649 768 exactione
1672 734 1711 767 ad
1730 734 1922 766 relevandas

1187 798 1380 820 comumnes
1398 788 1554 820 utilitates
1576 793 1608 820 et
1627 787 1850 827 necessitates,
1866 786 1924 819 lai-

1187 851 1299 873 corum
1328 841 1534 874 facultatibus
1568 851 1634 873 non
1661 839 1921 884 suppetentibus,

1187 893 1334 926 subsidia
1360 904 1419 936 per
1445 893 1684 927 ecclesiasticos
1718 893 1924 926 existimave-

1188 946 1254 978 rint
1278 947 1500 986 conserenda,
1530 946 1735 979 inhaerendo
1765 946 1923 979 constitu-

1188 999 1266 1032 tioni
1287 999 1432 1041 generali
1459 999 1587 1032 concilii
1608 999 1835 1032 Lateranensis
1862 999 1922 1031 sub

1188 1051 1289 1084 felicis
1315 1051 1554 1084 recordationis
1576 1052 1760 1085 Alexandro
1781 1052 1868 1095 Papa
1885 1052 1923 1084 III

1187 1106 1445 1148 praedecessore
1471 1110 1585 1139 nostro
1610 1105 1777 1146 celebrati,
1798 1104 1922 1138 eisdem

1188 1158 1438 1201 exponentibus,
1456 1164 1492 1191 ut
1516 1159 1577 1202 ipsi
1603 1169 1708 1202 usque
1734 1159 1773 1191 ad
1799 1169 1923 1191 memo-

1189 1215 1290 1243 ratam
1317 1222 1475 1244 summam
1507 1212 1620 1255 viginti
1654 1211 1789 1244 millium
1815 1217 1923 1244 scuto-

1189 1274 1259 1295 rum
1293 1264 1332 1296 ad
1364 1263 1513 1297 effectum
1549 1265 1750 1308 praefatum,
1785 1263 1922 1297 servatis

1190 1322 1297 1349 tamen
1322 1318 1419 1350 modo
1438 1323 1470 1349 et
1490 1318 1594 1350 forma
1622 1329 1658 1350 ac
1682 1317 1922 1351 conditionibus

1189 1375 1221 1401 et
1245 1369 1507 1403 ordinationibus
1533 1381 1633 1414 supra
1657 1370 1831 1413 expressis,
1848 1380 1924 1402 con-

1190 1422 1332 1455 tribuere
1359 1423 1462 1456 libere
1489 1429 1520 1456 et
1549 1423 1636 1456 licite
1662 1423 1790 1466 possint
1815 1428 1847 1456 et
1870 1434 1924 1456 va-

1190 1477 1285 1515 leant,
1313 1476 1479 1509 licentiam
1505 1481 1536 1509 ct
1561 1477 1757 1517 facultatem,
1784 1477 1924 1509 auctori-

1190 1534 1253 1561 tate
1289 1529 1491 1572 apostolica,
1527 1534 1639 1562 tenore
1673 1529 1921 1573 praesentium,

1189 1582 1399 1615 concedimus
1425 1587 1457 1615 et
1481 1582 1701 1626 impertimur.

1233 1635 1247 1678 ξ
1271 1635 1302 1669 3.
1329 1635 1399 1668 Non
1424 1636 1631 1669 obstantibus
1657 1636 1866 1679 apostolicis,
1889 1647 1925 1669 ac

1189 1689 1221 1721 in
1255 1688 1494 1721 universalibus
1531 1688 1856 1732 provincialibusque
1894 1694 1926 1721 et

1190 1742 1400 1786 synodalibus
1422 1742 1569 1775 conciliis
1588 1742 1693 1782 editis,
1713 1742 1924 1785 generalibus

1190 1796 1239 1827 vel
1254 1795 1462 1838 specialibus,
1481 1795 1774 1828 constitutionibus
1789 1800 1822 1828 et
1838 1796 1926 1828 ordi-

1190 1849 1387 1888 nationibus,
1402 1859 1532 1881 necnon
1542 1848 1708 1892 praefatae
1724 1848 1925 1881 cathedralis

1190 1901 1364 1940 Pac-tensis,
1391 1901 1596 1944 aliarumque
1622 1901 1859 1942 ecclesiarum,
1893 1905 1926 1934 et

1190 1953 1260 1985 aliis
1283 1953 1494 1996 quibuslibet,
1514 1954 1610 1986 etiam
1631 1954 1829 1994 iuramento,
1849 1964 1926 1987 con-

1190 2006 1372 2039 firmatione
1399 2007 1592 2049 apostolica,
1612 2008 1662 2039 vel
1688 2007 1800 2050 quavis
1825 2006 1926 2039 firmi-

1190 2065 1253 2091 tate
1280 2059 1342 2091 alia
1362 2060 1525 2091 roboratis
1542 2086 1549 2099 ‚
1573 2060 1702 2092 statutis
1729 2064 1762 2092 et
1786 2070 1925 2092 eonsue-

1190 2112 1380 2152 tudinibus,
1404 2112 1583 2155 privilegiis
1611 2123 1761 2156 quoque,
1788 2112 1924 2146 indultis

1190 2169 1222 2197 et
1254 2164 1372 2197 litteris
1417 2165 1606 2207 apostolicis
1651 2165 1684 2197 in
1722 2166 1924 2198 contrarium

1190 2218 1447 2261 praemissorum
1474 2219 1723 2261 quomodolibet
1744 2219 1923 2261 concessis,

1190 2270 1389 2304 confirmatis
1415 2276 1447 2303 et
1466 2271 1648 2311 innovatis3
1676 2271 1795 2315 quibus
1821 2272 1925 2306 omni-

1189 2325 1250 2356 bus
1277 2329 1309 2356 et
1334 2324 1480 2367 singulis,
1503 2325 1635 2357 illorum
1666 2329 1797 2358 tenores
1829 2336 1925 2369 prae-

1190 2377 1340 2409 sentibus
1368 2388 1428 2420 pro
1456 2378 1553 2420 plcne
1581 2383 1613 2410 ct
1644 2377 1846 2411 sufficienter
1871 2389 1924 2411 ex-

1191 2431 1314 2473 pressis
1333 2442 1369 2463 110
1394 2431 1432 2463 de
1459 2432 1558 2463 verbo
1577 2431 1616 2464 ad
1637 2432 1773 2464 verbum
1790 2431 1923 2464 insertis

1192 2483 1364 2523 habentes,
1383 2483 1447 2515 illis
1469 2484 1547 2516 alias
1568 2483 1601 2516 in
1626 2494 1686 2516 suo
1703 2484 1823 2517 robore
1848 2494 1925 2527 per-

1192 2536 1352 2568 mansuris
1370 2563 1377 2576 ,
1405 2536 1443 2568 ad
1468 2537 1726 2579 praemissorum
1752 2536 1923 2580 effectum,

1192 2588 1251 2619 hac
1276 2588 1344 2620 vice
1374 2589 1562 2631 dumtaxat,
1595 2589 1783 2633 specialiter
1813 2594 1846 2624 et
1870 2600 1925 2624 ex-

2242 247 2243 250 „
2240 187 2244 233 „„.-⁴
2234 0 2243 180 ῌμμμ--Λι

1944 211 1992 237 An.
2005 208 2034 236 C.
2058 208 2123 235 1062

1942 1645 2051 1666 Contraria
2063 1645 2124 1667 101111..
