2247 3208
190 207 240 232 Αη.
262 206 290 232 c.
311 205 380 232 1665
425 196 489 229 380

207 529 325 550 Exordium.

202 999 317 1024 Expositm,

198 1627 290 1653 Indulget
303 1628 354 1648 Pon.

172 1654 221 1673 usvx
238 1657 259 1674 ut
280 1655 299 1674 in
322 1661 354 1675 ru-

172 1679 238 1700 lurica.

418 252 550 296 fruendi
572 250 757 294 privileqiis
783 248 1032 282 Carmeli'larum
1050 247 1111 280 Ex-

418 306 632 338 calcealarum
657 302 816 335 Franciae
841 305 869 333 et
895 299 1109 334 Germaniae&

565 390 728 417 Alexander
748 390 824 422 Papa
844 389 893 415 VI!
907 409 914 420 ,

494 437 529 462 ad
550 438 726 468 perpetuam
745 435 789 461 rei
810 433 988 460 memoriam.

417 515 459 547 Ex
485 514 619 546 iniuncti
646 513 739 546 nobis
766 513 916 545 divinitus
938 511 1108 555 pastoralis

376 568 471 600 ostii-ii
499 567 620 606 debito,
646 566 728 599 felici
755 576 921 598 sacrarum
946 565 1107 607 virginum

373 621 617 653 etdevotarum
642 620 831 660 mulierum,
858 629 960 662 quae,
988 618 1106 650 oblitae

371 674 526 716 populum
563 683 655 704 suum
686 677 717 703 et
748 672 878 704 domum
907 671 1007 713 patris
1032 670 1104 709 sui,

372 725 485 757 divinis
503 724 667 767 obsequiis
686 729 717 756 et
733 723 944 765 beneplacitis
959 733 1029 755 sese
1047 722 1106 754 sub
1127 743 1128 748 ,

1126 786 1128 791 ,
1148 772 1386 804 Met-tiliniensis
1422 777 1453 805 et
1489 773 1634 815 episcopi
1667 774 1883 816 Antuerpien-

371 778 459 810 suavi
480 777 645 819 religionis
671 777 744 818 iugo
775 776 985 815 devoverunt,
1012 775 1106 807 statui

371 836 398 862 et
419 830 613 873 progressui,
630 834 785 872 quantum
802 839 873 860 cum
887 828 1021 860 Domino
1034 838 1107 871 pos-

371 893 491 922 sumus,
508 882 644 915 libenter
661 881 874 923 providemus,
890 891 1007 922 easque
1026 880 1105 912 favo·

371 936 460 968 ribus
479 941 506 968 et
528 935 638 977 gratiis
656 934 883 977 proseq'iimur
899 933 1101 975 opportunis.

414 988 428 1029 g
452 988 482 1019 ¹1.
510 987 632 1029 Exponi
647 986 805 1028 siquidem
820 984 912 1017 nobis
936 995 1040 1027 nuper
1060 984 1104 1016 fe-

370 1045 481 1073 cerunt
496 1040 628 1072 dilectae
650 1040 681 1070 in
702 1038 827 1071 Christo
843 1037 926 1069 filiae
946 1037 1103 1070 moniales

369 1092 497 1124 Ordinis
522 1091 635 1124 Beatae
654 1091 767 1122 Mariae
786 1090 824 1122 de
842 1089 944 1122 Monte
961 1089 1103 1122 Carmelo

368 1144 583 1176 Discalccatae
608 1147 822 1185 nuncupatae,
847 1142 905 1174 sub
930 1144 1020 1182 curti,
1046 1152 1104 1184 gu-

367 1197 480 1229 bernio
507 1202 537 1229 et
560 1195 781 1228 iurisdictione
816 1195 1044 1238 episcoporum
1070 1194 1100 1226 in

368 1249 478 1291 Belgio
496 1249 680 1286 existentes,
697 1248 781 1290 quod
799 1247 887 1290 ipsae
908 1247 1102 1289 primitivam

367 1303 512 1343 regulam
537 1302 682 1333 eiusdem
706 1300 833 1332 Ordinis
851 1305 883 1332 et
899 1300 1102 1332 constitutio-

367 1365 424 1387 nes
449 1366 465 1386 a
491 1354 602 1397 primis
628 1353 873 1385 institutricibus
890 1363 926 1385 ex
948 1352 1101 1394 Hispania

367 1413 398 1439 et
422 1407 523 1440 Gallia
548 1407 580 1439 in
607 1406 751 1448 Belgium
776 1405 893 1437 vocatis
925 1405 987 1437 sibi
1012 1405 1102 1437 exhi-

367 1461 451 1492 bitas
477 1465 508 1492 ct
532 1459 652 1502 optima
684 1459 745 1491 side
771 1469 786 1490 a
811 1469 844 1491 se
871 1463 1018 1500 acceptas
1044 1458 1102 1490 ha-

367 1518 478 1544 ctenus
503 1513 561 1544 sub
588 1511 697 1544 stricta
722 1512 869 1543 clausura
893 1511 1034 1542 viventes
1052 1520 1102 1542 re-

366 1564 482 1606 ligiose.
504 1564 726 1596 observarunt.

411 1618 425 1659 g
450 1616 480 1648 02.
509 1616 586 1649 Cum
611 1621 738 1653 autem,
763 1615 843 1647 sicut
868 1615 977 1647 eadem
1003 1625 1101 1657 expo-

365 1670 439 1702 sitio
464 1669 689 1711 subiungebat,
711 1669 872 1711 praefatae
891 1673 1099 1710 exponentes,

364 1729 398 1756 ut
431 1723 583 1765 deinceps
619 1721 774 1765 pacatiori
811 1727 842 1753 et
874 1720 1098 1753 abundantiori

365 1776 479 1819 spiritu
504 1775 537 1806 in
562 1777 673 1807 sancta
707 1774 880 1816 religione,
907 1784 1001 1816 quain
1026 1784 1100 1816 pro-

364 1828 467 1860 fessae
494 1832 579 1866 sunt,
606 1827 733 1859 caelesti
759 1836 870 1858 earum
888 1836 1007 1868 sponso
1029 1826 1099 1858 lesu

363 1882 490 1914 Christo
517 1881 647 1914 domino
669 1886 779 1913 nostro
804 1880 922 1912 servire
947 1881 1098 1919 valeant,

364 1940 546 1976 opportune
579 1934 638 1965 sibi
673 1933 706 1965 in
737 1932 923 1976 praemissis
959 1943 975 1964 a
1005 1932 1099 1964 nobis

364 1988 525 2030 provideri
551 1992 581 2019 et
604 1993 639 2019 ut
662 1987 744 2019 infra
769 1986 930 2029 indulgeri
960 1996 1100 2018 summo-

364 2051 441 2083 pere
460 2041 659 2073 desiderent:
676 2051 745 2080 nos,
763 2039 936 2082 specialem
954 2039 1032 2082 ipsis
1051 2050 1099 2071 ex-

363 2094 559 2136 ponentibus
584 2093 718 2135 gratiam
749 2093 852 2125 faeere
878 2094 1041 2133 volentes,
1068 2098 1100 2125 et

363 2156 473 2177 earum
498 2146 678 2187 singulares
710 2155 864 2187 personas
889 2156 906 2176 a
931 2145 1098 2188 quibusvis

363 2199 721 2236 excommunicationis‚
748 2198 969 2241 susptmsionis
995 2204 1026 2230 et
1050 2198 1098 2230 in-

363 2251 500 2289 terdicti,
519 2251 653 2293 aliisque
673 2252 903 2283 ecclesiasticis
919 2251 1096 2290 sententiis,

363 2303 507 2334 censuris
533 2308 563 2335 et
582 2303 687 2346 peni-t,
708 2314 724 2335 a
746 2304 813 2335 iure
832 2305 880 2336 vel
897 2304 936 2335 ab
955 2304 1096 2343 homine,

363 2355 472 2397 quavis
497 2356 664 2387 occasione
690 2357 738 2388 vel
764 2359 859 2387 causa
884 2356 964 2395 latis,
991 2356 1016 2387 si
1035 2356 1098 2398 qui-

362 2408 421 2439 bus
443 2409 682 2450 (ptomotilolilwt
703 2409 873 2441 innodatae
892 2409 1039 2447 existunt,
1058 2408 1097 2440 ad

365 2460 511 2493 ell'eetum
548 2461 762 2503 praesentiunt
795 2462 957 2493 dumtaxat
985 2471 1098 2500 ,conse-

363 2513 548 2556 quendum,
575 2512 689 2545 harum
723 2513 805 2545 serie
840 2513 1041 2546 absolventes
1066 2519 1098 2545 et

399 2574 410 2601 1
433 2573 470 2601 Ex
491 2574 597 2609 Regest.
619 2574 644 2600 in
666 2573 764 2601 secret.
788 2573 862 2600 ssrev.

960 201 1138 224 BULLARIUM
1162 201 1312 224 ROMANUM

1153 248 1313 280 absolutas
1339 247 1405 279 sore
1430 252 1613 287 censentes,
1640 245 1884 290 supplicationi-

1152 300 1211 332 bus
1230 299 1356 332 earum'
1376 300 1506 332 nomine
1524 300 1730 343 nobis-super
1748 300 1809 332 hoc
1825 299 1885 331 hu-

1153 352 1272 384 militer
1296 352 1452 394 porrectis
1476 352 1640 393 inclinati,
1667 353 1752 395 quod
1776 351 1885 384 omnia

1151 410 1182 437 et
1206 405 1332 447 singula
1366 405 1565 437 monasteria
1598 405 1787 437 monialium
1811 404 1885 438 Car-

1151 457 1332 489 melitarum
1347 457 1627 497 Disealeeatarum,
1647 462 1709 489 tam
1727 457 1882 490 haetenus

1149 510 1182 542 in
1195 509 1320 542 civitate
1335 510 1560 553 Antuerpiensi
1574 521 1610 543 ac
1624 509 1773 553 oppidis⁹
1785 511 1883 543 Lova-

1150 562 1265 601 nicusi,
1283 563 1415 606 Lyrano,
1431 564 1600 596 Alorstano
1620 563 1883 604 etVilvordiensi,

1149 615 1362 648 Meclinieusis
1380 620 1410 648 et
1425 615 1670 658 Autuerpiensis
1683 615 1880 657 dioecesum,

1149 672 1273 706 erecta,
1301 678 1382 710 quae
1410 667 1625 700 iurisdictioni
1652 673 1683 700 et
1707 667 1883 711 superiori-

1151 720 1204 752 tati
1230 720 1465 764 venerabilium
1491 721 1625 752 fratrum
1646 720 1883 763 archiepiscopi

1148 825 1190 857 sis
1217 825 1394 867 respective
1423 826 1575 865 subsunt,
1604 837 1699 868 quam
1729 826 1881 869 deinceps

1147 878 1311 920 perpetuis
1342 879 1454 911 suturis
1485 879 1686 922 temporibus
1712 879 1744 911 in
1769 879 1881 921 Belgio

1147 931 1206 962 sub
1231 933 1326 969 cura,
1354 931 1513 973 gubernio
1539 937 1569 964 et
1603 931 1825 964 iurisdictione
1851 936 1882 964 et

1147 982 1375 1025 superioritate
1395 982 1637 1016 Ordinariorum
1660 985 1806 1016 locorum
1831 995 1883 1017 ca-

1146 1035 1261 1067 nonice
1272 1035 1436 1077 erigenda,
1446 1046 1621 1078 eorumque
1636 1036 1880 1079 superiorissae,

1146 1098 1182 1119 ac
1212 1087 1371 1120 moniales
1405 1093 1436 1120 ct
1460 1098 1620 1131 personae
1646 1098 1878 1131 quaecumque,

1146 1140 1295 1173 omnibus
1321 1145 1353 1173 et
1377 1140 1511 1183 singulis
1534 1140 1722 1184 privilegiis,
1750 1141 1881 1173 faculta-

1147 1192 1241 1232 tibus,
1262 1192 1476 1232 libertatibus,
1496 1188 1758 1233 immunitatibus,
1778 1203 1881 1225 exem-

1145 1245 1311 1288 ptionibus
1338 1246 1417 1287 (non
1443 1251 1550 1278 tamen
1570 1257 1586 1278 3
1603 1245 1827 1278 iurisdictione
1849 1249 1882 1278 et

1145 1298 1368 1340 superioritate
1379 1298 1621 1331 Ordinariorum
1635 1299 1779 1331 locorum
1794 1309 1880 1342 prae-

1144 1351 1306 1393 fatorum),
1330 1350 1571 1393 praerogativis,
1598 1350 1876 1394 praeeminemus,

1143 1403 1367 1446 indulgentiis,
1385 1403 1530 1441 indultis,
1549 1404 1723 1443 favoribus,
1742 1403 1878 1446 aliisque

1144 1456 1253 1498 gratiis
1278 1456 1447 1496 universis,
1467 1462 1528 1488 tam
1546 1456 1765 1499 spiritualibus
1783 1466 1878 1498 quam

1143 1509 1385 1551 temporalibus,
1412 1508 1525 1551 quibus
1543 1509 1740 1541 monasteria
1757 1507 1879 1540 monia-

1142 1562 1219 1594 lium
1244 1561 1531 1594 Carmelitanarum
1563 1561 1821 1594 Excalceatarum
1845 1560 1878 1593 in

1141 1625 1243 1657 regno
1265 1615 1428 1654 Franciae,
1447 1625 1482 1646 ac
1503 1614 1666 1653 Coloniae,
1685 1613 1876 1653 Monasterii,

1141 1667 1311 1710 Neoburgi,
1331 1667 1527 1710 Aquisgrani
1552 1672 1583 1699 et
1607 1666 1682 1699 alibi
1703 1667 1735 1698 in
1754 1665 1870 1699 Germa

1141 1721 1194 1753 nia
1218 1721 1396 1760 existentia,
1412 1721 1450 1752 de
1475 1720 1557 1759 iure,
1580 1730 1640 1752 usu
1658 1724 1689 1751 et
1710 1723 1880 1752 eonsuetu-

1142 1774 1226 1812 dine,
1253 1784 1307 1805 seu
1332 1784 1369 1806 ex
1395 1773 1506 1816 quavis
1523 1772 1733 1805 concessione
1754 1776 1880 1814 aposto-

1142 1826 1221 1865 lica,
1249 1831 1301 1858 aut
1334 1826 1411 1858 alliis
1446 1825 1689 1869 quomodolibet
1723 1829 1878 1864 utuntur,

1142 1880 1299 1918 fruuntur,
1327 1879 1494 1921 potiuntur
1520 1884 1551 1911 et
1575 1878 1727 1920 gaudent,
1754 1887 1790 1910 ae
1813 1877 1876 1917 uti,

1142 1932 1210 1971 srui,
1238 1931 1333 1974 potiri
1360 1938 1387 1964 et
1414 1932 1553 1973 gaudere
1578 1935 1714 1973 possunt
1738 1935 1770 1962 et
1793 1934 1878 1973 pote-

1142 1990 1216 2016 runt
1240 1984 1350 2026 quovis
1375 1984 1470 2016 modo
1494 1984 1528 2015 in
1553 1983 1705 2022 futurum,
1730 1992 1794 2015 non
1826 1991 1878 2014 so-

1141 2038 1206 2070 lum
1231 2037 1269 2069 ad
1295 2047 1405 2069 eorum
1431 2036 1544 2075 instar,
1571 2036 1627 2068 sed
1653 2035 1749 2067 etiam
1773 2044 1876 2076 aeque
1893 2053 1903 2062 -

1118 2073 1372 2132 iprineipaliter,
1392 2099 1427 2120 ac
1448 2087 1674 2131 parisormiter,
1701 2092 1732 2119 et
1756 2086 1876 2128 absque

1140 2142 1205 2174 ulla
1229 2151 1362 2184 prorsus
1391 2139 1581 2179 differentia,
1603 2139 1660 2179 uti,
1680 2139 1752 2179 frui,
1778 2137 1876 2181 potiri

1141 2198 1172 2226 et
1197 2194 1360 2236 gaudere,
1386 2193 1489 2226 libere
1515 2197 1547 2225 et
1570 2192 1656 2225 licite
1686 2191 1810 2235 possint
1844 2195 1876 2222 et

1139 2247 1286 2286 valeant,
1312 2246 1499 2278 auctoritate
1535 2245 1728 2288 apostoliea,
1762 2249 1876 2276 tenore

1140 2296 1370 2342 praesentium,
1388 2300 1601 2338 declaramus,
1625 2297 1735 2340 eisque
1761 2306 1877 2329 conee-

1140 2353 1244 2384 dimus
1270 2357 1301 2384 et.
1327 2352 1544 2393 indulgemus.

1184 2406 1198 2448 ξ
1215 2404 1243 2438 3.
1260 2405 1430 2437 Praeterea
1443 2404 1699 2447 supradictorum
1712 2406 1876 2435 monaste-

1177 2530 1187 2554 1
1210 2527 1259 2555 Ed.
1276 2527 1358 2554 Main.
1376 2527 1440 2561 legit
1455 2535 1554 2554 eorum
1569 2528 1608 2561 (a.
1625 2528 1674 2559 T.).

1175 2572 1191 2598 2
1210 2571 1280 2599 Edit.
1297 2572 1375 2599 Main.
1392 2571 1457 2607 legit.
1472 2571 1573 2606 oppidi
1586 2571 1627 2605 (n.
1642 2571 1690 2604 Τ.).

1895 195 1942 223 An.
1963 195 1994 223 G.
2012 193 2079 222 ¹665

1913 2406 2000 2432 Altaque
2009 2411 2072 2432 prae-

1887 2432 1948 2452 dictis
1974 2432 2070 2452 1110013Ιί-

1141 2457 1261 2490 riortun
1295 2457 1327 2489 in
1353 2457 1463 2499 Belgio
1489 2461 1669 2489 erectorum
1694 2459 1725 2487 et
1749 2453 1876 2497 erigen-
1887 2459 1926 2480 bus
1941 2458 2046 2487 concedit.
