2247 3208
212 220 261 245 An.
284 220 311 244 c.
338 219 400 245 1007
448 209 511 243 531.

230 1172 310 1191 Sarrae
334 1177 387 1192 con-

203 1204 221 1222 r>
229 1200 331 1222 panionia
351 1199 387 1219 du-

204 1231 220 1244 ιι
228 1228 290 1245 cmm,

232 2223 337 2249 Appi-nbat
360 2227 380 2244 at

197 2251 305 2270 Prissil'nlsll
328 2250 380 2271 l'wn-

197 2279 255 2296 tilnx.

405 266 648 308 congregationi
671 265 907 298 venerabilium
933 265 1065 297 fratrum
1085 275 1140 298 no-

404 325 541 352 strorum
566 319 597 351 S.
626 319 662 351 R.
690 318 724 351 E.
753 318 965 354 cardinalium
998 318 1137 361 negotiis

403 378 434 405 ct
458 371 754 404 consultationibus
780 370 1013 414 episcoporum
1039 376 1071 403 et
1088 381 1139 403 re-

402 424 560 467 gularium
599 423 808 466 praepositae
842 424 1014 466 exposito,
1053 423 1138 466 quod

401 482 535 519 propter
554 477 661 508 minus
679 481 800 508 rectam
822 476 1137 508 administrationem

401 531 613 573 quorumdam
634 530 883 573 provincialium
896 529 1137 572 provinciarum

401 583 477 616 dicti
502 583 629 616 Ordinis
654 584 817 616 interdum
835 583 977 616 notabile
998 593 1138 615 conven-

401 636 487 669 tibus
507 641 570 669 tam
587 637 620 669 in
638 637 860 679 spiritualibus
884 647 978 680 quam
1001 636 1032 668 in
1058 641 1138 668 tem-

401 690 568 732 poralibus
593 690 829 733 praeiudicium
856 690 1064 732 sequebatur,
1092 689 1139 732 ip-

401 752 501 785 seque
541 748 733 785 procurator
772 743 931 785 generalis
964 747 1137 785 propterea

399 795 551 837 cupiebat
575 795 729 827 committi
757 794 879 827 vicarid
892 795 1036 837 generali
1056 794 1136 826 eius-

400 848 473 881 dem
483 842 624 887 Ordinis,
634 853 678 886 ut,
688 858 747 890 per
761 848 913 890 seipsum,
923 849 970 880 vel
985 858 1044 890 per
1058 858 1135 880 suos

399 900 638 934 commissarios
661 906 693 933 et
708 900 906 940 visitatores,
923 911 1136 943 unumquem-

400 963 463 996 que
487 952 720 996 provincialem
756 953 788 984 in
825 953 887 985 sine
921 953 970 985 sui
1004 952 1135 985 triennii

398 1006 555 1045 visitaret,
583 1006 743 1038 emanavit
759 1006 799 1038 ab
821 1006 933 1038 eadem
959 1016 1136 1048 congrega-

399 1059 486 1091 tione
512 1059 677 1091 decretum
708 1058 832 1091 tenoris
869 1058 924 1102 qui
965 1059 1132 1101 sequitur,

397 1111 562 1144 videlicet:

442 1165 456 1207 ἓ
481 1164 512 1197 1.
538 1176 551 1195 <A
572 1164 668 1197 Sacra
687 1165 898 1207 congregatio
919 1164 1136 1197 eminentissi-

397 1228 523 1250 morum
544 1217 575 1250 S.
596 1217 633 1250 R.
653 1218 687 1250 E.
708 1217 919 1249 cardinalium
940 1217 1081 1260 negotiis
1103 1223 1135 1250 et

397 1270 688 1303 consultationibus
706 1271 933 1314 episcoporum
951 1276 983 1303 et
1006 1272 1135 1313 regula-

395 1323 479 1356 rium
505 1324 701 1366 praeposita,
722 1324 851 1355 attentis
876 1323 1025 1363 narratis,
1044 1329 1076 1355 et
1093 1334 1132 1356 ne

395 1382 573 1409 conventus
607 1376 736 1409 Ordinis
768 1377 949 1409 huiusmodi
982 1387 1018 1409 ex
1051 1378 1133 1409 mala

395 1429 678 1462 administratione
706 1440 762 1461 seu
779 1430 885 1463 minus
910 1435 1059 1462 accurato
1077 1441 1133 1472 gu-

393 1482 508 1514 bernio
526 1481 559 1514 in
580 1482 805 1525 spiritualibus
824 1487 877 1514 aut
898 1482 1131 1525 temporalibus

394 1535 626 1568 detrimentum
649 1535 824 1578 patiantur,
841 1536 964 1568 censuit
989 1536 1133 1568 commit-

394 1588 549 1627 tendum,
576 1593 673 1630 prout
702 1588 863 1631 praesenti
890 1589 1022 1621 decreto
1047 1599 1133 1621 com-

394 1640 502 1681 mittit,
521 1641 640 1673 vicario
662 1640 805 1683 generali
824 1651 911 1673 nunc
928 1646 959 1674 et
975 1652 1035 1684 pro
1057 1647 1133 1675 tem-

394 1703 474 1736 pore
508 1693 660 1726 existenti
694 1694 839 1726 eiusdem
871 1693 1015 1733 Ordinis,
1041 1694 1132 1727 utin

392 1751 562 1788 posterum
587 1746 730 1788 singulos
763 1746 978 1788 provinciales
1010 1747 1043 1779 in
1067 1746 1130 1779 fine

393 1798 525 1831 triennii
544 1807 658 1831 eorum
679 1799 773 1832 officii
795 1799 1055 1841 provincialatus,
1074 1810 1132 1842 per

392 1861 426 1883 se
452 1851 501 1883 vel
527 1861 586 1894 per
611 1862 685 1884 suos
712 1852 953 1884 commissarios
980 1858 1034 1884 aut
1057 1852 1132 1884 visi-

393 1908 528 1943 tatores,
547 1904 669 1943 visitet,
689 1905 887 1947 eosdemque
904 1905 1129 1947 provinciales⁷

392 1956 571 1999 quemlibet
596 1967 716 1995 eorum,
736 1968 813 1989 suae
839 1957 1130 1990 administrationis

392 2014 423 2041 et
441 2009 590 2050 gubernii
610 2010 770 2042 rationem
786 2010 923 2042 reddere
942 2011 1127 2053 compellat.

392 2060 567 2094 Contrariis
594 2063 854 2105 quilnis‹-mnqne
887 2073 950 2095 non
976 2063 1132 2095 obstanti-

391 2114 464 2146 bus.
494 2114 624 2153 Romae,
650 2126 659 2148 1
686 2115 795 2158 aprilis
820 2125 984 2148 ‚iinctxwr

597 2168 634 2200 Μ.
664 2168 838 2200 cardinalis
865 2168 1026 2202 ommi-us
1051 2182 1081 2201 ».

435 2220 450 2261 ἓ
476 2219 506 2251 ⁶2.
534 2219 610 2252 Cum
637 2226 751 2259 autem,
778 2220 860 2253 sicut
885 2221 991 2253 dictus
1017 2231 1130 2264 procn-

391 2278 479 2304 rator
496 2273 658 2314 generalis
677 2274 772 2306 nobis
790 2284 896 2316 nuper
914 2274 1032 2316 exponi
1044 2274 1128 2314 fecit,

391 2324 461 2366 ipse
487 2325 653 2357 decretum
679 2325 883 2365 huiusmodi,
910 2336 970 2368 pro
995 2326 1129 2359 firmiori

390 2376 476 2409 illius
504 2377 717 2417 subsistentia,
737 2379 935 2421 apostolicae
960 2378 1130 2411 confirma-

390 2429 487 2462 tionis
503 2435 631 2462 nostrae
647 2432 826 2473 patrocinio
841 2432 1030 2464 communiri
1049 2443 1130 2464 sum-

390 2492 523 2524 mopere
550 2483 726 2515 desideret:
753 2495 821 2522 nos,
849 2484 954 2526 ipsum
978 2495 1131 2527 procura-

391 2540 495 2567 torem
527 2537 710 2577 generalem
743 2537 938 2578 specialibus
968 2538 1129 2570 favoribus

391 2593 424 2620 et
448 2589 556 2631 gratiis
589 2589 741 2632 pioscqui
766 2590 929 2630 volentes,
960 2595 993 2623 et
1017 2601 1033 2622 a
1059 2591 1129 2634 qui-

990 218 1166 241 BL'LLARIUM
1192 217 1341 242 ROMAM'M

1182 265 1290 298 busvis
1325 267 1691 309 excommunicationis,
1726 268 1916 312 suspensio-

1182 318 1232 350 nis
1264 323 1296 351 et
1324 318 1515 359 interdicti,
1552 320 1687 363 aliisque
1718 322 1917 355 ecclesiasti-

1182 370 1226 402 cis
1264 364 1456 411 sententiis,
1488 373 1634 405 censuris
1667 379 1700 406 et
1738 375 1871 417 poenis,
1900 385 1917 407 a

1181 422 1252 454 iure
1277 424 1327 455 vel
1348 423 1387 455 ab
1413 424 1545 457 homine
1562 452 1569 463 ‚
1601 426 1712 468 quavis
1744 428 1916 460 occasione

1181 477 1231 508 vel
1256 478 1351 508 causa
1376 477 1460 516 latis,
1482 478 1506 509 si
1528 478 1645 521 quibus
1671 480 1918 521 quomodolibet

1181 529 1354 562 innodatus
1385 530 1503 571 existit,
1531 531 1569 563 ad
1594 530 1743 564 effectum
1763 542 1916 575 praesen-

1181 581 1259 614 tium
1272 583 1433 615 dumtaxat
1447 584 1723 626 consequendum,
1739 585 1854 617 harum
1867 596 1917 618 se-

1180 635 1228 666 rie
1249 635 1457 668 absolventes
1483 641 1514 668 et
1539 636 1724 669 absolutum
1747 637 1815 670 sore
1840 648 1915 671 cen-

1180 692 1301 727 sentes,
1328 688 1509 721 huiusmodi
1534 689 1821 732 supplicationibus
1847 690 1915 724 eius

1180 740 1312 772 nomine
1338 740 1432 773 nobis
1458 751 1555 783 super
1572 742 1635 774 hoc
1660 742 1827 775 humiliter
1842 753 1917 785 por-

1179 793 1276 830 rectis
1301 793 1456 833 inclinati,
1480 795 1647 827 decretum
1666 795 1916 838 praeinseitum,

1178 846 1368 878 auctoritate
1394 847 1592 889 apostolica,
1619 852 1733 880 tenore
1762 859 1917 891 praesen-

1178 898 1264 937 tium,
1291 898 1508 940 approbamus
1533 904 1564 931 et
1589 899 1829 940 confirmamus,
1853 900 1917 933 illi-

1178 960 1240 992 que
1258 950 1451 983 inviolabilis
1473 951 1670 994 apostolicae
1694 951 1851 984 firmitatis
1869 963 1916 984 ro-

1177 1003 1237 1035 bur
1268 1003 1461 1043 adiicimus3
1488 1005 1575 1037 salva
1599 1010 1705 1038 tamen
1730 1015 1859 1048 semper
1882 1006 1915 1038 in

1177 1056 1360 1098 praemissis
1376 1057 1565 1090 auctoritate
1579 1057 1764 1100 praedictae
1780 1067 1916 1100 congre-

1178 1109 1316 1151 gationis
1342 1110 1567 1143 cardinalium.

1220 1162 1278 1205 §3
1306 1162 1528 1196 Decernentes
1548 1164 1635 1207 ipsas
1654 1169 1846 1207 praesentes
1865 1165 1915 1197 lit·
1949 1172 2060 1193 Decretum
2079 1173 2106 1194 ir·

1924 1200 1996 1220 riians.

1177 1220 1262 1247 teras
1280 1226 1411 1259 semper
1431 1216 1550 1256 firmas,
1578 1217 1699 1250 validas
1718 1222 1750 1249 et
1766 1216 1912 1251 efficaces

1177 1268 1317 1301 existere
1344 1274 1376 1301 et
1399 1269 1483 1308 sore,
1510 1276 1655 1312 suosque
1688 1270 1856 1312 plenarios
1882 1276 1914 1303 et

1177 1321 1322 1363 integros
1344 1321 1475 1354 effectus
1502 1322 1613 1354 sortiri
1639 1327 1672 1354 et
1695 1322 1858 1363 obtinere,
1879 1334 1916 1355 ac

1176 1374 1215 1406 ab
1234 1374 1309 1413 illis,
1335 1374 1374 1406 ad
1396 1385 1478 1417 quos
1497 1379 1623 1417 spectat
1638 1380 1670 1407 et
1687 1385 1746 1417 pro
1763 1380 1912 1418 ternpore

1175 1427 1350 1469 spectabit,
1377 1427 1610 1460 inviolabiliter
1641 1427 1831 1468 observari,
1855 1427 1916 1460 sic-

1175 1491 1235 1523 que
1267 1481 1300 1514 in
1325 1480 1508 1523 praemissis
1532 1490 1592 1523 per
1624 1490 1841 1523 quoscumque
1865 1480 1913 1512 iu-

1175 1533 1262 1566 dices
1279 1534 1458 1566 ordinarios
1476 1538 1508 1566 et
1521 1534 1694 1576 delegatos,
1721 1533 1817 1566 etiam
1841 1544 1913 1566 cau-

1174 1597 1279 1619 sarum
1311 1587 1420 1629 palatii
1459 1586 1626 1629 apostolici
1659 1586 1841 1627 auditores,
1868 1587 1913 1619 iu-

1176 1640 1275 1672 dicari
1300 1644 1332 1672 et
1356 1639 1482 1672 definiri
1507 1640 1642 1680 debere,
1672 1650 1708 1672 ac
1732 1639 1856 1672 irritum
1882 1646 1911 1673 et

1173 1694 1269 1725 inane
1287 1693 1312 1725 si
1331 1703 1420 1725 secus
1435 1692 1595 1736 superbis
1613 1703 1630 1724 a
1647 1703 1817 1735 quoquam,
1836 1704 1913 1736 qua-

1171 1746 1217 1778 vis
1243 1745 1441 1785 auctoritate,
1467 1745 1605 1778 scienter
1636 1745 1684 1777 vel
1711 1745 1908 1787 ignoranter,

1173 1798 1345 1840 contigerit
1369 1798 1530 1831 attentari.

1217 1853 1230 1892 ,ξ
1254 1852 1285 1884 li.
1308 1851 1379 1884 Non
1404 1852 1613 1884 obstantibus
1628 1852 1911 1885 constitutionibus
1921 1857 1958 1908 ¹⁰2

1174 1910 1205 1937 et
1235 1904 1495 1938 ordinationibus
1512 1904 1706 1947 apostolicis,
1726 1915 1773 1944 ac,
1801 1910 1912 1948 quate-

1173 1969 1232 1990 nus
1260 1968 1341 2001 opus
1366 1958 1414 1997 sit,
1442 1958 1518 1990 dicti
1543 1957 1681 1997 Ordinis,
1710 1958 1807 1990 etiam
1827 1957 1912 1990 iura-

1173 2013 1292 2046 mento,
1311 2007 1555 2040 confirmatione
1571 2007 1758 2049 apostolica,
1773 2008 1822 2040 vel
1841 2018 1913 2050 qua-

1172 2062 1217 2093 vis
1244 2061 1393 2094 firmitate
1430 2061 1492 2094 alia
1516 2061 1675 2094 roboratis
1693 2087 1700 2101 ,
1729 2061 1856 2093 statutis
1882 2066 1910 2092 ct

1173 2114 1470 2153 consuetudinibus,
1495 2114 1673 2157 privilegiis
1700 2123 1841 2156 quoque,
1864 2113 1911 2145 in-

1173 2167 1269 2200 dultis
1299 2173 1330 2200 et
1354 2167 1473 2199 litteris
1496 2166 1686 2209 apostolicis
1722 2166 1755 2198 in
1784 2171 1911 2198 contra-

1171 2220 1255 2252 rium
1282 2220 1531 2262 praemissorum
1555 2219 1803 2262 quomodolibet
1834 2228 1910 2251 con-

1172 2273 1284 2313 cessis,
1312 2272 1509 2305 contirmatis
1535 2277 1566 2304 et
1585 2272 1767 2310 innovatis;
1795 2271 1910 2314 quibus

1171 2325 1321 2358 omnibus
1360 2330 1392 2357 et
1424 2325 1579 2367 singulis,
1613 2325 1744 2357 illorum
1782 2330 1908 2357 tenores

1172 2379 1396 2422 praesentibus
1410 2389 1469 2421 pro
1485 2379 1583 2422 plene
1601 2383 1633 2410 et
1646 2377 1844 2410 sufficienter
1861 2387 1909 2409 ex-

1171 2433 1293 2476 pressis
1319 2443 1356 2464 ac
1374 2432 1413 2464 ad
1434 2432 1566 2464 verbum
1585 2431 1717 2463 insertis
1739 2430 1908 2467 habentes,

1171 2485 1235 2518 illis
1265 2484 1343 2517 alias
1370 2484 1402 2516 in
1435 2495 1494 2516 suo
1526 2484 1646 2516 robore
1673 2482 1907 2525 permansuris,

1171 2538 1210 2570 ad
1242 2537 1496 2580 praemissorum
1537 2535 1708 2574 effectum,
1742 2534 1802 2567 hac
1837 2535 1907 2567 vice

1171 2591 1355 2629 dumtaxat,
1381 2589 1569 2632 specialiter
1586 2594 1618 2621 et
1638 2598 1790 2631 expresse
1815 2587 1907 2621 dero·

1927 213 1976 247 An.
1998 222 2026 247 c.
2041 222 2109 249 1007

1960 1857 2058 1878 nnis-ariis
2068 1857 2105 1879 do·

1959 1887 1989 1904 (ss.
