2247 3208
147 234 196 262 Au.
213 231 241 262 C.
263 233 330 262 1668

960 232 1101 256 crmiffis
1125 232 1154 256 tx·
1180 233 1227 256 PP.

342 287 526 326 opportuna
538 281 685 321 faciendi,
698 280 825 314 dicendi
842 286 873 313 et
887 282 1076 324 exequendi,

342 341 487 379 spectare
506 340 538 367 et
558 335 722 378 pertinere
749 335 780 367 in
806 334 955 367 omnibus
974 340 1004 367 et
1022 345 1079 377 per

341 389 450 421 omnia
473 394 629 432 perpetuo
655 389 824 427 deberent,
841 398 875 420 ac
902 388 996 421 etiam
1017 388 1078 420 eis-

341 442 414 474 dem
442 448 473 475 et
509 452 566 485 pro
593 447 738 485 tempore
765 442 974 475 existentibus
1000 441 1074 473 dicti

340 495 468 538 collegii
508 494 747 538 protectoriluis
783 499 813 527 et
850 494 1076 527 defensoribus

341 558 516 591 corumque
539 548 699 580 iudicibus
726 548 832 579 denuo
858 546 992 578 indulsit
1011 573 1017 585 ,
1040 557 1076 578 ac

341 600 386 632 eis
412 601 560 644 amplam,
580 601 713 634 liberam
739 605 770 632 et
795 599 1010 631 omnimodam
1027 599 1075 631 de-

339 664 437 696 super
461 654 644 686 facultatem
663 652 933 686 etauctoritatem
958 652 1075 695 impar-

339 706 414 738 titus
439 706 517 745 suit,
545 706 687 738 districte
718 710 891 748 propterea
923 704 1074 736 inhibens

339 759 488 791 omnibus
515 764 547 791 et
571 758 707 800 singulis
734 758 803 790 aliis
836 757 998 789 iudicibus
1023 768 1074 789 su-

338 812 491 855 pradictis
529 811 752 844 ecclesiasticis
788 816 820 843 et
854 811 1072 847 secularibus,

338 865 447 907 quavis
468 865 665 903 auctoritate,
685 864 840 906 dignitate
859 869 890 896 et
915 869 1072 906 potestate

338 917 546 960 fungentibus
581 922 611 949 et
644 917 818 955 functuris,
847 922 908 949 tam
935 917 965 948 in
991 917 1073 949 alma

336 970 420 1003 l‘rbe
439 981 533 1014 quam
551 976 639 1003 extra
657 981 725 1002 eam
741 970 1001 1009 consistentibus,
1021 981 1071 1009 ne,

336 1023 393 1055 sub
408 1024 555 1055 nullitate
574 1023 715 1055 omnium
730 1028 761 1055 et
778 1022 976 1064 singulorum
991 1028 1073 1055 acto-

335 1086 419 1114 rum,
444 1086 676 1119 processuum,
700 1076 914 1115 decretorum,
941 1076 1072 1107 manda-

336 1134 442 1161 torum
476 1134 506 1161 et
542 1129 677 1161 aliorum
710 1139 981 1172 quorumcumque
1015 1139 1073 1171 per

336 1191 392 1213 eos
408 1181 727 1220 fiend01·um‚eontra
745 1181 1009 1220 declarationem,
1026 1181 1072 1213 in-

336 1233 461 1266 dultum
488 1240 518 1267 et
541 1234 725 1266 facultatem
756 1234 940 1266 huiusmodi
964 1234 996 1266 in
1026 1234 1072 1266 di-

335 1288 374 1320 cti
401 1287 542 1330 collegii,
567 1287 719 1330 illiusque
746 1297 958 1329 personarum
977 1292 1006 1319 et
1026 1297 1072 1319 re-

334 1351 413 1380 rum,
441 1341 558 1381 causis,
584 1340 708 1377 litibus,
729 1340 867 1382 negotiis
892 1345 923 1372 et
948 1346 1071 1373 contro-

334 1393 456 1433 versiis,
472 1398 535 1425 tam
554 1392 699 1424 civilibus
718 1403 812 1435 quam
839 1392 1068 1433 criminalibus,

334 1446 429 1478 meris
455 1451 487 1478 et
509 1445 624 1483 mixtis,
644 1445 757 1488 quovis
781 1446 877 1478 modo
904 1456 959 1478 seu
978 1456 1071 1489 prae-

336 1502 433 1538 textu,
451 1498 547 1530 etiam
570 1498 696 1530 ratione
719 1498 959 1541 privilegiorum
978 1505 1009 1530 et
1025 1499 1072 1530 in-

335 1551 498 1584 dultorum
525 1551 602 1594 ipsis
627 1556 658 1583 et
682 1561 793 1584 eorum
819 1551 931 1584 officiis
956 1557 985 1584 et
1022 1553 1071 1584 tri-

334 1603 507 1636 bunalibus
533 1604 629 1636 etiam
661 1615 720 1647 per
742 1604 856 1636 dictam
883 1604 997 1636 Sedent
1020 1610 1071 1637 aut

335 1657 414 1689 alias
439 1657 683 1699 quomodolibet
716 1668 943 1689 concessorum
960 1684 967 1697 ‚
1001 1668 1070 1690 sese

335 1710 484 1753 ingerere
521 1711 678 1743 auderent
723 1720 778 1743 seu
824 1717 1071 1753 praesumerent

336 1764 583 1806 quoquomodo,
610 1774 645 1795 ac
670 1763 763 1795 etiam
796 1763 891 1795 inane
929 1763 1071 1796 decrerit

335 1816 491 1859 quidquid
519 1826 610 1848 secus
645 1826 742 1859 super
766 1816 803 1847 iis
835 1827 850 1848 a
887 1827 1067 1859 quoquam,

336 1869 448 1911 quavis
474 1869 674 1907 auctoritate,
693 1868 834 1901 scienter
849 1871 898 1902 vel
924 1869 1070 1911 ignoran-

338 1926 394 1961 ter,
414 1922 615 1963 contingeret
633 1922 804 1961 attentari;
832 1933 896 1954 non
914 1923 1070 1955 obstanti—

335 1975 393 2007 bus
419 1975 483 2007 litis
509 1975 702 2017 pendentiis,
730 1975 754 2007 si
787 1987 867 2018 quae
895 1981 1014 2015 essent,
1040 1981 1068 2008 et

336 2027 499 2070 quibusvis
533 2028 745 2071 apostolicis,
772 2034 803 2061 et.
827 2029 858 2060 in
883 2029 1071 2062 universali·

334 2080 401 2119 bus,
427 2081 681 2123 provincialibus
705 2087 735 2113 et
762 2082 970 2124 synodalibus
995 2092 1070 2114 con-

335 2133 418 2166 ciliis
443 2134 548 2175 editis,
568 2134 763 2177 specialibus
783 2137 830 2168 vel
853 2135 1068 2178 generalibus,
1091 2151 1093 2176 i

335 2187 634 2223 constitutionibus,
645 2188 836 2230 ‘privilegiis
863 2199 1002 2231 quoque,
1023 2188 1070 2220 in·

336 2238 447 2279 dubis,
474 2239 638 2282 quibusvis
664 2241 876 2273 tribunalibus
903 2247 933 2273 et
957 2241 1068 2279 curiis,
1091 2264 1092 2274 t

334 2291 530 2334 illorumque
548 2292 717 2332 iudicibus,
738 2299 769 2325 et
786 2294 976 2335 praesertim
1001 2305 1069 2326 cau-

334 2354 440 2376 sarum
460 2344 563 2377 dictae
582 2356 728 2377 camerae
753 2347 947 2389 apostolicae
974 2358 1070 2389 gene-

334 2397 393 2429 rali
419 2397 576 2435 auditori,
602 2398 634 2429 in
659 2408 777 2439 genere.
809 2399 859 2430 vel
883 2399 915 2430 in
939 2399 1045 2441 specie
1061 2425 1068 2439 ,

333 2450 495 2483 concessis
515 2456 546 2483 et
560 2450 729 2489 innovatis,
749 2461 783 2482 ac
805 2452 1020 2484 concedendis
1037 2458 1070 2484 et

332 2503 534 2543 innovandis,
553 2513 680 2536 necnon
705 2503 855 2535 omnibus
882 2503 955 2543 illis,
986 2514 1067 2546 quae

332 2555 364 2587 in
389 2556 523 2598 singulis
548 2556 663 2588 litteris
688 2556 860 2599 praedictis
882 2566 1066 2598 expressum

332 2608 388 2639 suit
415 2619 480 2641 non
506 2609 657 2647 obstare,
689 2609 867 2651 ceterisque
895 2610 1065 2642 contrariis

1091 2079 1093 2098 ³
1114 2083 1325 2115 nibilominus

1123 280 1396 323 quilniseiunque;
1420 281 1535 324 quibus
1554 282 1713 321 omnibus,
1730 284 1854 317 etiamsi

1122 335 1160 366 de
1192 334 1256 367 illis
1292 345 1467 378 eorumque
1494 336 1566 369 tous
1599 337 1763 370 tenoribus
1788 348 1852 381 spe-

1121 388 1217 427 cialis,
1238 389 1386 431 specifica
1411 395 1443 421 et
1467 400 1628 432 expressa,
1646 402 1681 423 ac
1702 391 1741 424 de
1758 393 1854 425 verbo

1120 440 1159 472 ad
1183 442 1324 481 verbum,
1344 452 1406 474 non
1424 448 1530 475 autem
1550 453 1608 486 per
1625 445 1782 476 clausulas
1804 455 1854 486 ge·

1120 494 1246 525 nerales
1273 494 1356 527 idem
1392 494 1625 537 importantcs‚
1651 496 1770 529 mentio
1796 507 1853 529 seu

1119 545 1248 587 quaevis
1275 547 1335 578 alia
1361 548 1524 589 expressio
1543 549 1692 581 habenda
1720 554 1772 580 aut
1796 549 1854 582 ali-

1120 608 1180 639 qua
1204 598 1268 630 alia
1291 600 1448 641 exquisita
1466 601 1568 633 forma
1586 602 1624 633 ad
1646 601 1678 634 id
1698 603 1852 634 servanda

1120 650 1210 690 soret,
1235 651 1298 683 illis
1319 651 1397 683 alias
1424 652 1454 684 in
1481 664 1538 686 suo
1564 654 1681 687 robore
1706 665 1853 697 perman-

1118 702 1220 741 suris,
1248 705 1285 735 eti
1310 704 1376 736 vice
1401 705 1578 746 dumtaxat,
1605 706 1791 749 specialiter
1821 712 1853 739 et

1118 766 1270 797 expresse
1289 757 1471 799 derogavit:
1486 764 1584 801 prout
1600 759 1632 790 in
1652 759 1772 792 eisdem
1789 759 1852 792 Cle-

1117 808 1233 840 mentis
1258 809 1518 850 praedecessoris
1544 811 1680 851 litteris,
1708 812 1766 844 sul)
1798 812 1852 844 da-

1119 866 1182 893 tum
1208 861 1329 895 Romae
1365 864 1447 906 apud
1473 863 1504 896 S.
1532 863 1680 904 Petrum,
1714 865 1771 897 sub
1797 875 1852 897 an-

1117 915 1195 946 nulo
1221 915 1419 955 piscatoris,
1453 916 1503 949 die
1528 926 1559 949 vi
1584 917 1688 949 martii
1723 927 1850 957 Μυκη,

1116 967 1319 1010 pontificatus
1352 969 1401 1001 sui
1427 979 1511 1002 anno
1536 981 1545 1003 1
1577 970 1757 1013 expeditis,
1784 972 1852 1014 ple-

1116 1020 1188 1052 nius
1212 1021 1406 1054 continetur.
1434 1022 1510 1055 Cum
1541 1029 1671 1063 autem,
1698 1023 1781 1056 sieut
1801 1033 1851 1055 ac-

1116 1073 1267 1115 cepimus,
1295 1074 1376 1114 lieet,
1403 1075 1561 1107 stantibus
1587 1075 1630 1108 ita
1654 1076 1849 1118 praemissis,

1115 1126 1217 1158 omnis
1244 1126 1423 1159 iurisdictio
1452 1132 1484 1159 et
1500 1127 1710 1171 superioritas
1735 1128 1768 1160 in
1786 1130 1851 1160 sin-

1115 1179 1197 1220 gulis
1238 1179 1341 1212 causis
1382 1180 1568 1213 huiusmodi
1611 1181 1849 1224 protectoribus

1115 1232 1268 1274 praefatis
1294 1239 1477 1275 competere
1503 1239 1665 1273 noscatur,
1693 1245 1727 1267 ac
1753 1235 1851 1267 otiam

1115 1284 1200 1317 idem
1225 1285 1398 1328 Gregorius
1424 1287 1655 1329 praedecessor
1686 1297 1745 1330 per
1769 1288 1847 1320 alias

1114 1348 1186 1370 suas
1211 1338 1334 1370 litteras
1358 1339 1558 1381 spiritualem
1594 1339 1849 1372 iurisdictionem

1115 1396 1146 1423 et
1171 1391 1346 1423 animarum
1363 1402 1484 1432 curam,
1506 1403 1600 1435 quam
1627 1393 1782 1426 ecclesiae
1809 1393 1850 1425 di·

1115 1449 1166 1476 cto
1192 1444 1331 1486 collegio
1363 1445 1471 1477 unitae
1508 1445 1652 1486 babent,
1686 1451 1786 1479 totam
1811 1447 1849 1478 ad

1114 1497 1215 1540 ipsius
1234 1498 1362 1540 collegii
1388 1503 1588 1541 protectores
1605 1499 1780 1542 pertinere,
1803 1505 1848 1539 et,

1114 1549 1138 1582 si
1157 1549 1235 1592 quid
1253 1552 1335 1582 sorte
1354 1550 1386 1582 in
1405 1551 1563 1593 praedicti
1585 1551 1713 1594 collegii
1731 1552 1850 1584 consti-

1114 1602 1309 1635 stutionibus
1336 1603 1515 1636 desiderari
1547 1614 1622 1636 usus
1652 1615 1760 1637 rerum
1784 1616 1850 1637 ma-

1114 1656 1161 1698 gis
1195 1656 1449 1697 demonstraret,
1476 1663 1529 1690 aut
1563 1658 1736 1690 obscurum
1769 1658 1850 1691 soret

1113 1709 1163 1740 vel
1190 1708 1393 1751 ambiguum,
1420 1709 1450 1742 id
1476 1714 1677 1752 protectores
1702 1716 1735 1743 et
1758 1721 1849 1754 supe-

1115 1761 1216 1794 riores
1241 1762 1433 1805 praedictos,
1451 1773 1486 1795 re
1511 1768 1633 1795 mature
1660 1764 1847 1803 deliberata,

1115 1825 1151 1847 ex
1177 1815 1339 1847 communi
1357 1816 1498 1848 omnium
1518 1826 1679 1849 consensu
1697 1818 1847 1860 supplere.

1115 1874 1145 1901 et
1170 1869 1333 1901 declarare
1352 1879 1387 1902 ac
1406 1870 1443 1902 ad
1467 1870 1528 1902 alia
1552 1870 1726 1903 extendere
1750 1881 1847 1913 posse

1115 1922 1262 1961 voluerit,
1282 1928 1312 1954 et
1333 1922 1471 1965 desuper
1495 1923 1679 1965 collegium,
1697 1923 1847 1966 illiusque

1114 1982 1326 2020 protectores,
1349 1977 1543 2019 cossegiales,
1563 1988 1719 2020 personae
1745 1983 1776 2010 et
1794 1977 1848 2009 mi·

1113 2031 1205 2063 nisti-i
1224 2030 1406 2062 huiusmodi
1424 2031 1589 2063 molestari
1607 2041 1671 2063 non
1693 2031 1846 2071 debeant;

1365 2083 1532 2121 nonnulli,
1558 2088 1593 2115 ut
1628 2083 1723 2115 etiarn
1759 2093 1848 2115 acce-

1114 2136 1230 2178 pimus,
1253 2141 1365 2168 contra
1398 2141 1540 2168 mentem
1571 2141 1602 2168 et
1634 2137 1845 2169 intentionem

1113 2189 1401 2231 praedecessorum
1412 2193 1592 2220 nostrorum
1607 2189 1846 2230 praedictorum

1113 2251 1183 2273 sese
1205 2241 1238 2272 in
1262 2240 1482 2273 iurisdictione
1505 2241 1688 2273 huiusmodi
1713 2241 1845 2285 aliisque

1113 2294 1301 2336 praemissis
1331 2294 1547 2326 intromittere
1584 2301 1792 2337 praesumant
1816 2300 1847 2328 et

1112 2345 1315 2389 procurent¹,
1352 2357 1387 2378 ac
1411 2346 1473 2378 iam
1499 2347 1578 2379 sorte
1610 2347 1682 2379 lites
1707 2348 1846 2390 desuper

1112 2399 1312 2431 introductae
1338 2399 1558 2442 reperiantur:
1578 2409 1636 2432 nos
1662 2406 1844 2443 propterea,

1112 2452 1143 2483 in
1169 2452 1356 2494 praemissis
1393 2462 1522 2484 omnem
1556 2452 1723 2485 dubitandi
1755 2463 1846 2486 occa-

1110 2504 1233 2536 sionem
1254 2505 1368 2537 tollere
1382 2505 1536 2545 volentes,
1554 2515 1682 2538 necnon
1703 2506 1844 2538 omnium

1148 2576 1155 2600 l
1176 2574 1381 2602 lnehoaerenter
1396 2575 1458 2601 edit.
1476 2575 1557 2602 Maia.
1574 2575 1638 2611 legit
1653 2579 1845 2611 praesumant

1109 2622 1134 2645 el
1146 2623 1306 2653 procurant
1321 2621 1357 2653 (a.
1376 2619 1421 2654 T.).

1751 226 1814 259 6823
1861 236 1908 263 Au.
1927 236 1956 263 c.
1980 235 2047 263 1668
