2247 3208
139 220 186 248 An.
204 221 232 249 C.
255 222 322 250 ¹664

165 1336 284 1359 clausulae.

173 1758 271 1778 'fr-insunt
277 1761 321 1784 pto-

139 1790 183 1804 ruin
200 1786 259 1805 tates.

928 222 1116 246 ALEXANDER
1138 223 1182 246 vn
1207 223 1255 246 Pr.

330 281 395 304 non
420 281 492 304 eum
528 272 676 305 omnibus
702 277 733 304 et
757 271 892 314 singulis
925 271 995 304 aliis
1024 271 1068 303 fa-

329 324 523 364 cultatibus,
550 324 813 357 concessionibus
839 330 869 357 et
893 324 1068 357 ordinatio-

330 377 435 416 nibus,
463 377 614 409 clausulis
639 383 669 409 et
694 378 831 410 decretis
856 377 1009 420 appositis
1035 376 1067 407 in

329 429 422 461 dictis
447 430 574 468 litteris,
600 441 634 462 ae
661 433 783 463 serrata
808 430 839 462 in
866 430 928 462 illis
954 434 985 461 et
1008 439 1068 471 per

329 483 437 514 omnia
463 483 646 514 earumdem
677 483 854 515 litterarum
881 482 1000 523 fornia)
1027 482 1064 512 al

330 535 590 577 quadriennium.
614 546 630 567 a
649 536 721 567 data
739 534 956 577 praesentium
982 544 1067 565 com-

330 588 518 630 putandum,
533 588 720 620 auctoritate
747 587 930 629 apostolica,
954 591 1065 618 tenore

330 641 563 682 praesentium,
590 641 628 673 de
654 650 736 672 novo
761 639 981 678 concedimus,
1008 638 1063 670 sic-

330 704 392 736 que
418 699 449 726 et
473 703 536 725 non
561 693 655 725 aliter
686 702 744 734 per
773 701 994 734 quoscumque.
1020 691 1067 723 iu-

331 746 418 778 dices
437 745 618 777 ordinarios
638 749 669 776 et
687 745 863 785 delegatos,
879 744 976 776 etiam
994 754 1066 776 eau-

330 808 437 830 sarum
463 797 572 840 palatii
598 796 770 839 apostolici
806 796 970 828 auditores
991 823 998 836 ‚
1031 807 1067 829 ac

329 851 360 883 S.
377 850 413 882 R.
429 850 463 882 E.
484 849 683 889 cardinales,
708 849 804 881 etiam
831 850 869 881 de
896 850 996 881 latere
1022 850 1067 882 le-

329 908 433 945 gatos,
458 908 487 935 et
505 902 595 935 Sedis
614 902 814 945 Apostolicae
833 901 977 941 nuncios,
992 912 1068 945 qua-

328 957 374 988 vis
399 955 587 988 auctoritate
614 956 795 998 fungentes,
814 955 939 987 sublata
964 955 1010 987 eis
1037 960 1067 987 et

330 1019 442 1041 eorum
467 1008 599 1041 cuilibet
628 1008 738 1050 quavis
776 1007 869 1040 aliter
903 1007 1067 1040 iudicandi

330 1068 363 1094 et
381 1061 618 1104 interpretandi
641 1062 790 1093 facultate
810 1066 841 1093 et
857 1061 1065 1101 auctoritate,

329 1115 464 1147 iudicari
497 1120 529 1146 et
560 1114 688 1147 definiri
715 1115 855 1153 debere,
882 1125 918 1146 ae
942 1114 1066 1146 irritum

330 1172 363 1199 et
385 1167 481 1199 inane
508 1167 533 1199 si
560 1178 652 1199 secus
679 1177 777 1210 super
800 1167 826 1199 is
848 1178 865 1199 a
883 1177 1065 1209 quoquam,

331 1220 442 1262 quavis
465 1219 672 1259 auctoritate,
693 1219 834 1251 scienter
847 1220 897 1252 vel
914 1220 1068 1261 ignoran-

331 1278 398 1312 ter,
426 1272 601 1314 eontigerit
625 1272 1016 1311 attentari,decernimus.

375 1326 389 1368 ἓ
414 1325 445 1358 3.
465 1326 682 1358 Decernentes
700 1326 794 1358 etiam
811 1337 876 1365 vos,
894 1326 1068 1368 quadrien-

331 1379 385 1412 nio
406 1379 571 1422 praedicto
590 1389 647 1421 per
666 1389 724 1411 nos
742 1389 897 1411 concesso
918 1379 1065 1419 durante,

331 1432 516 1465 huiusmodi
541 1432 665 1465 indulto
691 1443 725 1464 ac
752 1432 891 1475 desuper
916 1432 1068 1464 confectis

330 1485 444 1518 litteris
458 1485 629 1528 praedictis
641 1485 742 1518 libere
757 1490 787 1517 et
800 1485 886 1518 licite
901 1485 945 1517 uti
964 1496 1067 1528 posse,

330 1549 366 1570 ae
391 1538 516 1570 irritum
544 1543 575 1570 et
599 1538 692 1571 inane
719 1538 874 1580 quidquid
901 1548 992 1570 secus
1018 1549 1069 1571 su-

330 1602 390 1634 per
416 1591 466 1623 bis
492 1602 509 1623 a
534 1602 708 1634 quoquam,
730 1591 840 1634 quavis
865 1592 1068 1631 auctoritate,

332 1645 471 1677 scienter
487 1645 535 1677 vel
562 1645 764 1686 ignoranter,
784 1644 956 1687 eontigerit
973 1649 1069 1677 atten-

335 1698 406 1730 tari.

377 1750 391 1792 ξ
415 1750 446 1782 4.
474 1750 624 1783 Volumus
660 1755 788 1789 autem,
823 1755 855 1782 et
885 1750 1070 1782 earumdem

333 1808 444 1836 tenore
476 1803 695 1846 praesentium
720 1803 906 1835 ordinamus
931 1802 985 1845 (ne
1019 1814 1071 1835 ec—

333 1856 468 1897 elesiae,
498 1856 530 1887 in
561 1855 678 1898 quibus
707 1866 864 1898 personae
890 1856 1070 1888 nominatae

333 1908 518 1941 huiusmodi
542 1908 652 1950 vigore
687 1908 891 1940 vacationum
930 1913 983 1940 aut
1008 1909 1071 1940 eol—

332 1961 488 1994 lationum
513 1961 752 2004 praedictarum
781 1961 911 1994 eosdem
943 1962 1072 1994 eanoni-

333 2020 422 2046 catus
446 2020 477 2046 et
501 2014 705 2057 praebendas
730 2014 941 2054 obtinuerint,
962 2014 1002 2047 ob
1020 2025 1072 2046 ea-

332 2077 403 2099 rum
429 2066 694 2109 impedimentum
727 2067 757 2098 in
791 2067 930 2108 legendo
956 2066 1072 2099 debitis

335 2119 566 2151 defraudentur
591 2119 770 2162 obsequiis,
787 2124 841 2151 aut
865 2118 969 2151 cultus
995 2119 1072 2151 divi-

335 2182 393 2204 nus
419 2172 451 2203 in
477 2171 539 2204 illis
564 2171 753 2213 minuatur),
776 2177 810 2203 ut.
835 2172 967 2204 eaedem
1000 2183 1072 2215 per-

334 2235 441 2263 sonae,
466 2225 491 2256 si
517 2224 581 2256 illis
607 2227 644 2257 ea
669 2225 758 2265 hora,
787 2236 848 2267 qua
874 2225 942 2268 ipsa
967 2225 1072 2257 divina

334 2277 439 2310 officia
464 2277 733 2318 celebrabuntur,
764 2278 938 2320 legendum
964 2278 1068 2319 fuerit,

335 2335 411 2362 tunc
435 2340 494 2373 per
526 2330 661 2363 idoneos
693 2331 880 2363 substitutos
916 2331 994 2363 inibi
1020 2332 1073 2363 de-

334 2383 445 2415 serviri
471 2383 575 2415 faeere
594 2383 725 2426 possint,
748 2388 779 2416 et
799 2384 841 2415 ita
860 2383 1070 2417 deserviendo

334 2446 392 2478 pro
417 2435 635 2468 residentibus
671 2440 703 2467 et
736 2435 984 2469 inservientibus
1016 2437 1072 2469 ba-

334 2488 497 2528 beantur,
530 2499 566 2521 ac
602 2488 844 2520 distributiones
869 2489 1072 2531 quotidianas

336 2542 513 2580 lucrentur,
532 2542 563 2573 in
589 2542 739 2574 omnibus
753 2547 784 2574 et
808 2553 866 2584 per
890 2543 996 2575 omnia
1017 2553 1073 2586 pe-

337 2594 429 2627 rinde
451 2605 485 2626 ae
503 2594 526 2626 si
546 2595 761 2637 personaliter
779 2595 975 2628 deservirent
992 2596 1073 2638 (die-

1110 271 1169 302 bus
1187 270 1356 303 dominicis
1373 275 1403 303 et
1417 270 1535 303 festivis
1552 270 1844 313 principalioribus,

1109 323 1259 355 videlicet
1282 323 1407 355 Domini
1432 323 1532 356 nostri
1557 323 1626 356 lesu
1652 323 1782 361 Christi,
1809 334 1846 356 ae

1110 376 1361 416 gloriosissimae
1376 377 1524 419 Virginis,
1539 382 1570 409 et
1585 376 1752 409 beatorum
1767 377 1846 420 Apo-

1109 429 1276 468 stolorum,
1299 434 1330 461 et
1355 429 1386 461 in
1412 439 1548 471 quorum
1574 430 1731 461 bonorem
1758 429 1846 462 dedi-

1109 484 1197 512 catae
1216 486 1287 512 sunt
1307 481 1462 513 ecclesiae
1481 481 1675 523 praedictae,
1694 482 1847 514 aliorum-

1109 542 1170 574 que
1196 538 1378 566 sanctorum
1404 544 1539 576 quorum
1561 534 1629 566 dies
1654 535 1685 566 in
1711 535 1845 577 singulis

1109 584 1230 617 eisdem
1267 587 1411 619 ecclesiis
1444 587 1604 619 solemnes
1637 592 1668 619 et
1700 588 1846 620 celebres

1110 636 1281 677 habentur,
1307 639 1460 681 exeeptis,
1483 638 1599 681 quibus
1626 639 1671 671 eis
1697 650 1763 672 non
1788 650 1847 682 per

1108 689 1307 729 substitutos,
1328 691 1382 723 sed
1398 701 1454 733 per
1472 701 1504 723 se
1526 691 1611 734 ipsos
1636 693 1848 734 personaliter

1109 743 1267 775 deservire
1286 744 1477 785 teneantur),
1492 744 1643 786 quodque
1661 745 1846 779 huiusmodi

1109 796 1316 828 canonicatus
1341 801 1368 827 et
1397 796 1599 838 praebendae
1630 798 1776 839 personis
1807 799 1845 831 ad

1109 848 1325 891 profitendum
1351 849 1382 880 in
1409 849 1515 891 aliqua
1539 860 1576 881 ex
1603 849 1695 882 dictis
1719 850 1847 883 univer-

1109 901 1254 933 sitatibus
1270 901 1394 933 idoneis
1407 902 1552 944 repertis,
1569 902 1623 944 qui
1638 902 1845 937 iureiurando

1109 955 1147 987 ad
1173 954 1345 998 profitendi
1360 965 1474 987 munus
1493 955 1666 997 diligenter
1682 967 1717 989 ac
1736 957 1846 990 imme-

1110 1008 1193 1040 diate
1228 1013 1298 1051 post
1334 1009 1541 1041 canonicatus
1578 1014 1608 1041 et
1644 1011 1846 1052 praebendas

1110 1061 1315 1103 adeptionem
1341 1061 1555 1093 exercendum
1580 1072 1612 1094 se
1631 1062 1844 1106 adstringant,

1111 1114 1273 1146 dumtaxat.
1286 1114 1504 1154 conferantur,
1523 1115 1674 1158 ipsaeque
1688 1126 1845 1158 personae

1110 1167 1291 1209 praedictos
1318 1168 1524 1200 canonicatus
1561 1173 1591 1201 et
1626 1169 1846 1211 praebendas,

1110 1231 1168 1263 per
1191 1231 1244 1253 eas
1270 1221 1455 1253 huiusmodi
1481 1222 1712 1255 nominationis
1737 1222 1846 1265 vigore

1111 1273 1268 1311 obtentos,
1296 1273 1355 1305 nisi
1383 1273 1415 1305 in
1440 1273 1587 1305 manibus
1601 1274 1720 1306 nostris
1741 1279 1771 1307 et
1787 1286 1846 1317 pro

1110 1331 1254 1369 tempore.
1270 1326 1434 1358 existentis
1446 1326 1578 1359 Romani
1590 1326 1762 1367 Pontilieis‚
1777 1338 1847 1360 cum

1110 1378 1257 1422 specifica
1281 1380 1446 1412 mentione
1464 1379 1550 1422 quod
1569 1379 1642 1412 illos
1659 1380 1769 1422 vigore
1791 1391 1847 1413 no-

1111 1432 1295 1465 minationis
1328 1432 1512 1465 huiusmodi
1541 1433 1732 1475 consequuti
1760 1438 1844 1474 sunt,

1111 1485 1274 1527 resignare
1300 1490 1354 1518 aut
1378 1485 1455 1518 alias
1482 1486 1641 1518 dimittere
1664 1486 1847 1518 nullatenus

1111 1538 1254 1580 possint,
1285 1538 1430 1580 alioquin
1455 1538 1660 1571 canonicatus
1694 1544 1725 1570 et
1755 1548 1843 1581 prae·

1111 1591 1233 1624 bendae
1260 1591 1445 1623 huiusmodi
1470 1595 1582 1624 vacent
1599 1602 1636 1624 eo
1652 1592 1734 1634 ipso,
1754 1591 1796 1624 ita
1813 1597 1848 1624 ut

1112 1644 1150 1675 de
1169 1644 1231 1676 illis
1249 1654 1305 1686 per
1322 1643 1436 1676 Sedem
1451 1644 1848 1686 Apostolieam·duintaxat

1112 1696 1240 1740 disponi
1265 1697 1377 1739 possit,
1405 1696 1523 1739 utque¹
1542 1707 1698 1740 personae
1724 1697 1768 1729 sie
1792 1708 1849 1730 no-

1111 1749 1249 1782 minatae
1261 1749 1441 1792 praedictae
1455 1749 1538 1781 intra
1555 1760 1608 1781 sex
1623 1759 1749 1782 menses
1767 1760 1783 1782 a
1797 1750 1848 1783 die

1113 1803 1313 1841 collationis,
1339 1802 1532 1845 provisionis
1558 1807 1611 1834 aut
1636 1803 1773 1836 cuiusvis
1806 1805 1850 1837 al-

1114 1855 1211 1887 terius
1236 1855 1456 1898 dispositionis
1483 1855 1520 1887 de
1551 1856 1793 1888 canonicatibus
1818 1862 1850 1888 et

1095 1931 1096 1934 η
1113 1908 1316 1950 praebendis,
1335 1908 1373 1940 ad
1399 1918 1480 1950 quos
1498 1907 1568 1940 illas
1589 1908 1748 1940 nominari
1773 1919 1850 1942 con-

1114 1960 1234 2002 tigerit,
1254 1960 1313 1992 sibi
1333 1960 1511 2001 faciendae,
1531 1966 1567 1992 ut
1583 1962 1774 2004 praefertur,
1793 1972 1850 1994 no-

1113 2024 1166 2045 vas
1186 2013 1385 2056 provisiones
1410 2024 1507 2056 super
1532 2013 1595 2045 illis
1617 2024 1633 2046 a
1658 2014 1743 2046 dicta
1767 2014 1849 2047 Sede

1114 2065 1297 2108 impetrare,
1313 2071 1344 2098 et
1360 2066 1480 2099 litteras
1498 2066 1692 2109 apostolicas
1711 2066 1850 2110 desuper

1115 2118 1145 2150 in
1173 2123 1272 2150 totum
1298 2118 1460 2162 expedire,
1481 2129 1516 2150 ae
1534 2119 1603 2151 iura
1616 2129 1760 2152 camerae
1778 2130 1849 2162 apo-

1114 2171 1244 2203 stolieae
1270 2176 1301 2203 et
1333 2171 1404 2203 aliis
1435 2176 1607 2214 propterea
1640 2172 1747 2204 debita
1777 2182 1849 2215 per-

1114 2225 1237 2256 solvere
1251 2224 1382 2256 omnino
1398 2229 1575 2265 teneantur,
1589 2225 1742 2268 alioquin,
1758 2225 1850 2257 dictis

1114 2288 1166 2309 sex
1180 2277 1343 2309 mensibus
1358 2277 1485 2320 elapsis,
1496 2277 1703 2310 canonicatus
1717 2283 1747 2310 ct
1760 2288 1850 2320 prae-

1114 2330 1236 2362 bendae
1263 2330 1449 2362 huiusmodi
1467 2336 1579 2362 vacent
1595 2341 1633 2363 eo
1652 2331 1733 2374 ipso,
1755 2331 1798 2363 ita
1815 2335 1850 2363 ut

1114 2383 1184 2415 aliis
1209 2393 1267 2425 per
1291 2383 1435 2415 eamdem
1461 2383 1575 2416 Sedem
1600 2389 1723 2416 tantum
1747 2384 1850 2417 libere

1114 2436 1252 2468 conferri
1279 2436 1413 2478 possint.

1159 2488 1173 2531 g
1198 2487 1229 2520 5.
1256 2487 1325 2520 Non
1362 2488 1569 2521 obstantibus
1594 2490 1789 2533 praemissis,
1815 2500 1851 2524 ae

1115 2540 1401 2573 constitutionilnis
1428 2546 1459 2574 ct
1485 2541 1747 2576 ordinationibus
1774 2554 1851 2587 apo-

1151 2604 1159 2628 rl
1181 2601 1246 2629 Male
1261 2602 1302 2629 ed.
1317 2602 1393 2630 Main.
1408 2604 1471 2638 legit
1489 2612 1575 2639 usque
1590 2613 1637 2640 pro
1654 2608 1740 2640 utque
1752 2612 1788 2639 tn.
1801 2606 1848 2636 T.).

1749 212 1812 245 0245
1859 222 1907 247 An.
1923 221 1950 246 e.
1974 220 2038 247 icet

1931 2495 2044 2521 berogaiio

1862 2525 2021 2546 contrariorum.
