2247 3208
153 214 202 241 fin.
226 213 254 242 C.
275 214 341 242 16ίῖ9

968 214 1110 239 ΟιΕΜΕΝΞ
1134 216 1164 239 tx
1189 217 1236 240 ΓΡ.

346 273 382 295 ae
408 261 634 305 derogationes
660 261 747 306 ipsae
777 267 865 295 motu
892 267 923 296 et
948 264 1082 296 scientia

345 315 503 349 similibus
522 316 621 348 sactae
642 315 768 356 suerint,
784 322 1002 360 appareatque
1022 317 1082 350 Ro-

344 379 475 402 manum
501 369 689 402 Pontificem
721 369 782 402 illis
811 380 962 413 expresse
979 371 1081 403 ‘dero-

344 432 419 464 gare
445 422 592 459 voluisse,
613 428 645 455 et
669 423 761 456 aliter
784 433 842 465 pro
870 428 1017 466 tempore
1038 424 1080 455 sa-

343 480 408 507 ctas
427 475 658 518 derogationes
673 476 792 509 nullius
806 477 933 509 roboris
949 478 999 509 vel
1016 487 1080 508 mo-

342 529 440 562 menti
467 529 546 569 sint,
573 535 604 562 et
628 529 750 562 nemini
776 529 1013 572 suffragentur,
1044 541 1079 562 ac

342 593 401 625 pro
426 582 551 615 insectis
567 587 598 615 et
615 593 679 617 non
705 582 869 616 concessis
895 582 1004 615 haberi
1024 583 1079 615 de-

341 635 447 676 beant,
474 637 623 679 quodque
650 641 764 677 rector,
790 636 948 676 doctores,
980 637 1078 680 magi-

339 689 408 728 stri,
433 690 607 730 scholares,
626 690 791 733 ceterique
810 690 954 732 legentes
972 689 1075 723 dictae

339 743 577 784 universitatis,
604 753 658 775 seu
691 742 772 775 aliae
805 742 890 775 illius
914 753 1074 785 personae

339 806 568 840 quaecumque,
589 796 698 838 vigore
724 806 998 839 quarumcumque
1025 797 1074 830 lit-

339 855 478 883 terarum
504 861 521 882 a
545 848 816 892 Sede‘praedicta
842 860 897 882 seu
922 850 1007 883 illius
1034 852 1074 883 le-

337 903 425 946 gatis,
453 902 609 945 delegatis
627 907 657 935 et
674 903 905 945 subdelegatis,
926 908 978 935 aut
995 903 1072 936 alias

336 955 582 999 quomodolibet
606 961 825 989 emanaturum
851 961 881 988 et
905 966 1072 989 concessa-

336 1020 413 1048 rum,
430 1009 461 1042 in
480 1008 645 1052 quibusvis
663 1020 774 1068 eorum
792 1010 897 1042 causis
912 1010 1069 1049 civilibus,

335 1063 555 1096 criminalibus
577 1067 609 1095 et
632 1062 737 1095 mixtis
758 1067 847 1095 extra
865 1073 973 1096 muros
995 1063 1070 1095 dicti

333 1117 444 1160 oppidi
470 1116 677 1153 Lovaniensis
712 1116 744 1148 in
780 1117 883 1160 prima
919 1116 1070 1150 instantia

333 1170 434 1209 trahi,
461 1169 550 1202 citari
576 1170 624 1202 vel
650 1170 815 1202 conveniri
847 1176 899 1202 aut
924 1170 1001 1203 alias
1031 1172 1069 1204 ad

331 1223 485 1255 iudicium
508 1223 633 1256 evocari
651 1234 716 1256 non
734 1224 872 1266 possint,
894 1224 1068 1257 dummodo

331 1287 438 1309 coram
468 1277 576 1320 aliquo
603 1287 637 1309 ex
664 1277 946 1309 conservatoribus
978 1288 1069 1320 prae-

330 1329 422 1361 dictis
446 1329 479 1361 in
505 1329 589 1362 dicto
608 1329 728 1372 oppido
748 1330 847 1372 parati
863 1330 925 1362 sint
938 1330 1068 1372 quibus-

329 1393 469 1425 cumque
487 1382 694 1425 poscentibus
713 1383 750 1415 de
769 1382 921 1415 instantia
937 1393 1067 1426 respou-

329 1435 424 1473 dere‚
443 1435 500 1467 sed
518 1435 578 1478 ipsi
600 1440 719 1475 rector,
738 1436 897 1475 doctores,
920 1437 1066 1479 magistri

329 1494 359 1520 ct
377 1488 542 1521 scholares
563 1488 765 1521 adversarios
784 1499 868 1529 suos,
891 1489 1065 1523 dummodo

327 1540 419 1574 Sedis
445 1540 629 1584 praedictae
655 1541 826 1581 officiales,
860 1548 914 1575 aut
945 1543 976 1575 in
1002 1543 1065 1576 Ro-

327 1595 423 1625 mana
447 1593 535 1626 curia
559 1599 753 1637 praesentes
773 1605 837 1627 non
865 1595 937 1635 sint,
957 1606 1064 1630 coram

327 1646 436 1689 aliquo
471 1656 508 1678 ex
544 1646 659 1680 iisdem
690 1650 968 1683 conservatoribus
1003 1655 1064 1684 tra-

327 1699 415 1738 here,
442 1699 615 1733 convenire
641 1705 672 1732 et
696 1701 735 1733 ad
761 1701 913 1735 iudicium
939 1704 1062 1736 evocari

328 1752 431 1785 facere
450 1751 482 1784 in
507 1753 612 1796 prima
635 1753 799 1795 instantia,
818 1760 851 1787 ut
871 1757 1062 1799 praefertur,

326 1799 426 1838 libere
445 1811 477 1839 et
501 1806 587 1840 licite
605 1808 759 1851 valeant),
780 1808 895 1851 quibus
914 1811 1062 1844 omnihus

325 1863 357 1891 et
374 1858 519 1901 singulis,
539 1859 663 1893 etiamsi
681 1860 714 1893 in
739 1860 784 1894 eis
809 1861 870 1894 alia
895 1874 1063 1906 quaecum-

325 1922 388 1955 que
406 1912 501 1945 etiam
520 1912 559 1945 de
577 1913 768 1946 necessitate
791 1915 938 1958 specifice
959 1918 1062 1960 expri-

323 1965 442 1998 menda
467 1965 703 2007 contineantur,
721 1972 751 2000 et
768 1978 828 2010 pro
847 1967 977 2001 illorum
997 1970 1062 2002 sut*-

323 2017 443 2051 sicienti
481 2019 691 2062 derogatione
718 2020 757 2053 de
789 2020 852 2054 illis
885 2032 1060 2066 eorumque

323 2071 397 2104 totis
433 2072 600 2106 tenoribus
618 2100 625 2114 ,
649 2073 818 2117 specialis,
845 2075 994 2118 specifica
1030 2082 1061 2109 et

321 2125 503 2168 individua,
529 2137 564 2159 ac
589 2127 628 2160 de
645 2127 741 2160 verbo
764 2128 801 2160 ad
827 2129 969 2169 verbum,
995 2140 1059 2163 non

321 2184 428 2212 autem
447 2189 507 2223 per
531 2181 689 2214 clausulas
708 2182 877 2224 generales
898 2182 983 2215 idem
1004 2183 1060 2216 im-

320 2236 507 2274 portantes,
532 2233 655 2266 mentio
681 2244 736 2266 seu
762 2234 892 2276 quaevis
918 2235 978 2267 alia
1007 2246 1060 2268 ex-

320 2285 444 2328 pressio
469 2285 619 2318 habenda
650 2292 705 2319 aut
738 2298 960 2331 quaecumque
997 2289 1059 2322 alia

320 2337 478 2380 exquisita
503 2338 606 2371 forma
629 2339 668 2372 ad
694 2340 756 2372 hoc
781 2342 938 2374 servanda
962 2341 1055 2383 foret,

320 2390 449 2423 illorum
473 2391 618 2424 omnium
644 2397 674 2424 et
691 2392 891 2436 singulorum
918 2399 1055 2435 tenores,

319 2444 448 2486 sormaS,
465 2445 651 2478 occasiones
665 2450 697 2479 et
714 2457 834 2488 causas
853 2447 948 2480 etiam
963 2459 1057 2491 quan-

319 2498 433 2531 tumvis
450 2504 677 2541 praegnantes,
695 2499 764 2542 pias
780 2505 811 2532 et
824 2500 1055 2543 privilegiatus,

318 2551 545 2593 praesentibus
562 2563 621 2595 pro
642 2553 738 2595 plene
761 2559 792 2585 et
810 2553 1003 2586 sufficienter
1021 2565 1055 2586 ac

318 2604 357 2637 de
374 2605 471 2639 verbo
486 2605 524 2638 ad
538 2606 671 2639 verbum
687 2605 768 2639 nihil
786 2607 914 2650 penitus
933 2607 1053 2640 omisso

1124 264 1253 297 insertis
1278 268 1309 297 et
1336 264 1496 309 expressis
1522 275 1557 298 ac
1582 266 1784 299 exactissime
1809 267 1861 299 ad-

1124 317 1228 349 ductis
1255 322 1286 350 et
1310 317 1546 351 accuratissime
1573 319 1705 353 servatis
1732 325 1763 352 et
1787 330 1861 363 spe-

1123 369 1255 403 cificatis
1282 371 1459 414 respective
1487 372 1664 413 habentes,
1695 373 1759 407 illis
1783 374 1860 407 alias

1123 423 1154 454 in
1173 434 1232 457 suo
1250 424 1366 457 robore
1394 427 1624 469 permansuris⁷
1643 427 1682 462 ad
1708 428 1861 471 praemis·

1122 487 1228 510 sorum
1254 478 1413 520 effectum,
1432 485 1541 519 motu,
1562 480 1695 513 scientia
1713 487 1744 514 et
1768 487 1860 525 pote-

1121 529 1211 562 statis
1235 531 1438 573 plenitudine
1464 533 1612 575 paribus,
1640 535 1856 577 derogamus,

1120 591 1245 625 nosque
1271 594 1307 615 ex
1341 584 1468 627 urgenti
1502 590 1533 617 et
1565 586 1735 620 sufficienti
1761 591 1857 622 causa

1121 634 1277 677 derogare
1293 641 1323 668 et
1338 637 1528 679 derogatum
1542 640 1625 672 velle
1640 639 1854 681 declaramus;

1119 688 1300 732 ceterisque
1327 691 1496 723 contrariis
1522 691 1786 736 quil.›uscumque.

1163 741 1177 784 ἓ
1206 740 1237 773 6.
1271 741 1420 775 Volumus
1454 748 1559 776 autem
1595 750 1629 776 ut
1665 747 1852 781 earumdem

1117 794 1337 836 praesentium
1364 795 1542 829 litterarum
1561 799 1778 842 transumptis,
1797 810 1854 833 scu

1117 847 1284 890 exemplis,
1312 848 1408 881 etiam
1434 849 1607 892 impressis,
1636 862 1733 884 manu
1759 853 1855 886 alicu·

1116 900 1165 933 ius
1197 901 1314 934 notarii
1352 902 1471 945 publici
1498 903 1715 947 subscriptiS,
1744 911 1775 938 et
1813 907 1855 939 si-

1116 954 1193 996 gillo
1219 965 1378 997 personae
1404 955 1436 988 in
1462 956 1678 990 ecclesiastica
1699 958 1854 1001 dignitate

1115 1007 1467 1049 constitutaemunitis,
1491 1010 1604 1042 eadem
1624 1021 1756 1054 prorsus
1773 1011 1854 1045 fides

1113 1060 1145 1092 in
1167 1060 1287 1093 iudicio
1317 1067 1349 1093 et
1369 1068 1456 1094 extra
1478 1062 1555 1095 illud
1580 1063 1702 1107 ubique
1735 1065 1854 1099 habea-

1115 1118 1172 1153 tur,
1200 1124 1281 1156 quae
1308 1114 1486 1147 haberetur
1511 1115 1587 1158 ipsis
1615 1118 1853 1160 praesentibus,

1113 1166 1138 1198 si
1158 1167 1361 1209 originaliter
1378 1168 1541 1201 exhibitae
1562 1169 1668 1202 forent
1693 1176 1725 1203 et
1742 1177 1854 1204 osten-

1113 1230 1183 1259 sae;
1206 1226 1305 1263 utque
1324 1221 1409 1264 ipsae
1428 1228 1617 1265 praesentes
1635 1223 1771 1265 litterae,
1792 1236 1851 1258 seu

1113 1283 1222 1306 earum
1250 1280 1460 1318 transumpta,
1479 1276 1543 1309 sive
1566 1279 1713 1321 exempla
1738 1279 1850 1312 huius-

1111 1326 1208 1365 modi,
1230 1327 1268 1358 ad
1293 1328 1399 1360 valvas
1425 1329 1621 1362 cathedralis
1647 1331 1850 1373 Leodiensis,

1111 1389 1145 1410 ac
1170 1378 1366 1422 Tongrensis
1401 1385 1432 1412 ct
1468 1380 1498 1414 S.
1527 1381 1684 1415 Trudonis
1716 1384 1851 1427 oppido-

1109 1442 1178 1464 rum
1205 1433 1396 1466 Leodiensis
1424 1434 1583 1468 dioecesis
1605 1437 1849 1480 collegiatarum

1109 1485 1320 1518 ecclesiarum
1357 1487 1565 1530 publicentur
1594 1494 1625 1521 et
1657 1489 1869 1533 affigantur‚'

1108 1537 1221 1581 sicque
1247 1539 1431 1582 publicatae
1465 1545 1497 1573 et
1529 1541 1639 1575 affixae
1665 1548 1846 1584 rectorem,

1107 1590 1290 1633 magistros,
1309 1592 1471 1633 doctores,
1485 1594 1662 1635 scholares
1679 1597 1846 1638 decanum,

1105 1643 1344 1685 vicedecanum,
1357 1652 1603 1680 conservatores
1618 1653 1649 1680 et
1663 1649 1743 1682 alios
1758 1660 1848 1693 prae-

1107 1696 1196 1737 fatos,
1213 1702 1406 1742 ceterosque
1423 1710 1502 1742 quos
1517 1702 1764 1743 quomodolibet
1777 1713 1847 1736 con-

1106 1755 1253 1790 cernunt,
1280 1751 1416 1794 perinde
1437 1752 1578 1785 afficiant
1596 1762 1627 1789 ct
1651 1759 1788 1796 arctent,
1808 1767 1845 1789 ac

1105 1802 1129 1834 si
1148 1802 1279 1836 illorum
1297 1804 1432 1837 cuilibet
1455 1807 1674 1848 personaliter
1698 1809 1846 1842 notifica-

1106 1860 1155 1888 tae
1173 1861 1205 1889 et
1220 1856 1384 1890 intimatae
1403 1858 1550 1892 fuissent.

1148 1909 1260 1943 Datum
1285 1910 1415 1951 Romae,
1442 1913 1526 1955 apud
1552 1913 1582 1946 S.
1601 1913 1730 1948 Mariam
1749 1915 1846 1949 Maio-

1105 1973 1173 1996 rem
1194 1991 1201 2003 ,
1228 1964 1286 1996 sub
1318 1967 1437 1999 annulo
1470 1966 1661 2008 piscatoris,
1697 1969 1748 2001 die
1785 1980 1843 2004 xm

1104 2017 1297 2059 septembris
1325 2028 1487 2059 amemur,
1516 2020 1719 2063 pontificatus
1744 2023 1843 2055 nostri

1104 2079 1186 2102 anno
1212 2081 1260 2103 111.

1138 2131 1200 2159 Dat(
1213 2132 1256 2160 die
1275 2133 1305 2161 13
1321 2135 1488 2170 septembris
1513 2136 1588 2171 1669,
1605 2137 1702 2173 pontif.
1715 2146 1784 2166 anno
1801 2145 1839 2167 111.

1406 2268 1534 2302 CXVIII.

1100 2341 1252 2374 Diversae
1276 2342 1447 2386 facultates
1465 2348 1493 2377 et
1507 2344 1728 2379 ordinationes
1753 2349 1841 2381 circa

1144 2395 1333 2428 exercitium
1359 2397 1504 2430 muneris
1528 2409 1564 2430 (ιε
1592 2398 1839 2442 dependentium

1144 2449 1427 2482 m{ssionariorum
1461 2451 1666 2494 requtlarz'um
1697 2455 1839 2487 cuiusvis

1145 2500 1291 2542 Ordinis,
1319 2503 1417 2535 etiam>
1442 2503 1609 2537 Socz'etalis
1634 2506 1719 2547 Iesu,
1747 2517 1766 2539 α
1791 2507 1838 2539 υί-

1142 2555 1241 2586 cariis
1266 2556 1452 2598 apostolicis
1476 2558 1565 2600 apud
1590 2558 1718 2592 Sina-5¹.

1135 2618 1145 2643 1
1168 2616 1205 2643 Ex
1227 2617 1333 2653 Regest.
1355 2619 1383 2645 in
1403 2619 1506 2647 Secret.
1527 2610 1616 2648 Brev.v

1761 209 1825 242 815
1871 219 1918 245 An.
1940 218 1967 247 c.
1988 208 2054 248 miso

1915 758 1977 779 Fides
1993 761 2050 780 tran-

1864 787 2002 811 sumptorum.
