2247 3208
205 241 253 266 nn.
273 239 300 266 c,
322 239 392 267 1⁶68
439 231 503 265 69⁶2

234 877 323 899 Motiva.

398 300 499 329 sores,
526 289 578 332 qui
604 298 659 322 eos
683 298 805 325 cursus,
822 287 961 320 lecturas
977 288 1026 319 vel
1045 297 1133 319 exer-

397 342 471 374 citia
492 343 669 374 litterarum
690 345 895 384 peregerant,
916 350 997 382 quae
1023 350 1133 371 secun-

399 395 472 427 dum
499 394 685 426 eorumdem
703 392 897 434 regularium
912 392 1132 424 institutorum

398 447 530 479 formam
556 451 588 478 et
608 452 755 478 tenorem
771 445 1031 488 requirebantur,
1052 445 1135 477 eius-

399 499 470 531 dem
487 498 614 531 Ordinis
631 497 803 540 magistros
817 497 848 529 in
863 493 952 529 sacra
970 497 1134 539 theologia

398 551 529 584 creandi
556 556 586 583 et
610 550 802 583 instituendi
828 550 1010 582 facultatem
1036 549 1135 582 habe-

398 604 463 643 bat,
490 603 666 636 dummodo
686 608 795 635 tamen
813 602 912 635 iidem
931 602 1135 645 professores

399 656 576 698 magisterii
601 656 666 688 sive
692 656 877 688 doctoratus
903 655 936 687 in
955 655 1068 688 eadem
1088 665 1137 687 sa-

401 711 454 740 cra
481 709 646 751 theologia
671 710 812 741 lauream
837 708 870 740 in
895 707 1001 750 aliqua
1021 718 1138 750 appro-

400 761 476 793 bata
501 761 599 793 studii
625 761 784 803 generalis
808 761 1018 794 universitate
1037 760 1138 793 susci-

402 820 537 858 perent;

446 870 461 911 ἓ
486 869 516 901 1.
544 867 621 906 Quia
648 879 724 901 vero
749 868 781 900 in
807 867 1017 910 suscipienda
1036 866 1139 909 magi-

403 923 490 955 sterii
516 921 585 955 sive
612 922 794 954 doctoratus
810 921 843 952 in
860 920 1070 952 universitate
1085 929 1139 961 ge-

403 977 503 1008 nerali
542 974 728 1007 huiusmodi
766 975 874 1006 laurea
913 972 1138 1006 intolerabiles

402 1029 611 1072 pecuniarum
632 1037 776 1059 summae
797 1025 1028 1068 expendendae
1048 1030 1141 1058 erant

402 1082 436 1113 in
461 1092 611 1123 magnum
647 1079 874 1123 pauperrimae
905 1079 991 1111 inter
1020 1078 1140 1111 Mendi-

404 1140 512 1167 cantes
536 1134 703 1176 religionis
729 1133 970 1171 detrimentum,
992 1137 1024 1164 et
1041 1132 1141 1164 colle-

405 1188 492 1229 gium
509 1187 539 1219 S.
556 1186 728 1219 Theresiae
741 1185 977 1218 Salamantinae
997 1185 1141 1218 eiusdem

404 1239 533 1272 Ordinis
559 1250 686 1282 semper
704 1239 862 1271 habuerat
881 1244 910 1271 et
927 1238 1140 1281 imposterum

406 1293 594 1325 habiturum
632 1292 824 1335 sperabatur
858 1297 1009 1334 regentes
1047 1296 1079 1324 et
1109 1291 1143 1323 in

406 1347 518 1378 eadem
544 1348 635 1378 sacra
659 1345 826 1387 theologia
839 1345 1011 1387 magistus
1031 1345 1143 1391 doctos

396 1404 438 1438 ret
462 1399 495 1431 in
519 1399 699 1431 litterarum
726 1398 889 1430 exercitiis
914 1398 1049 1430 maxime
1074 1408 1144 1429 ver-

275 2037 400 2057 Constitutio

218 2063 300 2085 Urbani
316 2063 367 2084 vm.

406 1458 504 1489 satos,
530 1462 588 1494 per
608 1451 758 1483 eumdem
775 1450 981 1482 Theodorum
1001 1450 1145 1493 priorem

407 1505 592 1548 generalem
618 1503 762 1546 praefato
795 1502 923 1534 t'rbano
957 1502 1145 1544 praedeces-

407 1558 471 1590 sori
498 1556 690 1599 supplicato,
708 1561 754 1594 ut,
777 1566 839 1597 quo
865 1555 991 1587 debitus
1018 1555 1144 1587 virtutis

408 1611 513 1642 honos
539 1609 684 1641 eiusdem
699 1607 826 1640 Ordinis
842 1607 1081 1650 provinciarum
1096 1607 1146 1639 Hi-

408 1663 539 1705 spaniae
556 1667 585 1693 ct
601 1660 783 1693 Lusitaniae
809 1659 1062 1702 professoribus,
1091 1660 1145 1703 qui

408 1716 440 1748 in
466 1715 586 1747 artibus
614 1720 645 1745 et
669 1723 778 1746 sacrae
815 1713 1000 1755 theologiae
1035 1714 1146 1745 huius-

409 1767 493 1800 modi
513 1767 627 1799 studiis
642 1776 767 1798 cursum
786 1765 1005 1808 perfecissent,
1025 1771 1056 1798 et
1070 1766 1147 1799 alias

410 1821 498 1863 digni
520 1826 549 1852 et
568 1819 675 1852 idonei
694 1824 814 1857 essent,
842 1818 974 1850 sublatis
997 1819 1146 1862 expensis

411 1873 606 1908 huiusmodi,
634 1872 819 1911 haberetur,
846 1882 944 1914 super
960 1873 1146 1914 praemissis

412 1932 592 1969 opportune
608 1925 778 1968 providere
797 1925 835 1957 de
854 1925 1055 1967 benignitate
1073 1936 1149 1968 apo-

412 1979 523 2012 stolica
550 1979 739 2021 dignaretur
752 1978 760 1994 ¹
777 1989 784 2010 :

457 2033 470 2075 ἓ
496 2032 526 2065 Ξ.
555 2032 641 2064 Idem
660 2031 807 2064 Urbanus
828 2032 1071 2074 praedecessor,
1090 2032 1150 2064 hu-

416 2085 550 2117 iusmodi
566 2084 858 2128 supplicationibus
868 2084 1049 2123 inclinatus,
1060 2095 1150 2127 prae-

415 2139 477 2170 fato
503 2138 674 2170 Theodoro
696 2142 728 2169 et
751 2147 811 2179 pro
829 2142 975 2179 tempore
999 2137 1150 2169 existenti

414 2190 513 2232 priori
540 2190 683 2231 generali
706 2189 781 2221 dicti
807 2189 946 2229 Ordinis,
973 2188 984 2206 '³
1001 2190 1150 2223 omnibus

414 2249 442 2274 et
470 2243 602 2284 singulis
628 2243 772 2275 eiusdem
808 2242 935 2275 Ordinis
965 2248 995 2274 et
1024 2243 1152 2285 provin-

415 2295 535 2327 ciarum
561 2296 778 2338 praefatarum
795 2295 1042 2338 professoribus,
1061 2306 1150 2338 quos,

416 2348 572 2380 absolutis
606 2359 665 2391 per
704 2359 758 2381 eos
793 2359 911 2388 cursu,
945 2349 1077 2381 lecturis
1104 2349 1152 2381 vel

416 2400 574 2432 exercitiis
599 2401 777 2433 litterarum
804 2412 820 2433 a
845 2401 1047 2443 regularibus
1077 2402 1152 2434 dicti

416 2452 544 2486 Ordinis
568 2454 730 2495 institutis,
758 2460 788 2487 ut
816 2455 1017 2498 praefertur,
1043 2455 1153 2498 requi-

456 2533 466 2558 1
490 2532 556 2558 Male
572 2532 615 2559 ed.
632 2532 710 2559 Maio.
729 2533 792 2568 legit
807 2534 1001 2568 aliqum-emur
1015 2536 1053 2568 (n.
1069 2536 1118 2568 r.).

455 2576 470 2602 2
491 2576 631 2602 Coniunct.
649 2580 674 2602 et
690 2577 843 2611 importune
860 2577 901 2604 hic
918 2577 1085 2605 interiectam
1105 2578 1153 2605 de-

421 2619 507 2647 lemus
523 2623 560 2655 (a,
578 2620 625 2654 τ.),

983 238 1162 263 mmmmm
1186 239 1337 264 Rom-xcii

1174 287 1261 328 sitis,
1288 292 1320 319 et
1344 287 1477 320 servatis
1503 288 1579 322 alias
1601 287 1781 328 servandis,
1810 286 1911 329 magi-

1175 345 1258 372 stros
1284 340 1316 372 in
1342 340 1453 373 eadem
1479 343 1568 373 sacra
1593 342 1757 384 theologia
1786 344 1911 373 crearet

1176 397 1205 424 et
1230 392 1424 440 institueret,
1451 393 1536 435 quod
1562 393 1608 426 illi
1634 393 1667 425 in
1684 393 1829 437 praefato
1847 393 1912 425 eol-

1176 445 1261 485 legio
1297 444 1515 478 Salamantino
1555 445 1586 478 S.
1629 446 1802 478 Theresiae
1841 456 1912 478 cum

1177 497 1326 540 rigoroso
1351 498 1497 530 examine
1532 504 1561 531 et
1599 498 1831 542 approbatione
1863 509 1914 531 re-

1178 551 1322 594 gentium
1360 556 1392 583 et
1422 551 1556 584 aliorum
1581 552 1807 594 magistrorum
1833 551 1914 584 eius-

1180 604 1252 636 dem
1278 603 1418 646 collegii,
1434 613 1470 636 ac
1490 604 1625 636 servatis
1640 603 1710 636 aliis
1724 603 1914 637 conditioni-

1179 657 1238 689 bus
1265 656 1350 688 iuxta
1375 656 1536 699 regularia
1560 656 1705 689 instituta
1729 656 1914 689 huiusmodi

1179 709 1379 748 necessariis
1399 720 1415 741 a
1440 709 1606 752 superiore
1624 709 1768 742 eiusdem
1786 709 1914 752 collegii

1180 762 1356 804 nzagisterii
1381 761 1446 794 sive
1470 762 1659 795 doctoratus
1676 761 1709 794 in
1731 762 1842 794 eadem
1867 772 1917 794 sa-

1181 816 1235 846 cra
1260 814 1424 857 theologia
1448 815 1593 847 lauream
1625 814 1789 857 suscipere
1814 814 1916 846 libere

1181 872 1213 899 et
1237 867 1322 900 licite
1348 872 1481 910 possent
1494 872 1526 899 et
1538 868 1694 907 valerent,
1715 866 1917 899 concedendi

1183 925 1211 952 et
1224 920 1412 962 indulgendi
1429 921 1622 960 facultatem,
1641 920 1832 953 auctoritate
1847 930 1918 963 apo-

1182 973 1297 1005 stoliea
1322 973 1490 1011 concessit,
1511 978 1542 1006 et
1559 973 1636 1006 alias
1652 978 1749 1016 prout
1763 973 1795 1005 in
1815 972 1918 1016 ipsius

1183 1025 1300 1058 Urbani
1335 1026 1597 1069 praedecessoris
1621 1026 1738 1058 litteris
1776 1026 1919 1068 desuper

1184 1079 1215 1111 in
1241 1078 1336 1111 simili
1362 1078 1463 1111 forma
1488 1078 1598 1111 Brevis
1625 1078 1675 1110 die
1700 1088 1770 1111 xxw
1792 1078 1919 1120 augusti

1183 1141 1341 1164 iincxxxiv
1376 1131 1558 1173 expeditis,
1600 1141 1735 1174 quarum
1773 1135 1920 1164 tenorem

1184 1184 1409 1227 praesentibus
1441 1194 1499 1226 pro
1528 1184 1625 1226 plene
1655 1189 1688 1216 et
1723 1183 1921 1216 sufficienter

1185 1247 1335 1281 expresso
1350 1242 1379 1269 et
1393 1237 1514 1270 inserto
1540 1237 1656 1269 haberi
1675 1236 1922 1277 volumus,11be-

1186 1291 1253 1322 rius
1278 1290 1476 1323 continetur.

1231 1344 1245 1386 ἓ
1270 1343 1301 1376 3.
1328 1343 1404 1376 Cum
1429 1348 1545 1382 autem,
1573 1343 1654 1376 sicut
1674 1353 1733 1386 pro
1758 1347 1850 1386 parte
1877 1342 1923 1375 di-

1925 235 1974 262 An.
1991 234 2019 261 C.
2039 233 2109 260 mes

1981 1350 2116 1376 Supplicatum

1933 1381 1954 1399 et
1962 1379 2038 1398 motiva
2047 1381 2117 1397 novae

1187 1397 1344 1429 lectorum
1368 1396 1508 1429 filiorum
1542 1396 1691 1428 Matthaei
1719 1396 1756 1429 de
1781 1395 2086 1429 OrlandOconoessioms.

1188 1461 1223 1482 ac
1249 1450 1395 1482 Andreae
1416 1449 1477 1482 Lao
1502 1449 1618 1492 prioris
1648 1454 1679 1481 et
1706 1448 1924 1492 procuratoris

1189 1503 1387 1545 generalium
1406 1502 1481 1535 dicti
1495 1502 1623 1535 Ordinis
1639 1502 1818 1545 respective
1832 1501 1926 1534 nobis

1189 1566 1293 1599 nuper
1317 1555 1497 1598 expositum
1524 1555 1592 1594 fuit,
1617 1555 1731 1587 maiori
1756 1555 1839 1597 parti
1866 1554 1926 1586 fra-

1189 1613 1273 1640 trum
1299 1608 1443 1641 eiusdem
1467 1607 1595 1640 Ordinis
1627 1607 1718 1640 valde
1752 1607 1926 1639 incommo-

1191 1661 1265 1693 dum
1298 1661 1356 1699 sit,
1384 1662 1514 1693 laureae
1539 1660 1711 1693 doctoralis
1738 1658 1926 1691 huiusmodi

1191 1713 1437 1757 consequendae
1457 1723 1542 1755 ergo,
1562 1714 1601 1746 ad
1621 1717 1833 1746 memoratum
1851 1721 1928 1744 con-

1191 1774 1323 1800 ventum
1348 1767 1601 1800 Salamantinum
1626 1766 1801 1805 accedere,
1834 1764 1928 1797 nobis

1191 1826 1366 1864 propterea
1404 1820 1480 1853 dicti
1520 1825 1718 1863 exponentes
1759 1817 1928 1851 humiliter

1191 1872 1367 1916 supplicari
1388 1873 1533 1905 fecerunt
1551 1878 1586 1904 ut
1605 1872 1638 1904 in
1663 1871 1852 1916 praemissis
1877 1881 1929 1913 op-

1192 1931 1333 1968 portune
1359 1925 1531 1968 providere
1558 1930 1589 1958 et
1607 1930 1643 1957 ut
1659 1925 1742 1957 infra
1758 1924 1929 1966 indulgere

1194 1979 1233 2011 de
1257 1978 1458 2020 benignitate
1483 1978 1660 2021 apostolica
1685 1978 1904 2020 dignaremur.

1238 2032 1252 2075 ξ
1269 2032 1300 2063 li.
1319 2030 1382 2063 Nos
1399 2031 1507 2073 igitur,
1523 2031 1624 2064 dictos
1638 2035 1840 2073 exponentes
1858 2039 1931 2072 spe-

1195 2085 1330 2117 cialibus
1369 2084 1529 2117 favoribus
1565 2090 1596 2117 et
1632 2083 1741 2126 gratiis
1776 2081 1930 2126 prosequi

1194 2138 1354 2176 volentes,
1381 2141 1413 2169 et
1436 2147 1550 2169 eorum
1574 2137 1756 2178 singulares
1773 2144 1930 2178 personas

1196 2201 1212 2222 a
1230 2190 1395 2233 quibusvis
1420 2189 1774 2228 excommunicationis,
1801 2197 1932 2231 suspen·

1196 2243 1294 2276 sionis
1331 2247 1363 2275 et
1394 2242 1580 2281 interdicti,
1615 2241 1749 2284 aliisque
1782 2241 1932 2273 ecclesia-

1197 2297 1285 2329 sticis
1315 2295 1504 2333 sententiis,
1532 2294 1678 2327 censuris
1704 2299 1735 2326 et
1758 2293 1887 2337 poenis,
1914 2296 1933 2325 va

1198 2349 1266 2381 iure
1290 2349 1339 2380 vel
1369 2350 1406 2379 ab
1434 2347 1587 2387 homine,
1620 2346 1730 2390 quavis
1762 2346 1932 2379 occasione

1197 2403 1247 2434 vel
1273 2404 1368 2434 causa
1400 2401 1480 2440 latis,
1507 2401 1532 2433 si
1557 2400 1672 2444 quibus
1689 2398 1935 2443 quomodolibet

1197 2456 1368 2488 innodatae
1401 2454 1560 2495 existunt,
1595 2454 1633 2486 ad
1665 2452 1815 2486 effectum
1839 2461 1934 2495 prae-

1197 2508 1334 2541 sentium
1360 2508 1524 2540 dumtaxat
1555 2506 1840 2549 consequendum,
1877 2505 1933 2537 ha-

1197 2571 1269 2593 rum
1289 2561 1373 2593 serie
1401 2561 1605 2593 absolventes
1630 2565 1661 2592 et
1685 2559 1848 2591 absolutas
1865 2558 1932 2590 fore

1198 2618 1388 2651 censentes,
1427 2612 1613 2646 huiusmodi
1643 2611 1934 2654 supplicationibus

1957 2035 2070 2056 Confirmat
2077 2038 2128 2061 pro-

1942 2065 1964 2083 ut
1980 2063 2002 2082 in
2017 2062 2114 2082 rubrica.
