2247 3208
257 228 305 255 An.
322 226 350 254 c.
374 225 441 253 1666
486 216 551 251 47⁹2

441 274 472 308 S.
499 272 592 306 Marci
619 277 649 304 et
673 271 912 313 Rogationum,
944 273 975 301 et
1012 267 1082 300 aliis
1107 267 1177 309 qui-

441 328 640 367 buscumque
665 321 929 366 processionibus
955 319 1176 363 generalibus,

441 384 507 411 tum
521 375 700 414 ordinariis,
723 380 789 407 tum
808 373 1078 411 extraordinariis,
1099 382 1177 415 quas

441 429 631 475 praesertim
656 428 725 461 fieri
746 427 919 468 contigerit
936 425 975 457 ad
992 425 1177 457 instantiam

441 483 536 525 regis,
563 483 612 515 vel
647 481 688 513 ob
714 480 807 512 aliam
837 478 1000 522 publicam
1029 482 1175 516 causam,

441 536 544 580 prima
568 533 730 577 processio
757 532 810 565 fiat
835 532 873 564 ab
899 530 1035 564 ecclesia
1061 530 1095 562 B.
1115 530 1178 562 Ma-

441 588 519 628 riae,
551 586 692 620 secunda
721 585 759 617 ab
785 584 921 617 ecclesia
946 582 976 615 S.
997 582 1177 622 Salvatoris,

443 646 474 674 et
503 640 549 672 sic
574 639 728 681 deinceps
753 637 954 676 alternatim,
988 640 1020 668 et
1052 645 1179 678 semper

442 703 514 726 cum
538 683 719 724 interventu
744 689 874 733 capituli
900 688 998 721 solius
1023 688 1177 721 ecclesiae

443 757 460 779 a
485 756 547 789 qua
572 744 606 776 fit
630 742 807 787 processio.

486 798 634 831 Servetur
659 796 770 829 itidem
790 795 843 827 hic
867 795 947 827 ordo
973 793 1178 826 alternatirae

441 852 474 884 in
500 849 704 883 dedicatione
730 847 997 890 metropolitanae
1023 845 1178 878 ecclesiae

443 903 765 944 Caesaraugustanae,
785 910 866 943 quae
886 899 969 931 cadit
986 899 1037 931 die
1053 908 1116 931 xv11
1136 898 1181 929 iu-

442 956 485 995 lii,
505 956 547 988 ita
564 960 598 987 ut
624 955 685 986 hoc
714 963 800 985 anno
816 948 1004 985 ‘celebretur
1030 950 1181 983 solemni-

442 1015 491 1042 ter
515 1014 546 1041 et
570 1005 749 1050 pontificali
774 1004 836 1036 ritu
858 1004 890 1036 in
915 1003 1050 1036 ecclesia
1066 1003 1101 1036 B.
1120 1002 1181 1035 Ma-

444 1061 509 1093 riae
526 1086 533 1099 ,
560 1065 591 1091 et
619 1059 650 1090 in
676 1057 823 1100 sequenti
858 1067 942 1089 anno
978 1055 1010 1087 in
1046 1055 1182 1088 ecclesia

446 1114 476 1147 S.
508 1112 695 1151 Salv-amris,
730 1120 789 1142 nec
821 1120 884 1142 non
917 1108 948 1141 in
980 1108 1067 1140 sestis
1098 1107 1183 1139 Nati-

442 1166 546 1199 vitatis
563 1192 570 1205 ,
608 1162 809 1207 Epiphaniae
825 1189 832 1202 ,
865 1160 1119 1195 Resurrectionis
1152 1158 1202 1192 et'

444 1218 650 1253 Ascensionis
676 1215 823 1254 Domini,
850 1215 1071 1252 Pentecostes7
1096 1212 1182 1245 Nati-

443 1272 548 1304 vitatis
573 1270 603 1303 S.
633 1269 760 1302 loannis
786 1267 957 1310 Baptistae,
981 1266 1028 1298 Ss.
1051 1266 1183 1308 Aposto-

445 1326 550 1357 lorum
575 1323 660 1355 Petri
678 1326 709 1354 et
733 1321 833 1360 Pauli,
854 1319 884 1352 S.
905 1318 1009 1352 Iacobi
1027 1317 1180 1361 apostoli,

445 1376 595 1409 Omnium
615 1374 813 1411 Sanctorum,
834 1377 864 1405 et
886 1371 957 1404 aliis
982 1381 1039 1414 per
1064 1381 1181 1403 annum

446 1429 635 1462 solemniter
659 1425 815 1460 celebrari
852 1424 976 1463 solitis,
1009 1423 1052 1455 ita
1086 1428 1121 1455 ut
1150 1423 1181 1454 in

447 1492 557 1514 earum
587 1479 720 1522 singulis
756 1477 882 1510 intersit
917 1476 1182 1519 archiepiscopus

447 1533 629 1567 alternatim
654 1533 685 1564 in
718 1531 876 1564 alterutra
897 1529 1042 1569 ecclesia,
1072 1529 1184 1561 incho-

447 1586 530 1619 ando
550 1585 588 1617 ab
606 1584 741 1617 ecclesia
760 1584 793 1616 B.
810 1583 937 1615 Mariae.
956 1581 1183 1614 Verumtamen

448 1639 526 1671 festa
550 1637 736 1677 Nativitatis‚
755 1635 990 1678 Assumptionis
1010 1639 1041 1667 et
1065 1633 1185 1667 Conce-

449 1691 568 1734 ptionis
596 1689 800 1722 beatissimae
829 1688 966 1731 Virginis
997 1688 1184 1720 immacula-

449 1749 499 1776 tae
524 1754 560 1776 ac
583 1743 614 1776 S.
638 1743 767 1781 Braulii,
788 1743 820 1774 in
841 1741 978 1774 ecclesia
999 1741 1033 1773 B.
1051 1740 1182 1779 Mariae,

451 1796 532 1829 festa
555 1806 630 1829 vero
648 1796 678 1827 S.
698 1795 815 1828 Valerii
835 1805 869 1827 ac
890 1793 936 1827 Ss.
957 1794 1058 1826 Iustae
1077 1799 1107 1826 et
1131 1793 1182 1827 Se-

450 1849 582 1887 cundae,
602 1848 633 1880 in
655 1847 790 1881 ecclesia
814 1848 844 1880 S.
868 1846 1048 1885 Salvatoris,
1065 1851 1100 1878 ut
1117 1857 1185 1879 mo-

451 1901 494 1933 ris
519 1905 575 1939 est,
596 1900 785 1933 solemniter
809 1899 991 1942 quotannis,
1011 1900 1098 1932 nullo
1126 1909 1185 1931 ser—

451 1959 523 1987 vato
548 1953 661 1986 ordine
694 1953 922 1992 alternativae,
955 1952 994 1984 ab
1027 1952 1185 1995 archiepi-

452 2016 550 2049 scopo
575 2006 731 2039 celebrari
759 2006 917 2043 debeant,
945 2005 988 2037 ita
1013 2009 1119 2037 tamen
1151 2010 1187 2037 ut

453 2059 534 2092 festa
552 2058 737 2091 huiusmodi
755 2058 884 2091 minime
903 2058 1024 2090 varient
1050 2068 1110 2090 nec
1132 2058 1186 2090 ali-

454 2122 518 2155 quo
536 2112 632 2144 modo
657 2112 894 2153 interrumpam
916 2111 1136 2143 alternativam
1154 2111 1185 2143 in

455 2165 525 2197 aliis
550 2164 783 2197 festivitatibus.

500 2218 545 2250 Ad
571 2218 651 2250 haec
670 2217 850 2260 cappellani
877 2217 1010 2250 aliarum
1037 2217 1187 2249 ecclesia-

456 2279 538 2309 rum,
557 2270 609 2313 qui
625 2270 757 2312 singulis
773 2270 914 2302 sabbatis
937 2274 1088 2302 tenentur
1099 2279 1187 2301 acce-

458 2323 533 2355 dere
551 2323 590 2355 ad
604 2322 887 2366 metropolitanam
901 2322 1068 2355 ecclesiam
1088 2322 1126 2354 ad
1145 2332 1188 2354 re-

457 2375 643 2418 cipiendum
660 2375 806 2408 ordinem
824 2374 980 2408 recitandi
1002 2374 1142 2407 officium
1156 2374 1187 2406 in

458 2427 659 2460 hebdomada
684 2428 857 2471 sequenti,
884 2433 1011 2460 servent
1042 2427 1190 2465 similite}

458 2480 692 2524 praescriptum
717 2480 864 2512 ordinem
889 2480 1117 2521 alternativae,
1147 2480 1189 2512 ita

1028 220 1207 246 BULLARIUM
1231 219 1381 245 ROMANL'M

1221 267 1331 307 litana,
1349 272 1380 300 et
1408 267 1440 300 in
1461 268 1607 311 sequenti
1633 269 1767 317 sabbato
1789 271 1828 304 ab
1858 272 1957 305 altera

1219 321 1478 363 metropolitana,
1496 321 1622 354 initium
1636 324 1791 357 sumendo
1810 335 1827 357 a
1845 320 1958 359 metro-

1219 372 1364 414 politana
1397 372 1431 404 B.
1460 372 1587 405 Mariae.
1625 373 1793 408 Solemnes
1828 388 1957 420 quoque

1220 424 1451 464 ordinationes,
1468 425 1702 459 administratio
1720 428 1911 469 chrismatis,
1927 437 1958 463 et

1220 477 1375 509 solemnis
1394 477 1582 510 benedictio
1616 479 1823 513 candelarum
1848 481 1880 513 in
1906 482 1956 515 die

1220 529 1472 569 Purificationis,
1500 539 1629 562 necnon
1656 531 1768 564 concio
1793 532 1861 565 fieri
1887 545 1958 567 con-

1221 587 1309 614 sueta
1324 581 1355 613 in
1375 582 1511 614 ecclesia
1535 584 1787 626 metropolitana
1803 596 1862 628 per
1882 598 1958 620 con-

1221 633 1419 666 cionatorem
1446 635 1615 678 hospitalis
1642 636 1718 668 seria
1737 640 1848 679 quarta
1867 638 1958 672 Cine-

1220 697 1307 725 rum,
1338 697 1395 729 pro
1424 687 1526 730 prima
1557 687 1626 720 vice
1656 689 1733 721 fiant
1760 690 1792 721 in
1822 691 1957 723 ecclesia

1199 777 1201 787 Ι
1222 740 1256 772 Β.
1274 740 1389 772 Mariae
1406 740 1474 772 sine
1493 740 1675 774 assistentia
1696 742 1827 784 capituli
1847 743 1877 775 S.
1897 743 1959 776 Sal—

1221 792 1360 832 vatoris‚
1394 798 1425 825 et
1456 803 1515 836 pro
1543 794 1683 826 secunda
1715 794 1781 827 vice
1813 795 1890 827 fiant
1926 796 1957 828 in

1222 845 1354 877 eeclesia
1369 844 1399 877 S.
1414 845 1585 878 Salvatoris
1602 846 1670 878 sine
1685 846 1865 879 assistentia
1876 848 1959 891 capi-

1224 898 1277 930 tuli
1303 897 1460 930 ecclesiae
1487 899 1520 930 B.
1542 898 1666 937 Mariae,
1690 904 1720 931 et
1736 898 1779 931 ita
1804 899 1836 932 in
1854 905 1960 942 poste-

1224 959 1291 981 rum
1325 950 1528 990 alternatim;
1566 950 1717 992 idemque
1754 958 1898 984 servetur
1925 953 1959 985 in

1224 1001 1359 1034 solemni
1376 1002 1606 1035 benedictione
1624 1004 1817 1045 palmarum,
1838 1004 1870 1036 in
1887 1015 1960 1037 con-

1223 1055 1402 1087 secratione
1435 1055 1606 1094 oleorum,
1632 1060 1664 1087 et
1686 1055 1719 1087 in
1744 1056 1858 1088 ceteris
1890 1057 1959 1089 sun-

1223 1107 1383 1140 ctionibus
1398 1107 1528 1139 maioris
1544 1107 1779 1148 hebdomadae,
1796 1119 1878 1151 quae
1897 1109 1960 1142 hoc

1223 1160 1326 1203 primo
1352 1170 1435 1192 anno
1460 1160 1499 1193 ab
1525 1160 1773 1204 archiepiscopo
1790 1161 1867 1194 fiant
1892 1172 1960 1194 om·

1224 1223 1280 1245 nes
1317 1213 1348 1245 in
1385 1213 1523 1245 ecclesia
1556 1213 1589 1245 B.
1618 1213 1752 1253 Mariae,
1785 1219 1816 1247 et
1847 1214 1878 1246 in
1911 1224 1960 1247 se-

1224 1265 1336 1309 quenti
1351 1276 1436 1298 anno
1450 1265 1483 1297 in
1498 1266 1634 1298 ecclesia
1648 1265 1679 1298 S.
1693 1266 1872 1305 Salvatoris,
1888 1278 1958 1299 cum

1224 1318 1404 1351 interventu
1442 1318 1575 1361 capituli
1607 1318 1706 1350 solius
1742 1319 1897 1352 ecclesiae
1927 1320 1959 1352 in

1225 1382 1286 1414 qua
1320 1371 1499 1403 functiones
1531 1371 1715 1413 praedictae
1749 1377 1957 1414 peraguntur.

1268 1424 1398 1456 Necnon
1417 1424 1449 1456 in
1470 1424 1750 1456 administratione
1777 1424 1911 1457 subsidii
1930 1430 1961 1457 et

1224 1477 1384 1517 excusati,
1415 1487 1495 1520 quae
1528 1476 1560 1508 in
1590 1476 1695 1519 primo
1731 1476 1836 1509 futuro
1872 1477 1960 1520 quin-

1225 1530 1366 1573 quennio
1392 1534 1519 1573 spectet
1539 1530 1578 1562 ad
1603 1530 1779 1573 capitulum
1804 1530 1959 1563 ecclesiae

1225 1584 1259 1616 B.
1295 1583 1434 1622 Mariae,
1470 1582 1503 1615 in
1536 1583 1678 1615 secundo
1712 1582 1751 1615 ad
1785 1583 1959 1626 capitulum

1202 1669 1203 1673 ,
1226 1635 1381 1668 ecclesiae
1403 1634 1433 1667 S.
1454 1635 1637 1674 Salvatoris,
1658 1640 1689 1667 et
1713 1634 1757 1667 sic
1781 1635 1960 1668 alternatim

1225 1689 1263 1721 de
1291 1688 1515 1731 quinquennio
1540 1688 1573 1719 in
1599 1687 1864 1730 quinquennium.

1269 1742 1305 1774 Et
1331 1742 1528 1785 generaliter
1545 1741 1796 1785 suprascriptum
1813 1741 1959 1774 ordinem

1226 1795 1429 1828 alternativae
1455 1799 1616 1837 perpetuo
1643 1798 1747 1825 servet
1764 1793 1960 1826 venerabilis

1227 1849 1325 1880 frater
1354 1848 1528 1880 modernus
1560 1846 1823 1890 archiepiscopus
1849 1846 1962 1879 Cacsa-

1227 1905 1436 1942 raugustanus
1461 1904 1492 1931 et
1516 1898 1602 1932 illius
1628 1908 1842 1938 successores,
1865 1903 1961 1942 atque

1227 1953 1279 1986 alii
1296 1953 1334 1985 ad
1350 1963 1430 1995 quos
1444 1952 1587 1994 pertinet
1606 1956 1638 1983 et
1654 1960 1712 1994 pro
1731 1956 1878 1994 tempore
1893 1961 1962 1994 per-

1228 2005 1361 2042 tinebit,
1389 2010 1451 2036 tam
1477 2005 1509 2036 in
1540 2003 1728 2046 praemissis
1765 2014 1859 2046 quam
1892 2003 1961 2035 aliis

1228 2058 1478 2101 quibuscumque
1492 2056 1614 2088 actibus
1630 2061 1661 2088 et
1676 2055 1892 2088 functionibus
1906 2066 1962 2099 pu-

1228 2111 1319 2143 blicis
1345 2109 1582 2142 cathedralitati
1608 2108 1885 2151 competentibus3
1913 2119 1962 2141 ar-

1228 2162 1457 2205 chiepiscopus
1483 2161 1614 2204 quidem
1651 2162 1708 2192 sub
1733 2162 1838 2203 poena
1863 2160 1963 2193 inter·

1230 2215 1303 2248 dicti
1324 2215 1362 2247 ab
1379 2215 1528 2257 ingressu
1546 2213 1721 2254 ecclesiae,
1742 2213 1794 2246 alii
1809 2224 1883 2246 vero
1902 2213 1961 2246 sub

1230 2269 1334 2311 poena
1358 2267 1578 2310 suspensionis
1605 2278 1622 2299 a
1643 2267 1759 2299 divinis
1784 2266 1854 2310 ipso
1880 2267 1961 2299 sacto

1231 2320 1424 2353 incurrenda
1449 2320 1474 2351 si
1501 2325 1612 2352 contra
1636 2319 1782 2352 fecerint.

1273 2373 1372 2405 Porro
1406 2373 1438 2405 in
1473 2372 1608 2405 comitiis
1650 2371 1741 2414 regni
1774 2372 1805 2404 in
1846 2370 1961 2414 quihus

1231 2425 1424 2468 suffragandi
1460 2425 1509 2457 ius
1545 2425 1667 2457 habent
1701 2424 1792 2467 prior
1819 2429 1851 2456 et
1881 2434 1963 2456 unus

1231 2479 1406 2511 canonicus
1433 2477 1586 2511 ecclesiae
1612 2479 1646 2510 B.
1674 2478 1806 2517 Mariae,
1836 2487 1962 2511 necnon

459 2533 581 2565 scilicet
606 2538 641 2564 ut
660 2543 723 2564 uno
748 2532 881 2565 sabbato
900 2533 1058 2575 recipiant
1078 2532 1190 2565 huius-
1232 2533 1370 2565 decanus
1407 2537 1437 2564 et
1472 2541 1552 2562 unus
1592 2529 1766 2562 canonicus
1807 2530 1962 2563 ecclesiae

459 2586 546 2619 modi
567 2585 715 2618 ordinem
741 2585 779 2617 ab
799 2587 860 2617 una
876 2586 1011 2618 ecclesia
1026 2590 1190 2629 metropo-
1231 2585 1261 2617 S.
1281 2583 1462 2624 Salvatoris,
1483 2587 1629 2616 servetur
1646 2583 1726 2615 ordo
1751 2582 1964 2617 alternativae

1962 225 2013 252 An.
2030 223 2057 253 c.
2078 211 2154 253 ioes'
