2247 3208
60 165 100 193 An
131 166 162 193 C.
182 165 248 193 1667

83 804 205 829 sam-ilum.

88 1857 176 1880 nonu.

879 167 1021 191 CLEMENS
1045 169 1074 190 rx
1099 169 1146 190 pp,

1014 216 1107 247 'uiae
1139 215 1348 258 Reipublicae
1380 214 1572 248 Venetorum
1608 213 1770 246 invaserit.

568 236 683 246 .......

255 293 420 336 Impositio
440 293 641 325 decimarum
659 304 755 336 super
773 294 933 335 fructibus
947 303 993 326 ec-

295 346 484 379 clesiasticis
499 355 558 389 pro
572 346 745 388 Republica
764 346 952 379 Venetorum
968 345 989 379 ¹.

252 425 421 453 Venerabili
450 426 539 453 fratri
566 426 718 460 Stephano
730 448 738 460 ,
769 426 992 459 archiepiscopo

287 470 561 504 Adrianopolitano,
582 470 722 497 moderno
743 473 774 497 et
793 477 844 504 pro
861 474 991 503 tempore

288 514 430 541 existenti
444 517 548 541 nostro
563 518 593 541 et
609 514 693 541 Sedis
704 514 892 548 Apostolicne
904 513 933 540 in
945 513 992 540 do-

288 558 378 585 minio
395 559 574 586 Venetorum
594 558 724 589 nuncio.

467 611 602 638 clemens
623 612 701 644 Papa
728 611 773 637 lx.

464 681 646 710 Venerabilis
667 681 778 715 frater,

287 728 416 755 salutem
439 730 470 755 et
490 726 686 761 apostolicam
706 725 956 753 benedictionem.

297 799 525 832 Sacrosanctae
551 797 720 830 militantis
755 797 917 830 Ecclesiae
943 808 992 830 re-

254 851 367 895 gimini
387 861 446 893 per
472 850 702 883 abundantiam
720 850 846 882 divinae
872 850 992 892 gratiae

253 904 342 937 nullo
368 903 443 936 ticet
467 902 656 934 meritorum
683 901 833 943 suffragio
859 912 990 945 praepo-

252 956 312 996 siti,
337 956 423 988 inter
447 966 559 998 graves
593 955 848 993 sollicitudines,
878 955 992 997 quibus

252 1020 310 1052 pro
335 1008 458 1042 credito
484 1008 578 1041 nobis
609 1008 805 1051 apostolicae
832 1008 993 1041 servitutis

253 1061 358 1095 officio
383 1062 509 1094 assidue
534 1062 725 1104 premimur,
742 1072 778 1094 ea
799 1067 848 1094 est
872 1062 994 1104 praeci-

253 1125 325 1158 pua.
352 1124 446 1157 quam
472 1114 625 1147 continua
649 1114 792 1157 pericula
809 1119 904 1156 atque
931 1114 994 1146 dis-

253 1167 399 1206 crimina,
426 1178 508 1210 quae
525 1178 543 1200 a
560 1167 683 1200 nefario
708 1167 826 1200 Christi
853 1167 992 1200 nominis

255 1221 348 1254 hoste
374 1219 550 1252 Turcarum
577 1226 710 1262 tyranno
737 1220 939 1263 principibus
964 1226 993 1253 et

254 1274 383 1317 populis
400 1273 584 1305 christianis
602 1283 765 1316 nunquam
784 1284 848 1305 non
870 1273 994 1316 impen-

255 1325 341 1365 dent,
368 1325 464 1358 nobis
489 1324 675 1357 conficiunt.
698 1324 914 1368 Quapropter,
934 1326 992 1357 etsi

254 1377 381 1411 Domini
414 1377 470 1410 Dei
503 1377 725 1417 exercituum,
752 1378 804 1420 qui
841 1388 991 1420 sponsam

256 1441 348 1463 suam
373 1429 550 1462 Ecclesiam
575 1436 716 1463 sanctam
734 1430 886 1473 protegit,
907 1441 994 1473 prae-

254 1483 337 1516 sidio
363 1482 569 1526 potissimum
601 1482 823 1521 confidamus,
848 1484 995 1525 cogimur

255 1542 363 1569 tamen
389 1546 449 1579 pro
475 1535 585 1570 debito
603 1536 775 1579 pastoralis
800 1537 942 1569 muneris
962 1536 993 1568 in

255 1589 286 1622 id
312 1588 401 1622 omni
427 1588 623 1631 cogitatione
656 1589 809 1632 omnique
844 1591 918 1621 cura
948 1590 994 1621 in-

255 1641 426 1681 cumbere,
452 1645 488 1672 ut
510 1640 708 1683 provisionis
740 1647 869 1673 nostrae
903 1641 995 1674 mini-

255 1693 361 1733 sterio,
376 1692 528 1726 adhibitis
553 1692 788 1726 catholicorum
814 1693 1016 1736 principum

256 1746 387 1785 viribus,
402 1747 486 1778 mala
503 1745 688 1779 huiusmodi
709 1747 823 1789 procul
841 1757 857 1778 a
875 1748 995 1790 populo

256 1799 434 1832 christiano
460 1804 643 1832 arceantur.

301 1853 315 1895 ἓ
340 1852 371 1884 ’1.
399 1851 476 1884 Cum
493 1862 568 1884 vcro
587 1852 659 1894 plus
674 1852 750 1885 satis
767 1858 893 1886 constet
912 1863 995 1885 euui-

258 1905 331 1938 dem
355 1905 489 1948 impium
510 1904 684 1938 Turcarum
718 1911 889 1949 tyrannum
915 1906 996 1938 nihil

258 1957 380 1990 avidius
406 1968 564 2001 quaerere
592 1968 688 2001 quam
713 1958 908 1991 christianos
934 1969 993 2001 po·
1015 1962 1018 2015 1

1678 155 1738 188 601

1036 266 1131 307 Quae,
1153 273 1187 300 ut
1211 268 1367 311 improbis
1394 269 1462 300 eius
1487 267 1657 301 conatibus
1677 267 1775 300 resis-

1036 326 1102 352 tere
1128 321 1241 363 possit,
1259 332 1331 354 cum
1349 331 1483 363 magnos
1498 325 1641 364 sumptus
1655 320 1775 362 iugiter

1035 374 1141 406 facere
1160 374 1294 408 debeat:
1312 375 1444 413 idcirco,
1460 374 1562 407 seticis
1580 373 1774 407 recordatio-

1035 425 1084 458 nis
1121 426 1296 459 Clementis
1324 427 1385 459 l'III
1411 433 1443 459 ct
1468 427 1555 459 Pauli
1584 427 1622 466 V,
1648 437 1773 460 necnon

1034 477 1181 519 Gregorii
1197 477 1247 510 XV
1272 486 1301 511 et
1327 479 1447 511 Urbani
1462 479 1536 516 vlu,
1553 479 1774 513 InnocentiiX

1034 535 1067 561 et
1092 531 1264 564 Alexandri
1290 532 1357 571 VII,
1383 532 1586 575 aliorumque
1612 532 1774 565 Romano-

1033 592 1104 614 rum
1130 583 1321 616 Pontificum
1339 585 1631 627 praedecessorum
1649 591 1775 619 nostro-

1034 645 1106 668 rum
1120 636 1263 679 vestigiis
1290 637 1508 676 inhaerentes,
1530 638 1773 680 Rempublicam

1034 687 1066 720 id
1081 688 1175 721 enixe
1189 688 1388 731 flagitantem
1408 690 1634 722 ecclesiasticis
1647 691 1772 724 auxiliis

1034 747 1187 784 prompto
1219 741 1398 785 libentique
1425 743 1532 775 animo
1557 744 1774 777 adiuvandum

1035 793 1237 826 decrevimus
1250 821 1258 834 ,
1284 796 1488 828 attendentes
1506 806 1571 828 non
1589 797 1696 829 solum
1715 807 1773 830 nos

1035 846 1103 878 eius
1122 847 1218 879 unius
1233 847 1338 887 saluti,
1353 849 1573 880 verumetiam
1599 850 1774 882 multorum

1034 910 1071 931 ac
1095 899 1240 933 omnium
1264 900 1372 933 ltaliae
1393 901 1591 944 populorum
1608 901 1774 935 incolumi-

1035 954 1090 985 tati
1115 955 1306 993 consulere,
1332 965 1402 987 cum
1438 955 1508 998 ipsa
1545 955 1584 987 sit
1620 966 1773 998 magnum

1036 1006 1135 1038 totius
1160 1005 1268 1039 Italiac
1293 1007 1538 1047 munimentum,
1566 1018 1602 1040 ac
1626 1007 1775 1040 firmissi-

1035 1070 1121 1091 mum
1156 1060 1252 1092 maris
1289 1061 1441 1093 Adriatici
1479 1062 1771 1103 propugnaculum.

1035 1111 1249 1149 Quamobrem
1276 1123 1416 1156 acquum
1442 1119 1474 1146 et
1498 1114 1613 1146 rationi
1640 1123 1774 1146 consen·

1036 1170 1164 1197 laneum
1180 1176 1251 1198 esse
1267 1166 1413 1198 duximus
1429 1166 1534 1198 eidem
1549 1165 1771 1209 Reipublicae,

1013 1224 1014 1230 ¹
1036 1217 1224 1249 eorumdem
1250 1218 1423 1250 Clementis
1449 1228 1485 1250 ac
1510 1218 1617 1257 Pauli,
1645 1228 1774 1251 necnon

1035 1268 1181 1311 Gregorii
1208 1274 1239 1302 et
1263 1269 1392 1308 Urbani,
1419 1282 1454 1302 ac
1481 1270 1657 1303 innocentii
1684 1275 1715 1302 ct
1742 1271 1774 1302 „l-

1037 1322 1180 1355 lexandri
1207 1324 1495 1366 praedecessorum
1521 1324 1678 1366 exemplo,
1705 1324 1775 1355 sub-

1036 1375 1117 1408 sidio
1143 1376 1339 1408 decimarum
1367 1387 1404 1409 ex
1431 1376 1587 1409 fructibus
1612 1382 1643 1408 ct
1667 1375 1775 1408 reddi-

1037 1428 1120 1461 tibus
1148 1429 1246 1461 totius
1272 1431 1351 1462 cleri
1377 1430 1521 1462 eiusdem
1546 1429 1653 1462 Status
1676 1429 1777 1462 Vene-

1038 1487 1143 1514 torum
1179 1492 1238 1524 pro
1275 1482 1398 1515 eisdem
1429 1482 1540 1514 usibus
1578 1482 1616 1514 ad
1651 1487 1776 1514 certum

1038 1540 1161 1577 tempus
1187 1535 1397 1568 attribuendo
1430 1535 1625 1573 subvenire,
1652 1534 1775 1567 firmam

1038 1588 1068 1619 in
1095 1587 1229 1620 Domino
1261 1587 1412 1620 fiduciam
1450 1587 1606 1620 habentes
1642 1587 1708 1631 sore
1741 1593 1778 1619 ut

1038 1651 1074 1672 ea
1092 1640 1285 1683 Respublica
1305 1640 1532 1673 testificatione
1554 1645 1706 1683 paternae
1725 1650 1779 1673 vo-

1038 1693 1169 1725 luntatis
1195 1703 1272 1735 erga
1297 1704 1331 1726 se
1352 1698 1483 1726 nostrae
1504 1703 1568 1725 non
1586 1693 1690 1725 solum
1707 1703 1778 1725 sese

1038 1746 1195 1778 munitam
1226 1752 1258 1779 et
1289 1746 1328 1779 ad
1364 1746 1584 1779 resistendum
1614 1745 1776 1778 communi

1039 1798 1125 1830 hosti
1151 1803 1294 1841 paratam
1321 1799 1353 1831 in
1379 1798 1446 1831 dies
1472 1799 1573 1840 magis
1599 1803 1776 1836 conservet,

1039 1851 1094 1884 scd
1119 1851 1215 1884 etiam
1239 1852 1330 1884 illum
1356 1863 1373 1884 a
1398 1852 1464 1884 suis
1490 1851 1607 1884 tinibus
1632 1851 1776 1883 animose

1040 1904 1201 1937 detrudat.

1083 1957 1097 1999 ξ
1122 1956 1153 1989 ⁹2.
1180 1957 1243 1990 Nos
1269 1959 1380 2000 igitur,
1407 1958 1477 1990 istis
1504 1958 1638 2000 aliisque
1661 1958 1778 1999 gaaivis-

1787 1996 1796 2008 t»

1789 165 1837 189 An.
1857 162 1886 190 C.
1906 162 1969 189 0607

1811 1961 1915 1982 Statuitur
1924 1961 1973 1981 sut*-

1790 1988 1865 2008 'idiurn
1910 1993 1974 2012 super

257 2011 352 2053 pulos
376 2009 540 2050 invadere,
566 2015 607 2050 et,
633 2010 842 2043 christianam
868 2011 998 2053 religio·
1017 2024 1018 2039 1
1039 2010 1128 2042 simis
1150 2016 1181 2042 et
1201 2010 1385 2043 iustissimis
1405 2012 1442 2043 dc
1466 2012 1568 2043 causis
1586 2010 1690 2048 moti¹,
1711 2015 1972 2044 1-,10-f.5ueut›useecio-

1788 2043 1880 2061 siasticis
1911 2041 1975 2066 prout

257 2074 331 2096 nem
346 2064 606 2103 exterminando,
617 2064 890 2097 abominationem
906 2075 996 2096 suain
1017 2064 1019 2099 ἰ
1041 2069 1071 2095 tu
1098 2063 1242 2106 proprio,
1269 2074 1303 2095 ati·
1328 2075 1364 2096 ex
1391 2066 1478 2095 certa
1503 2063 1649 2099 scientia.
1676 2075 1712 2095 ac
1738 2063 1917 2095 demonifica.

259 2169 379 2200 nostris
400 2168 589 2201 facientibus
605 2169 757 2212 pcccatis,
779 2170 864 2202 malo
886 2176 997 2202 nostro

260 2220 416 2253 admoniti
437 2231 591 2262 cogamur
609 2221 732 2262 timere,
752 2222 906 2265 omnique
924 2224 999 2254 cura

262 2277 292 2304 ct
308 2272 525 2305 sollicitudine
550 2283 760 2315 praecavere;
779 2276 879 2307 multo
898 2275 999 2317 magis

262 2329 366 2356 castra
392 2324 517 2356 Domini
544 2325 704 2358 custodire
731 2331 761 2358 et
791 2326 999 2369 praemunire

262 2386 318 2409 nos
344 2382 472 2419 oportet
509 2377 569 2410 hoc
602 2378 792 2420 praesertim
829 2384 973 2421 tempore
991 2406 998 2419 ,

262 2429 434 2462 cumidem
451 2428 624 2462 Turcarum
645 2435 797 2473 tyrannus
811 2430 999 2473 ingentibus

258 2116 405 2158 plantare
432 2121 463 2149 et
492 2127 699 2159 propagare,
734 2117 868 2159 eiusque
894 2117 996 2156 vires,
1017 2116 1019 2147 ξ

1041 2116 1234 2159 apostolicae
1250 2116 1418 2158 potestatis
1436 2116 1648 2158 plenitudiue,
1668 2120 1779 2148 tenore

1041 2169 1283 2212 praesentium,
1314 2169 1487 2201 indicimus
1518 2174 1549 2201 ct
1582 2169 1780 2211 imponimus

1041 2222 1202 2254 sexdecim
1229 2222 1370 2264 integras
1407 2222 1547 2254 decimas
1580 2222 1724 2254 omnium
1750 2228 1783 2255 et

1042 2284 1322 2317 quorumcumque
1349 2276 1523 2313 fructuum,
1545 2274 1733 2307 reddituum
1751 2280 1784 2307 et

1043 2332 1262 2370 proventuum
1277 2337 1559 2369 quarumcumque
1573 2327 1784 2360 ecclesiarum

1044 2380 1323 2423 patriarchalium,
1350 2380 1687 2423 archiepiscopalium,
1714 2381 1782 2424 epi-

1043 2433 1231 2476 scopalium,
1256 2433 1477 2473 abbatialium,
1497 2433 1725 2477 capitularium
1750 2439 1784 2466 ct

263 2483 343 2515 mari
371 2485 519 2526 terraque
545 2483 647 2527 copiis
674 2483 814 2516 ditiones
845 2484 1002 2517 nobilissi-
1043 2485 1784 2529 conventualium,prioratuumquoquc,prae-

300 2545 312 2571 1
334 2543 371 2571 Ex
390 2544 500 2580 Regest.
522 2545 550 2571 iu
569 2545 672 2573 Secret.
694 2545 772 2573 BreV.

354 2597 434 2625 Ball.
455 2598 538 2627 Rom.
555 2614 587 2618 —
607 2598 667 2627 Vol.
684 2598 774 2627 XVII.
923 2599 958 2626 76

1082 2548 1092 2573 1
1114 2546 1186 2574 Edit.
1202 2546 1281 2574 Μαίη.
1298 2547 1363 2582 legit
1378 2550 1453 2575 moto
1469 2553 1507 2582 tn.
1527 2550 1574 2582 L).
