2247 3208
120 196 173 223 λη.
191 196 219 222 Γ..
244 196 310 224 16Γ6

120 259 204 279 niodum
227 260 306 279 certiu-

120 285 180 306 1411111
189 285 210 306 S.
221 285 305 306 Sudcm.

141 623 304 650 communae<

118 658 186 681 rogat.

913 195 1098 220 §reusneri
1123 197 1168 220 vn
1195 197 1242 220 er.

317 254 363 283 ea,
391 254 516 276 necnon
541 243 786 277 informationes
805 255 916 277 omnes
942 245 973 276 in
998 244 1077 276 liu-³

316 297 456 329 insmodi
488 296 672 330 visitatione
698 299 881 338 sumendas,
909 298 968 331 sub
998 303 1053 330 tuo

316 350 422 392 sigillo
448 351 586 390 clausas,
614 351 652 383 ad
677 362 746 391 nos,
771 362 827 384 seu
845 356 1054 384 memoratam

315 403 525 436 cardinalium
552 405 866 447 congregationem,
893 404 1056 447 quampri-

314 466 402 488 mum
417 456 590 499 diligenter
612 458 822 497 transmittas,
840 463 882 497 ut,
902 457 987 500 qnod
1005 457 1055 488 de-

315 519 412 552 super
438 510 642 542 statuendum
663 510 768 549 suerit,
785 512 908 542 matura
925 510 1055 542 consul-

316 563 441 595 tatione
468 563 614 596 adhibita
639 563 862 595 decernamus.

361 616 375 658 ξ
407 615 437 647 5.
464 615 534 648 Non
565 615 768 648 obstantibus
797 614 994 657 apostolicis,
1020 625 1055 646 ac

314 667 347 700 in
367 667 605 700 universalibus
626 666 881 710 provincialibus
906 672 935 698 et
961 677 1056 710 syno-

316 721 441 753 dalibus
465 720 611 752 conciliis
638 720 747 759 editis,
775 719 982 762 generalibus
1006 721 1055 752 vel

315 773 530 816 specialibus,
557 772 844 805 constitutionibus
878 777 910 804 et
934 771 1056 804 ordina-

315 826 470 865 tionibus,
494 836 624 858 necnon
650 825 868 865 ecclesiarum,
896 830 1056 858 monaste-

316 878 449 917 riorum,
468 878 690 921 hospitalium,
714 884 939 918 conventuum,
961 878 1056 910 colle>

317 931 458 973 giorum,
490 931 663 971 Ordinum,
701 930 991 973 congregationum
1025 936 1056 963 ct

318 984 537 1017 institutorum
562 984 772 1026 regularium,
801 984 897 1016 etiam
923 983 1056 1016 Societa-

318 1036 357 1069 tis
390 1037 564 1079 praestitae,
597 1043 626 1069 et
660 1038 805 1070 locorum
827 1037 951 1080 piorum
977 1047 1057 1079 quo-

318 1101 540 1133 rumcumque,
567 1090 677 1122 aliisve
697 1090 873 1132 quibusvis,
890 1090 985 1122 etiam
1009 1090 1057 1121 111-

317 1147 479 1181 ramento,
505 1142 753 1175 confirmatione
780 1143 979 1186 apostolica,
1006 1143 1056 1174 vel

319 1196 432 1239 quavis
455 1195 607 1228 firmitate
633 1196 695 1228 alia
721 1196 899 1235 roboratis,
926 1195 1056 1228 statutis

319 1254 351 1280 et
376 1249 683 1288 00115110111(1111111115,
710 1249 891 1292 privilegiis
914 1259 1055 1291 qnoque,

318 1301 463 1341 indultis,
496 1303 708 1339 libertatibus,
734 1302 993 1334 inmutnitatilnis
1027 1307 1057 1334 et

319 1355 435 1387 litteris
459 1355 653 1398 apostolicis,
674 1355 738 1387 illis
765 1365 940 1398 eorumque
966 1365 1058 1397 prae.-

320 1407 455 1447 sulibus,
469 1408 634 1450 praelatis,
650 1407 876 1450 superioribus
891 1413 923 1439 et
946 1418 1059 1450 perso·
1085 1442 1090 1447 ⁴

320 1460 368 1492 nis
387 1460 584 1493 secularibus
607 1466 636 1492 et
654 1460 859 1502 regularibus
878 1460 1059 1503 quibusvis,

320 1513 378 1544 sul)
406 1513 663 1556 quibuscumque
695 1513 868 1545 verborum
895 1513 1076 1545 tenoribus

321 1571 349 1597 et
378 1565 497 1604 formis,
517 1576 551 1597 ae
576 1576 647 1597 011111
674 1566 837 1609 quibusvis
855 1566 952 1598 etiam
971 1567 1061 1598 dero-

321 1618 518 1660 gatoriarum
545 1619 783 1660 derogatoriis,
805 1619 938 1661 aliisque
960 1619 1060 1651 effica-

323 1671 466 1703 cioribus
491 1677 521 1703 et
542 1672 682 1704 insolitis
708 1672 879 1711 clausulis,
906 1672 1062 1704 irritanti-

323 1723 446 1766 busque
477 1730 508 1756 et
532 1724 602 1757 aliis
636 1725 782 1761 decretis,
812 1725 844 1757 in
870 1735 987 1767 genere
1012 1727 1060 1758 vel

325 1776 355 1808 in
381 1777 497 1820 specie,
516 1789 550 1810 ac
569 1778 646 1810 alias
668 1779 968 1821 quomodolibet,in
990 1789 1061 1811 con-

327 1831 460 1863 trarium
492 1832 745 1873 praemissorum
778 1831 957 1871 concessis,
984 1842 1061 1864 con-

334 1883 460 1916 irrnatis
496 1889 527 1916 01
562 1884 682 1926 pluries<
723 1884 908 1923 innovatis;
947 1884 1061 1927 quibus

326 1937 477 1969 omnibus
510 1942 539 1968 et
565 1936 722 1978 singulis,
749 1937 873 1969 etiamsi
905 1947 966 1979 pro
990 1937 1063 1969 illo-

327 2000 397 2021 rum
423 1990 594 2023 sufficienti
620 1990 832 2032 derogatione
858 1990 896 2022 de
922 1990 984 2023 illis
1009 2001 1063 2023 eo-

327 2052 464 2085 rumque
490 2043 565 2075 totis
591 2043 758 2075 tenoribus
791 2043 958 2085 sseeialis,
993 2053 1069 2085 spe-V

328 2095 428 2135 citica,
442 2106 592 2138 expressa
612 2101 641 2127 et
659 2095 836 2135 individua,
851 2106 886 2128 ac
909 2096 946 2128 de
965 2096 1063 2128 verbo

329 2149 367 2180 ad
398 2149 554 2188 verbum,
585 2159 651 2180 non
676 2154 783 2181 autem
818 2159 876 2192 per
901 2149 1063 2181 clausulas

330 2202 497 2242 generales
517 2201 601 2233 idem
628 2201 852 2244 importantes,
866 2202 989 2234 mentio
1007 2212 1063 2234 seu

331 2253 460 2295 quaevis
485 2254 546 2285 alia
571 2254 735 2296 expressio
760 2255 911 2287 habenda
936 2260 989 2286 aut
1012 2255 1064 2287 ali—

331 2317 393 2349 qua
406 2306 468 2338 alia
482 2306 639 2349 exquisita
655 2308 756 2339 forma
773 2307 811 2339 ad
831 2307 892 2340 hoc
909 2308 1065 2340 servanda
1085 2303 1086 2306 ¹

331 2359 421 2399 soret,
441 2364 570 2391 tenores
592 2360 787 2398 huiusmodi,
804 2371 839 2392 ac
854 2361 879 2393 si
906 2361 944 2393 de
965 2362 1064 2393 verbo

331 2413 371 2444 ad
395 2413 548 2452 verbum,
578 2412 660 2445 nihil
696 2413 825 2455 penitus
866 2414 1004 2453 omisso,
1034 2419 1066 2446 et

332 2465 435 2497 forma
451 2465 483 2496 in
509 2465 573 2497 illis
598 2465 715 2497 tradita
739 2465 923 2506 observata,
951 2466 1064 2498 inserti

333 2518 447 2558 forent,
472 2519 698 2560 praesentibus
724 2529 782 2560 pro
808 2519 902 2561 plene
929 2524 960 2551 et
980 2519 1066 2551 susti·

333 2570 455 2602 cienter
479 2570 638 2612 expressis
663 2581 698 2602 ac
723 2571 761 2603 ad
779 2571 911 2603 verbum
933 2571 1064 2604 insertis

1734 188 1794 221 461

1098 244 1264 284 babentes,
1284 244 1348 277 illis
1373 245 1451 278 alias
1474 245 1504 277 in
1526 256 1583 278 suo
1612 246 1731 279 robore
1760 256 1835 289 per-

1096 297 1274 336 mansuris,
1310 297 1349 329 ad
1383 298 1636 340 praemissorum
1669 297 1834 338 effectum,

1097 349 1156 381 liae
1174 349 1239 382 vice
1259 350 1431 389 dumtaxat,
1449 350 1634 393 specialiter
1656 356 1686 383 et
1710 361 1835 394 expres-

1097 412 1129 433 se
1144 402 1355 443 derogamus;
1377 403 1557 446 ceterisque
1575 404 1747 436 contrariis
1766 404 1835 447 qui-

1096 454 1308 497 buscumque.

1140 506 1252 538 Datum
1278 506 1397 540 Romae
1413 534 1420 547 ,
1446 508 1529 550 apud
1563 508 1593 541 S.
1621 508 1750 541 Mariam
1774 508 1835 540 Ma·

1097 559 1210 599 iorem,
1236 560 1294 592 sub
1316 561 1435 593 annulo
1460 561 1644 601 piscatoris,
1660 561 1711 594 die
1727 572 1749 595 11
1764 562 1833 594 iulii

1096 622 1248 652 MDCLXVI,
1266 612 1470 655 pontificatus
1496 614 1597 646 nostri
1616 625 1701 647 anno
1722 624 1777 647 xn.

1134 673 1190 700 Dat.
1209 673 1252 700 die
1272 674 1288 700 2
1304 674 1360 700 iulii
1380 674 1456 707 1666,
1474 674 1568 709 pontif.
1590 683 1659 701 anno
1675 681 1720 702 xu.

1396 814 1537 847 DXLYII.

1098 894 1312 937 Praeceptum
1336 895 1559 937 superioribus
1579 898 1607 927 et
1622 895 1766 937 personis
1784 893 1837 927 So»

1142 947 1266 978 cietatis
1281 946 1366 985 Iesu,
1394 947 1428 978 in
1454 946 1572 978 insulis
1589 947 1689 978 maris
1705 947 1834 989 AEyaei,

1142 999 1304 1041 Zacynthi
1337 1004 1364 1031 et
1398 1000 1638 1042 Ceplialoniae,
1671 999 1834 1031 aliorum-

1142 1063 1203 1094 que
1218 1052 1357 1084 locorum
1375 1052 1595 1084 adiacentium
1613 1051 1837 1090 residentibus,

1144 1109 1177 1136 nt
1194 1106 1412 1137 visitationem
1427 1105 1465 1137 ab
1483 1104 1654 1147 apostolico
1672 1105 1838 1137 visitatore

1141 1158 1275 1200 Ioseplio
1293 1158 1402 1189 illaria
1426 1159 1461 1189 in
1478 1169 1586 1189 eornm
1613 1158 1767 1200 colteyiis,
1788 1157 1839 1189 do-

1142 1210 1256 1248 mibus,
1282 1211 1432 1253 hospitiis
1449 1237 1457 1249 ,
1486 1211 1695 1249 residentiis,
1724 1210 1838 1242 aliisve

1144 1263 1220 1294 Iocis
1259 1263 1512 1306 quibuscumque
1554 1263 1664 1305 viyore
1702 1262 1838 1294 alterius

1144 1317 1258 1348 Brevis
1274 1317 1469 1348 sanctissimi
1487 1315 1731 1354 instituendam,
1750 1316 1839 1347 omni

1143 1372 1231 1402 morit
1245 1374 1272 1401 et
1290 1369 1448 1402 dilatione
1466 1369 1663 1412 postpositis,
1680 1369 1839 1411 recipiant

1145 1431 1171 1455 et
1193 1423 1398 1455 admittant&

1142 1503 1312 1530 Venerabili
1338 1503 1425 1530 fratri
1455 1502 1582 1535 Iosepho
1610 1509 1625 1528 a
1647 1501 1673 1528 S.
1707 1499 1800 1527 Maria

1270 1547 1407 1580 episcopo
1429 1546 1651 1579 Hieropolitano
1665 1566 1671 1578 ,

1295 1600 1462 1626 Alexander
1482 1601 1560 1632 Papa
1581 1599 1644 1625 VII.

1313 1661 1500 1688 Venerabilis
1523 1662 1628 1693 frater,

1144 1708 1273 1734 salutem
1291 1710 1321 1733 et
1337 1707 1533 1739 apostolicam
1552 1705 1798 1733 benedictionem.

1147 1778 1224 1811 Cum
1251 1788 1310 1810 nos
1337 1783 1366 1810 te
1392 1788 1449 1820 per
1470 1777 1559 1811 ‚alias
1584 1782 1710 1809 nostras
1735 1777 1767 1809 in
1800 1777 1842 1809 si-

1103 1831 1170 1864 mili
1197 1831 1298 1864 forma
1323 1830 1429 1863 Brevis
1447 1831 1579 1869 litteras,
1598 1840 1732 1873 quarum
1750 1836 1843 1862 teno-

1103 1894 1171 1916 rem
1196 1883 1418 1927 praesentibus
1455 1883 1567 1915 haberi
1604 1883 1750 1915 volumus
1782 1893 1841 1925 pro

1105 1947 1271 1979 expresso,
1295 1941 1440 1968 nostrum
1466 1941 1497 1968 et
1522 1935 1727 1978 Apostolicae
1752 1935 1842 1968 Sedis

1104 1989 1301 2022 visitatorem
1327 1989 1359 2021 in
1385 1987 1496 2021 insulis
1520 1989 1618 2020 maris
1643 1988 1763 2031 AEgaei‚
1785 1988 1841 2021 Za-

1105 2042 1214 2085 cynthi
1247 2047 1278 2073 et
1315 2041 1557 2084 Cephaloniae,
1592 2041 1729 2084 aliisque
1761 2041 1843 2074 locis

1106 2094 1326 2127 adiacentibus
1345 2121 1352 2134 ,
1379 2105 1451 2126 cum
1476 2093 1611 2126 diversis
1638 2093 1841 2126 facultatibus

1106 2147 1298 2180 auctoritate
1338 2147 1516 2190 apostolica
1556 2147 1840 2189 deputaverimus·,

1106 2201 1235 2239 idcirco,
1250 2205 1284 2232 ut
1297 2200 1476 2232 iniunctum
1491 2199 1547 2231 tibi
1565 2210 1679 2231 munus
1692 2199 1730 2231 ad
1746 2199 1843 2231 omni-

1106 2253 1248 2296 potentis
1272 2252 1328 2284 Dei
1355 2253 1489 2295 gloriam
1507 2258 1537 2285 et
1561 2252 1739 2284 animarum
1757 2252 1842 2284 satu-

1108 2311 1171 2338 tem
1196 2305 1321 2337 facilius
1355 2311 1449 2347 atque
1476 2305 1656 2348 expeditius
1685 2305 1776 2337 obire
1813 2309 1844 2336 et

1107 2358 1224 2400 exequi
1239 2359 1355 2397 valeas,
1367 2357 1537 2400 providere
1555 2357 1735 2400 cupientes,
1749 2363 1843 2399 teque

1085 2449 1092 2460 ,
1108 2421 1125 2443 a
1142 2410 1308 2453 quibusvis
1333 2409 1689 2449 excommunicationis,
1708 2419 1845 2452 suspen-

1108 2464 1210 2497 sionis
1236 2469 1267 2496 et
1283 2463 1456 2503 interdicti,
1483 2463 1619 2506 aliisque
1646 2461 1845 2495 ecclesiasti-

1145 2580 1154 2605 1
1178 2577 1214 2604 Ex
1234 2578 1344 2613 Regest.
1367 2578 1393 2604 in
1413 2577 1515 2604 secret.
1538 2576 1614 2603 Brev.

1844 199 1895 224 An.
1916 198 1944 224 C.
1965 197 2029 225 1066

1877 1781 1955 1801 Mnnva
1971 1781 2034 1801 liuius

1852 1807 2016 1828 Constitutionis.
