2247 3208
231 236 280 263 An.
297 235 326 264 C.
351 235 417 263 1669

463 229 526 262 71³2*

425 286 571 326 tractari,
597 285 742 323 limitari,
769 285 800 316 in
826 284 1076 317 controversiam
1108 294 1159 317 re-

424 338 555 376 vocari,
591 343 644 369 aut
667 337 705 369 ad
739 337 896 369 terminos
921 336 998 369 iuris
1023 336 1156 376 reduci,

423 401 478 423 seu
505 391 657 423 adversus
684 390 754 423 illas
779 389 969 432 aperitionis
998 390 1080 428 oris,
1107 400 1157 422 re-

423 443 598 475 stitutionis
624 442 655 474 in
682 441 863 484 integrum,
892 441 1019 476 aliudve
1055 442 1157 485 quod-

422 505 557 539 cumque
583 495 683 534 iuris,
719 494 791 527 sacti
826 495 877 528 vel
910 495 1029 537 gratiae
1055 505 1157 527 reme-

421 549 509 581 dium
534 547 687 580 intentari
705 548 754 580 vel
777 547 952 590 impetrari,
974 557 1030 580 seu
1055 547 1155 590 impe-

421 607 503 635 trato
535 606 589 634 aut
620 600 715 634 etiam
746 605 853 641 motu,
882 600 1017 633 scientia
1042 606 1074 632 et
1097 611 1154 643 po-

421 655 544 689 testatis
584 654 787 698 plenitudine
826 654 957 697 paribus
995 663 1152 686 concesso

419 710 468 742 vel
494 714 640 742 emanato
670 708 853 751 quempiam
888 708 920 740 in
953 706 1072 739 iudicio
1104 707 1152 739 vel

420 768 509 796 extra
533 762 612 795 illud
637 761 682 794 uti
708 771 765 794 seu
790 771 823 793 se
850 761 960 793 iuvare
991 760 1152 793 ullatenus

419 825 538 860 posse,
569 824 674 858 neque
705 815 789 857 ipsas
814 818 1002 857 praesentes
1028 812 1151 845 litteras

418 869 477 902 sub
503 867 667 912 quibusvis
691 867 842 900 similium
874 867 924 899 vel
950 865 1151 899 dissimilium

418 921 628 955 donationum
644 925 675 953 et
691 920 864 962 gratiarum
880 919 1149 958 revocationibus,

416 974 685 1014 limitationibus,
711 973 988 1011 restrictionibus,
1017 972 1150 1015 aliisque

417 1027 586 1061 contrariis
600 1025 876 1069 dispositionibus,
902 1026 999 1058 etiam
1016 1035 1075 1068 per
1092 1035 1150 1058 nos

417 1087 448 1114 et
468 1081 582 1114 Sedem
607 1079 783 1123 praefatam
807 1089 861 1111 seu
886 1078 1049 1111 Romanos
1075 1078 1150 1111 Pon-

416 1134 516 1166 tifices
542 1142 746 1165 successores
772 1137 902 1164 nostros
935 1132 1151 1174 quandocum-

416 1197 478 1230 que
504 1191 535 1219 et
561 1185 867 1229 quomodocumque
895 1184 1065 1224 faciendis,
1091 1195 1150 1216 un-

416 1249 513 1282 quam
537 1237 789 1281 comprehendi,
815 1242 871 1269 aut
895 1237 1148 1280 comprehensas

416 1287 547 1326 censeri,
575 1287 630 1319 sed
656 1296 782 1329 semper
811 1286 850 1318 ab
886 1286 949 1318 illis
975 1292 1146 1330 exceptas,

417 1345 466 1379 et,
491 1339 616 1382 quoties
643 1339 716 1371 illae
748 1339 963 1378 emanabunt,
991 1339 1085 1372 toties
1115 1339 1148 1372 in

415 1392 588 1436 pristinum
615 1397 646 1424 et
668 1391 899 1425 validissimum
920 1396 1035 1423 statum
1059 1392 1148 1424 resti-

416 1450 512 1485 tutas,
533 1445 690 1488 repositas
709 1449 739 1476 et
756 1444 903 1487 plenarie
925 1443 1147 1486 reintegratus,

415 1509 452 1531 ac
477 1498 572 1530 etiarn
605 1498 644 1530 de
681 1507 764 1530 novo
797 1497 857 1529 sub
891 1497 1148 1541 quibuscumque

415 1551 591 1594 posteriori
627 1550 700 1582 data
732 1560 791 1593 per
826 1550 951 1593 puellas
987 1550 1148 1593 praefatas

415 1613 471 1636 seu
497 1603 577 1635 alios
603 1602 641 1634 ad
668 1613 749 1645 quos
774 1607 897 1645 spectat
927 1607 959 1634 et
982 1612 1040 1645 pro
1068 1607 1147 1634 tem-

414 1665 493 1700 pore
526 1654 686 1698 spectabit
718 1654 866 1696 eligenda
896 1664 1068 1687 concessas
1098 1654 1148 1686 in-

413 1708 516 1750 telligi
532 1734 540 1748 ,
566 1707 765 1750 firmasque,
800 1707 920 1740 validas
945 1712 976 1740 et
1001 1707 1146 1740 efficaces

414 1760 550 1793 existere
586 1765 619 1792 et
649 1760 734 1799 sore,
759 1769 899 1802 suosque
924 1759 1090 1802 plenarios
1116 1766 1148 1792 et

411 1814 557 1856 integros
584 1813 714 1846 effectus
739 1813 847 1845 sortiri
873 1818 905 1845 et
929 1813 1088 1853 obtinere,
1109 1823 1145 1845 ac

412 1866 475 1900 illis
500 1867 538 1899 ad
565 1877 644 1910 quas
660 1872 782 1910 etquos
799 1871 922 1910 spectat
943 1872 974 1899 et
990 1877 1049 1909 pro
1068 1872 1146 1900 tem-

411 1931 490 1965 pore
516 1920 675 1964 spectabit
698 1920 731 1953 in
756 1920 904 1953 omnibus
918 1924 949 1952 et
966 1930 1024 1963 per
1037 1920 1147 1953 omnia

411 1973 600 2017 plenissime
627 1971 801 2015 suffragari,
824 1973 935 2014 sicque
957 1977 989 2004 et
1005 1982 1070 2005 non
1088 1972 1146 2005 ali-

412 2030 460 2059 ter
483 2025 514 2057 in
541 2026 727 2068 praemissis
758 2035 815 2068 per
847 2035 1067 2068 quoscumque
1098 2025 1145 2057 iu-

407 2077 497 2114 dices
523 2078 703 2111 ordinarios
718 2084 749 2111 et
767 2078 942 2121 delegatos,
961 2078 1058 2111 etiam
1076 2081 1145 2111 cau·-

411 2141 517 2163 sarum
554 2131 662 2174 palatii
697 2131 863 2174 apostolici
890 2131 1076 2172 auditores,
1107 2144 1144 2166 ac

411 2184 441 2217 S.
474 2184 510 2216 R.
546 2185 579 2217 E.
615 2185 825 2217 camerarium
855 2196 908 2217 seu
940 2195 1144 2228 procamera-

410 2237 504 2276 rium,
522 2242 553 2270 et
570 2237 650 2270 alios
668 2237 861 2278 cardinales,
877 2238 972 2271 ctiam
987 2238 1025 2271 de
1042 2238 1143 2271 latere

409 2289 552 2331 legatos,
578 2300 704 2322 necnon
729 2300 874 2323 camerae
908 2296 1037 2324 nostrae
1066 2301 1144 2334 apo-

410 2342 540 2374 stolicae
566 2342 807 2384 praesidentes,
836 2343 986 2384 clericos,
1014 2344 1144 2377 thesau-

409 2393 531 2426 rarium
574 2400 605 2426 et
645 2396 898 2428 commissarium
942 2397 1114 2439 generales
1132 2424 1140 2437 ‚

409 2446 525 2479 aliosve
552 2448 715 2490 quoslibet
739 2449 922 2482 earumdem
945 2460 1091 2483 camerae
1111 2455 1142 2483 et
1161 2469 1163 2487 ;

407 2499 499 2533 Sedis
525 2500 678 2533 officiales
703 2507 734 2533 et
758 2502 945 2542 ministros,
982 2508 1012 2536 et
1044 2514 1139 2546 qnos-

408 2563 545 2596 cumque
558 2553 647 2591 alios,
664 2565 865 2598 quacumque
884 2556 1141 2598 praeeminentia

407 2611 437 2639 et
475 2611 638 2655 potestate
678 2607 849 2649 fungentes
885 2614 916 2641 et
953 2610 1139 2650 iuncturos,

1007 237 1185 262 BULLARIUM
1209 237 1360 263 ROMANUM

1205 285 1332 317 sublata
1357 286 1403 318 eis
1422 291 1454 318 et
1471 296 1582 319 eorum
1608 287 1740 320 cuilibet
1757 289 1867 332 quavis
1884 288 1936 321 ali-

1201 342 1250 369 ter
1275 337 1438 371 iudicandi
1464 343 1495 371 et
1519 339 1754 382 interpretandi
1786 341 1934 373 facultate

1200 395 1232 422 et
1255 391 1457 431 auctoritate,
1483 391 1615 424 iudicari
1641 397 1672 425 et
1692 392 1817 426 defin-iri
1834 394 1934 426 debe-

1200 452 1244 481 re,
1270 452 1305 474 ac
1330 442 1455 475 irritum
1481 448 1511 476 et
1534 444 1631 476 inane
1656 444 1681 477 si
1707 453 1799 477 secus
1833 457 1932 489 super

1199 495 1249 527 his
1265 506 1280 526 a
1296 505 1467 538 quoquam,
1485 495 1595 539 quavis
1612 497 1815 537 auctoritate,
1831 498 1934 531 scien-

1198 553 1246 580 ter
1273 550 1321 581 vel
1346 549 1544 591 ignoranter,
1571 549 1743 592 contigerit
1766 552 1925 591 attentari,

1197 601 1412 633 decernimus.

1239 653 1300 695 53.
1328 653 1396 686 Non
1422 653 1625 687 obstantibus
1650 656 1815 699 quibusvis
1834 657 1928 690 etiam

1194 706 1312 739 ultimis
1339 707 1560 740 voluntatibus
1586 713 1617 741 et
1641 709 1926 752 dispositionibus,

1195 769 1271 801 quas
1297 760 1403 802 quoad
1421 760 1601 803 praemissa
1613 761 1810 795 sufficienter
1827 769 1859 795 et
1876 774 1930 795 ex-

1194 822 1303 854 presse
1319 818 1563 852 commutamus,
1583 823 1618 846 ac
1636 814 1673 846 de
1692 814 1761 848 iure
1784 815 1928 858 quaesito

1194 875 1258 897 non
1285 866 1451 904 tollendo,
1480 871 1511 898 et
1535 866 1575 898 de
1601 867 1811 910 exprimendo
1836 868 1869 900 in
1895 879 1930 900 u-

1193 918 1345 951 nionibus
1381 924 1413 951 et
1448 919 1721 962 applicationibus
1762 922 1925 964 perpetuis

1192 981 1270 1003 vero
1295 973 1411 1010 valore,
1438 971 1575 1015 aliisque
1601 973 1719 1006 nostris
1744 979 1775 1006 et
1799 975 1928 1007 cancel-

1943 240 1992 265 Αη.
2009 238 2036 264 C.
2059 239 2125 265 ¹60³

2010 668 2124 690 Dru-analio

1940 696 2102 715 contrariorum.

1193 1024 1290 1056 lariae
1317 1024 1509 1067 apostolicae
1534 1025 1667 1067 regulis,
1687 1036 1812 1059 necnon
1838 1027 1927 1060 Late·
1958 1024 1962 1028 ’

1192 1077 1338 1109 ranensis
1375 1077 1505 1109 concilii
1542 1078 1713 1110 novissime
1749 1079 1925 1120 celebrati,

1191 1130 1330 1162 uniones
1353 1135 1528 1173 perpetuas
1552 1130 1612 1162 nisi
1630 1130 1662 1162 in
1682 1131 1809 1163 casibus
1824 1142 1841 1163 a
1856 1131 1925 1166 iure

1192 1182 1357 1225 permissis
1390 1182 1460 1215 fieri
1497 1183 1718 1226 prohibentis,
1756 1194 1792 1216 ac
1824 1184 1927 1218 selicis

1191 1236 1421 1269 recordationis
1435 1236 1632 1279 Symmachi,
1648 1246 1730 1278 quae
1750 1236 1864 1280 incipit
1881 1237 1927 1270 Ne

1192 1289 1296 1328 liceat,
1324 1294 1355 1321 et
1378 1288 1467 1321 Pauli
1492 1288 1525 1327 ΙΙ,
1553 1288 1641 1321 Pauli
1668 1288 1703 1320 lv
1725 1289 1925 1333 aliorumque

1190 1342 1407 1374 Romanorum
1426 1340 1616 1374 Pontificum
1634 1342 1922 1384 praedecessorum

1189 1399 1376 1426 nostrorum
1402 1394 1440 1426 de
1466 1395 1562 1426 rebus
1583 1393 1745 1426 Ecclesiae
1771 1405 1806 1426 ac
1832 1395 1923 1428 Sedis

1189 1451 1221 1479 et
1245 1457 1392 1480 camerae
1418 1447 1634 1490 praefatarum
1649 1457 1713 1479 non
1732 1446 1924 1488 alienandis,

1188 1509 1316 1532 necnon
1355 1499 1550 1532 recolendae
1587 1499 1762 1531 memoriae
1795 1499 1842 1532 Pii
1866 1500 1923 1533 Pa-

1188 1563 1246 1595 pae
1271 1552 1307 1584 lv
1331 1552 1594 1595 praedecessoris
1620 1551 1742 1594 pariter
1761 1553 1864 1585 nostri
1883 1553 1921 1586 de

1188 1604 1305 1647 gratiis
1321 1606 1556 1648 qualecumque
1575 1605 1731 1637 interesse
1750 1604 1855 1638 dictae
1873 1616 1923 1638 ca-

1187 1668 1297 1690 merae
1332 1658 1627 1697 concernentibus,
1663 1657 1695 1689 in
1729 1658 1843 1690 eadem
1872 1669 1923 1692 ca-

1188 1712 1276 1742 mera
1300 1709 1384 1742 intra
1405 1715 1526 1742 certum
1545 1715 1619 1742 tunc
1636 1720 1825 1753 expressum
1843 1716 1923 1744 tem-

1187 1773 1245 1805 pus
1271 1763 1514 1806 praesentandis
1540 1768 1571 1795 et
1588 1763 1809 1805 registrandis‚
1828 1763 1871 1796 ita
1889 1770 1923 1797 ut

1187 1815 1272 1858 ipsas
1292 1821 1480 1859 praesentes
1516 1815 1639 1847 litteras
1674 1815 1793 1848 ibidem
1829 1826 1923 1859 prae-

1187 1868 1307 1901 sentari
1332 1873 1364 1901 et
1389 1868 1556 1911 registrari
1591 1879 1754 1912 nunquam
1790 1879 1921 1903 necesse

1187 1921 1235 1961 sit,
1262 1921 1396 1964 aliisque
1434 1921 1716 1954 constitutionibus
1740 1926 1770 1954 et
1794 1922 1922 1955 ordina-

1187 1974 1327 2007 ti0nibus
1351 1974 1550 2016 apostolicis,
1570 1985 1697 2006 necnon
1719 1985 1864 2007 camerae
1891 1981 1922 2009 et

1186 2027 1308 2065 domus,
1335 2037 1389 2059 seu
1416 2027 1660 2065 conservatorii,
1687 2032 1865 2060 conventus
1890 2032 1922 2060 et

1186 2080 1343 2113 ecclesiae
1369 2079 1573 2119 huiusmodi,
1600 2080 1696 2112 etiam
1720 2080 1918 2120 iuramento,

1185 2132 1428 2165 confirmatione
1455 2132 1643 2175 apostolica,
1665 2133 1715 2164 vel
1736 2132 1846 2175 quavis
1868 2131 1920 2164 fir-

1185 2186 1292 2218 mitate
1319 2186 1381 2218 alia
1406 2185 1586 2223 roboratis,
1624 2184 1750 2216 statutis
1782 2190 1813 2217 et
1841 2195 1919 2217 con-

1185 2238 1421 2277 suetudinibus,
1436 2237 1613 2280 privilegiis
1632 2247 1774 2281 quoque,
1788 2236 1919 2270 indultis

1185 2298 1216 2324 et
1240 2291 1355 2323 litteris
1381 2290 1590 2333 apostolicis,
1615 2290 1711 2322 etiam
1738 2290 1844 2323 eidem
1869 2301 1920 2323 ca-

1162 2351 1291 2376 tinerae
1317 2343 1451 2386 eiusque
1477 2342 1668 2375 officialibus
1695 2348 1726 2375 et
1750 2343 1916 2383 ministris,

1162 2406 1221 2428 'ac
1246 2395 1315 2428 aliis
1339 2395 1489 2437 personis
1525 2399 1556 2427 et
1587 2395 1663 2427 locis
1697 2395 1915 2438 quibuslibet,

1184 2449 1242 2481 snb
1268 2449 1524 2492 quibuscumque
1550 2449 1724 2481 verborum
1750 2449 1916 2481 tenoribus

1185 2507 1217 2535 ct
1241 2502 1363 2542 formis,
1389 2513 1424 2534 ac
1448 2513 1520 2534 cum
1547 2501 1712 2545 quibusvis
1737 2501 1832 2534 etiam
1864 2501 1917 2534 de-

1184 2557 1414 2599 rogatoriarum
1441 2555 1664 2598 derogatoriis,
1690 2555 1825 2598 aliisque
1851 2555 1918 2587 effi-

1184 2610 1374 2650 cacioribus,
1386 2609 1612 2642 efficacissimis
1633 2614 1664 2642 et
1681 2607 1818 2642 insolitis
1835 2609 1918 2642 clau-
