2247 3208
159 178 211 207 An.
231 178 260 207 C.
281 178 350 206 1664

355 226 515 265 dixerunt,
533 225 708 258 machinati
727 231 796 258 sunt
826 230 854 259 et
880 230 1088 265 attentarunt,

354 290 410 313 seu
435 279 516 318 sieri,
535 280 596 321 agi,
619 279 697 321 geri,
716 279 879 320 «fontinidi,
898 279 1090 322 perpetrari,

354 332 427 372 dici,
448 331 629 364 machinari
648 337 678 364 et
700 332 848 364 attentari
873 337 1024 363 curarunt
1041 331 1089 363 rel

353 385 580 429 permiserunt,
595 389 647 418 aut
661 385 742 425 aliis,
757 385 873 418 similia
888 384 1087 423 facientibus,

352 437 614 472 machinantibus
628 444 657 471 et
672 438 911 477 attentantibus,
925 437 1089 476 auxilium,

352 491 531 532 eonsilium,
551 492 701 532 savorem,
727 491 961 530 aut-toritatem,
984 500 1088 533 opem,

352 545 540 584 subsidium,
558 545 607 577 rel
633 545 873 584 adminiculum,
889 543 1019 587 publice
1040 544 1088 575 vel

353 599 490 637 occulte,
516 598 637 630 directe
663 599 711 630 vel
741 597 907 636 indirecte,
927 602 989 628 tam
1014 606 1089 628 eon-

352 651 485 684 iunctim
510 661 604 693 quam
629 650 773 689 divisim,
794 655 825 681 et
849 649 927 681 alias
955 659 1089 692 quomo-

352 704 475 737 dolibet
499 703 740 746 praestiterunt,
759 704 808 735 rel
835 703 896 736 illis
922 703 1088 745 obtempe-

351 762 462 790 rarunt
488 762 519 789 et
547 756 691 789 obsecuti
723 761 819 795 sunt,
853 767 869 788 a
903 755 1087 798 praemissis

350 810 500 844 omnibus
521 814 550 842 et
576 809 711 852 siugulis
736 809 870 850 delictis,
897 810 1039 843 reatibus
1057 815 1088 842 et

351 863 558 903 criminibus,
587 863 683 895 etiam
707 863 814 896 laesae
840 862 1027 903 maiestatis,
1055 864 1087 896 in

350 926 554 959 quocumque
580 916 693 959 capite,
715 916 809 949 etiam
834 916 955 959 primo,
981 917 1088 949 rebel-

348 969 457 1009 lionis
477 969 655 1009 seditionis,
684 969 950 1013 conspirationis,
980 980 1015 1002 ac
1042 970 1087 1002 vis

349 1021 499 1066 publicae
522 1027 553 1055 et
570 1027 721 1062 armatae,
736 1027 765 1055 et
783 1022 919 1055 iniuriae
938 1022 1085 1066 principi,

350 1075 609 1118 magistratibus,
636 1075 848 1109 iurisdictioni
884 1081 919 1108 et>
938 1076 1085 1119 personis

350 1128 488 1172 publicis
512 1128 544 1162 in
569 1130 679 1162 nostra
705 1133 736 1162 et
760 1129 861 1161 dietae
881 1129 970 1162 Sedis
990 1130 1087 1162 tutela

351 1187 383 1215 et
414 1182 636 1224 salvaguardia
672 1182 881 1215 existentibus
910 1182 1087 1225 quomodo-

350 1236 429 1269 libet
453 1236 570 1276 illatae,
592 1235 701 1269 aliisve
727 1236 926 1278 quibuslibet
950 1236 1087 1269 excessi-

349 1289 409 1322 bus
444 1293 739 1332 quantumcumque
774 1289 943 1332 gravibus,
971 1289 1087 1322 atroci-

349 1342 409 1375 bus
434 1347 466 1375 et
489 1342 688 1382 enormibus,
706 1353 743 1375 ac
768 1343 972 1385 gravissimis,
1002 1348 1087 1375 atro-

350 1395 484 1429 cissimis
509 1401 540 1428 et
564 1395 813 1437 enormissimis,
842 1406 879 1428 ex
904 1396 1087 1439 praemissis

350 1459 407 1482 seu
443 1459 556 1482 eorum
595 1449 704 1492 aliquo
741 1449 1019 1493 qualitercumque
1058 1455 1086 1482 et

350 1503 656 1547 quomodocumque
692 1503 920 1537 resultantibus
957 1509 987 1536 et
1012 1515 1088 1537 con-

350 1556 569 1599 surgentibus,
586 1555 692 1599 atque¹
707 1556 780 1589 inde
795 1557 952 1590 resultare
968 1562 999 1589 et
1012 1567 1088 1590 eon-

350 1620 483 1653 surgere
507 1609 688 1653 praetendi‚
707 1611 842 1650 censeri,
861 1611 909 1643 vel
936 1611 1084 1653 intelligi,

350 1673 407 1696 seu
432 1663 539 1696 induci
565 1663 678 1706 quovis
704 1664 800 1697 modo
824 1669 967 1707 possent,
992 1664 1086 1696 etiam

351 1716 587 1759 quantumlibet
603 1716 796 1749 continuatis
811 1722 842 1749 et
859 1717 992 1755 iteratis,
1013 1727 1088 1749 uec-

351 1779 416 1802 non
435 1769 777 1803 excommunicationis
795 1772 876 1804 latae
898 1771 1086 1812 sententiae,

352 1822 574 1866 suspensionis
599 1828 626 1856 et
653 1823 827 1865 interdicti,
851 1824 986 1867 aliisque
1016 1835 1089 1856 sen-

353 1875 461 1908 tentiis
479 1881 509 1908 et
526 1876 680 1917 censuris,
700 1887 735 1908 ac
753 1877 847 1909 etiam
866 1877 978 1920 capitis
995 1883 1025 1910 et
1042 1879 1089 1910 ul-

353 1929 421 1963 timi
447 1929 599 1972 supplicii
624 1930 794 1973 laesaeque
820 1930 1013 1970 maiestatis,
1039 1941 1089 1963 re-

352 1982 505 2015 bellionis
530 1987 561 2015 et
585 1982 722 2016 aliorum
754 1983 924 2016 criminum
954 1989 985 2016 et
1010 1983 1089 2016 deli-

353 2041 477 2070 ctorum
495 2036 691 2076 huiusmodi,
710 2047 746 2069 ac
764 2037 944 2070 amissionis
961 2037 1090 2081 privile-

353 2089 489 2131 giorum,
505 2089 679 2132 gratiarum
704 2094 735 2122 et
756 2090 954 2123 indultorum
971 2101 989 2123 a
1007 2090 1089 2123 dicta

353 2142 435 2176 Sede
461 2142 646 2186 Apostolica
669 2153 914 2183 concessorum,
941 2144 1091 2188 privatio-

354 2196 413 2236 nis,
439 2195 695 2236 confiscationis,
725 2197 966 2239 publicationis,
1000 2197 1091 2230 eadu-

355 2249 458 2281 citatis
493 2254 525 2282 et
562 2249 776 2283 devolutionis
813 2261 1089 2294 quorumcumque

355 2303 532 2344 titulorum,
561 2303 741 2344 honorum,
773 2304 956 2347 insignium,
989 2305 1092 2348 digni-

355 2361 464 2397 tatum,
490 2356 707 2397 ecclcsiarum,
730 2358 1009 2400 monasteriorum,
1038 2359 1092 2392 be-

355 2409 551 2450 neficiorum,
570 2420 752 2451 munerum,
769 2411 958 2453 officiorum,
977 2417 1092 2445 castro-

354 2473 435 2504 rum,
456 2468 620 2503 terrarum‚
638 2463 796 2505 villarum,
822 2465 984 2507 casalium,
1002 2476 1093 2509 prae-

389 2560 404 2587 1
426 2559 476 2587 Pro
496 2563 582 2595 aeque
597 2560 717 2595 legerem
733 2563 759 2587 et
775 2569 848 2596 quae
862 2561 903 2596 (a.
920 2562 968 2596 T.).

442 2630 520 2659 Ball.
541 2631 624 2660 Rom.
645 2647 679 2653 -
703 2632 760 2662 Vol.
781 2633 873 2662 XVII.
1017 2633 1051 2662 33

946 176 1134 201 ALEXANDER
1158 177 1202 201 vn
1228 177 1275 200 PP.

1135 225 1273 265 diorum,
1306 225 1558 268 possessionum,
1585 225 1760 267 domorum,
1787 228 1874 269 pala-

1134 278 1261 318 tiorum,
1289 289 1453 319 censuum,
1473 280 1619 312 locorum
1636 280 1804 316 montium,
1823 291 1873 313 so-

1135 330 1296 371 cietatum,
1324 331 1513 372 officiorum,
1539 332 1870 374 fideicommissorum,

1133 383 1407 423 substitutionum,
1434 386 1779 428 primogeniturarum‚
1806 398 1872 419 ma-

1132 434 1334 475 iorieatuum,
1365 437 1544 477 fructuum,
1569 440 1871 482 emolumentorum,

1132 488 1340 529 creditorum,
1362 500 1481 530 rerum,
1500 490 1617 523 iurium
1644 497 1673 524 et
1699 493 1871 534 actionum,

1131 542 1335 585 aliorumque
1375 543 1567 583 bonorum,
1604 550 1666 577 tam
1703 548 1870 580 mobilium

1132 605 1226 637 quam
1252 595 1477 636 immobilium,
1506 597 1735 639 dominiorum,
1763 601 1872 635 seudo-

1131 658 1201 680 rum
1226 648 1321 681 etiam
1355 650 1646 683 ecelesiasticorum
1680 658 1711 684 et
1743 654 1871 687 iurisdi-

1131 701 1330 742 ctionalium‚
1345 713 1534 746 merumque
1560 710 1593 737 et
1616 705 1749 738 mixtum
1770 707 1871 750 impe-

1130 754 1226 795 rium,
1254 755 1352 797 gladii
1385 761 1599 799 potestatem,
1626 760 1814 802 vassallagia
1840 766 1871 793 ct

1130 807 1192 840 alia
1215 808 1337 851 regalia
1363 809 1575 851 habentium,
1601 821 1638 843 ac
1670 813 1870 846 allodialium

1130 866 1160 893 et
1178 862 1505 905 empliyteuticorum,
1524 863 1753 908 cuiuscumque
1773 877 1871 909 quan-

1130 914 1229 947 titatis
1255 920 1286 948 et
1310 916 1471 958 qualitatis
1497 917 1714 959 existentium,
1742 924 1805 951 tam
1831 920 1870 953 de

1130 969 1293 1012 praesenti
1320 980 1414 1013 quam
1440 970 1473 1002 in
1499 970 1641 1004 futurum
1667 973 1871 1014 quomodoli-

1129 1023 1183 1055 bet
1196 1029 1227 1055 et
1244 1023 1521 1067 qualitercumque
1543 1029 1575 1056 et
1594 1035 1630 1057 ex
1650 1026 1759 1068 (plavis
1777 1029 1870 1059 eausa

1129 1077 1410 1119 competentium,
1446 1077 1580 1120 aliisque
1618 1082 1682 1110 tam
1722 1080 1869 1122 corporis

1129 1128 1306 1169 afflictivis,
1342 1140 1438 1173 quam
1474 1130 1635 1165 bonarum
1660 1132 1868 1174 districtivis,

1129 1182 1307 1225 ceterisque
1334 1188 1397 1214 tam
1423 1183 1642 1226 spiritualibus
1668 1196 1763 1228 quam
1790 1191 1870 1219 tem-

1128 1236 1294 1279 poralibus
1319 1236 1445 1279 poenis,
1463 1247 1480 1269 a
1501 1237 1569 1270 iure
1587 1239 1636 1271 vel
1661 1239 1700 1271 ab
1725 1239 1870 1280 homine,

1129 1300 1164 1323 ac
1191 1290 1286 1322 etiam
1311 1300 1371 1333 per
1403 1301 1622 1334 quascumque
1648 1292 1870 1327 Romanorum

1128 1342 1320 1376 Pontificum
1360 1343 1649 1386 praedeeessorum
1685 1351 1871 1380 nostrorum

1130 1401 1160 1429 et
1192 1401 1318 1429 nostras
1350 1394 1621 1436 constitutiones,
1649 1398 1870 1432 ordinationes

1130 1454 1161 1482 et
1185 1449 1392 1489 sanctiones,
1425 1459 1553 1482 necnon
1586 1451 1674 1493 leges
1699 1451 1844 1494 publicas
1860 1480 1868 1493 ,

1130 1502 1244 1542 edicta,
1261 1502 1473 1536 bannimenta
1494 1508 1525 1535 et
1543 1503 1672 1537 decreta
1694 1506 1868 1548 quaelibet,

1131 1556 1227 1589 etiam
1253 1557 1427 1589 cameralia
1449 1562 1480 1589 et
1498 1558 1744 1599 consistorialia,
1772 1560 1870 1593 etiam

1130 1615 1243 1642 eontra
1279 1610 1451 1653 periuros,
1479 1609 1709 1656 fidelitatisque
1742 1613 1870 1647 debitae

1130 1668 1162 1695 et
1180 1664 1303 1696 iuratae
1328 1663 1514 1705 violatores,
1535 1670 1566 1697 et
1590 1666 1669 1698 alias
1695 1667 1872 1710 quomodo-

1129 1716 1209 1749 libet
1233 1716 1364 1750 inssictis
1384 1722 1415 1749 et
1439 1717 1609 1761 impositis,
1629 1730 1708 1762 quas
1734 1726 1872 1764 propter

1131 1770 1239 1803 onmia
1264 1775 1294 1802 et
1320 1770 1447 1813 singula
1465 1772 1656 1814 praemissa,
1676 1772 1871 1817 illorumque

1130 1834 1186 1857 seu
1212 1823 1346 1857 alicuius
1371 1834 1485 1857 eorum
1510 1827 1604 1858 causa
1629 1831 1660 1858 et
1687 1827 1868 1867 occasione,

1131 1876 1242 1920 quovis
1267 1877 1364 1910 modo
1382 1877 1599 1919 incurrerunt,
1622 1884 1676 1911 aut
1694 1879 1870 1914 incurrisse

1132 1930 1204 1970 dici,
1226 1931 1360 1971 censeri,
1380 1931 1558 1974 praetendi,
1586 1932 1724 1975 intelligi
1748 1935 1797 1966 vel
1827 1935 1871 1967 al-

1131 1983 1233 2026 legari
1250 1989 1393 2026 possent,
1409 1994 1552 2027 quasque
1570 1985 1637 2028 pati
1659 1990 1690 2018 et
1709 1986 1800 2019 luere
1818 1987 1872 2020 de-

1131 2036 1257 2077 berent,
1274 2036 1400 2069 etiamsi
1415 2037 1555 2070 maiores
1581 2048 1677 2081 supra
1698 2040 1871 2082 expressis,

1133 2095 1165 2123 et
1188 2095 1484 2133 quantumcumque
1510 2101 1619 2133 graves
1646 2092 1772 2132 forent,
1800 2103 1873 2136 spe-

1133 2143 1311 2187 cialemque
1337 2148 1369 2176 et
1394 2143 1591 2177 individuam
1622 2150 1733 2178 notam
1765 2151 1796 2179 et
1821 2158 1872 2179 ex-

1132 2197 1335 2240 pressionem
1359 2197 1579 2240 requirerent,
1600 2208 1635 2230 ac
1660 2199 1783 2231 etiamsi
1808 2200 1870 2243 ipsi

1132 2250 1183 2282 vel
1208 2260 1319 2283 eorum
1351 2250 1452 2294 aliqui
1485 2251 1563 2284 alias
1587 2251 1705 2284 similia
1730 2253 1779 2285 vel
1806 2253 1871 2285 dis-

1133 2303 1258 2344 similia,
1282 2303 1378 2336 etiam
1403 2304 1598 2347 gravissima,
1626 2310 1657 2338 et
1680 2306 1871 2349 supradietis

1133 2356 1281 2400 graviora
1313 2357 1471 2398 crimina,
1507 2357 1624 2391 delicta
1657 2364 1688 2391 et
1724 2369 1872 2391 excessus

1133 2410 1356 2444 commiserint
1389 2416 1420 2444 et
1455 2411 1596 2454 desuper
1631 2411 1871 2445 absolutionem

1133 2469 1165 2498 et
1177 2465 1313 2508 gratiam
1330 2465 1439 2505 semel,
1459 2465 1576 2498 iterum
1590 2470 1621 2498 et
1634 2466 1754 2509 pluries
1774 2466 1872 2499 etiam

1134 2530 1151 2552 a
1174 2519 1269 2552 nobis
1299 2524 1331 2552 et
1365 2519 1449 2552 dicta
1473 2518 1553 2552 Sede
1580 2519 1802 2560 obtinuerint,
1831 2524 1872 2552 te-

1134 2582 1214 2606 nore
1238 2572 1462 2616 praesentium
1485 2572 1519 2606 in
1542 2577 1681 2616 utroque
1706 2573 1777 2606 foro
1802 2572 1872 2616 ple-

1769 169 1832 202 ⁶257
1880 178 1974 204 An.C.
2006 177 2071 205 1663
