2247 3208
196 247 242 274 ltn-
260 236 288 265 C.
311 236 379 264 1668

1012 228 1154 252 CLEMENS
1178 229 1206 251 IX
1233 229 1279 251 1¹1⁸.

388 289 423 316 ut
447 288 606 326 perpetuo
631 281 722 313 lirina
747 285 777 311 et
803 279 923 312 illibata
941 277 1123 321 persistant,

388 337 530 370 libenter
554 334 729 378 apostolico
760 332 922 376 praesidio
948 329 1126 363 eommuni-

387 401 480 429 mus3
508 400 634 422 necnon
671 388 789 427 dubia,
817 387 841 418 si
868 384 945 429 qna¹
980 383 1063 416 circa
1088 393 1124 414 ea

388 449 569 486 temporum
604 441 725 473 incuria
762 442 928 481 insurgere
965 436 1125 479 counieri-

387 506 467 535 mus,
495 506 533 527 ne
560 495 674 526 exinde
709 493 811 525 litium
846 490 1016 533 dispendia
1050 498 1125 530 pro-

388 552 548 590 rumpant,
573 547 786 579 dilueidamns
810 549 840 576 ct
860 544 1069 579 declaramusy
1089 550 1124 571 ac

387 601 465 633 alias
491 600 712 642 disponimus,
740 602 835 640 prout
855 606 962 628 rernm
989 599 1020 625 et
1046 599 1124 624 tem-

390 663 502 695 porum
523 652 604 684 ratio
630 651 789 694 postulat,
816 658 937 691 nosque
964 645 1123 688 conspici-

386 716 456 737 mus
483 706 515 737 in
536 704 670 737 Domino
687 702 858 735 salubriter
879 700 1042 743 expedire.
1063 699 1123 730 Du-

387 758 461 790 dum
489 757 657 800 siquidem,
678 766 736 798 per
765 753 865 786 felicis
891 751 1122 785 recordationis

386 810 583 843 Clementem
608 809 724 851 Papam
752 807 814 839 VIII
840 806 1122 849 praedecessorem

386 868 533 895 nostrum
559 866 690 903 accepto
719 860 803 903 quod
830 859 924 892 Iulius
946 858 981 890 Ill
1001 864 1029 890 et
1049 857 1123 890 Gre-

385 915 492 957 gorius
510 915 584 954 XIII,
608 914 702 946 etiam
720 913 990 956 praedecessores
1008 910 1120 947 nostri,

385 973 473 1001 motu
498 967 631 1010 proprio
649 972 677 999 et
697 977 732 999 ex
754 968 841 997 certa
859 975 971 999 eornm
989 963 1123 995 seientia

384 1032 418 1053 ac
445 1022 483 1054 de
504 1021 700 1064 apostolicae
730 1019 896 1062 potestatis
919 1017 1121 1061 plenitudine

385 1075 423 1106 ad
461 1074 602 1107 divinum
637 1074 755 1116 ubique
785 1074 905 1105 cultum
943 1068 996 1102 et‘³
1020 1072 1122 1103 eecle-

384 1127 544 1158 siasticam
581 1125 784 1168 disciplinam
822 1124 1065 1157 restaurandum
1091 1128 1122 1154 et

385 1180 585 1223 augendum,
613 1179 856 1221 animarnmspie
883 1179 1020 1210 salutem
1046 1186 1121 1219 pro-

384 1234 569 1272 curandum,
597 1244 631 1264 ac
656 1233 694 1264 ad
721 1232 773 1264 Dei
800 1230 1030 1274 omnipotentis
1055 1230 1121 1261 lau-

385 1286 467 1325 dem,
488 1285 519 1317 in
542 1285 625 1317 (licta
650 1284 733 1316 I'rbe
760 1284 932 1324 collegium
958 1282 1121 1315 Germani-

383 1349 453 1381 cum
479 1344 510 1370 et
530 1337 722 1379 Ungaricuin
748 1337 945 1379 appellatum
967 1335 1121 1377 respecti-

383 1401 419 1423 ve
445 1396 615 1422 erexerant
639 1395 670 1422 et
696 1389 921 1427 instituerant,
949 1388 1119 1431 ipsumque

383 1443 575 1484 collegium,
602 1454 636 1475 ac
664 1442 749 1475 illius
782 1442 946 1474 scholares
971 1445 1003 1472 et
1027 1440 1120 1472 mini-

382 1501 464 1527 stros
490 1505 549 1537 pro
567 1500 712 1537 tempore
736 1495 916 1533 existentes,
939 1504 1118 1535 eorumque

382 1548 466 1580 bona
490 1548 615 1587 omnia,
643 1548 873 1590 cuiuscumque
899 1546 1063 1589 qualitatis
1089 1551 1120 1578 et

383 1602 582 1643 quantitatis,
612 1601 642 1632 in
669 1601 751 1632 <licta
775 1600 858 1632 Urbe
877 1601 926 1632 vel
943 1605 1032 1631 extra
1049 1610 1118 1631 eam

383 1659 412 1686 et
439 1654 516 1686 alias
542 1654 660 1695 ubique
682 1651 1060 1689 locorum‹:‹=1isist011tia‚
1079 1652 1118 1683 ab

383 1706 470 1738 omni
498 1705 735 1741 iurisdictione,
763 1704 984 1742 correctione,
1012 1704 1118 1736 visita-

383 1759 480 1797 tione,
499 1759 654 1795 dominio,
669 1758 896 1800 superioritate
916 1763 945 1789 et
963 1762 1117 1800 potestate

382 1822 440 1854 pro
466 1817 613 1854 tempore
632 1811 800 1843 existentis
817 1810 935 1848 vicarii,
963 1809 1118 1842 senatoris

382 1871 413 1897 et
430 1871 694 1897 conservatorum
721 1876 755 1896 ac
773 1864 1018 1896 ret'ornuitornm
1033 1863 1118 1895 eins-

381 1918 455 1950 dem
480 1917 581 1957 Urbis,
609 1928 734 1949 necnon
760 1917 891 1949 rectoris
910 1916 1006 1948 studii
1026 1926 1118 1958 geue-

382 1971 458 2003 ralis
484 1970 578 2002 Urbis
603 1970 794 2013 praedictae,
814 1969 1017 2011 aliorumque
1040 1978 1118 2010 quo-

381 2034 591 2066 rumcumque
628 2023 768 2055 iudicum
803 2028 834 2053 et
868 2021 1052 2054 officialium
1085 2021 1116 2052 in

381 2076 450 2118 ipsa
475 2075 558 2108 Urbe
584 2076 634 2107 vel
659 2075 736 2107 alias
762 2074 898 2106 ubilibet
930 2073 1117 2105 constituto-

379 2139 451 2161 rum
476 2139 605 2171 prorsus
631 2128 760 2167 liberos,
785 2127 943 2159 immunes
965 2131 992 2158 et
1017 2136 1117 2157 exem-

380 2188 466 2225 ptos,
486 2193 519 2214 ac
541 2181 653 2221 libera,
674 2181 828 2213 immunia
850 2185 876 2212 ct
905 2185 1052 2222 exempta
1072 2189 1117 2210 re-

380 2235 518 2278 spective
532 2236 675 2267 fecerant
686 2240 717 2266 et
729 2234 976 2271 constituerant,
990 2243 1117 2264 necnon

381 2298 436 2320 eos
463 2293 494 2320 et
518 2299 554 2320 ea
579 2289 637 2320 sub
664 2287 746 2320 beati
765 2287 849 2319 Petri
872 2291 903 2318 et
921 2285 1010 2318 Sedis
1032 2286 1117 2327 Apo-

380 2341 511 2373 stolieae
536 2341 737 2383 protectione
764 2343 986 2381 susceperant,
1014 2343 1042 2369 et
1070 2338 1117 2369 in-

380 2404 479 2437 super
492 2394 578 2426 idem
591 2392 765 2434 Gregorius
784 2392 1020 2435 pmmlfflssessor
1041 2395 1117 2421 tune

380 2447 412 2480 in
450 2446 598 2479 humanis
634 2450 765 2487 agentes
803 2444 905 2476 bonae
940 2443 1116 2475 memoriae

378 2500 529 2533 Ioannem
550 2499 715 2532 Moroinnn
732 2498 910 2530 Ostiensem
930 2502 959 2528 et
982 2498 1118 2528 Alexan-

418 2572 426 2596 1
451 2570 521 2596 Edit.
539 2569 616 2596 Main.
634 2569 699 2603 legit
714 2569 739 2595 si
755 2576 828 2602 qnae
843 2574 880 2597 tn.
901 2567 948 2598 12).

413 2614 429 2642 ἓ
443 2614 663 2641 Coniunctionem
680 2615 704 2639 el
722 2620 769 2638 nos
781 2611 906 2638 addimus
921 2617 960 2644 μζ.
979 2610 1026 2643 Τ.).

1169 276 1260 307 drnm
1297 275 1484 307 Farnesium
1515 273 1837 308 Praenestinensem,
1876 275 1907 301 et

1169 328 1389 360 Ptolomaeum
1408 327 1597 360 Comensem
1612 325 1822 357 Sabinensem
1840 324 1906 365 epi-

1168 391 1294 422 scopos,
1321 390 1447 412 necnon
1474 379 1611 410 Marcum
1637 377 1767 410 Sitieum
1789 376 1820 408 S.
1845 376 1905 407 Ma-

1168 432 1232 463 riae
1257 431 1496 474 Transtvberim
1514 431 1552 462 ab
1575 431 1727 472 Altemps,
1746 434 1777 461 et
1802 428 1905 460 Ludo-

1167 485 1271 516 vicum
1298 484 1327 516 S
1349 483 1530 525 Ilnnupln'ii
1556 484 1719 523 titulorum
1745 482 1774 514 S.
1804 482 1839 513 P..
1867 481 1901 513 Ε,

1167 537 1373 579 presbyteros
1409 536 1620 567 ‚lladrurcinin
1659 540 1900 577 nuncupatum,

1167 589 1445 626 cardinal1³s,tlicti
1465 589 1593 627 collegii
1610 594 1638 619 et
1655 588 1739 620 illius
1754 587 1903 629 collegia-

1167 642 1244 673 lium
1269 646 1300 673 et
1324 651 1536 683 personarum
1571 652 1604 672 ai·
1641 641 1795 672 bonorum
1823 650 1903 682 qno-

1166 704 1378 736 rumeumque
1405 698 1609 735 protei-tores
1635 693 1845 725 constituerat
1872 699 1901 724 et

1167 747 1383 789 deputaverat,
1410 746 1537 788 illisque
1564 756 1675 777 onnies
1703 752 1731 777 et
1757 747 1902 787 singulas

1166 799 1261 831 etiam
1288 798 1503 840 obligationes
1537 799 1568 830 in
1601 799 1701 830 fornia
1730 809 1901 835 camerae,

1165 863 1200 884 ae
1227 862 1324 894 super
1342 852 1411 884 iure
1440 862 1596 893 congruo,
1617 857 1647 883 et
1680 862 1899 894 quascumque

1166 905 1243 937 alias
1263 915 1374 937 causas
1399 904 1506 936 civiles
1524 910 1555 935 et
1580 904 1774 943 criminales,
1796 915 1900 937 meras

1166 964 1197 991 et
1220 958 1333 989 mixtas
1359 957 1434 989 dicti
1459 957 1597 999 collegii,
1626 957 1776 999 illiusque
1804 958 1902 989 eolle-

1165 1012 1307 1054 gialium,
1329 1011 1535 1050 scholarium,
1556 1015 1729 1047 rectorum,
1747 1010 1901 1042 aliorum-

1165 1076 1227 1108 que
1254 1065 1474 1097 ministrorum
1492 1070 1523 1097 et.
1541 1065 1727 1097 officialium
1745 1075 1803 1107 pro
1824 1070 1902 1096 tem-

1164 1129 1241 1161 pore
1268 1118 1470 1151 existentium
1498 1118 1682 1149 liuius-modi
1707 1118 1739 1149 in
1758 1118 1853 1149 rebus
1871 1123 1901 1149 et

1165 1172 1307 1214 negociis
1333 1171 1504 1213 collegium
1539 1171 1717 1213 praefatum
1751 1176 1781 1202 et
1814 1170 1898 1202 illius

1164 1234 1234 1263 reS‚
1266 1224 1334 1256 iura
1361 1229 1392 1255 et
1423 1224 1563 1256 actiones
1589 1234 1623 1255 ac
1657 1224 1741 1255 bona
1769 1233 1900 1255 concer-

1164 1277 1325 1316 nentibus,
1353 1282 1414 1308 tam
1446 1277 1545 1308 aetive
1572 1286 1663 1318 quam
1690 1277 1815 1318 passive
1842 1285 1901 1318 per

1164 1340 1196 1361 se
1222 1329 1318 1372 ipsos,
1346 1334 1396 1361 aut
1424 1329 1539 1366 alium,
1566 1339 1621 1360 sen
1648 1329 1747 1367 alios,
1774 1329 1828 1371 qui
1856 1330 1900 1360 eis

1164 1381 1361 1424 viderentur,
1385 1382 1480 1413 etiam
1499 1381 1681 1420 summarie,
1709 1381 1901 1423 simpliciter

1163 1442 1194 1467 et
1218 1436 1256 1467 de
1284 1436 1399 1477 plano,
1418 1446 1454 1467 ae,
1477 1435 1545 1466 sine
1573 1434 1710 1477 strepitu
1742 1439 1768 1466 et
1797 1434 1900 1476 ligura

1162 1488 1289 1524 iudicii,
1323 1498 1450 1520 necnon
1483 1498 1578 1519 manu
1606 1488 1715 1529 regia,
1746 1488 1897 1529 nullaque

1164 1542 1227 1573 tela
1253 1540 1418 1573 iudiciaria
1435 1543 1569 1578 servata,
1593 1541 1649 1572 sed
1664 1541 1730 1572 sola
1756 1540 1827 1571 sacti
1849 1551 1899 1572 ve—

1163 1595 1256 1627 ritate
1282 1594 1438 1636 inspecta,
1461 1604 1496 1625 ac.
1522 1593 1615 1624 etiam
1636 1592 1739 1625 omni*
1764 1598 1791 1624 et
1823 1603 1899 1634 qua-

1162 1658 1296 1690 cumque
1310 1647 1525 1689 appellatione
1547 1648 1679 1684 remota,
1693 1645 1868 1677 audiendas
1879 1644 1897 1683 ²,

1162 1701 1426 1743 cognoscendas,
1461 1699 1666 1735 decidendas,
1694 1698 1821 1740 {ineque
1848 1699 1900 1729 sle-

1162 1754 1227 1786 bito
1247 1753 1473 1789 terminandas,
1503 1753 1550 1784 vel
1573 1752 1666 1783 etiam
1686 1751 1897 1792 delegandam,

1161 1813 1202 1845 et,
1220 1813 1377 1849 quatenus
1395 1816 1475 1848 opus
1495 1806 1588 1843 soret,
1614 1805 1732 1837 citandi
1759 1811 1784 1836 el
1814 1804 1899 1836 inbi-

1161 1860 1278 1898 bendi,
1307 1864 1479 1902 ceteraspie
1515 1858 1622 1891 onmia
1647 1862 1829 1900 opportuna
1856 1857 1899 1888 sa-

1161 1913 1265 1945 ciendi
1292 1918 1323 1945 et
1355 1912 1537 1955 exequendi
1571 1911 1703 1943 liberam
1730 1920 1898 1942 concesse-

1162 1973 1209 1999 rat
1235 1967 1427 2003 facultatem,
1446 1966 1623 1997 decernens
1650 1963 1774 1995 irritum
1807 1963 1898 2005 qnid-

1161 2019 1237 2061 quid
1263 2029 1353 2051 secus
1378 2028 1475 2060 super
1501 2017 1561 2056 liis,
1580 2016 1719 2048 scienter
1740 2016 1788 2047 vel
1809 2015 1899 2056 igno-

1160 2077 1276 2110 ranter⁷
1303 2071 1505 2113 contingeret
1539 2069 1711 2108 attentari,
1739 2073 1830 2110 prout
1865 2067 1897 2098 in

1161 2124 1350 2168 quibusdam
1376 2123 1444 2155 Iulii
1470 2124 1528 2155 snb
1547 2123 1654 2155 datum
1673 2121 1774 2164 pridie
1792 2121 1898 2153 kalen-

1161 2179 1215 2211 (las
1230 2177 1437 2220 septembris,
1456 2175 1660 2218 pontitieatns
1680 2174 1727 2206 sni
1749 2184 1832 2206 anno
1851 2184 1895 2213 111,

1161 2242 1196 2263 ao
1214 2231 1309 2263 etiam
1328 2229 1481 2271 Gregorii,
1500 2229 1787 2271 praedeeessorum
1804 2237 1896 2269 prae-

1161 2284 1316 2322 fatorum,
1347 2283 1404 2314 sub
1434 2282 1541 2313 datum
1567 2291 1622 2313 vin
1649 2280 1720 2312 idus
1754 2279 1895 2321 angusti,

1161 2347 1206 2375 11,
1241 2341 1271 2367 et
1298 2336 1356 2367 sub
1386 2335 1492 2367 [latum
1521 2333 1627 2365 idibus
1661 2332 1751 2371 iulii,
1783 2342 1836 2368 iu,
1866 2336 1899 2363 et

1161 2389 1219 2420 sub
1247 2388 1355 2419 (latum
1374 2386 1531 2419 kalendis
1556 2385 1673 2424 martii,
1700 2395 1753 2423 vu,
1781 2390 1808 2416 et
1839 2384 1898 2415 sub

1161 2441 1269 2473 datum
1285 2439 1390 2471 idibus
1413 2437 1536 2481 aprilis7
1560 2448 1627 2476 vni,
1650 2442 1681 2469 et
1703 2436 1773 2469 aliis
1797 2436 1898 2468 [liver-

1160 2493 1202 2525 sis
1223 2492 1336 2525 litteris
1355 2497 1385 2523 et
1401 2491 1683 2524 eomn‘iissionibus
1700 2489 1833 2521 diversis
1851 2488 1899 2521 sui

1198 2566 1205 2589 l
1231 2562 1300 2589 Edit.
1318 2562 1399 2588 Malu.
1422 2561 1486 2596 legit
1505 2561 1605 2588 omnia
1624 2562 1663 2594 (n.
1685 2563 1733 2591 r).

1195 2608 1211 2633 ⁹2
1232 2607 1326 2642 Aptius
1346 2606 1435 2633 forsan
1456 2606 1562 2632 audien
1576 2605 1606 2636 Ῐί,
1628 2607 1679 2631 etc,
1699 2606 1734 2639 (n.
1751 2605 1802 2637 12).

1810 211 1873 244 (¹18ss
1920 220 1967 246 An.
1984 218 2012 245 c.
2032 218 2101 245 isos
