2247 3208
210 202 259 229 An.
276 200 305 228 c.
329 200 396 228 1664
436 190 505 225 978

237 261 377 289 Supplicauo.

287 2477 401 2498 Confirmat

216 2503 312 2524 Pontifex
327 2504 400 2524 :lecre-

450 251 464 293 §
482 249 512 281 2.
530 248 606 281 Cum
624 253 741 285 autem,
757 247 838 278 sicut
852 245 962 278 eadem
981 243 1141 287 expositio

406 302 643 343 subiungebat,
670 299 854 342 praemissis
885 297 1015 331 attentis
1032 324 1039 337 ‚
1067 296 1142 330 dicti

406 359 605 398 exponentes
638 353 889 396 supplicaverint
919 352 1043 385 dilectis
1069 350 1143 384 filiis

406 407 589 441 definitorio
615 406 758 449 generali
784 406 859 439 dicti
884 405 1012 439 Ordinis
1033 410 1067 437 ut
1093 405 1143 437 de-

406 465 580 494 cernerent
605 460 690 503 quod
716 461 755 492 de
789 465 897 492 cetero
930 459 1064 492 dilectus
1089 468 1144 501 pa-

404 514 483 546 riter
509 513 592 546 tilius
625 513 773 546 minister
804 512 964 555 generalis
997 511 1144 544 eiusdem

404 566 545 606 Ordinis,
564 567 602 599 de
625 571 769 608 tempore
794 565 924 608 capituli
945 565 978 596 in
1003 564 1145 607 praefata

405 619 571 662 provincia
587 619 772 652 Canariensi
790 618 977 651 celebrandi
990 616 1143 656 monitus,

405 683 442 705 ex
478 672 652 715 propositis
687 682 746 714 per
786 670 1005 704 definitorium
1040 670 1143 713 ipsius

405 725 588 768 provinciae
615 729 751 768 quatuor
775 729 828 757 aut
845 724 987 767 quinque
1014 722 1145 765 religio-

405 777 448 810 sis
481 777 563 820 aptis
596 782 628 809 et
660 777 796 818 idoneis,
822 788 921 809 unum
946 776 1064 819 eligere
1090 776 1145 808 de-

405 830 497 864 beret
521 831 553 863 in
578 831 847 870 commissarium,
868 830 921 872 qui
948 828 1145 872 provinciam

406 883 543 924 visitare,
570 894 606 916 ac
630 883 805 926 capitulum
830 883 994 915 celebrare
1012 887 1043 914 et
1060 887 1145 914 actus

407 937 457 970 sui
488 937 644 969 rationem
677 936 782 970 eidem
818 935 964 967 ministro
1002 934 1144 976 generali

407 989 545 1023 reddere
571 993 753 1027 teneretur;
782 988 844 1020 hoc
868 987 964 1021 etiam
993 997 1052 1029 per
1076 997 1146 1019 eos-

410 1043 483 1076 dem
509 1046 708 1085 exponentes
735 1041 858 1080 adiecto
883 1040 972 1083 quod
1000 1039 1147 1072 commis—

409 1095 486 1128 sarii
505 1095 684 1128 visitatores
707 1103 744 1126 ex
762 1092 917 1136 IIispania
940 1092 1031 1125 missi
1048 1103 1145 1124 unam

408 1153 533 1180 tantum
558 1147 608 1180 vel
634 1147 711 1180 duas
736 1156 773 1178 ex
799 1145 950 1189 praefatis
974 1145 1088 1178 insulis
1106 1144 1146 1177 vi-

408 1201 517 1241 sitare,
537 1200 576 1233 ad
601 1200 678 1232 alias
703 1209 778 1232 vero
803 1203 936 1242 propter
961 1198 1146 1231 earumdem

409 1253 608 1293 distantiam,
634 1263 669 1285 ac
693 1252 807 1292 maris,
833 1251 1070 1294 Turcarumque
1095 1261 1147 1294 pe-

408 1307 518 1347 ricula,
545 1316 617 1339 suos
643 1305 881 1339 commissarios
907 1315 943 1337 ex
969 1304 1053 1337 dicta
1077 1314 1147 1347 pro-

408 1360 512 1392 vincia
530 1359 712 1392 nominatos
728 1359 854 1391 mittere
873 1357 1039 1397 solebant3
1063 1367 1147 1389 cum-

409 1423 472 1456 que
508 1412 594 1445 idem
632 1410 849 1444 definitorium
885 1411 1037 1453 generale
1076 1414 1148 1452 post

409 1470 566 1498 maturam
591 1464 827 1497 discussionem
853 1463 1033 1496 decreverit
1050 1463 1148 1506 quod,

410 1520 531 1551 attenta
548 1517 748 1557 necessitate,
765 1528 800 1549 ac
816 1516 969 1549 itinerum
982 1515 1147 1559 perieulis,

410 1581 539 1604 necnon
556 1571 595 1603 ad
613 1570 771 1603 tollendas
789 1569 1013 1602 intolerabiles
1030 1579 1148 1612 expen-

411 1634 473 1664 sas,
490 1628 650 1667 proponat
663 1623 816 1666 deinceps
830 1623 967 1666 ipsamet
984 1622 1149 1665 provincia

412 1676 615 1710 Canariensis
640 1675 797 1719 superiori
825 1675 966 1718 generali
993 1675 1067 1707 dicti
1093 1674 1149 1707 Or-

412 1729 496 1762 dinis
520 1734 585 1762 tres
605 1734 658 1760 aut
682 1733 820 1771 quatuor
840 1729 953 1760 fratres
978 1738 1015 1760 ex
1036 1728 1148 1760 eadem

411 1782 590 1825 provincia,
607 1793 642 1815 ex
669 1782 783 1824 quibus
808 1781 945 1824 eligatur
970 1780 1149 1813 commissa-

410 1835 477 1868 rius
502 1835 658 1876 visitator‚
684 1841 715 1867 et
738 1835 782 1868 ita
799 1835 831 1867 in
853 1840 1019 1878 posterum
1043 1834 1149 1867 obser·

410 1888 477 1920 vari
515 1888 743 1928 mandaverit,
778 1898 843 1921 non
880 1888 1082 1920 obstantibus
1115 1887 1148 1919 in

411 1942 607 1974 eontrarium
632 1942 896 1984 quibuscumque,
922 1946 1018 1984 prout
1041 1940 1074 1972 in
1100 1940 1149 1972 de·

411 2000 499 2027 creto
525 1994 709 2027 huiusmodi
735 1995 768 2026 in
792 1999 951 2027 conventu
976 1993 1006 2026 S.
1034 1993 1148 2025 Mariae

411 2047 450 2079 de
483 2047 626 2079 Aracaeli
661 2047 698 2079 de
729 2047 815 2080 Urbe
845 2047 988 2079 eiusdem
1021 2046 1149 2079 Ordinis

411 2099 462 2131 die
484 2110 557 2132 xxm
589 2099 663 2131 maii
692 2099 837 2142 proxime
869 2099 1036 2142 praeteriti
1062 2099 1148 2132 edito

411 2151 608 2184 continetur:
634 2152 726 2184 nobis
751 2157 925 2195 propterea
950 2152 1025 2185 dicti
1051 2162 1149 2194 expo-

410 2209 525 2237 nentes
550 2204 717 2236 humilitcr
742 2204 919 2247 supplicari
945 2205 1091 2237 fecerunt
1115 2209 1150 2235 ut

410 2256 498 2290 idem
523 2257 696 2296 decretum,
715 2267 779 2299 quo
798 2256 919 2289 firmius
944 2257 1095 2290 subsistat
1119 2261 1149 2289 et

411 2315 558 2342 servetur
582 2310 740 2351 exactius,
769 2310 961 2353 apostolicae
987 2309 1149 2343 confirma-

409 2362 507 2395 tionis
532 2368 661 2395 nostrae
686 2363 866 2405 patrocinio
892 2362 1083 2396 communiri
1109 2363 1148 2395 de

409 2415 609 2458 benignitate.
635 2417 810 2459 apostolica
834 2416 1052 2459 dignaremur.

455 2470 469 2512 ᾗ
495 2468 526 2501 3.
546 2468 608 2501 Nos
625 2468 730 2511 igitur,
750 2469 835 2512 ipsos
859 2474 1058 2512 exponentes
1079 2479 1150 2512 spe-

216 2533 258 2550 tum
287 2522 545 2555 deuunorxieialibus
582 2521 742 2554 favoribus
781 2527 812 2554 et
849 2522 958 2563 gratiis
996 2521 1147 2565 prosequi

217 2556 328 2582 generalis.

411 2577 564 2616 volentes,
591 2581 620 2608 ct
646 2586 757 2608 eorum
790 2574 967 2618 singulares
993 2585 1148 2617 personas

983 195 1164 220 BULLARIUM
1187 194 1339 218 ROMANUM

1186 253 1203 274 a
1227 241 1392 284 quibusvis
1417 242 1763 283 excommunicationis,
1789 252 1919 286 suspen-

1185 295 1283 328 sionis
1308 300 1340 328 et
1356 295 1526 335 interdicti,
1546 295 1679 338 aliisque
1697 295 1919 328 ecclesiasticis

1186 347 1362 387 sententiis,
1388 347 1530 379 censuris
1555 352 1586 379 et
1606 348 1727 390 poenis,
1747 359 1764 380 a
1788 348 1856 381 iure
1870 348 1919 380 vel

1186 402 1224 433 ab
1250 401 1400 441 homine,
1427 401 1535 444 quavis
1560 401 1725 434 occasione
1753 402 1800 434 vel
1826 403 1921 434 causa

1187 454 1266 493 latis,
1293 454 1318 485 si
1344 454 1460 496 quibus
1485 454 1726 496 quomodolibet
1750 455 1920 488 innodatae

1187 507 1336 547 existunt,
1360 507 1398 539 ad
1424 506 1569 540 effectum
1594 507 1811 549 praesentium
1831 508 1922 540 dum-

1187 565 1270 592 taxat
1294 560 1565 602 consequendum,
1585 560 1698 592 harum
1714 560 1796 593 serie
1818 560 1922 593 absol-

1185 618 1295 645 ventes
1321 618 1353 646 et
1376 613 1537 645 absolutas
1562 613 1629 645 sore
1655 618 1839 653 censentes,
1866 613 1923 645 hu-

1188 666 1324 699 iusmodi
1339 665 1628 709 supplicationibus
1653 665 1808 706 inclinati,
1826 676 1925 709 supra

1188 730 1375 762 expressum
1394 719 1557 751 decretum
1576 717 1748 751 definitorii
1763 719 1923 761 generalis

1188 772 1373 805 huiusmodi
1405 783 1462 814 pro
1497 773 1671 803 memorata
1703 772 1866 814 provincia
1889 771 1920 804 S.

1188 824 1294 856 Didaci
1328 824 1545 865 Canariensis,
1577 825 1627 857 die
1659 835 1732 857 xxix
1757 824 1831 857 maii
1855 835 1924 868 pro-

1188 877 1269 909 xime
1302 877 1466 920 praeteriti
1497 877 1617 909 editum
1653 882 1687 909 ut
1721 878 1920 920 praefertur,

1188 930 1374 962 auctoritate
1407 930 1598 972 apostolica,
1635 935 1745 963 tenore
1776 941 1923 973 praesen-

1188 982 1276 1023 tium,
1301 981 1525 1015 confirmamus
1550 987 1581 1014 et
1603 983 1836 1025 approbamus,
1862 983 1924 1016 illi-

1189 1045 1250 1077 que
1276 1034 1467 1067 inviolabilis
1485 1034 1677 1077 apostolicae
1697 1034 1853 1068 firmitatis
1878 1046 1924 1069 ro-

1188 1088 1250 1119 bur
1281 1087 1472 1127 adiicimus,
1506 1098 1541 1120 ac
1571 1097 1682 1121 omnes
1714 1093 1744 1121 et
1780 1089 1924 1131 singulos

1190 1141 1266 1172 iuris
1297 1145 1328 1173 et
1360 1140 1432 1172 sacti
1464 1140 1630 1181 desectus,
1655 1141 1681 1173 si
1706 1142 1761 1184 qui
1786 1142 1925 1185 desuper

1189 1193 1433 1236 quomodolibet
1457 1193 1697 1233 intervenerint,
1723 1195 1922 1237 supplemus.

1233 1246 1247 1289 g
1271 1245 1302 1278 4.
1334 1246 1549 1279 Decernentes
1582 1247 1710 1279 easdem
1740 1252 1926 1290 praesentes

1189 1299 1311 1331 litteras
1336 1309 1463 1342 semper
1487 1298 1604 1340 firmas,
1626 1300 1747 1333 validas
1772 1305 1803 1332 et
1827 1300 1926 1333 effica-

1190 1363 1242 1385 ces
1267 1353 1402 1385 existere
1421 1358 1452 1385 ct
1469 1352 1545 1393 sore,
1565 1363 1703 1397 suosque
1720 1354 1884 1397 plenarios
1897 1359 1928 1386 et

1190 1405 1338 1449 integros
1371 1405 1505 1438 effectus
1537 1406 1649 1439 sortiri
1683 1412 1715 1439 et
1754 1407 1926 1447 obtinere,

1191 1470 1227 1492 ac
1244 1459 1282 1491 ab
1300 1459 1378 1500 illis,
1398 1459 1436 1492 ad
1455 1469 1537 1502 quos
1561 1465 1688 1503 spectat
1714 1465 1745 1493 et
1765 1471 1826 1504 pro
1851 1466 1930 1494 tem-

1190 1523 1270 1556 pore
1296 1513 1467 1556 spectabit,
1488 1512 1723 1547 inviolabiliter
1748 1514 1929 1554 observari,

1191 1571 1224 1598 et
1241 1565 1305 1599 illis
1331 1566 1515 1609 respective
1530 1566 1723 1609 plenissime
1745 1565 1927 1609 suffragari,

1191 1618 1300 1662 sicque
1331 1619 1363 1651 iu
1396 1619 1588 1662 praemissis
1613 1630 1673 1663 per
1698 1629 1927 1663 quoscumque

1928 192 1976 219 An.
1993 192 2021 220 C.
2044 193 2112 221 ¹664

1949 1284 1951 1287 Α
1967 1257 2078 1279 Decretum
2093 1257 2121 1279 ir·

1937 1287 2011 1306 filaus.

1190 1671 1316 1704 iudices
1342 1671 1526 1704 ordinarios
1557 1677 1589 1704 et
1614 1673 1802 1715 delegatos,
1829 1672 1927 1705 etiam
1958 1705 1961 1707 ,

1191 1735 1365 1757 causarum
1396 1725 1507 1768 palatii
1538 1724 1709 1768 apostolici
1746 1725 1927 1765 auditores,

1191 1777 1329 1810 iudicari
1355 1782 1387 1810 et
1412 1776 1540 1811 definiri
1566 1778 1702 1818 debere,
1736 1788 1773 1811 ac
1802 1777 1928 1810 irritum

1192 1835 1223 1863 et
1247 1831 1341 1863 inane
1361 1831 1387 1863 si
1407 1841 1501 1863 secus
1520 1841 1621 1874 super
1642 1830 1692 1863 his
1714 1841 1732 1863 a
1752 1841 1928 1874 quoquam,

1192 1883 1304 1926 quavis
1324 1883 1533 1922 auctoritate,
1555 1883 1763 1917 scientervel
1781 1883 1931 1926 ignoran-

1192 1942 1253 1975 ter,
1278 1937 1456 1979 eontigerit
1480 1937 1648 1969 attentari.

1236 1992 1250 2034 ἓ
1277 1990 1307 2023 5.
1333 1990 1403 2022 Non
1429 1990 1631 2022 obstantibus
1661 1989 1867 2032 praemissis,
1893 1998 1930 2021 ac

1192 2043 1476 2076 constitutionibus
1503 2047 1534 2075 ct
1566 2042 1826 2075 ordinationibus
1852 2052 1930 2085 apo—

1192 2096 1327 2135 stolicis,
1342 2099 1471 2128 necnon
1487 2095 1649 2128 dictorum
1662 2094 1791 2127 Ordinis
1809 2099 1840 2127 et
1857 2105 1929 2138 pro—

1192 2149 1328 2189 vinciae,
1354 2149 1465 2181 aliisve
1493 2148 1678 2191 quibusvis,
1713 2147 1809 2180 etiam
1844 2147 1931 2180 iura-

1193 2208 1312 2242 mento,
1325 2202 1571 2235 confirmatione
1587 2201 1776 2245 apostolica,
1792 2201 1843 2234 vel
1858 2210 1931 2244 qua-

1193 2256 1239 2289 vis
1266 2255 1417 2287 firmitate
1442 2255 1506 2287 alia
1536 2254 1720 2295 roboratis,
1747 2254 1873 2287 statutis
1899 2258 1930 2286 et

1193 2298 1490 2348 consuetudinibus,
1514 2307 1692 2351 privilegiis
1718 2317 1856 2351 quoque,
1881 2306 1929 2339 in-

1194 2361 1290 2395 dultis
1316 2367 1348 2394 et
1371 2361 1487 2394 litteris
1521 2361 1706 2404 apostolicis
1740 2361 1773 2393 in
1804 2366 1931 2397 contra-

1193 2415 1277 2448 rium
1309 2415 1557 2459 praemissorum
1586 2415 1828 2458 quomodolibet
1853 2424 1930 2447 con·-

1193 2469 1300 2509 ccssis,
1322 2469 1517 2501 confirmatis
1542 2474 1574 2501 et
1600 2468 1783 2507 innovatis;
1812 2467 1928 2510 quibus

1194 2522 1342 2554 omnibus
1355 2528 1385 2554 et
1401 2522 1544 2564 siugulis,
1556 2522 1686 2554 illorum
1700 2526 1828 2553 tenores
1838 2530 1927 2564 prae-

1194 2573 1338 2608 sentibus
1370 2585 1429 2617 pro
1455 2575 1549 2617 plene
1584 2579 1616 2607 et
1647 2573 1840 2607 sufficienter
1875 2582 1928 2605 ex-

1961 1995 2077 2017 Contrariis
2088 1995 2124 2017 do·

1940 2025 2007 2049 rogat.
