2247 3208
467 268 529 301 848
1012 273 1189 296 arcuatum
1215 272 1367 295 Romami

466 314 491 337 θ
506 329 672 363 occasione
697 315 874 360 sortitionis
893 325 1038 358 annualis
1057 324 1256 363 officialium,
1275 324 1368 364 ibids,
1387 334 1494 357 severe
1518 324 1730 367 prohibentur
1746 324 1834 357 laicis
1851 335 1867 356 a
1887 334 1958 366 rege

506 381 676 419 catholico,
696 388 723 412 et
743 379 964 421 ecclesiasticis
986 389 1002 410 a
1018 377 1188 418 Pontifice,
1209 376 1272 410 113
1296 388 1315 409 α
1339 382 1369 409 et
1395 376 1422 409 b.

418 435 610 468 Catechistae
636 434 668 466 in
694 432 792 465 indiis
818 430 1033 465 Orientalibus
1059 440 1114 473 per
1138 435 1207 463 vota
1232 430 1433 473 regularibus
1458 429 1540 462 sacta
1565 440 1629 462 non
1655 430 1838 463 eximuntur
1866 440 1883 461 a
1912 429 1959 462 iu-

506 488 689 520 risdictione
715 485 908 519 vicariorum
934 485 1198 528 apostolicorum,
1225 482 1289 516 818
1314 494 1345 515 α.

417 541 720 574 Cathecumenorum
747 545 777 572 et
803 538 1038 582 neophytorum
1063 543 1094 570 et
1112 537 1150 569 ad
1169 536 1263 569 fidem
1280 536 1392 569 Christi
1418 546 1648 569 conversorum
1667 537 1814 575 societas,
1839 534 1901 568 139
1920 536 1957 575 ἰν,

507 593 575 625 ride
599 592 837 635 Neophytorum
864 595 892 622 et
917 590 968 623 SR.
999 589 1275 622 Annunciationis.
1562 628 1564 632 Ι
1862 592 1867 596 ’

416 645 584 679 Catherina
608 646 740 688 Magnae
767 643 927 677 Britaniae
953 643 1070 686 regina,
1095 642 1159 675 774
1184 643 1216 683 [13
1241 642 1268 675 ei
1289 642 1538 675 conceditur‘ut
1563 642 1593 675 in
1619 642 1765 694 cappella
1790 651 1846 675 sua
1872 642 1959 686 regia

507 699 601 731 missa
626 699 665 731 de
690 699 722 730 B.
753 699 836 730 Rosa
862 698 993 730 Limana
1019 695 1170 730 celebrari
1198 697 1308 739 possit,
1336 696 1415 727 ibid.

416 751 649 785 Catholicorum
675 751 856 795 principum
882 750 1018 782 ministri
1045 749 1176 783 Parisiis
1202 749 1384 792 congregati
1411 749 1483 781 vide
1506 749 1645 784 Parisiis,

418 805 576 838 Censurae
602 805 683 837 latae
709 815 725 836 a
750 803 899 837 facultate
925 803 1106 846 theologica
1132 802 1300 836 Parisiensi
1325 803 1531 842 damnantur,
1559 801 1623 835 369
1648 813 1678 834 α.

418 858 628 901 Cephaloniae
653 858 770 895 insula,
796 856 859 890 457
885 856 920 897 [13
947 857 1084 889 visitatio
1110 856 1283 900 apostolica
1308 855 1459 889 indicitur
1495 857 1704 890 ecclesiarum
1729 855 1848 900 ipsius,
1875 855 1954 887 ibid.

418 909 523 943 Cessio
541 909 772 943 iurisdictionis
789 909 918 953 capituli
938 909 1090 942 ecclesiae
1115 908 1304 942 cathedralis
1325 909 1472 942 Lucanae
1490 908 1693 952 Reipublicae
1713 910 1827 948 factae,
1841 907 1904 941 4502
1926 908 1956 940 b.

419 962 573 996 Chasteau
600 963 739 1005 Ephrem
765 962 836 995 vide
860 962 998 1005 Ephrem
1025 962 1189 996 Chasteau.

419 1015 614 1049 Chelmensis
638 1015 806 1059 episcopus
831 1016 950 1048 electus
975 1015 1035 1048 suit
1058 1016 1090 1048 in
1115 1015 1263 1048 abbatem
1282 1026 1339 1049 seu
1357 1015 1554 1058 superiorem
1580 1017 1761 1058 generalem
1783 1015 1957 1049 monacho-

506 1080 577 1102 rum
602 1069 820 1102 Ruthenorum
847 1069 975 1103 Ordinis
999 1070 1101 1103 sancti
1128 1069 1237 1102 Basilii
1263 1069 1379 1112 Magni,
1401 1068 1466 1101 366
1492 1069 1520 1102 b.

417 1121 539 1155 Chisius
563 1122 690 1155 Flavius
716 1122 886 1155 cardinalis
912 1122 995 1156 tituli
1020 1123 1048 1156 S.
1071 1123 1188 1156 Mariae
1212 1122 1251 1155 de
1276 1123 1410 1166 Populo,
1438 1123 1508 1155 victe
1533 1122 1659 1156 Flavius
1686 1123 1818 1156 Chisius.

416 1174 615 1209 Christianus
647 1176 711 1209 dux
744 1176 1037 1219 Meckelhurgensis
1071 1188 1108 1209 ex
1134 1176 1280 1218 partibus
1304 1168 1472 1209 haereticis
1497 1182 1693 1220 procreatus,
1718 1183 1749 1209 et
1776 1175 1809 1208 in
1833 1176 1956 1210 haeresi

505 1230 650 1262 luterana
675 1229 850 1269 educatus,
889 1230 926 1262 ad
956 1230 1052 1263 fidem
1084 1229 1274 1262 catholicam
1299 1239 1472 1263 conversus
1498 1229 1677 1263 absolvitur
1709 1229 1748 1262 ab
1772 1229 1955 1262 haeresibus

506 1282 656 1316 omnibus
682 1289 712 1315 et
736 1283 892 1323 censuris,
919 1282 980 1316 187
1005 1293 1024 1314 cz
1049 1289 1079 1315 et
1103 1283 1129 1316 b.

417 1335 681 1370 Christifideiibus
707 1336 813 1370 Status
837 1336 1052 1370 Ecclesiastici
1078 1343 1108 1369 et
1134 1336 1243 1369 ltaliae
1270 1335 1408 1368 divinam
1433 1346 1527 1379 opem
1552 1340 1664 1368 contra
1688 1336 1809 1369 Turcas
1834 1334 1953 1379 implo-
1995 1340 1999 1343 '

505 1390 651 1422 rantibus
677 1390 898 1433 indulgentiae
923 1390 1156 1427 conceduntur.
1182 1389 1244 1422 727
1270 1400 1302 1428 α,
1328 1395 1358 1422 et
1383 1388 1446 1422 730
1470 1394 1501 1421 et
1524 1399 1602 1431 seq.;
1632 1388 1764 1429 iterum,
1794 1387 1855 1422 782
1881 1388 1908 1422 h.

418 1442 573 1476 Christina
599 1443 725 1476 ducissa
747 1442 923 1476 Sabaudiae
940 1443 1045 1483 vidua,
1064 1449 1163 1476 mater
1177 1442 1277 1476 Caroli
1295 1442 1475 1476 Emanuelis
1493 1441 1672 1475 Sabaudiae
1692 1441 1796 1482 ducis,
1814 1442 1955 1486 postulat

506 1507 563 1539 pro
589 1496 827 1530 canonizatione
853 1496 883 1529 S.
911 1496 1072 1529 Francisci
1098 1496 1220 1535 Salesii,
1247 1494 1311 1528 438
1335 1496 1360 1528 b.
1800 1522 1802 1524 .

417 1548 560 1582 Clemens
586 1549 650 1582 VllI
674 1560 771 1582 novos
796 1555 969 1583 conventus
1006 1550 1140 1582 fratrum
1177 1548 1307 1582 Ordinis
1337 1549 1494 1582 Minorum
1520 1548 1620 1581 sancti
1646 1547 1805 1581 Francisci
1831 1548 1869 1581 de
1894 1548 1955 1582 Ob-

505 1602 659 1635 servantia
685 1603 762 1645 erigi
781 1602 946 1646 prohibuit
971 1603 1003 1635 in
1027 1602 1189 1646 provincia
1213 1600 1454 1645 Carthaginensi
1482 1602 1624 1634 eiusdem
1648 1600 1796 1638 Ordinis,
1822 1601 1886 1635 128
1912 1613 1931 1634 α
1946 1629 1953 1642 ,

508 1654 570 1688 133
587 1667 634 1696 α.;
661 1656 776 1689 iterum
795 1656 956 1700 prohibuit
975 1656 1021 1689 vel
1038 1655 1181 1688 limitavit
1206 1665 1363 1688 novorum
1381 1660 1595 1688 conventuum
1617 1654 1825 1693 erectionem,
1845 1652 1903 1687 's7t
1925 1655 1953 1688 b.

418 1708 560 1741 Clemens
585 1710 634 1749 IX,
662 1711 773 1750 italus,
801 1710 1011 1750 Pistoriensis,
1040 1709 1071 1741 in
1096 1708 1258 1752 provincia
1283 1708 1439 1747 Etruriae,
1465 1708 1562 1741 lulius
1587 1715 1680 1741 antea
1705 1708 1819 1746 dictus,
1844 1708 1955 1741 Hiero-

505 1761 592 1804 nymi
620 1762 804 1805 ltospigliosi
828 1762 923 1802 silius,
942 1762 972 1795 iu
990 1772 1151 1794 summum
1178 1761 1366 1795 Pontificem
1385 1762 1526 1804 eligitur,
1550 1760 1612 1794 512
1632 1773 1672 1801 (13
1694 1761 1865 1795 iubilaeurn
1886 1762 1956 1794 uni-

506 1816 626 1847 versale
650 1815 763 1848 indicit
788 1815 851 1848 5113
875 1827 893 1848 α
919 1822 949 1848 et
973 1826 1049 1859 seqs,
1076 1815 1275 1848 conclavistis
1301 1814 1466 1858 privilegia
1491 1813 1647 1853 concedit,
1668 1812 1729 1846 5117
1748 1824 1766 1845 α
1785 1819 1815 1846 et
1839 1812 1902 1846 5:33
1924 1813 1953 1853 l›;

504 1868 655 1900 reformat
680 1868 930 1901 iurisdictionem
959 1868 1126 1901 tribunalis
1153 1868 1247 1911 Burgi
1273 1869 1310 1901 de
1331 1868 1426 1908 Urbe,
1455 1867 1516 1899 547
1542 1867 1557 1899 b
1582 1872 1612 1899 et
1636 1878 1717 1910 seq.;
1744 1867 1954 1900 visitationem

504 1920 709 1954 ecclesiarum
733 1928 763 1954 et
792 1922 934 1954 locorum
962 1922 1086 1964 piorum
1116 1922 1211 1955 Urbis
1237 1921 1460 1954 absolvendam
1486 1920 1634 1964 imponit,
1655 1920 1718 1953 57⁶2
1747 1931 1782 1959 α;
1803 1920 1954 1954 unionem

504 1974 581 2006 alias
600 1975 714 2007 factam
740 1974 779 2007 ab
804 1974 931 2008 Urbano
949 1976 1015 2007 Vlll
1041 1976 1138 2009 eremi
1166 1975 1338 2008 Camaldoli
1366 1975 1510 2008 Etruriae
1535 1985 1608 2007 cum
1630 1984 1738 2007 eremo
1762 1973 1875 2007 Montis
1899 1974 1954 2008 Co-

504 2037 601 2061 ronae
627 2028 753 2061 Ordinis
778 2028 1068 2061 Camaldulensium
1094 2035 1232 2068 revocat,
1259 2028 1323 2062 585
1348 2028 1380 2067 lv,
1410 2029 1483 2061 item
1509 2034 1538 2060 et
1563 2028 1715 2060 unionem
1740 2027 1816 2060 alias
1840 2028 1954 2061 saetam

505 2081 542 2112 ab
568 2081 745 2114 Alexandro
771 2082 822 2114 Vll
849 2083 1133 2125 congregationum
1162 2082 1430 2115 Vallisumhrosae
1455 2088 1483 2115 et
1515 2081 1770 2115 Silvestrinerum
1803 2087 1951 2123 revocat,

505 2133 567 2167 583
592 2145 611 2166 a
636 2142 666 2167 et
690 2135 726 2175 b,
752 2135 962 2168 venerabilem
996 2136 1113 2168 Rosam
1145 2136 1299 2179 virginem
1333 2136 1496 2168 Limanasn
1531 2136 1700 2168 Beatorum
1731 2135 1873 2178 catalogo
1898 2135 1954 2167 ad-

504 2187 636 2228 scribit,
664 2187 726 2221 628
752 2200 794 2228 a,
819 2188 937 2222 litteras
964 2200 1131 2232 processus
1169 2189 1200 2222 in
1237 2189 1288 2223 die
1313 2188 1435 2222 Coenae
1459 2188 1586 2222 Domini
1612 2188 1816 2231 promulgat,
1840 2187 1897 2220 641
1934 2198 1955 2220 α

505 2247 535 2274 et
551 2252 626 2284 seqs,
641 2241 807 2275 confirmat
827 2248 856 2274 et
873 2243 1001 2286 ampliat
1017 2243 1299 2286 congregationem
1318 2253 1412 2285 supra
1429 2247 1546 2274 statum
1562 2241 1755 2284 regularium
1774 2241 1953 2274 institutam

504 2293 542 2325 ab
566 2294 750 2328 Innocentio
768 2296 804 2335 X,
827 2295 892 2328 654
917 2296 933 2327 b
959 2302 986 2329 et
1013 2307 1088 2339 seq.;
1116 2295 1286 2339 proscribit
1311 2294 1425 2328 rituale
1449 2295 1608 2333 Aletense,
1635 2292 1699 2327 653
1717 2294 1757 2334 b;
1782 2299 1812 2326 et
1836 2294 1953 2326 librum

505 2347 658 2380 versionis
682 2348 819 2391 gallicae
843 2349 921 2381 Novi
947 2349 1164 2387 Testamenti,
1190 2348 1252 2381 6237
1287 2349 1326 2387 ἐν,
1358 2348 1567 2381 familiaribus
1598 2353 1629 2380 et.
1660 2347 1856 2390 cappellanis
1886 2346 1952 2380 suis

494 2400 730 2440 ,communibus
758 2402 920 2444 privilegia
945 2402 1105 2442 concedit,
1134 2401 1191 2434 661
1222 2406 1252 2434 et
1276 2401 1340 2434 714
1356 2408 1386 2434 et
1403 2413 1482 2445 seq.;
1502 2401 1627 2444 collegii
1651 2400 1829 2434 Germanici
1848 2406 1955 2444 prote-

505 2453 646 2486 ctoribus
670 2455 808 2488 extendit
835 2455 1086 2488 iurisdictionem
1113 2455 1299 2499 privativam
1326 2455 1364 2487 ad
1390 2455 1541 2489 ecclesias
1562 2460 1592 2487 et
1610 2453 1802 2486 monasteria
1820 2453 1954 2494 collegio

504 2507 604 2547 unita,
632 2506 695 2539 682
719 2519 738 2540 ct
762 2514 791 2540 ct
815 2519 890 2552 seq.·,
915 2509 1046 2552 deputat
1072 2510 1323 2542 commissarium
1350 2509 1388 2542 ad
1414 2508 1559 2542 visendas
1585 2507 1844 2545 communitates,
1870 2515 1954 2538 exce-

504 2560 565 2603 ptis
590 2559 651 2592 illis
679 2568 818 2607 quatuor
842 2562 1064 2605 legationum,
1091 2562 1153 2595 696
1183 2574 1219 2600 ας
1244 2572 1356 2595 novam
1384 2562 1555 2595 cruciatam
1581 2559 1728 2594 concedit
1752 2558 1858 2601 regnis
1882 2558 1955 2590 Por·

503 2613 651 2656 tugalliae
676 2619 705 2646 ct
731 2615 951 2657 Algarhiorum
978 2616 1016 2648 ad
1043 2615 1227 2654 triennium,
1254 2615 1317 2649 698
1343 2626 1382 2655 α·,
1409 2614 1565 2658 permittit
1589 2612 1712 2647 senatui
1744 2610 1953 2654 Reipublicae

501 2665 693 2699 Venetorum
727 2665 862 2700 vendere
884 2667 1041 2711 quaedam
1069 2668 1154 2701 bona
1185 2668 1421 2707 ecclesiastica,
1450 2667 1652 2711 pretiumque
1677 2665 1707 2697 in
1732 2664 1817 2698 bello
1842 2669 1954 2706 contra
