2247 3208
208 222 257 250 An.
272 220 302 250 c.
324 217 391 249 166³·
436 211 499 245 118

232 1974 342 1995 Clausulas
351 1980 386 2000 ap·

206 2005 273 2026 pouit.

405 269 488 312 gorii
518 266 782 312 praedecessoris
807 265 924 299 litteris
955 265 1137 308 expositum

406 327 465 363 est,
481 331 594 355 vacare
619 319 806 362 contigerit,
823 318 955 362 praevio
977 328 1137 350 concursu

404 385 463 418 per
479 373 683 407 ordinarium
701 372 764 405 loci
783 377 815 405 et
839 371 1014 415 capitulum
1033 371 1136 404 dictae

405 427 562 461 ecclesiae
587 426 809 459 Maioricensis
835 430 957 457 tantum
981 435 1041 467 per
1071 424 1138 457 edi-

403 486 528 514 ctorum
546 480 739 519 affixionem,
758 484 790 512 et
807 479 886 512 alias
901 478 1025 511 eisdem
1038 478 1135 511 modo

404 539 436 567 et
459 534 562 566 forma
590 533 644 576 qui
669 532 701 564 in
728 532 803 565 dicti
828 531 977 574 Gregorii
1002 531 1152 574 praede-¹

403 586 542 619 cessoris
556 585 674 619 litteris
689 585 964 628 praescribuntur,
983 584 1135 617 habendo
1150 579 1151 589 ¹

403 638 546 672 conferri
573 639 722 678 debeant,
750 643 790 678 et,
817 637 842 669 si
869 637 1078 670 canonicatus
1105 642 1136 670 et

401 692 591 735 praebenda
615 690 858 734 poenitentiarii
891 690 1076 723 huiusmodi
1101 690 1133 722 in

401 755 513 777 mense
528 744 708 787 apostolico
723 743 903 783 vacarent⁴,
918 749 972 776 aut
989 743 1067 776 alias
1085 754 1135 776 ra-

401 797 489 829 tione
514 807 676 840 personae
701 797 752 829 vel
777 796 841 829 loci
861 796 1060 839 generaliter
1083 797 1134 829 vel

402 849 590 893 specialiter
614 848 772 882 reservati
793 859 850 881 seu
875 848 979 882 affecti
1005 849 1132 889 suerint,

402 904 442 936 ad
466 904 540 936 illos
567 914 627 947 pro
646 908 793 946 tempore
814 902 971 946 assumpti
991 904 1042 935 vel
1068 903 1135 935 ele-

402 957 453 997 cti,
478 957 561 990 intra
586 967 640 989 sex
665 966 794 989 meuses
813 967 830 989 a
855 956 905 989 die
931 967 1044 989 eorum
1069 958 1135 989 ele-

402 1010 517 1044 ctionis
535 1021 595 1054 per
611 1009 816 1043 Ordinarium
835 1015 867 1042 et
883 1009 1058 1053 capitulum
1076 1011 1135 1043 hu-

1148 902 1150 917 l

401 1063 541 1097 iusmodi
576 1063 760 1103 faciendae,
786 1063 910 1095 litteras
936 1063 1150 1106 apostolica&

975 216 1155 241 BULLARIUM
1179 215 1330 242 ROMANUM

1170 275 1237 297 non
1262 265 1403 307 suerint,
1425 276 1486 299 nec
1509 267 1698 310 praemissis
1724 278 1904 302 consense-

1170 317 1245 359 rint,
1270 328 1328 351 seu
1353 319 1449 351 etiam
1476 321 1629 362 enormis,
1655 323 1903 357 enormissimae

1169 371 1338 413 laesionis,
1354 373 1404 405 vel
1422 373 1484 406 alio
1503 384 1708 419 quocumque
1722 381 1900 420 praetextu,

1170 429 1225 456 aut
1255 435 1291 457 ex
1326 425 1436 468 quavis
1467 425 1528 458 alia
1552 429 1669 467 causa,
1694 430 1901 471 quantumvis

1169 477 1328 519 legitima,
1361 478 1490 521 urgenti
1517 483 1549 511 et
1572 478 1725 521 iuridica,
1758 482 1797 514 de
1829 483 1903 515 sub-

1169 529 1326 572 reptionis
1352 531 1402 563 vcl
1427 531 1642 574 obreptionis,
1664 537 1719 565 aut
1742 534 1900 567 nullitatis

1169 582 1266 624 vitio,
1291 594 1348 616 seu
1378 584 1568 617 intentionis
1599 591 1730 620 nostrae
1759 588 1809 620 vel
1838 588 1900 621 alio

1168 647 1375 681 quocumque
1402 639 1529 671 defectu
1553 639 1680 679 notari,
1706 639 1900 683 impugnari,

1169 691 1348 731 retractari,
1373 691 1405 723 in
1430 691 1478 724 ius
1504 694 1555 725 vel
1576 694 1835 726 controversiam
1852 705 1903 727 re-

1168 743 1292 784 vocari,
1319 750 1374 777 aut
1405 745 1443 778 ad
1476 745 1633 778 terminos
1659 746 1738 778 iuris
1764 746 1900 788 reduci,

1167 805 1225 828 seu
1250 796 1406 830 adversus
1432 808 1486 830 eas
1511 798 1737 842 quodcumque
1762 799 1843 832 iuris
1868 805 1901 833 et

1167 848 1240 881 sacti
1270 851 1320 883 vel
1354 850 1476 893 gratiae
1514 851 1696 884 remedium
1731 851 1899 895 impetrari

1167 903 1351 936 nullatenus
1376 915 1492 946 posse,
1517 915 1623 947 neque
1649 905 1707 937 sub
1734 905 1898 948 quibusvis

1167 956 1319 989 similium
1343 958 1394 990 vel
1419 957 1624 990 dissimilium
1649 958 1824 1000 gratiarum
1848 969 1899 991 re-

1168 1010 1402 1051 vocationibus,
1428 1011 1708 1054 suspensionibus,
1734 1010 1900 1046 limitatio-

1167 1062 1260 1095 nibus
1275 1068 1330 1095 aut
1346 1063 1415 1096 aliis
1430 1063 1601 1096 contrariis
1620 1063 1897 1107 dispositionibus,

402 1117 544 1161 des'uper
561 1116 714 1160 expedire
724 1115 743 1157 ²,
758 1127 794 1149 ac
807 1117 877 1149 iura
893 1127 1041 1150 camerae
1059 1128 1150 1164 apo·¹
1167 1127 1183 1148 a
1207 1115 1302 1149 nobis
1324 1122 1356 1149 et
1380 1116 1638 1160 quibuscumque
1658 1116 1729 1150 aliis
1746 1117 1898 1150 Romanis

401 1170 534 1204 stolicae
550 1176 581 1203 et
598 1170 668 1203 aliis
686 1174 863 1214 propterea
880 1170 989 1203 debita
1006 1171 1133 1203 solvere
1148 1165 1150 1204 ἔ

401 1229 581 1264 teneantur,
608 1229 640 1256 ct
663 1222 798 1256 servatis
831 1223 862 1255 in
888 1223 958 1256 aliis
984 1213 1150 1256 omnibusi

1168 1169 1377 1203 Pontificibus
1397 1171 1641 1203 successoribus
1666 1170 1787 1203 nostris
1805 1176 1837 1203 et
1852 1169 1899 1204 di-

1167 1225 1217 1255 cta
1241 1223 1341 1263 Sede,
1368 1223 1465 1256 etiam
1496 1229 1585 1257 motu
1615 1224 1775 1266 proprio,
1804 1219 1843 1256 et'
1860 1233 1898 1257 ex

402 1281 434 1309 et
457 1287 517 1320 per
541 1277 647 1309 omnia
666 1277 850 1309 earumdem
875 1276 1022 1318 Gregorii
1040 1270 1255 1319 prae-{certa
1280 1276 1424 1317 scientia,
1448 1288 1483 1309 ac
1503 1276 1701 1320 apostolicae
1726 1275 1897 1320 potestatis

403 1329 586 1363 decessoris
604 1329 785 1362 litterarum
803 1329 1018 1372 dispositione
1034 1335 1066 1362 et
1082 1333 1152 1378 or—l¹

403 1382 636 1422 dinationibus,
667 1393 728 1425 pro
760 1382 875 1415 suturis
901 1382 1133 1423 vacationibus,
1148 1402 1152 1428 f

403 1435 472 1468 siue
497 1435 696 1479 praeiudicio
721 1435 784 1468 litis
806 1435 981 1479 pendentis
1001 1441 1032 1468 et
1055 1432 1150 1476 iurisi

403 1489 495 1522 alteri
521 1489 710 1532 cuicumque
732 1489 888 1521 hactenus
915 1489 1060 1532 quaesiti,
1083 1480 1150 1536 aust

403 1542 551 1575 ctoritate
577 1543 731 1586 praefata,
759 1548 873 1575 tenore
898 1542 1151 1590 praesentiunu2

403 1601 562 1639 quatenus
595 1606 675 1638 opus
702 1594 758 1635 sit,
786 1594 986 1627 extendimus
1012 1595 1135 1638 pariter

403 1641 435 1681 et
458 1648 656 1692 ampliamus,
675 1649 858 1692 dictamque
876 1648 1047 1681 ecclesiam
1072 1648 1134 1680 Ma-

402 1701 598 1734 ioricensem
615 1701 647 1733 in
667 1702 809 1735 futurum
834 1702 943 1745 gratiis
961 1712 1021 1745 per
1041 1712 1134 1745 prae-

403 1754 482 1787 fatas
501 1754 646 1797 Gregorii
662 1755 928 1798 praedecessoris
942 1755 1066 1788 litteras
1085 1766 1135 1787 ec·

403 1807 510 1840 clesiis
529 1818 704 1851 regnorum
720 1808 950 1851 Hispaniarum
968 1807 1133 1841 concessis

402 1861 463 1893 frui
496 1867 527 1894 et
551 1863 691 1904 gaudere
724 1863 845 1895 debere
872 1862 1077 1896 decernimus
1103 1867 1135 1895 et

403 1914 616 1947 declaramus.

447 1966 507 2009 §3
524 1967 744 2001 Dccernentes
758 1968 883 2012 pariter
896 1970 1028 2001 easdem
1040 1980 1135 2012 prae-

405 2026 514 2053 sentes
533 2021 667 2061 litteras,
684 2021 780 2054 etiam
798 2033 834 2054 ex
850 2033 888 2055 eo
908 2023 993 2066 quod
1008 2034 1132 2062 causae,

405 2079 540 2117 propter
557 2085 634 2117 quas
654 2075 859 2116 emanarunt,
872 2087 981 2109 corani
1000 2076 1061 2109 loci
1079 2076 1136 2109 Or-

406 2127 542 2166 dinario,
563 2128 657 2160 etiam
674 2134 835 2172 tamquam
852 2140 869 2161 a
888 2130 970 2162 Sede
991 2130 1135 2173 praefata

407 2180 567 2222 delegato,
585 2183 634 2213 vel
660 2181 738 2214 alias
756 2182 1003 2225 quomodolibet
1019 2183 1135 2224 exami-

404 2238 498 2265 natae
532 2234 581 2265 vel
613 2233 813 2275 iustificatac,
837 2235 1044 2277 purificatae,
1082 2241 1135 2269 aut

405 2287 623 2329 approbatae,
647 2287 780 2331 ipseque
814 2287 1000 2322 Ordinarius
1026 2295 1058 2322 et
1082 2288 1134 2321 alii

405 2337 577 2372 inferiores
596 2342 779 2381 collatores,
793 2352 921 2374 necnon
940 2343 1134 2386 quicumque

405 2392 566 2426 interesse
583 2394 750 2435 habentes,
765 2395 804 2427 ad
821 2395 853 2427 id
871 2395 1014 2438 legitime
1032 2395 1135 2429 vocati

441 2482 453 2508 1
475 2480 586 2508 Videtur
602 2482 689 2517 potius
704 2482 845 2518 legendum
861 2484 1024 2512 vacaverint
1041 2487 1071 2511 ut
1089 2492 1135 2511 su-

406 2533 455 2561 pra
470 2526 520 2553 loc.
538 2527 630 2562 parall.
651 2529 689 2560 (R.
704 2528 752 2560 Τ.).

441 2571 457 2596 2
478 2570 587 2598 Videtur
611 2571 699 2606 potius
722 2572 863 2607 legendum
886 2575 1019 2608 eaeped'iri
1042 2576 1136 2609 facere

407 2615 444 2650 (a.
459 2616 507 2650 τ.).

1165 1329 1378 1372 plenitudine,
1395 1341 1454 1373 pro
1469 1336 1617 1374 tempore
1631 1329 1796 1371 emanatis,
1810 1340 1898 1363 com-

1166 1384 1336 1426 prehendi,
1360 1384 1417 1416 sed
1438 1394 1570 1427 semper
1594 1384 1632 1416 ab
1653 1383 1716 1416 illis
1736 1388 1898 1426 exceptas,
1944 1398 1946 1400 ’

1166 1441 1198 1468 et
1210 1435 1336 1480 quoties
1352 1436 1424 1470 illa¹
1439 1437 1645 1477 emanabunt,
1662 1436 1757 1469 toties
1771 1436 1804 1468 in
1817 1435 1899 1479 pris-

1167 1490 1267 1522 tinum
1284 1495 1317 1522 et
1330 1489 1446 1523 eumin
1462 1500 1525 1532 quo
1539 1495 1633 1522 antea
1651 1489 1899 1532 quomodolibet

1166 1548 1260 1576 erant
1275 1548 1395 1576 statum
1413 1543 1591 1582 restitutas,
1605 1542 1768 1585 repositas
1787 1547 1819 1575 et
1831 1543 1899 1586 ple-

1166 1597 1255 1629 narie
1274 1597 1500 1639 reintegratus,
1515 1607 1550 1628 ac
1565 1596 1604 1628 de
1618 1606 1712 1636 novo,
1728 1595 1825 1628 etiam
1838 1596 1897 1628 sub

1167 1651 1238 1682 data
1254 1650 1429 1693 posteriori
1454 1660 1513 1692 per
1538 1649 1713 1691 capitulum
1730 1648 1834 1681 dictae
1849 1659 1900 1682 ec—

1166 1703 1284 1736 elesiae
1300 1713 1359 1746 pro
1374 1708 1521 1745 tempore
1540 1702 1700 1744 eligenda,
1713 1711 1897 1741 concessas,

1166 1756 1353 1799 validasque
1374 1761 1406 1788 et
1423 1755 1571 1788 efficaces
1590 1756 1658 1788 sore
1677 1760 1709 1787 et
1724 1765 1806 1795 esse,
1821 1754 1900 1787 vim-

1167 1820 1228 1852 que
1254 1814 1286 1842 et
1309 1810 1410 1842 robur
1426 1808 1522 1841 validi
1543 1807 1630 1841 inter
1654 1808 1772 1841 dictam
1789 1808 1900 1841 sedem

1168 1873 1204 1895 cx
1221 1864 1284 1894 una
1301 1867 1333 1894 et
1346 1861 1519 1905 capitulum
1540 1861 1723 1904 praefatum
1744 1871 1783 1893 ex
1799 1861 1901 1893 altera

1167 1914 1314 1959 partibus
1340 1914 1401 1947 rite
1435 1905 1577 1947 efflrecte
1610 1913 1679 1946 initi
1695 1940 1702 1954 ,
1735 1909 1899 1956 stipulati,

1168 1980 1203 2001 ac
1221 1968 1318 2001 etiam
1331 1967 1517 2010 utriusque²
1530 1967 1625 2000 iurati
1643 1971 1828 2000 contractus
1846 1966 1901 1998 ha-

1167 2023 1245 2055 bere
1272 2026 1304 2054 et
1326 2027 1485 2064 perpetuo
1504 2020 1664 2060 obtinere,
1682 2030 1718 2052 ac
1743 2029 1819 2051 suos
1832 2020 1902 2061 ple-

1168 2076 1276 2108 narios
1302 2081 1334 2108 et
1356 2075 1502 2117 integros
1521 2074 1653 2107 effectus
1678 2072 1799 2113 sortiri,
1814 2077 1846 2104 et
1861 2072 1900 2104 ab

1168 2130 1316 2162 omnibus
1341 2127 1574 2161 inviolabiliter
1594 2125 1770 2166 observari,
1789 2124 1900 2168 sicque

1167 2183 1199 2215 in
1219 2182 1407 2226 praemissis
1433 2192 1494 2225 per
1525 2189 1747 2224 quoscumque
1776 2177 1900 2210 iudices

1168 2235 1352 2268 ordinarios
1371 2239 1403 2267 et
1420 2235 1596 2276 delegatos,
1617 2232 1714 2266 etiam
1731 2241 1902 2265 causarum

1168 2288 1277 2332 palatii
1303 2286 1473 2331 apostolici
1494 2286 1669 2326 auditores,
1689 2296 1724 2318 ac
1743 2284 1773 2318 S.
1800 2285 1838 2317 R.
1864 2283 1900 2316 E.

1169 2342 1362 2382 cardinales,
1380 2341 1506 2374 sublata
1525 2340 1570 2373 eis
1586 2344 1618 2372 et
1635 2349 1750 2372 eorum
1767 2338 1903 2371 cuilibet

1170 2394 1281 2438 quavis
1307 2394 1402 2427 aliter
1422 2393 1585 2426 iudicandi
1610 2398 1642 2426 et
1665 2388 1903 2435 interpretandi

1170 2449 1322 2481 facultate
1348 2453 1380 2480 et
1404 2447 1611 2487 auctoritate,
1636 2444 1772 2479 iudicari
1792 2449 1825 2477 et
1848 2444 1904 2476 de-

1169 2502 1254 2535 finiri
1272 2502 1403 2542 debere,
1417 2511 1453 2534 ac
1466 2500 1592 2533 irritum
1606 2504 1638 2532 et
1656 2499 1751 2531 inane
1767 2497 1794 2530 si
1809 2506 1903 2530 secus

1206 2574 1217 2600 1
1240 2572 1333 2607 Aptius
1353 2571 1380 2598 in
1395 2572 1451 2598 loc:
1463 2568 1584 2607 paralell.
1602 2568 1700 2604 legitur
1714 2567 1782 2595 illae
1796 2567 1837 2602 (R.
1855 2568 1904 2601 T.).

1204 2618 1221 2645 2
1241 2617 1332 2645 Potius
1346 2617 1406 2652 lege
1423 2616 1559 2651 utrinque
1575 2622 1622 2651 pro
1638 2613 1788 2648 utriusque
1803 2612 1843 2647 (R.
1855 2613 1905 2645 ⁹12).

1911 220 1961 248 An.
1976 218 2005 248 C.
2026 219 2095 249 1663
