2247 3208
242 206 291 232 Au.
308 205 337 232 C.
362 206 425 233 1667

257 1001 335 1022 Mutii-:i
353 1008 415 1028 prae-

232 1030 297 1048 awntis
310 1028 413 1050 Constitu-

230 1054 302 1074 liuius.

471 195 537 229 58⁶2

748 254 850 286 XXIV.

430 336 577 368 Mittitur
602 335 741 366 nuncius
768 334 920 367 Coloniae
949 333 990 365 ud
1019 343 1164 375 congres-

472 398 544 419 sum
567 387 657 429 pacis
692 386 776 418 inter
808 397 895 428 reyes·
920 386 1114 417 catholicum
1140 389 1167 416 et

473 439 787 471 chrz‘stlmaeils-simum
813 438 1000 471 tractandae
1032 439 1066 469 in
1098 438 1164 470 ali-

473 494 537 535 qud
564 492 758 526 Germaniae
781 496 839 524 aut
864 492 933 524 alut
958 491 1088 524 civitate.
1122 491 1168 524 vel

477 546 541 578 loco
566 545 791 578 destinando'.

428 626 597 652 Venerabili
630 626 717 652 fratri
739 625 918 659 Augustino,
939 624 1165 657 archiepiscopo

461 671 691 703 Trapezuntino,
708 673 811 696 nostro
827 674 857 696 et.
873 671 1060 702 apostolicae
1082 669 1165 695 Sedis

463 715 499 741 nd
519 718 651 742 tractum
668 715 760 741 Rheni
773 718 803 741 et
812 718 914 747 partes
926 714 1077 741 inferioris
1095 715 1164 741 Ger-

463 760 583 785 maniae
601 759 721 791 nuncio,

646 801 779 838 Clemens
801 812 878 844 Papa
898 811 943 837 lx.

640 873 826 906 Venerabilis
843 872 948 904 frater,

460 917 588 944 salutem
609 920 639 943 et
660 917 857 949 apostolicam
876 915 1126 943 benedictionem.

469 989 483 1031 ξ
507 988 538 1020 1.
558 988 644 1027 Cum,
667 987 750 1020 sicut
770 987 960 1030 accepimus,
979 987 1162 1019 carissimus

425 1041 458 1073 in
483 1040 612 1073 Christo
636 1040 721 1072 filius
748 1045 858 1072 noster
875 1039 1053 1071 Ludovicus
1071 1039 1163 1072 Fran·

426 1104 534 1126 corum
559 1103 614 1125 rex
639 1092 922 1125 christianissimus
940 1119 947 1132 ,
975 1093 1015 1125 ob
1040 1092 1163 1135 aliquas

426 1147 673 1191 praetensiones
700 1157 779 1189 quas
807 1146 837 1178 in
859 1146 1032 1178 nonnullas
1060 1146 1161 1188 Belgii

427 1200 566 1232 ditiones
592 1199 702 1237 habet,
730 1200 884 1241 quasdam
902 1198 1083 1241 provincias
1105 1199 1164 1231 ibi-

428 1253 500 1285 dem
526 1252 693 1284 carissimo
729 1252 760 1283 in
796 1251 922 1283 Christo
952 1251 1018 1283 tilio
1052 1257 1161 1283 nostro

427 1305 538 1337 Carolo
564 1304 789 1347 Hispaniarum
814 1305 883 1346 regi
905 1304 1065 1337 catholico
1091 1304 1163 1336 sub-

426 1358 526 1391 iectas
554 1358 650 1390 armis
682 1358 812 1389 adortus
837 1357 896 1397 sit',
930 1368 1007 1396 uos,
1048 1358 1162 1400 quibus

426 1411 508 1443 nihil
546 1410 794 1443 desiderabilius
831 1411 1020 1452 contingere
1059 1415 1163 1453 potest

427 1474 523 1506 quam
570 1469 605 1495 ut
640 1474 698 1505 pax
733 1468 764 1495 et
795 1463 942 1495 amabilis
982 1462 1161 1495 animorum

425 1516 598 1550 concordia
632 1516 748 1548 nostiis
781 1515 983 1557 temporibus
1018 1516 1050 1547 in
1082 1516 1161 1548 orbe

426 1568 605 1601 christiano
631 1574 766 1610 regnet,
793 1568 911 1610 quique
938 1568 968 1600 id
1002 1569 1040 1601 ab
1059 1569 1162 1600 omni-

423 1621 566 1665 potentis
593 1620 648 1652 Dei
675 1620 874 1663 benignitate
902 1621 1057 1652 accuratis
1091 1631 1163 1663 pre-

425 1673 517 1706 cibus
561 1674 705 1716 quotidie
749 1673 913 1716 poscimus
955 1678 986 1705 et
1024 1673 1161 1716 publicis

425 1727 507 1759 votis
533 1726 564 1758 in
590 1726 661 1769 ipso
686 1726 889 1770 pontificatus
908 1726 1009 1759 nostri
1029 1727 1160 1769 primor-

424 1780 477 1813 dio
500 1780 710 1821 flagitandum
747 1779 952 1818 curavimus,
992 1786 1160 1822 sperantes

423 1837 595 1874 utrumque
606 1842 723 1874 regem,
737 1832 898 1874 parternis
911 1832 1032 1864 nostris
1047 1832 1160 1864 cohor<

423 1885 602 1917 tationibus
633 1884 722 1917 filiali
755 1878 935 1917 reverentia
959 1895 1081 1917 morem
1107 1896 1161 1927 ge-

422 1938 537 1978 rendo,
558 1948 632 1970 suos
652 1938 830 1980 respective
856 1937 1159 1981 plenipotentiarios

423 1991 462 2023 ad
488 1991 626 2034 aliquam
651 1991 839 2024 Germaniae
857 1997 911 2023 aut
935 1991 1029 2023 aliam
1051 1991 1159 2023 civita-

423 2048 487 2076 tem
512 2044 562 2076 vel
588 2044 695 2076 locum
720 2044 757 2076 ad
783 2044 815 2076 id
833 2044 1057 2076 destinandum
1083 2054 1159 2087 pro-

422 2096 550 2139 pediem
575 2097 789 2130 benedicente
819 2096 955 2129 Domino
988 2097 1158 2130 missurum

422 2159 509 2189 csse,
534 2148 602 2190 ut⁹‚
629 2150 786 2192 quidquid
813 2150 970 2181 hactenus
997 2150 1158 2182 turbatum

423 2208 483 2241 est,
511 2203 577 2242 Illo,
605 2203 635 2234 in
662 2203 749 2235 cuius
774 2213 870 2235 manu
896 2208 969 2236 sunt
993 2203 1090 2235 corda
1111 2213 1159 2235 re-

423 2266 509 2297 gum,
536 2261 689 2298 operante
715 2261 747 2288 et
766 2255 821 2288 illa
846 2256 884 2287 ad
911 2255 997 2298 pacis
1022 2255 1157 2287 consilia

422 2308 563 2340 suaviter
587 2308 776 2348 inclinante,
804 2309 903 2340 amice
929 2314 1154 2350 componatur,

423 2360 579 2403 quiesque
606 2366 637 2393 et
662 2361 877 2403 tranquillitas
903 2361 1030 2404 populis
1058 2360 1155 2393 resti-

421 2418 530 2446 tuatur
547 2419 579 2445 et
597 2413 776 2447 firmissime
796 2414 962 2453 solidetur,
980 2425 1018 2446 ne
1037 2420 1152 2452 autem,

421 2467 497 2498 dum
523 2467 560 2499 de
586 2467 693 2508 aliquo
720 2467 786 2500 viro
809 2468 885 2500 hinc
905 2468 943 2500 ad
970 2468 1075 2500 locum
1102 2468 1155 2510 qui

458 2539 465 2562 t
491 2535 526 2562 Ex
548 2537 657 2570 Regest.
680 2537 704 2562 in
726 2538 827 2563 secret.
851 2537 926 2564 Brev.

454 2580 470 2608 2
489 2581 561 2607 Edit.
579 2580 656 2607 Mam.
675 2580 738 2615 legit.
753 2584 803 2608 aut
819 2589 865 2616 pro
882 2585 912 2608 ut
927 2584 962 2615 (R,
980 2583 1027 2615 T.).

1018 205 1194 229 rirLLArut'M
1220 206 1370 230 nuntiasti

1211 253 1438 294 congressibus
1464 255 1642 289 destinatus
1661 256 1755 290 fuerit
1775 258 1946 300 allegando

1210 305 1407 345 cogitamuS,
1442 306 1566 344 interea
1595 309 1698 347 desit,
1737 310 1791 353 qui
1824 311 1946 344 eisdem

1211 358 1445 399 congressibus
1465 359 1498 390 in
1513 359 1624 402 eisque
1649 361 1806 395 habendis
1832 368 1946 396 tracta-

1211 409 1296 442 tibus
1323 416 1433 443 nostro
1460 411 1589 444 nomine
1614 412 1815 453 interveniat,
1840 417 1946 458 provi-

1211 461 1287 494 dere
1312 464 1478 503 volentes,
1503 474 1540 495 ac
1564 464 1603 496 de
1628 468 1773 506 spectata
1798 467 1946 500 fraterni-

1210 514 1282 547 tatis
1309 520 1380 547 tuae
1406 514 1489 555 fide,
1516 517 1706 559 prudentia,
1733 529 1769 550 ac
1792 519 1825 551 in
1849 521 1945 553 rebus

1209 566 1317 599 arduis
1339 568 1473 609 agendis
1499 569 1701 609 dexteritate,
1723 570 1864 614 bonique
1889 583 1946 616 pu-

1208 619 1282 652 blici
1308 621 1377 652 zelo
1403 621 1580 663 plurimum
1604 621 1636 654 in
1661 622 1795 656 Domino
1818 625 1941 665 contisi,

1208 678 1295 705 motu
1320 673 1473 716 proprio,
1500 685 1537 706 ac
1568 684 1604 706 ex
1637 678 1723 708 certa
1754 676 1889 710 scientia
1913 684 1945 711 et

1207 729 1331 758 matura
1344 726 1578 759 deliberatione
1595 728 1726 765 nostris,
1744 729 1849 773 deque
1867 741 1944 773 apo-

1207 779 1338 811 stolicae
1373 779 1540 822 potestatis
1572 781 1798 823 plenitudine,
1836 783 1940 816 eidem

1206 831 1396 863 fraternitati
1423 837 1495 864 tuae
1512 842 1571 874 per
1587 839 1778 875 praesentes
1795 836 1942 868 commit-

1207 883 1300 915 timus
1326 889 1357 915 et
1381 885 1578 924 mandamuS,
1604 890 1638 917 ut
1658 886 1697 918 ad
1716 886 1876 920 civitatem
1892 889 1940 921 vel

1206 936 1332 976 locum,
1358 941 1393 968 ut
1417 937 1618 979 praefertur,
1653 938 1883 972 destinandum
1910 946 1941 973 te

1205 989 1360 1029 conseras,
1386 1000 1421 1022 ac
1446 991 1674 1032 congressibus
1699 997 1732 1024 et
1756 994 1941 1026 tractatibus

1205 1042 1293 1084 pacis
1320 1041 1441 1075 ibidem
1467 1043 1626 1075 habendis
1649 1045 1712 1076 una
1733 1055 1806 1077 cum
1825 1045 1941 1078 utrius-

1206 1105 1267 1137 que
1293 1095 1379 1137 regis
1405 1096 1709 1138 plenipotentiariis‚
1737 1097 1940 1140 aliorumque

1206 1146 1386 1190 principum
1410 1148 1655 1186 catholicorum,
1672 1148 1697 1181 si
1717 1149 1771 1192 qui
1790 1149 1856 1182 illic
1874 1150 1941 1183 sue-

1205 1199 1276 1237 rint,
1289 1200 1411 1241 legatis,
1426 1205 1539 1232 nostro
1553 1206 1584 1232 et
1598 1201 1694 1233 huius
1709 1206 1839 1234 sanctae
1850 1202 1940 1235 Sedis

1205 1253 1347 1293 nomine,
1375 1259 1407 1286 et
1431 1258 1592 1297 tamquam
1617 1254 1775 1287 mediator
1796 1255 1936 1294 intersis,

1205 1311 1302 1347 teque
1328 1306 1524 1349 interponas
1539 1317 1577 1338 ac
1593 1307 1701 1339 omnia
1718 1307 1822 1346 facias,
1843 1307 1937 1348 dicas,

1205 1369 1298 1399 geras
1324 1364 1355 1391 et
1379 1359 1557 1401 exequaris,
1583 1370 1664 1402 quae
1682 1360 1719 1392 ad
1740 1370 1940 1402 consequen-

1205 1413 1278 1444 dum
1303 1413 1411 1454 operis
1438 1418 1500 1444 tam
1525 1413 1601 1445 boni
1634 1418 1730 1456 atque
1767 1413 1867 1456 optati
1893 1414 1938 1446 es-

1205 1466 1322 1497 l'ectum
1337 1465 1450 1507 quovis
1465 1465 1561 1498 modo
1573 1466 1789 1498 conducibilia
1803 1466 1937 1506 suerint;

1204 1527 1300 1559 super
1326 1518 1442 1560 quibus
1475 1517 1531 1550 tibi
1566 1528 1800 1561 quamcumque
1825 1529 1938 1552 neces-

1203 1570 1321 1602 sariam
1346 1575 1378 1602 et
1394 1576 1609 1613 opportunam
1628 1571 1810 1610 facultatem
1825 1572 1938 1605 harum

1203 1623 1285 1656 serie
1311 1623 1482 1656 tribuimus
1508 1629 1541 1656 et
1564 1624 1776 1666 impartimur.
1805 1624 1839 1657 ln
1865 1635 1938 1658 con-

1204 1675 1338 1708 trarium
1355 1675 1548 1708 facientibus
1567 1687 1633 1709 non
1650 1677 1851 1710 obstantibus
1868 1677 1938 1721 qui-

1203 1729 1414 1772 buscumque.
1755 1765 1757 1767 ,

1247 1782 1261 1824 ᾗ
1286 1782 1317 1815 ⁶2.
1344 1782 1495 1815 Ceterum
1507 1788 1537 1816 te
1552 1782 1585 1815 in
1600 1783 1734 1816 Domino
1756 1783 1935 1823 hortamur,

1201 1839 1245 1874 ut,
1262 1834 1441 1866 iniunctum
1461 1835 1517 1867 tibi
1534 1845 1594 1878 per
1611 1840 1802 1878 praesentes
1823 1846 1938 1868 munus

1202 1887 1299 1919 alacri
1325 1887 1432 1919 animo
1464 1887 1663 1929 suscipiens,
1699 1887 1781 1920 illud
1811 1888 1852 1923 ad
1881 1888 1936 1920 Dei

1203 1940 1340 1981 gloriam
1366 1945 1397 1972 et
1421 1939 1452 1972 S.
1480 1940 1516 1972 R.
1545 1939 1578 1972 E.
1611 1940 1790 1980 honorem,
1823 1951 1936 1983 regum

1202 1998 1233 2025 et
1250 1992 1431 2036 principum
1445 1993 1662 2032 concordiam,
1673 1994 1934 2036 populorumque

1202 2045 1346 2087 quietem
1382 2050 1414 2077 et
1449 2045 1714 2087 tranquillitatem
1740 2044 1798 2077 sic‘
1817 2040 1934 2087 gerere

1201 2098 1339 2137 studeas,
1367 2103 1402 2129 ut
1426 2102 1457 2129 tu
1477 2097 1608 2140 quidem
1630 2098 1668 2130 de
1688 2098 1865 2140 praeclaris
1880 2108 1935 2140 ge·

1200 2150 1257 2182 stis
1284 2150 1345 2182 tuis
1370 2160 1434 2182 non
1459 2151 1564 2182 solum
1581 2146 1664 2193 apud
1690 2149 1825 2183 omnes¹
1851 2161 1936 2189 com-

1200 2203 1441 2236 mendationem
1467 2208 1499 2235 et
1523 2202 1649 2235 laudem
1674 2202 1706 2235 in
1733 2202 1846 2243 terris,
1879 2203 1936 2236 sed

1200 2256 1296 2288 etiam
1324 2266 1342 2287 a
1374 2255 1534 2288 bonorum
1567 2266 1703 2298 operum
1727 2255 1933 2290 Retributore

1199 2308 1378 2351 praemium
1404 2308 1436 2340 in
1461 2308 1557 2340 caelis
1583 2308 1739 2351 consequi
1763 2308 1934 2348 merearis,

1198 2372 1257 2393 nos
1281 2372 1357 2393 vero
1383 2366 1413 2393 te
1438 2361 1520 2393 votis
1547 2367 1643 2405 atque
1669 2362 1707 2394 de
1729 2366 1760 2394 te
1786 2365 1934 2404 expecta-

1200 2413 1277 2446 tioni
1302 2414 1420 2450 nostris
1446 2414 1645 2457 respondere
1671 2414 1840 2447 laetemur.

1241 2467 1353 2499 Datum
1379 2466 1510 2506 Romae,
1537 2467 1622 2509 apud
1647 2467 1678 2499 S.
1709 2466 1837 2499 Mariani
1871 2466 1932 2500 Ma·

1234 2583 1244 2608 t
1263 2582 1363 2610 Forsan
1378 2582 1507 2609 homino:
1521 2589 1569 2617 pro
1584 2589 1680 2608 omnes
1695 2580 1836 2616 legendum
1846 2582 1931 2616 (Rs.)

1959 211 2007 238 An.
2024 211 2052 239 C.
2075 211 2141 240 1667

1974 1791 2079 1815 floriano.
