2247 3208
117 220 170 250 An.
192 221 222 248 C.
241 221 308 249 1665

311 269 393 310 sint·,
419 269 539 303 idcirco
565 276 668 303 crates
693 271 877 304 huiusmodi
899 271 943 304 ita
961 282 1049 303 coar-

311 323 389 355 ctari
415 328 447 356 et
471 323 600 366 disponi
627 324 787 363 iubemus,
807 330 841 356 ut
858 325 888 357 id
912 325 1049 368 amplius

311 377 380 410 fieri
406 383 556 420 nequeat,
584 378 772 410 Maudautes
793 389 827 410 ac
851 378 908 410 sub
927 378 1049 409 eisdem

309 429 425 473 poenis
451 435 483 462 ct
507 431 652 463 censuris
677 431 885 471 iniungentes
907 430 1050 472 superio-

309 483 401 515 ribus
427 483 588 516 dictorum
614 483 896 521 monasteriorum,
921 492 1050 515 eorum-

311 546 373 578 que
398 535 549 576 vicariis,
576 536 630 568 ubi
656 537 762 569 nullus
787 535 867 568 alius
901 534 1072 577 superiori

311 587 419 626 suerit,
446 594 489 628 ut,
515 589 621 621 statim
644 594 739 630 atque
758 597 913 630 praesens
931 587 1050 620 consti·
1070 597 1071 633 ᾗ

311 641 392 673 tutio
408 641 454 673 eis
468 641 616 673 intimata
632 641 736 679 suerit,
756 640 839 672 hanc
853 639 1050 672 reformatio-

312 705 385 726 nem
409 701 439 726 et
455 694 707 727 coarctationem
722 693 856 724 cratium
875 693 1048 736 dispoiiere

312 753 341 779 et
368 747 550 779 executioni
576 747 729 781 mandare
756 757 821 778 non
847 746 1050 789 praetermit-

311 805 392 832 tant.
423 799 511 837 Quod
538 800 562 831 si
590 799 716 842 aliquae
744 799 901 832 moniales
926 799 1050 842 profes-

311 863 364 885 sae
385 854 436 886 vel
456 853 608 892 novitiae,
635 858 688 886 aut
716 853 864 893 ancillae,
880 854 930 886 vel
958 854 1049 896 puel·
1068 853 1071 894 l

313 905 377 945 lae,
399 915 453 937 seu
470 906 622 938 mulieres
647 906 815 945 seculares,
835 905 865 938 in
891 910 1049 938 monaste·

279 989 282 992 .
310 957 367 989 riis
393 958 579 991 huiusmodi
602 958 800 990 educationis
829 960 879 991 vel
901 957 1048 991 famulitii
1070 947 1073 1003 l

311 1012 405 1042 causa
429 1015 482 1042 aut
507 1011 568 1044 alio
595 1011 687 1043 titulo
720 1011 758 1043 de
784 1011 915 1044 licentia
945 1011 1047 1044 dictae
1069 1005 1071 1046 l

908 224 1096 247 ALEXANDER
1118 225 1163 248 vn
1188 225 1237 248 ΡΙ).

1090 272 1289 304 ornamentis
1322 273 1541 313 secularibus⁷
1578 284 1637 306 nec
1669 274 1826 317 capillitio

1090 326 1300 367 promissiore
1325 332 1468 359 utantur.
1491 327 1730 370 Superiorissae
1748 338 1825 361 vero

1091 377 1271 420 impediant
1294 390 1333 411 ne
1355 381 1535 412 clausuram
1554 391 1684 413 suorum
1703 391 1828 413 monas-

1092 431 1243 463 teriorum
1269 432 1495 473 ingrediantur
1520 444 1677 475 personae
1705 435 1828 467 secula-

1070 518 1072 531 }
1091 494 1143 515 res
1168 483 1226 516 sub
1252 490 1419 526 praetextu
1439 495 1539 518 onera
1557 486 1755 529 importandi
1777 488 1827 520 vel

1092 537 1302 577 exportandi·,
1338 537 1362 569 si
1397 543 1501 570 autem
1539 538 1570 570 id
1607 539 1827 572 necessarium

1092 588 1198 628 fuerit,
1225 589 1403 631 ingressuri
1430 590 1491 623 sint
1524 591 1592 623 cius
1619 591 1828 634 professionis

1091 651 1147 673 seu
1173 640 1315 684 opificii,
1341 642 1429 674 cuius
1455 644 1627 676 exercendi
1653 644 1754 685 gratia
1780 644 1828 676 in-

1091 693 1287 735 gredientur,
1314 705 1374 728 nec
1398 696 1597 738 permittant,
1613 703 1645 729 ut
1666 702 1827 739 tamquam

1090 745 1189 778 baiuli
1214 747 1334 779 intrent
1362 748 1415 790 qui
1437 749 1518 781 tales
1531 759 1596 781 non
1617 749 1691 781 sint.
1714 749 1827 783 Volen-

1090 804 1137 832 tes
1169 805 1201 832 et
1237 800 1321 833 dicta
1356 803 1545 834 auctoritate
1570 808 1747 836 statuentes
1772 802 1826 835 ut·

1091 857 1202 885 contra
1226 853 1365 886 rebelles
1390 854 1427 886 ad
1450 855 1705 887 declarationem
1722 855 1828 888 incur-

1090 914 1141 937 sus
1166 905 1198 937 in
1224 916 1375 939 censuras
1401 917 1437 939 ac
1460 907 1682 940 executionem
1708 918 1828 951 poena-

1090 969 1160 990 rum
1185 959 1371 992 huiusmodi
1398 966 1430 993 et
1454 961 1532 993 alias
1552 967 1650 1004 prout
1666 961 1743 994 iuris
1760 961 1828 994 sue-

1089 1011 1130 1043 rit
1154 1013 1360 1054 procedatur.

1726 217 1790 250 3:353
1836 226 1888 253 An.
1905 225 1932 252 C.
1951 225 2019 253 ¹665

311 1062 403 1095 Sedis
428 1063 595 1106 degentes,
622 1074 754 1096 necesse
780 1064 953 1097 habuerint
977 1075 1048 1096 cum
1067 1050 1071 1122 l
1134 1065 1148 1108 ξ
1173 1065 1204 1098 4.
1220 1066 1392 1099 Praeterea
1407 1067 1557 1099 omnibus
1575 1072 1606 1100 et
1626 1067 1882 1113 quibuscum-Aua
1893 1076 2021 1107 προπεπη-

311 1115 418 1159 aliqua
441 1118 582 1159 persona
607 1127 665 1159 pro
692 1117 901 1160 dispositione
927 1123 956 1150 et
979 1127 1050 1149 exa·
1069 1140 1070 1150 i
1090 1128 1151 1159 que
1177 1119 1329 1160 praelatis
1355 1119 1540 1161 quorumvis
1570 1119 1735 1161 Ordinem,
1763 1125 1826 1153 tam
1838 1103 1941 1150 iii-isslffi
1961 1109 2021 1166 filiii]

312 1169 418 1201 ctione
433 1179 560 1201 suorum
576 1168 761 1201 reddituum
776 1174 808 1201 et
821 1169 948 1209 iurium,
964 1169 1049 1202 aliis·
1089 1171 1334 1208 monachorum,
1361 1182 1457 1214 quam
1482 1173 1742 1213 mendicantium,
1763 1174 1828 1216 qui·
1838 1155 2014 1203 'ci1³=⁵.¹ffl¹⁰m¹m‘¹d

312 1232 373 1264 que
398 1221 490 1254 iustis
517 1222 554 1254 de
591 1216 694 1253 caiisis
712 1248 719 1261 ‚
748 1226 883 1254 tractare
909 1227 940 1254 et
964 1232 1070 1271 com-2

310 1274 485 1314 inimicare,
510 1284 721 1317 unaquaeque
748 1274 874 1306 illarum
900 1277 937 1307 ea
953 1273 1070 1318 superl

310 1337 343 1359 re
370 1327 537 1359 licentiam
562 1332 652 1370 petat
668 1337 684 1358 a
698 1326 908 1369 superiorissa
926 1327 973 1359 sui
987 1338 1049 1360 mo·
1068 1318 1071 1335 ἒ

310 1379 465 1419 nasterii,
490 1390 619 1412 necnon
644 1379 683 1412 ab
709 1379 796 1412 illius
827 1380 997 1422 superiore
1024 1380 1071 1427 si¹

310 1431 458 1471 adfuerit,
485 1433 534 1464 sin
559 1432 665 1464 minus
690 1442 707 1464 a
730 1431 848 1465 vicario
866 1432 965 1475 ipsius
982 1442 1050 1464 mo-

309 1485 462 1525 nasterii,
489 1485 542 1528 qui
569 1486 607 1519 de
639 1485 831 1517 necessitate
865 1485 1048 1519 huiusmodi

309 1538 473 1571 informati
498 1539 653 1571 eiusmodi
679 1538 842 1570 licentiam
869 1539 1048 1571 concedere

309 1591 453 1633 possint,
478 1591 613 1624 limitate
640 1596 767 1631 tamen,
793 1592 841 1624 vel
872 1602 931 1634 pro
956 1592 1049 1624 unica

308 1643 376 1676 vice
395 1648 527 1683 tantum,
543 1644 639 1686 idque
660 1643 692 1675 in
711 1644 850 1687 scriptis,
868 1654 902 1676 ac
922 1646 959 1676 ea
976 1646 1047 1687 lege

308 1701 343 1728 ut
368 1695 433 1728 illic
457 1697 581 1729 assistat
598 1697 704 1739 aliqua
725 1697 873 1730 monialis
892 1707 928 1728 ex
947 1698 1049 1730 senio-

308 1750 408 1791 ribus,
436 1762 516 1794 quae
537 1751 646 1784 audire
661 1757 693 1784 et
712 1751 821 1783 videre
836 1752 939 1794 possit
956 1752 1049 1794 quid·
1069 1752 1071 1777 l

309 1804 385 1846 quid
410 1804 532 1837 ibidem
557 1804 607 1846 agi
634 1810 664 1836 et
689 1804 750 1837 dici
771 1805 954 1847 contigerit.
976 1785 1070 1838 oni-l

308 1867 366 1889 nes
393 1862 500 1889 autem
525 1857 718 1900 scripturae,
745 1868 827 1899 quae
853 1853 1071 1890 monialibus'

309 1910 348 1942 de
370 1915 477 1943 cetero
502 1911 680 1949 mittentur,
706 1910 745 1942 ab
770 1910 834 1942 illis
860 1920 921 1942 nec
940 1911 1050 1953 legan-

308 1968 361 1994 tur
392 1973 453 1995 nec
484 1963 694 2005 aperiantur,
722 1963 783 1995 nisi
814 1963 902 2006 prius
929 1974 982 1996 eas
1009 1964 1048 1995 ad

307 2025 379 2048 suas
404 2015 583 2058 respective
609 2015 839 2058 superiorissas
856 2016 1046 2056 detulerint;

307 2077 391 2110 quae
417 2067 677 2100 animadvertent
711 2078 750 2100 an
783 2067 847 2100 sint
870 2068 963 2100 valde
987 2069 1048 2101 fre·
1068 2072 1069 2075 ’

307 2126 451 2163 quentes‚
479 2126 511 2153 et
534 2121 708 2164 suspicioni
735 2132 864 2154 causam
890 2123 1047 2165 praebere

307 2173 451 2216 possint,
479 2185 540 2218 quo
573 2185 647 2206 casu
683 2175 818 2208 eaedem
855 2176 1048 2218 superioris-

308 2236 360 2258 sae
377 2226 449 2259 illas
470 2228 617 2270 aperiant
642 2234 673 2260 et
695 2228 884 2270 registrent,
905 2229 1047 2272 exceptis

307 2284 416 2312 tamen
449 2280 612 2312 schedulis
643 2281 936 2322 confessariorum,
965 2277 1069 2326 quae}

308 2332 426 2375 aperiri
452 2343 516 2365 non
543 2332 729 2373 debebunt·,
764 2335 826 2366 hoc
856 2334 951 2367 etiam
980 2329 1069 2367 ani-¹

306 2385 475 2417 madverso
514 2390 549 2417 ut
587 2385 645 2417 sub
687 2386 817 2419 nomine
858 2388 1046 2420 confessarii

307 2447 374 2469 non
398 2437 462 2469 sint
486 2437 633 2470 aliorum.
662 2438 761 2470 Porro
788 2439 916 2471 habitus
943 2445 972 2472 et
1000 2440 1067 2482 in-¹

307 2490 460 2522 dumenta
497 2490 655 2523 dictarum
688 2491 877 2524 monialium
904 2492 970 2524 sint
994 2490 1067 2525 ea-'ff

308 2552 379 2574 rum
404 2543 525 2585 regulis
541 2543 721 2586 respective
736 2544 962 2586 congruentia3
982 2556 1046 2578 mo-

308 2595 410 2628 niales
433 2595 521 2639 ipsae
547 2606 606 2628 nec
631 2596 714 2635 suco,
739 2606 799 2628 nec
822 2597 973 2630 vestibus.
993 2603 1045 2630 aut

1089 1223 1148 1255 bus
1173 1224 1383 1266 superioritas
1409 1230 1441 1256 ct
1465 1225 1643 1257 iurisdictio
1676 1226 1708 1257 in
1734 1237 1830 1268 quae-

1090 1286 1225 1318 cumque
1243 1277 1439 1309 monasteria
1456 1278 1642 1310 huiusmodi
1665 1280 1826 1322 competit,

1091 1334 1122 1361 ct
1147 1340 1259 1362 eorum
1284 1330 1417 1372 singulis
1443 1330 1475 1362 in
1501 1331 1650 1367 solidum.
1670 1332 1728 1364 sub
1750 1342 1829 1375 poe-

1090 1382 1139 1414 nis
1164 1387 1195 1414 et
1219 1383 1362 1415 censuris
1387 1383 1537 1426 praefatis
1564 1384 1770 1426 iniungimus,
1795 1390 1829 1417 ut

1090 1435 1154 1467 suis
1168 1435 1343 1478 respective
1363 1437 1567 1481 regularibus
1585 1437 1721 1469 subditis
1739 1447 1829 1480 prae-

1090 1494 1182 1531 cepta
1207 1494 1239 1521 et
1263 1499 1414 1522 censuras
1441 1489 1619 1532 imponant,
1647 1501 1687 1522 ue
1712 1491 1752 1523 ad
1777 1501 1829 1523 ea-

1091 1542 1163 1574 dem
1200 1543 1395 1575 monasteria
1430 1543 1620 1575 monialium
1656 1544 1826 1584 accedant;

1091 1600 1203 1626 curent
1227 1605 1355 1637 quoque
1382 1595 1441 1638 ipsi
1466 1596 1668 1638 superiores,
1694 1602 1730 1628 ut
1753 1606 1829 1628 con-

1091 1647 1213 1679 fessarii
1251 1648 1405 1680 ordinarii
1443 1653 1473 1681 et
1498 1649 1764 1689 extraordinarii,
1792 1659 1827 1681 ac

1089 1701 1197 1733 vicarii
1225 1711 1283 1744 per
1314 1711 1369 1733 eos
1400 1701 1609 1741 nominandi,
1640 1707 1671 1734 et
1696 1701 1825 1734 illorum

1090 1755 1178 1794 socii,
1204 1755 1265 1787 sint
1290 1761 1433 1789 maturae
1459 1756 1578 1792 aetatis,
1604 1755 1745 1798 bonique
1772 1766 1829 1789 no-

1089 1807 1184 1840 minis
1209 1813 1241 1840 et
1266 1808 1376 1846 famae,
1397 1813 1427 1841 et
1452 1809 1491 1841 ad
1509 1808 1760 1841 satisfactionem
1782 1819 1829 1840 su-

1090 1860 1336 1903 periorissarum
1369 1861 1528 1893 dictorum
1558 1861 1829 1893 monasteriorum

1090 1912 1301 1951 monialium,
1339 1923 1465 1945 necnon
1499 1913 1544 1945 eis
1576 1913 1739 1945 licentiam
1773 1923 1829 1945 seu

1090 1965 1352 1998 commissionem
1376 1965 1408 1997 in
1433 1965 1560 2008 scriptis
1592 1976 1650 2008 per
1682 1971 1829 2008 patentes

1091 2018 1212 2050 litteras
1242 2018 1422 2050 concedant
1456 2017 1605 2060 specifice
1642 2018 1681 2049 ad
1706 2018 1830 2050 monia-

1090 2071 1168 2102 lium
1206 2064 1426 2103 confessiones
1460 2071 1654 2109 audiendas,
1682 2071 1830 2114 alioquin

1091 2124 1116 2156 si
1143 2124 1212 2156 sine
1246 2124 1403 2156 eiusmodi
1438 2124 1569 2156 licentia
1598 2135 1653 2157 seu
1684 2125 1831 2157 commis-

1091 2177 1182 2209 sione
1208 2177 1246 2208 ad
1273 2177 1468 2209 monasteria
1502 2177 1691 2209 monialium
1727 2187 1831 2209 acces-

1091 2229 1199 2267 serint,
1235 2235 1408 2272 praecepta
1431 2229 1587 2269 violasse,
1619 2240 1654 2261 ac
1679 2239 1829 2262 censuras

1093 2282 1279 2315 huiusmodi
1311 2282 1482 2314 incurrisse
1516 2288 1718 2315 censeantur.
1746 2282 1830 2315 Socii

1091 2341 1205 2375 autem,
1228 2345 1308 2378 quos
1333 2335 1366 2367 hi
1392 2335 1578 2367 confessarii
1603 2345 1710 2368 secum
1736 2335 1831 2368 addu-

1093 2393 1173 2426 cent,
1197 2388 1354 2420 moniales
1380 2387 1501 2429 alloqui
1527 2398 1593 2420 non
1618 2388 1754 2430 possint.
1783 2389 1831 2421 Ad

1092 2441 1172 2473 haec
1197 2441 1344 2473 volumus
1360 2445 1396 2472 ut
1419 2440 1516 2473 iidem
1534 2441 1728 2483 superiores,
1748 2441 1831 2473 intra

1090 2493 1243 2525 bimestre
1262 2504 1278 2525 a
1307 2493 1358 2525 die
1382 2503 1445 2535 quo
1473 2493 1651 2535 praesentis
1676 2493 1831 2525 constitu-

1090 2546 1188 2579 tionis
1212 2547 1360 2579 notitiam
1385 2546 1566 2584 habuerint,
1590 2546 1689 2588 ipsius
1713 2547 1831 2579 cousti—

1127 2608 1136 2633 t
1161 2606 1232 2632 Edit.
1250 2606 1327 2632 atain,
1347 2607 1407 2640 tegit
1424 2610 1448 2631 et
1466 2614 1512 2641 pro
1532 2609 1559 2631 ut
1574 2608 1610 2639 (n.
1628 2607 1674 2638 τ,).
