2247 3208
226 221 274 248 An.
295 221 323 248 c.
342 220 408 247 1662
453 212 495 245 34

233 1069 310 1088 Primis
321 1071 338 1087 ct
350 1069 401 1088 :thn-

219 1100 264 1116 rum
276 1095 373 1115 officium.

421 268 568 313 patribus
594 265 741 304 consilii,
774 275 811 297 ac
845 263 941 296 etiam
969 261 1151 305 respective

421 326 531 365 patres
552 318 768 363 provinciales
790 322 822 349 et
845 315 1034 359 superiores
1064 324 1152 347 com-

421 373 631 411 munitatum3
652 382 668 402 a
690 369 807 413 quibus
826 369 851 401 si
870 368 964 402 electi
988 366 1151 400 licentiam

421 424 630 464 obtinuerint,
657 423 780 465 absque
804 423 895 454 mora
919 431 954 453 se
980 420 1152 453 conserant

420 478 451 509 in
483 477 570 509 hunc
602 480 798 508 conventum
832 479 863 507 et
895 472 1089 515 collegium,
1116 477 1152 505 ut

419 528 542 569 officia,
569 529 607 561 ad
640 539 722 571 quae
753 527 847 560 electi
873 526 1024 566 suerunt,
1052 535 1147 558 exer-

419 587 525 622 ceant,
553 581 639 625 quod
658 581 684 613 si
710 579 896 613 huiusmodi
917 579 1048 612 licentia
1069 578 1148 622 ipsis

419 636 609 676 denegetur,
636 644 722 665 nunc
746 637 846 675 prout
869 642 906 664 ex
932 636 1007 664 tunc
1033 631 1148 665 suturis

417 686 586 730 perpetuis
613 685 816 728 temporibus
837 683 1047 717 concedimus
1064 684 1148 727 patri

417 739 534 783 priori,
561 749 621 782 pro
647 744 794 781 tempore
825 738 950 777 electo,
976 742 1011 769 ut
1034 742 1148 770 nostro

419 797 450 825 et
472 801 701 824 successorum
727 795 916 823 nostrorum
940 789 1073 823 nomine
1093 801 1149 833 pa-

417 845 521 876 tribus
554 843 600 876 sic
632 843 742 876 electis
775 843 826 875 vel
858 843 962 875 electo
996 842 1149 875 veniendi

417 897 576 929 concedat
598 895 827 935 obedientiam,
850 895 974 938 absque
993 905 1032 928 eo
1060 896 1148 939 quod

416 950 521 994 possit
544 950 593 983 vel
618 949 745 993 possint
769 959 785 980 a
811 958 1018 992 quacumque
1036 953 1150 982 aucto-

416 1003 509 1036 ritate
535 1002 627 1035 nobis
653 1000 838 1035 inseriore¹.

459 1067 514 1089 xri.
542 1055 664 1088 Prioris
690 1055 832 1088 officium
857 1055 920 1088 erit
942 1060 1046 1090 totum
1071 1066 1148 1089 con-

416 1113 549 1142 ventum
568 1119 683 1150 regere
699 1113 731 1140 et
747 1108 978 1140 administrare
992 1119 1064 1141 cum
1077 1109 1148 1152 ple-

414 1162 506 1194 naria
544 1161 738 1193 auctoritate
775 1160 864 1193 iuxta
904 1161 1147 1205 praescriptum

414 1219 602 1247 nostrarum
635 1213 927 1254 constitutionum;
965 1214 1146 1258 superioris

414 1278 501 1307 vero,
516 1268 603 1301 illius
618 1267 704 1300 vices
720 1277 850 1310 gerere,
867 1267 1005 1301 maxime
1022 1268 1055 1301 in
1069 1268 1147 1302 cho-

414 1333 451 1355 ro
485 1321 579 1364 et2i11
612 1322 710 1354 rebus
744 1331 839 1364 quae.
867 1322 906 1355 ad
939 1322 1147 1366 disciplinam

414 1376 600 1417 regularem
631 1374 820 1417 pertinent3
856 1376 1001 1418 regentis
1035 1381 1145 1410 autem

414 1428 463 1460 bis
489 1427 520 1459 in
540 1428 744 1460 hebdomada
768 1428 945 1461 lectionem
964 1429 1087 1462 habere
1107 1430 1146 1463 de

415 1480 583 1522 theologia
607 1480 746 1523 positiva
770 1485 826 1513 aut
849 1481 978 1522 morali,
1001 1492 1038 1514 ac
1057 1481 1147 1515 insu-

414 1544 474 1576 per
499 1532 649 1565 omnibus
675 1533 800 1566 actibus
822 1533 1007 1567 studiorum
1032 1534 1147 1578 invigi-

413 1587 490 1626 lare,
518 1591 549 1618 et
573 1596 688 1618 curare
709 1590 745 1618 ut
769 1585 928 1620 lectiones
955 1592 986 1619 et
1012 1598 1147 1620 concer-

415 1639 554 1671 tationes
579 1649 595 1670 a
620 1639 866 1681 professoribus
897 1640 1027 1673 statutis
1054 1641 1145 1674 horis

415 1697 448 1724 et
471 1692 675 1735 temporibus
710 1692 914 1734 habeantur,
948 1693 1027 1726 item
1059 1705 1146 1728 com-

413 1745 539 1788 pellere
572 1745 741 1778 studentes
775 1756 889 1779 omnes
930 1751 966 1779 ut
1006 1747 1144 1791 singulis

414 1798 621 1838 lectionibus,
649 1799 950 1833 concertationibus
973 1805 1005 1833 et
1019 1801 1144 1835 actibus

414 1851 596 1884 studiorum
612 1851 773 1892 intersint,
792 1857 906 1896 utpote
921 1852 1014 1886 cum⁹
1031 1865 1144 1888 omnes

414 1905 453 1936 de
479 1905 586 1937 studio
611 1905 643 1937 in
673 1905 722 1937 his
745 1916 828 1948 quae
854 1907 1053 1941 sunt‘studii
1071 1918 1146 1951 spe-

414 1957 540 1990 cialiter
565 1957 702 1991 subiecti
727 1958 803 1999 sint,
823 1959 862 1992 ad
886 1959 994 2003 ipsum
1013 1971 1144 2004 quoque

414 2010 575 2053 spectabit
600 2010 709 2043 theses
734 2012 1025 2046 baccalaureorum
1045 2018 1077 2046 et
1094 2024 1145 2047 ce-

414 2068 500 2095 teras
526 2064 674 2107 publicas
701 2066 924 2108 quorumlibet
942 2067 1144 2100 studentium

414 2117 610 2159 approbare,
629 2122 803 2161 antequam
817 2119 949 2162 publice
967 2120 1145 2153 defendan-

415 2172 484 2209 tur,
503 2169 671 2202 scholares
689 2171 896 2216 philosopiae
914 2178 1085 2207 vacaturos
1104 2174 1143 2206 de

414 2220 664 2254 humanioribus
690 2223 830 2265 litteris,
856 2230 953 2268 atque
980 2226 1079 2259 etiam
1104 2226 1143 2259 ad

414 2282 524 2306 sacros
543 2274 674 2307 ordines
695 2276 872 2310 mittendos
894 2282 926 2310 et
950 2278 989 2311 ad
1016 2278 1144 2311 conses-

414 2326 524 2359 siones
550 2327 727 2361 audiendas
763 2333 860 2373 atque
893 2330 932 2363 ad
966 2331 1142 2365 conciones

413 2379 591 2420 habendas
618 2391 691 2413 eum
716 2382 832 2415 eodem
856 2388 949 2427 patre
973 2384 1085 2427 priore
1111 2389 1144 2418 et

413 2431 484 2465 aliis
507 2432 783 2468 examinatoribus
800 2435 833 2468 in
850 2436 1013 2481 principio
1034 2437 1143 2471 cuius-

412 2486 493 2519 libet
517 2485 649 2519 triennii
674 2497 734 2530 per
753 2494 862 2531 patres
888 2491 1016 2524 consilii
1042 2491 1143 2536 depu-

448 2557 459 2583 1
483 2556 563 2584 Deest
582 2557 694 2584 verbum
714 2558 854 2593 impediri
875 2564 907 2592 (R.
922 2561 969 2596 T.).

446 2601 464 2628 2
482 2601 636 2635 Legenduin
656 2603 703 2630 cni
722 2611 768 2640 pro
788 2612 852 2631 cum
872 2606 908 2639 (R.
922 2605 970 2641 22).

993 214 1170 238 BULLARIL'M
1195 212 1346 236 ROMANUM

1187 257 1332 299 tandos¹,
1359 259 1554 300 examinare,
1580 270 1617 294 ac
1642 261 1773 294 tandem
1794 261 1827 294 in
1853 272 1921 294 om-

1186 312 1283 345 nibus
1301 311 1487 345 studiorum
1504 312 1629 346 actibus
1656 318 1689 346 et
1713 313 1859 347 consiliis
1880 314 1920 347 ad

1187 365 1332 399 studium
1345 365 1587 409 pertinentibus
1599 371 1675 409 post
1690 371 1817 410 patrem
1831 366 1920 411 prio-

1186 429 1255 451 rem
1280 418 1425 462 primum
1450 419 1559 451 locum
1577 419 1741 452 obtinere.

1229 482 1297 505 xm.
1324 471 1504 505 Directoris
1529 471 1662 515 pietatis
1688 473 1830 506 officium
1856 473 1920 506 erit

1185 524 1362 567 diligenter
1379 524 1549 567 invigilare
1567 529 1603 556 ut
1624 525 1755 568 pietatis
1773 525 1918 560 studium

1184 587 1221 610 ac
1246 576 1404 610 orationis
1423 587 1515 610 amor
1532 577 1639 620 vigeat
1662 578 1749 611 inter
1771 578 1917 613 iuniores

1184 640 1250 663 non
1275 630 1465 663 sacerdotes
1490 640 1587 663 curae
1609 641 1687 664 suae
1705 630 1917 672 commissos;

1183 683 1273 726 ipsos
1305 684 1413 726 legem
1444 683 1500 716 Dei
1532 684 1650 717 docere
1685 688 1717 717 et
1747 694 1785 716 ea
1809 684 1919 718 omnia

1184 747 1267 780 quae
1285 737 1325 770 ad
1350 737 1475 770 cultum
1494 737 1639 770 divinum
1665 742 1827 781 spectant,
1846 748 1919 771 eos-

1184 801 1248 833 que
1273 790 1418 831 visitare‚
1437 791 1617 834 capitulum
1635 791 1675 824 de
1696 791 1802 835 culpis
1827 801 1919 825 seor-

1183 853 1255 876 sum
1281 844 1384 876 semel
1410 843 1442 876 in
1467 843 1675 877 hebdomada
1704 848 1837 885 tenere,
1864 854 1918 877 ex-

1184 895 1374 929 hortantes²
1390 896 1523 937 habere,
1547 901 1580 930 et
1596 901 1707 930 cetera
1725 897 1834 930 omnia
1851 901 1918 931 tam

1182 948 1269 981 intra
1301 959 1398 992 quam
1440 953 1532 982 extra
1557 949 1751 983 dormitoria
1775 960 1834 983 seu
1859 961 1918 984 no-

1182 1001 1331 1034 vitiatum
1348 1012 1446 1045 agere
1472 1007 1504 1035 et
1520 1007 1699 1046 praestare,
1722 1014 1805 1047 quae
1819 1014 1917 1046 agen-

1183 1054 1223 1087 da
1248 1059 1281 1087 et
1304 1055 1503 1098 praestanda
1534 1055 1691 1098 magistro
1716 1056 1917 1090 novitiorum

1182 1106 1269 1140 circa
1293 1107 1433 1140 novitios
1458 1107 1692 1151 praescribunt
1715 1113 1849 1142 nostrae
1866 1119 1917 1142 sa-

1182 1170 1256 1193 crae
1282 1160 1544 1201 constitutiones,
1565 1164 1650 1204 part.
1671 1170 1694 1194 11
1718 1171 1789 1204 cap.
1816 1171 1865 1195 111.

1224 1223 1288 1246 xlv.
1315 1212 1394 1246 Cum
1418 1223 1479 1257 per
1503 1213 1636 1246 easdem
1656 1223 1766 1246 sacras
1783 1218 1913 1247 nostras

1182 1266 1449 1307 constitutiones,
1467 1270 1553 1310 part.
1572 1277 1591 1300 v
1607 1277 1678 1310 cap.
1698 1277 1727 1308 1,
1753 1267 1815 1300 iste
1836 1278 1914 1301 con-

1181 1324 1297 1353 ventus
1315 1324 1347 1353 et
1363 1320 1540 1362 collegium
1565 1319 1748 1363 digniorem
1765 1331 1844 1364 prae
1861 1331 1914 1355 ce-

1181 1373 1260 1405 teris
1286 1374 1395 1406 locum
1421 1373 1576 1414 obtineat,
1602 1383 1663 1406 nee
1688 1384 1759 1417 cap.
1776 1384 1831 1415 vn,
1853 1374 1868 1417 ξ,
1889 1384 1913 1409 11

1181 1426 1329 1459 eiusdem
1346 1425 1448 1470 partis
1459 1425 1470 1441 ³
1485 1425 1573 1458 illius
1598 1426 1780 1470 privilegiis
1796 1427 1830 1459 in
1846 1431 1914 1460 stu-

1181 1480 1311 1513 diorum
1331 1484 1364 1512 et
1388 1478 1591 1512 studentium
1607 1479 1747 1513 sormam
1763 1480 1912 1524 deroget,

1182 1537 1358 1576 eapropter
1382 1543 1525 1576 aequum
1559 1537 1609 1565 est
1639 1537 1676 1565 ut
1708 1538 1830 1577 quanto
1862 1544 1915 1568 ce-

1181 1587 1260 1619 teris
1285 1585 1419 1626 eminet,
1446 1590 1536 1619 tanto
1561 1585 1776 1630 amplioribus
1797 1586 1915 1621 favori-

1180 1641 1241 1673 bus
1267 1644 1300 1673 et
1323 1639 1435 1683 gratiis
1460 1639 1672 1683 perfruatur,
1699 1640 1780 1673 adeo
1806 1644 1842 1672 ut
1873 1641 1913 1674 ad

1180 1693 1313 1727 modum
1330 1692 1575 1737 provinciarum
1592 1697 1738 1736 regatur.
1757 1693 1858 1735 Unde,
1873 1693 1912 1727 iis

1181 1751 1213 1780 et
1229 1746 1300 1780 aliis
1318 1746 1501 1779 rationibus
1516 1745 1661 1779 animum
1677 1750 1828 1780 nostrum
1844 1757 1914 1781 mo-

1180 1800 1341 1841 ventibus,
1357 1799 1569 1833 concedimus
1586 1799 1736 1844 patribus
1757 1800 1861 1843 priori
1882 1805 1914 1834 et

1180 1842 1308 1887 c5nsilii
1322 1863 1383 1897 pro
1398 1857 1558 1896 tempore,
1575 1852 1672 1896 quod,
1691 1852 1718 1885 si
1736 1852 1913 1896 aliquando

1179 1906 1350 1948 contingat
1368 1905 1501 1950 aliquod
1519 1905 1661 1939 officium
1681 1916 1742 1950 per
1757 1910 1911 1947 mortem,

1180 1959 1488 2000 renunciationem,
1520 1964 1576 1992 aut
1606 1970 1815 2003 quocumque
1848 1960 1912 1994 alio

1179 2013 1276 2046 modo
1297 2023 1422 2053 vacare,
1448 2011 1500 2044 ut⁴
1523 2012 1608 2045 infra
1625 2017 1699 2046 octo
1718 2013 1787 2046 dies
1812 2013 1912 2045 alium

1179 2067 1229 2099 vel
1244 2066 1325 2099 alios
1343 2065 1499 2100 officiales
1525 2076 1563 2099 ex
1580 2065 1749 2110 provincia
1768 2066 1819 2098 vel
1834 2076 1913 2110 pro-

1178 2119 1302 2160 vinciis,
1324 2129 1362 2151 ex
1383 2129 1447 2163 qua
1463 2120 1514 2152 vel
1535 2129 1573 2152 ex
1598 2118 1716 2162 quibus
1743 2123 1837 2151 erant
1852 2118 1912 2152 filii

1177 2172 1416 2216 praecedentes
1431 2170 1597 2211 officiales,
1611 2170 1774 2204 electione
1791 2171 1913 2205 substi-

1180 2230 1279 2265 tuant,
1296 2225 1470 2258 duraturos
1488 2234 1593 2268 usque
1618 2224 1658 2256 ad
1682 2234 1800 2257 novam
1818 2224 1912 2258 dum-

1178 2283 1264 2311 taxat
1277 2277 1466 2312 officialium
1480 2277 1676 2310 electionem
1688 2287 1748 2310 suo
1760 2282 1911 2321 tempore

1177 2336 1210 2365 et
1234 2332 1272 2365 de
1298 2341 1391 2365 more
1411 2330 1606 2364 faciendam.
1622 2329 1735 2368 Quoad
1756 2340 1834 2364 vero
1854 2340 1911 2375 pa-

1212 2429 1224 2455 1
1241 2427 1352 2455 Videtur
1365 2427 1508 2462 legendum
1528 2426 1702 2462 deputandis
1719 2427 1758 2459 (R.
1773 2426 1821 2458 τ.).

1210 2472 1227 2499 2
1246 2472 1347 2500 Forsan
1366 2473 1580 2500 eoehortationes
1598 2474 1635 2503 (R.
1655 2474 1703 2502 τ.).

1211 2518 1228 2545 3
1242 2517 1362 2545 Pessime
1377 2516 1442 2545 edit.
1458 2516 1541 2544 Main.
1557 2516 1622 2551 legit
1636 2515 1734 2544 Patris
1751 2522 1801 2550 pro
1811 2514 1911 2550 partis

1176 2563 1383 2635 (RkTssarticula
1402 2609 1433 2635 ut
1452 2605 1585 2634 redundat
1603 2605 1640 2641 (R.
1657 2604 1707 2641 T.).

1932 213 1981 240 An.
2004 214 2032 240 C.
2053 214 2120 243 1652

1949 487 2063 507 Directoris
2072 489 2117 512 pie-

1934 514 1983 534 tatis
1998 514 2097 535 officium.
