2247 3208
230 245 280 272 Aa.
298 244 327 272 C.
353 245 419 272 1605
465 236 527 268 403

246 1332 248 1334 .
261 1305 371 1326 Decretum
392 1312 417 1327 ir·

245 1336 306 1351 itam.

310 2043 423 2067 Deruentio

240 2071 401 2090 eontrailoium.

1008 237 1185 261 artemisii

428 298 459 326 et
471 288 759 324 consultationibus
775 287 999 329 cpiscoporum
1013 289 1043 317 et
1068 295 1163 325 rugu-
1181 285 1184 295 '

426 345 540 379 larini]
569 341 824 385 praepositorum:
856 338 1004 378 consilio,
1034 336 1183 369 attentist

427 396 574 435 narratis,
588 406 624 428 ac
642 394 750 427 audito
766 403 825 436 per
836 392 967 424 eosdem
984 390 1163 423 cardinales

427 451 545 483 dilecto
560 448 624 482 silio
641 452 849 491 procuratore
869 444 1011 487 generati
1036 443 1164 476 Ordinis
1183 475 1185 486 i

427 501 730 542 huiusmodi,reque
746 504 867 532 mature
882 497 1096 535 considerata,
1109 496 1164 528 sra-
1183 523 1185 548 Ι

427 561 490 588 tres
499 554 598 587 laicos
607 551 788 596 provinciae
800 549 985 583 huiusmodi
996 547 1165 592 professio·

427 618 466 640 ne
488 606 687 649 antiquiores
702 603 895 648 praecedere
919 602 1038 635 debere
1055 601 1165 633 fratres
1184 614 1185 649 ἦ

427 661 561 694 clericos
579 659 723 692 eiusdem
742 657 928 701 provinciae
962 655 1107 689 nondum
1133 654 1164 686 in

428 714 526 747 sacris
560 712 727 745 ordinibus
759 710 951 743 constitutos
982 709 1067 740 iuxta
1091 717 1185 752 (οη-ζ

428 767 610 799 stitutiones
628 764 831 806 etantiquam
840 761 1109 795 consuetudinem
1124 760 1165 793 di·
1184 758 1185 772 ¹

428 825 498 852 ctae
530 818 733 862 provinciae,
760 815 948 848 auctoritate
975 813 1162 856 apostolica,

428 878 541 905 tenore
568 869 794 915 praesentium,
822 867 1023 901 decernimus
1056 871 1086 898 et
1111 866 1166 898 de-

428 927 603 964 claramus,
629 924 829 964 eosdemque
857 921 970 953 fratres
998 919 1097 952 laicos
1116 929 1165 950 re-

428 978 588 1012 stituimus
614 977 653 1010 ad
678 987 769 1008 usum
789 975 875 1007 vocis
900 973 1021 1006 activae
1044 978 1075 1005 et
1095 982 1185 1015 pas-v

427 1032 525 1071 sivae,
555 1036 586 1063 et
611 1030 650 1063 ad
676 1030 748 1067 alia,
776 1028 891 1071 quibus
916 1028 976 1059 liac
1002 1027 1041 1058 de
1068 1026 1165 1057 causa

428 1083 542 1128 privati
569 1082 755 1120 extiterunt,
781 1086 810 1113 et
837 1085 972 1123 proptia=
996 1088 1164 1110 recursum

429 1137 468 1170 ad
494 1134 781 1178 congregationem
815 1133 1031 1176 praefatorum
1060 1130 1165 1162 cardi-

428 1189 551 1222 nalium
574 1193 606 1220 et
630 1197 795 1220 accessum
820 1186 858 1218 ad
885 1185 1002 1217 Urbem
1029 1184 1166 1216 nullate-

430 1252 490 1274 nus
504 1239 671 1273 molestari
685 1239 872 1271 mandamus
892 1242 923 1270 et
937 1235 1164 1280 praecipimus.

473 1295 488 1337 g
505 1294 537 1328 3.
555 1294 773 1326 Decernentes
790 1292 913 1336 pariter
927 1291 1057 1323 easdem
1077 1299 1166 1332 prae·
1183 1296 1185 1320 j

429 1353 539 1380 sentes
564 1346 688 1379 litteras
715 1355 843 1388 semper
867 1343 982 1382 firmas,
998 1342 1118 1374 validas
1137 1346 1186 1386 et¹

429 1399 574 1433 efficaces
599 1398 735 1432 existere
762 1402 792 1429 et
818 1397 901 1435 sore,
928 1406 1064 1438 suosque
1101 1395 1169 1437 ple-

428 1452 537 1485 narios
561 1457 592 1485 et
616 1451 759 1493 integros
786 1448 916 1482 effectus
941 1448 1047 1481 sortiri
1066 1453 1097 1480 et
1113 1447 1168 1480 ol»-

429 1506 551 1545 tinere,
578 1515 613 1537 ac
639 1503 713 1543 illis,
735 1503 773 1536 ad
800 1513 879 1545 quos
904 1507 1028 1544 spectat
1052 1506 1083 1533 et
1107 1510 1187 1544 pro¹

430 1565 574 1602 tempore
601 1557 768 1601 spectabit,
787 1555 972 1600 plenissime
989 1554 1166 1597 suffragari,

430 1618 462 1645 et
486 1613 525 1644 ab
550 1611 613 1644 illis
640 1610 820 1654 respective
854 1608 1083 1641 inviolabiliter
1113 1600 1187 1640 ob-¹

430 1665 568 1705 servari,
595 1664 703 1707 sicque
730 1663 760 1695 in
782 1662 965 1706 praemissis
991 1672 1048 1704 per
1073 1671 1168 1704 quos-

429 1729 564 1761 cumque
589 1717 709 1750 iudices
730 1716 911 1749 ordinarios
940 1720 971 1747 et
993 1715 1166 1757 delegatos,

430 1771 525 1804 etiam
551 1780 715 1803 causarum
741 1768 851 1812 palatii
877 1767 1047 1811 apostolici
1080 1766 1169 1799 autli-

431 1830 528 1863 tores,
551 1823 682 1856 iudicari
709 1828 740 1855 et
764 1821 888 1855 definiri
916 1821 1042 1860 debere,
1070 1830 1104 1852 ac
1132 1811 1189 1862 ir-'¹

431 1877 525 1910 ritum
544 1882 574 1909 et
600 1876 694 1908 inane
715 1875 738 1907 si
761 1885 850 1907 secus
875 1884 970 1918 super
989 1873 1038 1905 liis
1056 1884 1072 1905 a
1091 1883 1169 1916 quo-
1188 1866 1189 1869 ¹

433 1940 527 1973 quam
543 1957 550 1970 ,
577 1929 686 1972 quavis
711 1928 923 1968 auctoritate,
954 1927 1092 1959 scienter
1121 1926 1168 1958 rel

433 1982 630 2025 ignoranter,
657 1981 830 2023 contigerit
855 1979 1016 2013 attentari.
1189 2012 1192 2027 ὅ

478 2035 493 2078 §
522 2035 552 2067 lt.
584 2035 652 2068 Non
675 2034 882 2067 obstantibus
917 2033 947 2065 in
976 2032 1191 2069 contrarium}

434 2087 627 2131 praetensis,
652 2098 687 2118 ac
712 2086 1004 2119 constitutionibus
1028 2091 1058 2117 et
1083 2075 1191 2128 ordi*

435 2141 623 2174 nationibus
658 2139 863 2183 apostolicis,
888 2139 1069 2182 ceterisque
1095 2143 1191 2177 con-3

437 2194 540 2226 trariis
567 2194 837 2237 quibuscumque.
1189 2197 1192 2227 t

479 2247 594 2280 Datum
621 2247 755 2286 Romae,
783 2246 869 2289 apud
895 2246 925 2278 S.
953 2245 1083 2277 Mariam
1110 2244 1193 2292 lta-¹1,

436 2300 555 2340 iorem,
588 2300 649 2332 sub
682 2301 804 2332 annulo
837 2297 1012 2331 piscatoris
1029 2325 1036 2338 ,
1064 2297 1115 2330 dic¹
1140 2294 1193 2345 xri

438 2352 618 2387 decembris
645 2362 790 2391 ›inctxv‚
825 2350 1036 2395 pontificatus
1066 2350 1170 2382 nostri

438 2416 524 2438 anuo
549 2415 590 2438 xi.

474 2465 520 2492 Dat
553 2464 595 2492 die
618 2466 644 2492 Η
664 2464 817 2492 decembris
840 2464 916 2497 ¹665,
938 2463 1029 2499 pontif.
1049 2471 1118 2491 anno
1135 2471 1170 2490 ιι.

1212 236 1363 261 nmmt'ss

1508 283 1640 317 Dxxxt.

1209 352 1300 392 Quod
1324 353 1412 385 malli
1431 364 1468 386 ex
1484 354 1641 395 fratribus
1669 355 1853 397 reformatis
1870 366 1944 388 san-

1250 407 1293 438 cli
1307 406 1337 439 F
1338 406 1476 439 rancisci
1487 407 1673 449 provinciae
1690 409 1853 441 Romanae
1866 420 1945 441 com-

1248 459 1330 501 petit
1355 459 1405 491 ius
1427 459 1651 502 praecedendi,
1674 460 1739 492 sive
1764 461 1944 493 honoratio-

1252 512 1296 543 ris
1322 511 1392 549 loci,
1420 511 1488 544 nisi
1515 512 1735 555 superioribus
1759 514 1942 547 actualibus

1252 568 1281 596 et
1305 565 1562 606 eoeqeneralibus.

1400 644 1563 672 Alexander
1582 644 1660 678 Rapa
1681 645 1732 672 vn
1745 666 1752 677 ,

1324 689 1358 713 ad
1377 690 1554 721 perpetuam
1573 688 1618 714 rei
1639 688 1821 716 memoriam.

1250 759 1422 791 pastoralis
1441 758 1550 799 officii,
1570 759 1657 801 quod
1683 759 1812 802 superni
1835 759 1942 803 dispo-

1206 811 1322 844 sitione
1356 811 1482 844 consilii
1513 811 1673 854 gerimus,
1700 822 1775 844 cura
1800 812 1941 845 animum

1207 870 1352 896 nostrum
1379 863 1542 904 sollicitat,
1562 870 1593 896 ut
1621 864 1845 907 religiosorum
1864 865 1942 898 viro-

1206 927 1288 957 rum,
1303 917 1356 959 qui
1371 917 1569 959 abnegantes
1580 917 1771 960 semetipsos
1786 918 1940 951 Altissimi

1206 969 1371 1013 obsequiis
1392 970 1422 1001 in
1449 969 1562 1012 spiritu
1590 970 1781 1003 humilitatis
1800 981 1869 1003 sese
1889 971 1944 1004 dc-

1206 1028 1380 1061 voverunt‚
1406 1022 1506 1065 quieti
1542 1023 1714 1055 salubriter
1744 1024 1916 1056 consulere
1933 1050 1940 1062 ,

1205 1075 1355 1119 ipsosque
1381 1075 1413 1106 in
1438 1075 1591 1107 laudabili
1618 1085 1729 1108 eorum
1754 1076 1940 1119 proposito,

1206 1133 1360 1171 quantuni
1385 1127 1477 1160 nobis
1503 1128 1623 1160 exalto
1649 1128 1846 1167 conceditur,
1863 1139 1940 1161 con-

1207 1182 1312 1214 fovere
1337 1181 1535 1213 studeamus,

1250 1235 1264 1277 ξ
1289 1234 1319 1266 l.
1340 1233 1416 1266 Cum
1434 1234 1557 1277 itaque,
1579 1234 1662 1266 sieut
1678 1234 1786 1266 dilecti
1811 1234 1867 1267 sitii
1885 1233 1942 1267 mi-

1207 1287 1309 1319 nister
1340 1286 1549 1330 provineialis
1591 1291 1623 1318 et
1652 1286 1869 1320 definitorium
1906 1299 1941 1320 ac

1207 1340 1465 1383 exprovinciales
1501 1345 1531 1372 et
1557 1340 1672 1372 fratres
1697 1340 1843 1383 graduali
1868 1351 1943 1383 pro-

1206 1393 1328 1426 vinciae
1356 1393 1517 1425 Romanae
1536 1393 1668 1425 fratrum
1689 1392 1817 1425 Ordinis
1843 1393 1943 1426 Mino-

1207 1456 1275 1479 rum
1293 1447 1393 1479 sancti
1411 1446 1574 1478 Francisci
1593 1446 1630 1478 de
1656 1445 1866 1478 Observantia
1887 1446 1943 1479 Rc·

1208 1500 1416 1532 sormatorum
1441 1504 1699 1542 nuncupatorum
1723 1499 1817 1531 nobis
1840 1509 1944 1542 nuper

1208 1553 1324 1596 exponi
1351 1554 1504 1591 fecerunt,
1526 1552 1602 1585 licet
1626 1552 1811 1585 reformatio
1825 1551 1857 1584 in
1871 1562 1944 1594 pro-

1186 1606 1343 1639 'vinciam
1369 1606 1569 1649 praedictam
1595 1615 1711 1647 magno
1742 1615 1814 1637 cum
1841 1605 1944 1637 humi-

1187 1657 1188 1660 *
1209 1660 1305 1693 litatis
1323 1664 1354 1692 et
1377 1659 1547 1701 religiosae
1565 1658 1682 1701 quietis
1700 1658 1848 1700 vitaeque
1871 1657 1945 1690 siin-

1209 1713 1360 1757 plicitatis
1392 1712 1496 1745 studio
1529 1712 1660 1744 inducta
1692 1712 1864 1744 multorum
1890 1721 1944 1743 an-

1209 1776 1324 1798 norum
1350 1765 1454 1809 spatio
1483 1764 1606 1796 utiliter
1632 1768 1662 1796 et
1687 1763 1893 1796 laudabiliter
1910 1774 1946 1795 ac

1209 1830 1279 1852 cum
1310 1820 1396 1852 bono
1428 1828 1504 1860 erga
1538 1818 1701 1850 seculares
1732 1817 1879 1860 exemplo
1901 1816 1945 1849 vi-

1210 1872 1328 1915 guerit,
1347 1870 1558 1904 nibilominus
1578 1869 1777 1913 experientia
1798 1880 1945 1912 comper-

1211 1931 1275 1958 tum
1301 1925 1358 1963 sit,
1392 1929 1466 1968 post
1490 1923 1709 1956 introductum
1735 1922 1766 1954 in
1799 1923 1945 1955 eamdem

1211 1978 1408 2021 provinciam
1423 1982 1545 2010 certum
1563 1975 1783 2019 praecedendi
1799 1975 1943 2014 moduni,

1211 2031 1266 2064 illa
1284 2042 1300 2062 a
1320 2030 1476 2074 pristinae
1497 2028 1687 2061 humilitatis
1705 2033 1788 2060 statu
1806 2038 1871 2060 non
1892 2037 1946 2070 pa-

1211 2094 1281 2116 rum
1308 2082 1496 2122 recessisse,
1524 2081 1598 2113 dicti
1630 2091 1703 2113 vero
1736 2085 1944 2123 exponentes,

1212 2142 1246 2168 ut
1270 2136 1399 2178 antiqua
1424 2134 1635 2168 observantia
1668 2134 1699 2165 in
1725 2135 1781 2165 sua
1806 2133 1946 2176 puritate

1211 2200 1340 2232 semper
1365 2190 1487 2224 floreat,
1513 2187 1681 2229 omnisque
1707 2186 1892 2218 ambitionis
1917 2190 1948 2217 et

1213 2241 1422 2275 relaxationis
1444 2240 1571 2273 occasio
1589 2245 1712 2272 mature
1732 2238 1947 2282 praecidatur,

1213 2295 1368 2338 quasdam
1388 2293 1490 2326 felicis
1505 2291 1740 2325 recordationis
1760 2291 1878 2324 Urbani
1896 2291 1947 2323 Pa-

1213 2358 1272 2391 pae
1298 2347 1360 2379 Vlll
1392 2345 1658 2390 praedecessoris
1691 2343 1790 2377 nostri
1822 2344 1948 2376 litteras

1214 2401 1265 2434 die
1281 2410 1345 2433 xxii
1360 2399 1543 2432 decembris
1561 2407 1690 2432 innexui
1708 2397 1740 2430 in
1755 2397 1854 2429 torma
1871 2396 1949 2429 Bre-

1214 2454 1259 2486 vis
1278 2453 1443 2497 expeditas
1460 2479 1466 2492 ‚
1483 2452 1676 2495 incipientes
1696 2450 1790 2484 Alias
1804 2460 1865 2494 pro
1881 2460 1948 2482 con-

1213 2506 1401 2550 qreqatione
1424 2505 1581 2549 generali,
1598 2508 1664 2543 etc„
1684 2503 1844 2546 inquibus
1864 2503 1949 2536 circa

1215 2558 1478 2603 praecedentiam
1512 2558 1595 2589 inter
1630 2557 1745 2589 fratres
1781 2554 1949 2589 strictioris

1216 2611 1440 2646 observantiae
1467 2610 1606 2643 t'an‘iiliae
1631 2609 1853 2642 cismontanae
1871 2608 1950 2642 dicti

1949 236 1997 264 An.
2014 236 2042 265 C.
2067 238 2132 265 1665

1979 769 2099 792 timrd'mm.

1979 1243 2065 1266 Motha,
