2247 3208
116 250 167 276 An.
184 249 213 276 C.
232 247 300 276 1653

118 468 228 490 contraria
239 469 299 490 tollit.

151 2004 292 2026 Prooemium.

902 244 1089 268 ‚xLEXANnEu
1114 245 1156 268 vu
1182 246 1228 268 Pr.

314 306 415 340 super
430 294 481 328 his
500 305 517 327 a
532 304 703 337 quoquam,
723 292 833 337 quavis
848 293 1048 332 auctoritate,

315 349 458 383 scienter
472 349 521 381 vel
543 347 742 390 ignoranter,
759 346 935 390 contigerit
947 351 1050 379 atten-

315 402 388 435 tari.

357 455 373 498 §
396 454 427 487 li.
447 454 516 487 Non
539 453 755 492 obstantibus,
782 456 941 496 quatenus
968 460 1050 494 opus

1726 233 1789 267 ’ltu

1085 292 1194 335 quieti,
1220 297 1374 336 quantum
1398 291 1492 324 nobis
1517 302 1553 324 ex
1579 292 1643 325 alto
1668 292 1816 326 concedi·

1084 351 1143 384 tur,
1169 346 1352 388 prospicere
1377 346 1571 378 studeamus.

1127 399 1141 441 g
1164 399 1194 430 ’1.
1222 399 1346 441 Exponi
1364 399 1523 442 siquidem
1543 399 1637 432 nobis
1657 409 1759 442 nuper
1776 399 1818 431 se-

1083 451 1126 484 cit
1146 451 1281 484 dilectus
1298 451 1382 485 filius
1399 452 1534 485 Ioannes
1555 463 1572 484 a
1589 452 1818 496 Conceptione,

315 508 372 548 sit,
402 510 515 541 nostra
541 512 571 540 et
604 505 817 540 cancellariae
851 504 1067 548 apostolicae,
1084 509 1275 548 procurator
1293 505 1452 547 generalis
1473 505 1734 547 congregationis
1751 506 1820 539 llis-

315 562 430 604 regula
456 562 494 594 de
520 560 589 593 iure
616 560 764 603 quaesito
789 568 855 591 non
879 557 1026 590 tollendo
1041 583 1049 597 ,
1064 543 1067 602 ξ
1085 557 1199 601 paniae
1217 558 1350 590 fratrum
1370 557 1639 592 Discalccatormn
1656 568 1819 602 nuncupa-

316 614 453 657 aliisque
479 612 678 657 apostolicis,
704 622 740 644 ac
763 611 796 643 in
812 604 1190 663 universalibus[torum
1203 610 1332 644 Ordinis
1345 610 1820 654 SS.Trinitatisredemptionis

316 667 638 712 provincialibusque
675 669 707 697 et
739 662 950 707 synodalibus
976 664 1299 711 co11-vcaptivorum,
1326 665 1427 707 quod,
1465 675 1537 697 cuin
1573 664 1685 697 fratres
1717 664 1819 698 dictae

317 721 399 755 ciliis
425 720 530 758 editis,
549 717 758 762 generalibus
775 717 825 749 vel
844 713 1069 759 specialibus‚'2
1086 717 1348 760 congregationis
1373 717 1411 750 ad
1442 717 1577 750 chorum
1610 716 1757 750 destinati
1783 728 1819 750 ex

317 772 603 807 constitutionibus
629 775 661 804 et
689 769 962 809 ordinationibus,
977 745 1069 823 nec-i1
1086 771 1297 814 dispositione
1334 770 1434 805 felicis
1466 771 1700 804 recordationis
1731 771 1819 804 Pauli

316 837 382 860 non
401 827 504 859 dictae
521 824 680 859 ecclesiae
705 822 939 862 Maioricensis,
958 822 1189 867 etiathapae
1213 823 1236 856 V
1261 824 1519 867 praedecessoris
1549 823 1649 856 nostri
1675 828 1821 867 quartum

317 879 510 918 iuramento,
530 876 780 911 confirmatione
794 875 983 919 apostolica,
1002 875 1053 907 vel
1067 877 1193 909 'votum
1218 887 1282 909 non
1309 875 1473 909 ambiendi
1492 875 1606 917 officia,
1625 877 1821 919 praelaturas

317 932 429 977 quavis
454 930 605 964 firmitate
631 930 693 963 alia
718 928 899 969 roboratis,
927 927 1070 982 statutis}
1086 936 1118 963 et
1142 929 1314 973 dignitates
1340 929 1494 970 emittant,
1527 929 1701 972 capitulum
1727 939 1823 972 genc-

318 991 350 1019 et
365 983 666 1023 consuetudinibus,
679 982 863 1026 ceterisque
881 980 1053 1015 contrariis

318 1038 587 1083 quibuscumque.
1068 1032 1070 1037 '

362 1091 477 1124 Datum
502 1090 638 1129 Romae,
666 1088 752 1132 apud
777 1087 808 1121 S.
835 1087 967 1121 Mariam
992 1087 1055 1120 Ma-

319 1145 433 1183 iorem,
453 1144 514 1176 sub
542 1144 663 1176 annulo
681 1141 866 1182 piscatoris,
882 1141 941 1174 die.
963 1151 985 1174 11
1010 1140 1071 1173 ia-'

318 1197 423 1230 nuarii
447 1206 601 1236 MDCLxm,
627 1194 838 1240 pontificatus
868 1194 973 1228 nostri
1000 1205 1056 1228 an-

319 1261 362 1284 no
378 1261 449 1284 vm.

356 1311 413 1339 Dat.
431 1310 474 1339 die
488 1310 505 1339 2
519 1309 632 1338 ianuarii
651 1309 729 1344 1663,
745 1308 840 1345 pontis.
864 1316 934 1337 anno
948 1315 1003 1336 vni.

627 1426 742 1461 CDXX.

322 1498 414 1541 Quod
440 1498 517 1532 laici
540 1508 596 1531 sen
620 1498 763 1531 conversi
792 1497 1057 1541 Conqreyationis

363 1552 547 1596 Hispaniae
559 1552 701 1594 fratrum
710 1549 988 1584 Discalceatorum
999 1550 1057 1584 Or·
1072 1551 1073 1566 ¹

364 1604 453 1639 dinis
470 1605 526 1638 SS.
550 1604 722 1637 Trinitatis
737 1604 968 1647 redemptionis
985 1615 1073 1647 cap-¹

367 1658 507 1691 livorum
531 1661 701 1701 quartam,
725 1657 817 1690 ultra
849 1657 915 1690 tria
946 1657 1073 1698 solita,-

364 1715 473 1745 votum
497 1711 623 1743 addant
646 1710 684 1744 de
706 1721 770 1744 non
796 1711 991 1744 transeundo
1016 1712 1074 1747 ads

364 1768 488 1797 statum
511 1764 693 1797 clericalem
717 1768 745 1797 et
775 1764 818 1797 ad
835 1764 964 1797 ordines
1001 1775 1056 1798 sa-

366 1827 434 1850 cros
447 1817 466 1850 ¹.

516 1889 680 1916 Alexander
704 1889 783 1922 Papa
802 1889 865 1922 vn,

462 1933 499 1960 ad
519 1933 650 1960 futuram
669 1933 714 1960 rei
735 1933 916 1960 memoriam.

367 1995 540 2028 Pastoralis
572 1994 685 2035 officii,
713 1995 799 2038 quod
829 1999 959 2028 auctore
991 1995 1075 2028 Deol

324 2049 474 2092 gerimus,
491 2048 677 2082 sollicitudo
691 2059 750 2081 nos
767 2049 930 2089 admonet,
946 2054 990 2089 ut,
1004 2056 1075 2093 pst-³

324 2108 448 2135 ternam
478 2102 759 2142 christifidelium,
787 2102 841 2146 qui
872 2113 889 2134 a
913 2103 1060 2136 fluctibus

323 2155 421 2188 seculi
446 2155 479 2187 in
503 2155 673 2198 religiosae
697 2155 778 2188 vitae
796 2161 925 2199 portum
950 2157 1060 2189 consu-

324 2212 439 2250 gerunt
474 2218 509 2240 ac
537 2207 571 2240 in
603 2208 794 2242 humilitatis
826 2208 940 2252 spiritu
966 2209 1061 2241 Altis-

323 2260 394 2293 simi
420 2261 586 2304 obsequiis
614 2272 683 2294 sese
714 2262 771 2294 sub
802 2261 887 2294 suavi
913 2261 1060 2295 arctioris

323 2314 455 2357 regulae
472 2313 546 2357 iugo
561 2315 795 2358 manciparunt,
814 2326 922 2348 curam
947 2327 1061 2359 geren·
1076 2322 1077 2328 ¹

325 2372 381 2407 tes,
408 2366 492 2400 felici
517 2378 739 2411 prosperoque
763 2368 893 2402 illorum
918 2369 1011 2402 statui
1030 2375 1074 2402 et*

360 2465 371 2490 1
395 2463 432 2490 De
452 2463 494 2490 his
513 2463 645 2490 fratribus
664 2463 725 2490 vide
750 2464 784 2491 ad
812 2465 904 2492 Const.
931 2472 980 2492 ch
1008 2466 1059 2500 (αί.

325 2507 389 2542 135)
409 2507 513 2534 Urbani
533 2508 591 2534 VIll
612 2509 763 2535 Dominicz'
781 2510 888 2543 ρνθῃίε,
915 2514 978 2537 tom.
1000 2517 1060 2544 xm,

323 2560 386 2588 pag.
409 2552 472 2587 352,
492 2553 520 2579 in
539 2561 593 2588 qua
613 2553 775 2588 prohibetur
796 2554 922 2580 transitus
941 2555 974 2582 ad
995 2556 1062 2582 alios

324 2605 510 2633 quoscumque
524 2597 649 2633 Ordines,
665 2602 692 2626 et
706 2598 739 2625 ad
755 2598 843 2626 Const.
860 2605 950 2633 Dwa,
968 2600 1060 2635 Alias,

324 2645 391 2670 tom.
412 2649 466 2677 x1v,
487 2650 548 2679 pag.
569 2643 631 2671 584.

1085 985 1152 1017 rale
1167 983 1309 1017 eiusdem
1327 983 1598 1026 congregationis,
1613 992 1722 1017 mense
1736 982 1821 1015 maio

1068 1037 1231 1081 3proxime
1256 1037 1431 1081 praeterito
1456 1036 1489 1068 in
1514 1036 1639 1068 civitate
1669 1035 1823 1069 Toletana

1069 1091 1303 1129 celebratum,
1328 1089 1366 1122 ad
1398 1089 1554 1122 maiorem
1587 1088 1822 1122 observantiam

1087 1149 1118 1176 et
1142 1143 1408 1187 tranquillitatem
1426 1142 1528 1175 dictae
1549 1141 1821 1184 congregationis,

1088 1197 1236 1236 decrevit,
1260 1201 1295 1228 ut
1319 1196 1366 1239 <si
1391 1196 1435 1230 ita
1459 1195 1553 1228 nobis
1578 1195 1740 1238 placeret)
1763 1195 1823 1227 sra-

1088 1255 1152 1283 tres
1184 1249 1256 1282 laici
1290 1260 1345 1282 seu
1381 1249 1526 1282 conversi
1562 1248 1824 1291 congregationis

1089 1303 1285 1343 huiusmodi,
1310 1303 1363 1346 qui
1390 1303 1429 1335 de
1453 1307 1560 1335 cetero
1585 1301 1824 1345 profitcrentur,

1089 1359 1171 1390 ultra
1196 1356 1255 1389 tria
1279 1361 1353 1389 vota
1378 1360 1524 1399 tempore
1555 1354 1768 1398 professionis
1793 1365 1825 1387 e-

1090 1410 1252 1450 mittenda,
1278 1409 1366 1442 aliud
1389 1414 1498 1442 votum
1516 1408 1611 1441 etiam
1632 1407 1825 1448 emitterent,

1070 1464 1238 1503 2videlicet
1261 1474 1294 1496 se
1319 1473 1483 1506 nunquam
1504 1471 1611 1495 sacros
1629 1461 1759 1494 ordines
1776 1471 1826 1494 re-

1072 1523 1250 1561 cepturos,
1275 1526 1335 1548 nec
1359 1515 1479 1548 directe
1504 1516 1552 1548 vel
1578 1514 1745 1553 indirecte,
1768 1524 1826 1557 per

1090 1581 1121 1603 sc
1139 1571 1188 1602 vel
1206 1579 1264 1613 per
1278 1569 1369 1609 alios,
1383 1567 1514 1601 ordines
1535 1566 1718 1600 huiusmodi
1736 1576 1827 1609 prae-

1090 1628 1249 1655 tensuros.
1269 1621 1370 1660 Quare
1385 1620 1486 1653 dictus
1504 1620 1639 1653 Ioannes
1653 1618 1747 1652 nobis
1773 1619 1827 1651 hu-

1090 1676 1210 1708 militer
1227 1674 1400 1718 supplicari
1423 1673 1498 1706 fecit
1513 1678 1547 1705 ut
1571 1673 1603 1705 in
1624 1670 1825 1716 praeteritis¹

1091 1734 1273 1773 opportune
1291 1727 1461 1771 providere
1480 1727 1519 1760 de
1535 1725 1738 1769 benignitate
1756 1736 1827 1769 apo-

1091 1782 1203 1816 stolica
1229 1782 1446 1824 dignaremur.

1134 1837 1148 1879 g
1174 1836 1205 1868 ΞΖ.
1231 1835 1296 1868 Nos
1320 1834 1429 1877 igitur,
1447 1833 1553 1877 ipsum
1577 1833 1731 1867 Ioannem
1756 1843 1828 1877 spe-

1092 1890 1180 1923 cialis
1206 1890 1313 1922 savorc
1339 1888 1460 1931 gratiae
1485 1887 1639 1931 prosequi
1668 1887 1825 1927 volentes,

1092 1948 1123 1976 et
1147 1955 1164 1976 a
1189 1942 1353 1986 quibusvis
1378 1940 1733 1981 excommunicationis,
1763 1951 1830 1973 sus-

1093 1995 1257 2040 pensionis
1274 2000 1306 2028 et
1322 1994 1495 2034 interdicti,
1512 1994 1646 2038 aliisque
1665 1993 1831 2027 ecclesias-

1094 2050 1162 2082 ticis
1199 2048 1380 2088 sententiis,
1415 2047 1558 2081 censuris
1591 2052 1623 2080 et
1655 2047 1780 2091 poeniS,
1814 2058 1831 2080 a

1094 2104 1162 2136 iure
1194 2103 1242 2135 vel
1268 2103 1307 2134 ab
1341 2101 1483 2141 homine,
1520 2101 1630 2145 quavis
1661 2101 1831 2134 occasione

1094 2159 1140 2190 vel
1162 2159 1256 2189 causa
1280 2156 1362 2197 latis,
1388 2156 1413 2189 si
1440 2155 1556 2199 quibus
1584 2154 1833 2198 quomodolibet

1094 2211 1266 2243 innodatus
1291 2209 1406 2249 existit,
1437 2209 1476 2241 ad
1502 2207 1650 2241 effectum
1679 2217 1832 2251 praescn-

1094 2264 1172 2297 tium
1209 2264 1371 2295 dumtaxat
1406 2262 1689 2305 consequendum,
1716 2261 1832 2294 harum

1093 2316 1175 2350 serie
1201 2317 1404 2348 absolventes
1424 2320 1455 2347 et
1472 2315 1654 2348 absolutum
1672 2314 1741 2346 sore
1759 2324 1832 2347 cen—

1094 2375 1211 2409 sentes,
1247 2367 1430 2401 liuiusmodi
1462 2366 1754 2411 supplicationibus
1785 2366 1832 2399 in-

1095 2423 1214 2462 clinati,
1235 2423 1273 2455 de
1293 2421 1527 2454 venerabilium
1546 2421 1682 2453 fratrum
1706 2426 1834 2452 nostro-

1095 2488 1166 2509 rum
1191 2476 1221 2508 S.
1250 2476 1287 2507 R.
1314 2475 1349 2507 E.
1383 2474 1598 2508 cardinalium
1630 2473 1768 2516 negotiis
1801 2477 1833 2506 et

1095 2529 1386 2563 consultationibus
1418 2528 1646 2572 episcoporum
1678 2532 1709 2560 et
1740 2537 1834 2569 regu-

1095 2583 1208 2615 larium
1234 2581 1505 2625 praepositorum,
1542 2580 1595 2624 qui
1620 2579 1834 2624 praecitatum

1138 2645 1148 2671 1
1167 2644 1260 2671 Potius
1275 2643 1334 2679 lege
1345 2643 1516 2679 praemissis
1531 2643 1568 2678 (R.
1584 2642 1632 2677 T.).

1836 242 1883 269 An.
1903 240 1929 268 Γ.
1948 240 2014 269 1663

1857 409 1943 431 Motiva.

1876 1838 1988 1859 Confirmat
2003 1839 2026 1857 ut

1841 1867 1862 1888 in
1876 1866 1971 1887 rubrica.
