2247 3208
187 229 238 258 An.
259 229 287 258 C.
308 229 377 257 1662
423 221 486 255 102

203 1210 205 1212 ¹
227 1180 256 1202 bo
284 1186 369 1202 munere

187 1211 309 1230 visitatoris.

209 2129 291 2151 Poenae
303 2132 373 2151 0011113

194 2162 302 2178 munerum
318 2164 374 2178 10011-

194 2187 264 2230 ptores
280 2190 291 2204 :1
306 2185 374 2205 subdi-

205 2216 227 2230 15.

386 279 529 311 declarat
546 277 631 320 quod
646 281 681 308 ut
698 275 770 308 talis
784 273 937 316 magister
957 278 1117 312 teneatur,

386 336 418 363 et
430 331 514 363 inter
530 329 700 371 magistros
720 338 794 360 suae
809 325 994 370 provinciae
1013 327 1119 358 locum

386 384 513 422 habeat,
534 382 559 413 si
576 392 636 424 per
653 380 804 413 undecim
829 389 932 412 3111105
946 379 979 411 111
996 380 1119 411 lectura

385 435 499 468 artium
534 438 565 466 et
598 444 707 466 sacrae
744 431 930 473 theologiae
964 441 1037 463 cum
1066 442 1120 474 ap-

384 487 577 530 probatione
604 485 777 518 definitorii
803 485 906 517 dictae
932 483 1118 526 provinciae

384 550 417 572 se
443 538 639 572 exercuerit:
666 540 757 571 locus
783 543 891 569 autem
916 536 1118 579 antiquitatis

384 592 562 635 computari
599 592 697 624 debet
727 602 744 623 a
777 590 827 623 die
864 601 927 633 qua
963 589 1119 623 vicariatu

385 645 527 688 generali
554 645 679 677 functus
698 644 772 676 suit:
800 643 1009 686 decernitque
1028 654 1120 686 prae-

385 697 504 735 dictum
533 698 684 739 generale
711 695 928 729 definitorium
965 696 1066 738 quod,
1092 696 1118 728 si

387 750 540 792 magister
570 750 608 781 de
642 759 779 781 numero
817 759 893 781 suae
930 748 1117 791 provinciae

384 802 480 834 suerit
503 813 573 834 cum
598 802 685 844 fungi
715 802 903 844 aggreditur
924 801 1010 834 dicto
1035 802 1120 834 vica-

383 855 464 887 riatu
483 855 638 897 generali,
656 854 916 897 exemptionibus
940 854 1120 897 provincia-

384 907 423 941 lis
449 908 547 951 (sicut
569 908 593 940 si
625 908 793 950 praedicto
825 918 959 940 munere
992 908 1118 939 functus

385 960 508 1004 suisset)
534 960 691 1003 gaudeat,
717 970 787 992 cum
819 959 1050 1003 praecedentia
1079 960 1118 992 ad

385 1018 510 1046 ceteros
542 1013 714 1055 magistros
746 1023 821 1045 suae
857 1012 1061 1056 provinciae,
1088 1018 1120 1045 et

384 1067 456 1099 1000
470 1065 655 1098 immediato
670 1065 817 1098 omnibus
832 1064 885 1108 qui
901 1065 1031 1097 suerunt
1046 1075 1120 1108 pro-

384 1116 537 1151 vinciales
562 1123 594 1151 et
618 1123 722 1150 erunt.

428 1181 497 1204 va.
536 1171 708 1203 Praeterea
745 1169 889 1203 decrevit
919 1170 1119 1213 praedictum

385 1225 536 1267 generale
556 1223 774 1256 definitorium
793 1224 879 1266 quod
902 1224 1049 1256 visitator
1074 1223 1120 1256 di-

384 1276 525 1320 ligenter
549 1276 581 1310 in
606 1277 844 1310 visitationibus
876 1277 940 1310 suis
966 1283 1055 1310 curet
1079 1278 1117 1310 de

384 1331 479 1363 bonis
510 1335 542 1363 et
566 1331 782 1373 eleemosynis
806 1341 864 1373 pro
893 1330 1118 1373 redemptione

385 1382 595 1427 captivorum,
613 1384 845 1427 provideatque
864 1389 898 1416 ut.
914 1384 946 1416 in
968 1383 1118 1416 omnibus

385 1437 598 1470 conventibus
624 1442 850 1480 procuratores
876 1437 942 1470 sive
974 1437 1116 1469 commis-

386 1489 459 1522 sarii
479 1489 711 1532 redemptionis
729 1500 787 1532 pro
805 1490 885 1532 ipsis
904 1490 1120 1533 eleemosynis

386 1542 580 1585 colligendis
607 1543 668 1574 sint
695 1542 846 1574 destinati
876 1542 1022 1585 religiosi
1047 1544 1119 1575 zelo

388 1599 420 1627 et
436 1595 591 1627 charitate
609 1595 782 1635 ferventes,
794 1601 825 1627 et
838 1606 904 1635 eos,
920 1606 1001 1638 quos
1020 1595 1121 1638 negli-

388 1653 501 1690 gentes
533 1648 565 1680 in
597 1648 650 1680 tali
682 1659 816 1680 munere
846 1648 1029 1691 repererit,
1055 1648 1121 1680 suis

388 1701 502 1733 officiis
526 1700 640 1744 privet,
656 1706 687 1733 et
704 1701 819 1743 poenis
837 1712 896 1744 pro
915 1712 972 1734 suo
988 1701 1120 1733 arbitrio

388 1754 511 1797 puniat,
529 1754 673 1797 aliosque
692 1755 763 1787 1000
779 1754 922 1797 1115011111]
938 1754 1118 1787 substituat.

389 1805 544 1839 Similiter
557 1806 703 1849 diligenti
721 1809 795 1839 cura
819 1807 989 1850 provideat.
1000 1808 1037 1839 de
1051 1807 1121 1839 aliis

389 1859 514 1899 officiis,
528 1860 567 1892 de
592 1858 722 1899 vicario,
734 1865 957 1902 procuratore,
969 1860 1121 1902 magistro

389 1913 595 1952 novitiorum,
621 1913 826 1956 depositariis
851 1918 883 1945 et
907 1913 1047 1945 sacrista.
1075 1913 1124 1945 In-

389 1977 486 2010 super
519 1966 701 1999 visitatores
732 1966 764 1998 in
796 1966 860 1999 suis
886 1965 1122 1999 visitationibus

390 2030 597 2062 summopere
623 2019 787 2061 inquirant
820 2019 844 2050 51
882 2020 1123 2052 commendato-

389 2083 442 2105 res
462 2083 479 2104 a
503 2070 568 2104 suis
593 2071 730 2104 subditis
753 2082 888 2104 munera
913 2072 1018 2114 aliqua
1043 2071 1124 2103 acei—

390 2124 492 2169 piant.
513 2125 603 2162 Quod
621 2124 646 2156 si
665 2125 780 2167 (1110111
802 2125 908 2168 dolor)
935 2135 1047 2157 eorum
1068 2124 1124 2156 ali-

392 2189 473 2222 quos
490 2189 662 2210 munerum
683 2183 842 2210 amatores
857 2178 1049 2218 invenerint,
1068 2188 1123 2210 eos

392 2230 530 2275 propriis
546 2231 744 2264 commendis
757 2231 894 2274 privent.
905 2231 1122 2273 Eamdemque

392 2285 541 2317 similiter
576 2284 669 2316 saciat
701 2284 943 2327 inquisitionem
973 2285 1124 2327 magister

393 2337 553 2380 generalis
577 2348 636 2380 per
655 2342 755 2370 totum
780 2337 941 2377 Ordinem,
961 2343 1023 2370 tam
1039 2338 1125 2370 eirca

393 2390 481 2433 ipsos
506 2390 798 2430 commemlatores,
824 2401 919 2433 quam
944 2390 1028 2422 01103
1053 2380 1142 2433 pro-¹

394 2442 558 2476 vinciales.
585 2443 673 2480 Quod
700 2443 724 2475 si
751 2443 908 2475 donorum
938 2448 1048 2485 recept
1072 2453 1123 2475 res

394 2496 555 2529 invenerit
580 2492 764 2539 (praecipue
787 2496 825 2527 ab
844 2495 919 2532 illis,
940 2496 1055 2539 quibus
1081 2496 1142 2527 0121

394 2548 502 2580 licium
519 2550 569 2581 vel
588 2549 809 2581 commendam
831 2548 1050 2590 contulerint),
1065 2548 1124 2580 hos

396 2611 508 2633 omncs
534 2607 566 2633 et
589 2601 742 2644 singulos,
761 2606 823 2633 tam
849 2601 1126 2633 commendatores

958 225 1137 249 BULLARIUM
1160 224 1312 248 ROMANUM

1152 283 1247 315 quam
1271 271 1495 315 provinciales,
1521 272 1659 315 propriis
1684 271 1797 304 officiis
1821 271 1886 315 pri-

1151 330 1213 365 vet,
1238 324 1327 368 ipsos
1352 324 1447 357 etiam
1468 324 1605 367 publicis
1627 324 1835 368 poenitentiis
1853 328 1884 357 et

1151 377 1442 420 castigationibus,
1469 377 1557 410 omni
1590 383 1622 410 et
1651 388 1779 410 summo
1810 387 1883 410 cum

1151 430 1272 473 rigore,
1297 430 1543 472 adstringendo‚
1570 435 1606 462 ut
1628 430 1692 462 illis
1718 430 1751 462 in
1776 440 1885 463 corre-

1151 483 1305 523 ctionem,
1332 483 1470 526 reliquis
1496 493 1573 516 vero
1599 483 1754 516 fratribus
1780 483 1821 516 sit
1851 483 1884 515 in

1152 537 1349 578 exemplum.

1194 595 1275 618 11111.
1295 586 1432 629 1115111101
1450 586 1595 619 decrevit
1608 585 1812 629 praedictum
1830 596 1885 628 ge-

1151 639 1263 671 nerale
1282 639 1503 672 definitorium
1515 639 1589 682 (sub
1606 642 1713 682 poena
1729 637 1885 682 privatio-

1151 689 1201 722 nis
1220 691 1307 723 vocis
1333 692 1455 725 activae
1475 697 1506 724 et
1523 692 1672 735 passivae
1690 702 1750 734 per
1768 691 1886 724 decen-

1151 743 1240 775 nium
1267 747 1299 775 et
1323 744 1519 776 reclusionis
1551 755 1611 787 per
1642 744 1823 784 biennium,
1848 754 1885 776 ac

1152 795 1310 837 gravioris
1329 797 1459 840 culpae)
1475 797 1561 840 quod
1580 798 1689 830 nullus
1708 808 1744 830 ex
1762 798 1884 831 nostris

1152 848 1314 891 religiosis
1339 850 1445 892 possit
1465 860 1618 882 recusare
1636 850 1668 882 in
1689 850 1756 883 suis
1778 851 1883 883 causis

1153 903 1317 944 praelatos
1350 902 1514 945 legitimos
1547 908 1579 935 et
1604 903 1798 944 ordinarios,
1824 913 1885 936 nec

1153 955 1315 988 recusatio
1341 956 1382 988 sit
1406 957 1520 997 valida,
1540 957 1565 989 si
1591 957 1679 990 illam
1706 957 1809 998 saciat,
1830 958 1885 990 do-

1152 1017 1211 1039 nec
1236 1018 1296 1050 per
1321 1008 1403 1041 duos
1429 1019 1466 1041 ex
1495 1009 1643 1052 patribus
1676 1009 1885 1042 commenda-

1154 1059 1278 1093 toribus
1311 1061 1625 1104 propinquioribus,
1648 1063 1697 1095 vel
1718 1072 1778 1105 per
1803 1063 1884 1096 duos

1154 1118 1262 1156 patres
1289 1113 1490 1155 definitores,
1517 1114 1700 1155 videantur,
1718 1115 1802 1148 infra
1822 1121 1887 1149 ter-

1152 1166 1258 1200 minos
1285 1172 1317 1199 et
1341 1172 1471 1211 tempus
1490 1179 1507 1201 a
1528 1169 1629 1201 sacris
1655 1169 1835 1202 canonibus
1854 1174 1887 1202 et

1153 1220 1299 1252 conciliis
1324 1220 1503 1264 praefixum
1522 1227 1553 1254 01
1571 1227 1741 1263 513111111111,
1768 1233 1885 1256 causae

1152 1273 1396 1313 recusationis,
1433 1284 1473 1306 an
1508 1274 1631 1307 suerint
1666 1275 1883 1309 sufficientes:

1152 1326 1284 1359 interim
1306 1332 1426 1366 autem,
1447 1328 1552 1361 donec
1577 1329 1660 1360 infra
1681 1329 1838 1362 terminos
1854 1335 1887 1362 et

1155 1384 1283 1422 tempus
1310 1390 1326 1412 a
1352 1380 1452 1412 sacris
1479 1381 1660 1413 canonibus
1686 1387 1718 1414 et
1738 1382 1885 1414 conciliis

1153 1428 1333 1472 praefixum
1351 1436 1382 1463 et
1400 1435 1557 1463 statutum
1575 1442 1692 1464 0311530
1709 1433 1888 1465 1001153110-

1154 1482 1202 1514 nis
1229 1483 1459 1524 discutiuntur,
1484 1485 1623 1527 praelati
1649 1485 1791 1518 recusati
1817 1483 1888 1518 sus-

1154 1537 1298 1579 pendere
1332 1537 1455 1569 debent
1487 1538 1750 1571 excusationem*
1778 1550 1889 1572 eausa-

1155 1599 1241 1630 rum;
1260 1600 1296 1621 ac
1314 1589 1465 1622 similiter
1482 1591 1605 1630 statuit,
1624 1592 1683 1623 sub
1700 1593 1807 1634 poena
1824 1592 1888 1635 pri-

1156 1643 1292 1675 vationis
1325 1642 1413 1675 vocis
1446 1643 1568 1676 activae
1606 1649 1638 1676 et
1673 1644 1821 1687 passivae
1855 1645 1887 1676 in

1155 1701 1371 1739 perpetuum,
1400 1700 1431 1728 et
1464 1696 1678 1729 inhabilitatis
1708 1703 1887 1740 perpetuae

1155 1749 1192 1781 ad
1219 1748 1432 1781 obtinendum
1464 1749 1634 1792 quodlibet
1662 1750 1888 1790 officiumsne

1155 1801 1282 1833 litterae
1302 1802 1549 1845 deprecatoriae
1568 1802 1789 1845 impetrentur
1805 1814 1822 1835 a
1840 1813 1890 1836 re-

1157 1854 1292 1896 ligiosis,
1306 1850 1378 1897 ‘per
1401 1865 1435 1887 se
1454 1856 1504 1887 vel
1522 1855 1753 1898 interpositam
1777 1866 1891 1899 perso-

1156 1919 1239 1947 nam,
1267 1908 1390 1940 directe
1416 1909 1466 1941 vel
1487 1908 1658 1949 indirecte,
1678 1910 1719 1942 ob
1741 1909 1891 1942 obtinen-

1157 1961 1231 1993 dum
1253 1961 1385 2004 aliquod
1412 1962 1554 1995 officium
1571 1963 1622 1995 vel
1642 1972 1760 1994 munus
1785 1962 1889 1995 nostri

1155 2014 1303 2054 Ordinis,
1330 2025 1436 2057 neque
1463 2015 1502 2047 ad
1526 2015 1559 2048 id
1584 2015 1748 2048 favoribus
1777 2026 1891 2059 perso-

1156 2069 1284 2101 nalibus
1309 2073 1454 2101 utantur.

1199 2132 1294 2155 van.
1311 2122 1486 2154 Praeterea
1505 2122 1698 2165 approbavit
1718 2128 1750 2155 et
1773 2122 1891 2155 contir—

1156 2175 1254 2207 mavit
1270 2175 1474 2217 praedictum
1494 2176 1647 2217 generale
1669 2175 1890 2208 definitorium

1138 2239 1143 2248 ¹*
1157 2228 1325 2259 decretum
1344 2227 1476 2269 capituli
1497 2227 1658 2269 generalis
1684 2227 1888 2269 11111101011515,

1158 2291 1274 2323 nempe
1302 2281 1406 2323 quod,
1440 2281 1495 2323 qui
1521 2281 1623 2312 semel
1649 2280 1890 2323 ln‘osessionem

1158 2333 1348 2373 emiserunt,
1374 2339 1403 2365 et
1438 2334 1476 2365 ad
1510 2334 1655 2366 seculum
1683 2334 1833 2376 qualibet
1854 2344 1890 2366 ex

1158 2389 1254 2419 eausa
1280 2386 1422 2428 regressi
1447 2392 1536 2427 sunt,
1562 2387 1700 2419 ulterius
1726 2397 1791 2419 non
1816 2396 1892 2429 pos-

1159 2439 1223 2471 sint
1240 2438 1362 2471 admitti
1383 2439 1420 2471 de
1446 2450 1529 2471 novo
1547 2439 1585 2471 ad
1604 2439 1807 2481 religionem,
1830 2438 1892 2470 nisi

1160 2494 1197 2525 ‹le
1225 2492 1356 2525 licentia
1381 2491 1528 2534 magistri
1555 2492 1727 2534 generalis,
1755 2492 1804 2524 vel
1830 2491 1892 2523 nisi

1197 2565 1205 2589 1
1230 2562 1338 2589 Videtur
1354 2563 1495 2598 legendum
1512 2562 1731 2597 exequutionem
1749 2570 1795 2597 pro
1812 2569 1894 2588 turcu-

1159 2607 1299 2635 salz'oucm
1318 2608 1354 2641 (n.
1373 2607 1419 2641 1.).

1895 222 1943 250 An.
1964 221 1994 250 G.
2012 222 2080 250 1662

1924 599 1988 620 Nemo
2011 602 2081 626 potest

1898 632 1996 646 recusare
2009 628 2027 646 in
2038 628 2081 646 suis

1899 652 1968 672 causis
2000 654 2081 678 praela-

1899 680 1930 698 tos
1946 679 2055 703 legitumos.

1919 2127 2040 2148 [vesei-tores
2050 2127 2086 2147 (11-

1905 2154 1959 2174 (111115
1973 2160 1997 2174 nc
2013 2154 2087 2174 iteruin

1905 2181 2050 2201 admittantur.
