2247 3208
244 222 280 249 Aa
315 222 331 248 C
364 223 428 249 1061

392 1040 395 1041 ⁷
430 1012 613 1045 brationem
639 1012 724 1045 illius
759 1012 978 1055 praecedente
1004 1022 1070 1044 non
1094 1011 1170 1044 inti-

260 2186 332 2206 Petunt
345 2193 354 2205 a
370 2186 419 2206 Pwn<

237 2214 292 2231 nti-v·-

238 2242 363 2259 statnlnrun»
373 2245 418 2259 von-

238 2265 385 2286 firma'iunem.

313 2214 421 2238 praedicto
452 2231 457 2236 ,

479 212 542 250 <388
1021 222 1199 245 Bt'I.L.t!:lt'M

439 281 550 304 cessor
585 269 811 309 immediatus,
847 269 968 313 illoque
1008 280 1044 302 ex
1082 270 1199 313 causa,

438 323 543 357 morbi
568 324 619 355 vel
644 323 738 355 aliter
762 322 932 366 impedito,
953 323 1104 356 succedet
1122 321 1175 366 qui

438 387 510 410 eum
528 376 719 420 praecessit,
734 381 766 409 et
780 377 842 409 hoc
858 387 988 419 quoquc
1004 376 1174 409 deficiente

437 429 558 472 primus
588 429 746 461 assistens
779 429 986 473 provinciam
1022 429 1175 462 deficien—

437 481 521 514 tibus
546 486 654 514 antem
672 481 820 514 omnibus
841 482 922 522 istis,
942 482 1066 525 primns
1083 482 1176 526 prior
1194 493 1197 514 1

436 535 614 567 secundum
633 534 781 568 ordinem
796 540 1027 568 conventuum.
1048 535 1085 567 Et
1100 546 1175 578 pro-
1194 551 1195 561 1

435 587 581 620 vincialis
594 587 639 620 sic
657 587 850 620 substitutus
868 588 1003 620 habebit
1027 588 1173 621 eamdem
1193 586 1196 627 ἦ

435 640 661 673 auctoritatem
677 666 684 680 ‚
712 651 808 683 quam
833 640 974 673 habebat
999 640 1172 673 defunctus
1192 631 1195 692 ξ

434 692 663 735 provincialis,
689 704 726 725 ac
750 693 916 726 exercebit
946 693 1040 726 ambo
1068 692 1172 726 officia

434 745 642 788 provincialis
667 751 699 779 et
722 746 832 779 vicarii
859 747 1031 789 generalis,
1055 757 1173 790 quous-

434 809 495 842 que
521 798 603 831 alius
629 798 840 842 provincialis
865 799 897 831 in
922 799 1069 843 proximo
1087 800 1173 842 capi-

433 852 512 891 tulo,
528 852 613 894 qnod
639 856 787 894 tempore
813 851 910 884 solito
936 851 1168 892 celebrabitur,
1190 857 1191 875 ³

432 906 556 938 electus
584 905 692 937 suerit.
729 903 821 943 Quod
847 905 873 937 si
898 904 1049 947 superior
1073 915 1171 947 gene-

431 959 509 991 ralis
535 958 710 1001 capitulum
743 959 774 991 in
809 958 924 1001 quinto
949 960 1060 991 mense
1086 960 1170 992 cele-

430 1065 577 1104 maverit,
597 1065 635 1097 ad
657 1064 891 1108 provincialem
906 1065 1066 1108 spectabit
1082 1064 1169 1097 eius-

431 1117 517 1150 modi
554 1118 793 1150 intimationem
830 1118 949 1150 sacere.
994 1117 1169 1151 Praeterea

430 1172 516 1215 quod
543 1172 696 1215 superior
728 1172 890 1214 generalis
916 1183 980 1205 non
1007 1172 1168 1205 concedet

430 1225 487 1258 ulli
513 1225 668 1267 religioso
694 1225 796 1258 dictae
822 1224 1010 1268 provinciae
1041 1225 1166 1258 litteras

430 1277 667 1310 dimissoriales
703 1278 741 1310 ad
778 1277 929 1310 effectum
966 1277 1164 1321 suscipiendi

430 1340 539 1363 sacros
563 1330 712 1370 ordines,
739 1330 798 1363 nisi
825 1331 916 1374 prius
942 1330 1060 1363 viderit
1084 1336 1165 1363 atte-

430 1383 605 1416 stationem
631 1384 669 1416 de
695 1383 759 1416 vita
779 1389 811 1416 et
834 1384 980 1417 moribus
1002 1383 1163 1417 eiusmodi

430 1435 575 1478 religiosi
593 1436 809 1480 subscriptam
827 1448 843 1469 a
860 1436 1032 1480 superiore
1051 1437 1163 1470 maiori

430 1488 628 1532 pr.,vinciae‚
655 1500 690 1522 ac
715 1500 730 1521 a
756 1489 927 1533 superiore
953 1490 1105 1531 familiae,
1131 1490 1163 1522 in

430 1552 491 1586 qua
516 1542 620 1575 dictus
644 1542 818 1586 religiosus
844 1543 1042 1586 reperietur,
1062 1548 1093 1576 et
1110 1543 1164 1576 ubi

429 1606 489 1639 per
513 1595 645 1640 aliquod
679 1601 806 1640 tempus
839 1595 1045 1629 habitaverit.
1076 1595 1164 1634 Quod

430 1649 455 1681 si
474 1649 589 1692 aliquis
615 1649 788 1692 religiosus
806 1660 877 1682 sese
896 1655 1011 1682 contra
1028 1650 1164 1683 sormam

429 1702 492 1735 iam
517 1702 635 1735 dictam
660 1703 698 1735 ad
731 1703 861 1735 ordines
900 1703 1085 1746 promoveri
1112 1715 1167 1736 cu-

431 1755 559 1794 raverit,
584 1755 615 1788 in
637 1755 725 1788 ltalia
750 1756 882 1788 retineri
902 1756 1048 1797 debebit,
1068 1757 1093 1789 si
1112 1767 1167 1789 au-

430 1812 495 1840 tem
519 1808 551 1840 in
576 1808 744 1840 Franciam
770 1809 877 1841 redire
897 1808 1048 1849 voluerit,
1071 1808 1168 1841 inter-

430 1859 552 1893 dictum
577 1860 605 1893 ei
631 1861 693 1893 erit
718 1861 904 1893 exercitium
923 1871 1090 1893 sacrorum
1118 1871 1168 1894 01·-

430 1914 551 1954 dinum,
566 1913 704 1957 perinde
723 1925 759 1946 ae
785 1913 809 1945 si
836 1913 1004 1957 religionis
1022 1913 1167 1945 habitum

430 1967 619 2007 dimisisset,
637 1967 723 2000 iuxta
747 1967 998 2010 dispositionem
1017 1977 1169 2010 quarum-

430 2020 503 2052 dam
529 2020 632 2053 felicis
658 2020 897 2053 reeordationis
912 2019 1001 2052 Pauli
1021 2020 1125 2063 Papae
1146 2020 1168 2051 V

430 2073 697 2116 praedecessoris
735 2073 921 2105 litterarum
962 2073 1013 2105 die
1051 2084 1060 2105 1
1098 2072 1190 2108 111111,

430 2135 543 2165 MDclx,
570 2130 605 2157 111
629 2126 801 2166 asseritur,
829 2131 1066 2158 emanatarum.

475 2178 489 2221 ἓ
514 2177 544 2210 ⁶2.
572 2177 648 2211 Cum
674 2184 792 2219 autem,
818 2179 902 2211 sicut
930 2178 1041 2211 eadem
1072 2189 1169 2221 expo-

433 2232 507 2264 sltio
533 2231 771 2274 subiungebat,
798 2232 934 2275 praefati
968 2237 1168 2275 exponentes

432 2289 551 2317 statuta
577 2284 774 2325 huiusmodi,
797 2290 832 2317 ut
849 2285 973 2318 firmius
991 2285 1169 2317 subsistant

433 2342 465 2370 et
489 2342 657 2369 serventur
682 2337 843 2378 exactius,
871 2337 1068 2381 apostolicae
1094 2348 1170 2369 con-

431 2389 624 2423 firmationis
635 2395 765 2423 nostrae
777 2391 959 2434 patrocinio
974 2390 1168 2423 communiri
1189 2414 1190 2417 ¹

432 2453 643 2486 summopere
670 2443 870 2476 desiderent:
897 2454 966 2483 nos,
993 2443 1168 2487 specialem

431 2497 510 2540 ipsis
544 2497 785 2540 exponentibus
818 2497 952 2540 gratiam
988 2497 1095 2529 facere
1116 2507 1170 2529 vo-

432 2552 550 2590 lentes,
575 2555 607 2582 et
631 2560 743 2582 eorum
769 2549 951 2592 singulares
977 2560 1135 2593 personas
1154 2560 1171 2582 a

434 2603 602 2648 quibusvis
635 2602 1002 2644 excommunicationis,
1034 2613 1170 2647 suspen-

1225 222 1375 246 3001300

1220 269 1322 302 sionis
1342 274 1372 302 et
1397 269 1574 311 interdicti,
1596 271 1735 316 aliisque
1762 272 1957 307 ecclesiasti—

1220 323 1265 355 cis
1282 323 1463 363 sententiis,
1483 325 1626 358 censuris
1652 330 1683 358 et
1707 326 1836 369 poenis,
1856 337 1873 359 a
1887 326 1956 359 iure

1219 377 1268 409 vel
1305 376 1345 408 ab
1379 376 1528 417 homine,
1560 378 1672 421 quavis
1704 379 1874 412 occasione
1907 381 1954 413 vel

1218 430 1314 461 causa
1339 429 1422 468 latis,
1443 429 1468 461 si
1495 430 1612 472 quihus
1639 432 1889 474 quomodolibet
1912 432 1955 464 in-
1991 464 1993 467 ,

1217 481 1357 514 nodatae
1384 481 1539 522 existunt,
1566 482 1604 515 ad
1630 482 1779 516 effectum
1804 495 1956 527 praesen-

1218 533 1295 565 tium
1323 534 1489 567 dumtaxat
1519 535 1810 578 consequendum,
1841 536 1954 569 harum

1217 585 1301 618 serie
1327 586 1537 620 absolventes
1554 592 1586 620 et
1604 588 1767 621 absolutas
1793 588 1863 621 sore
1884 599 1956 621 cen⁶

1216 644 1338 679 sentes,
1363 640 1659 683 supplicationibus
1686 651 1800 674 eorum
1822 641 1954 674 nomine

1215 691 1307 724 nobis
1334 702 1434 735 super
1460 692 1522 725 hoc
1540 692 1708 726 humiliter
1730 693 1893 736 porrectis
1907 694 1955 726 iu-

1215 745 1388 784 clinati,dc
1406 745 1639 778 venerabilium
1666 746 1801 779 fratrum
1826 752 1955 780 nostro—

1214 807 1284 829 rum
1313 797 1348 830 ·S.
1376 798 1412 830 R.
1441 798 1474 831 E.
1503 798 1717 831 cardinalium
1755 799 1896 843 negotiis
1923 805 1954 832 ct

1214 851 1509 885 consultationibus
1536 852 1767 896 episcoporum
1800 858 1831 885 et
1858 863 1953 895 regu-

1214 902 1330 935 larium
1355 905 1621 947 praepositorum
1647 905 1797 944 consilio,
1817 905 1950 938 attentis

1212 956 1364 997 narratis,
1381 961 1412 989 et
1437 957 1547 990 habita
1574 958 1716 1001 desuper
1739 968 1799 1001 per
1817 959 1950 991 eosdem

1213 1009 1396 1042 cardinales
1421 1010 1594 1051 relatione,
1621 1021 1657 1042 ac
1679 1016 1754 1043 voto
1780 1011 1950 1044 memorati

1188 1078 1190 1092 ι
1211 1061 1315 1094 Martii
1328 1062 1501 1096 cardinalis
1515 1063 1726 1106 protectoris,
1745 1063 1949 1107 praeinserta

1212 1119 1349 1155 statuta,
1376 1115 1571 1161 auctoritate
1596 1116 1800 1159 apostolica,
1834 1120 1949 1149 tenore

1210 1168 1451 1210 praesentium,
1488 1167 1630 1211 benigne
1664 1169 1883 1212 approbamus
1917 1175 1949 1202 ct

1210 1220 1459 1261 confirmamus,
1488 1226 1584 1265 atque
1611 1222 1795 1255 executioni
1822 1223 1948 1256 deman-

1210 1272 1277 1306 dari
1303 1273 1464 1315 iubemus,
1487 1279 1646 1318 quatenus
1665 1278 1773 1307 tamen
1798 1275 1945 1308 eiusdem

1208 1325 1336 1359 Ordinis
1352 1327 1652 1368 constitutionibus,
1663 1328 1855 1371 praesertim
1870 1339 1947 1371 apo-

1208 1381 1321 1413 stolica
1347 1381 1542 1414 auctoritate
1568 1381 1822 1421 roboratis‚non
1848 1392 1944 1425 repu-

1206 1439 1316 1477 guent.

1250 1487 1264 1530 g
1289 1486 1320 1519 3.
1348 1487 1568 1520 Dccernentes
1594 1487 1725 1520 easdem
1751 1493 1936 1531 praesente

1207 1540 1344 1581 litteras,
1371 1550 1501 1583 semper
1524 1540 1646 1581 sirmas,
1671 1541 1793 1573 validas
1819 1547 1851 1574 et
1875 1541 1943 1574 effi-

1208 1605 1301 1627 caces
1320 1593 1457 1626 existere
1476 1599 1505 1626 et
1523 1595 1605 1635 sore,
1621 1605 1764 1637 suosque
1782 1594 1947 1638 plenarios

1209 1653 1241 1680 et
1264 1648 1410 1690 integros
1437 1646 1571 1680 effectus
1599 1647 1708 1680 sortiri
1735 1653 1765 1681 et
1783 1648 1950 1688 obtinere,

1209 1712 1245 1733 ac
1262 1700 1336 1741 illis,
1356 1701 1395 1733 ad
1415 1712 1498 1744 quos
1520 1706 1648 1744 spectat
1667 1706 1699 1733 et
1719 1711 1776 1744 pro
1799 1706 1952 1744 tempore

1210 1754 1389 1797 spectabit,
1416 1754 1607 1797 plenissime
1634 1753 1823 1797 suffragari,
1850 1759 1883 1786 et
1908 1754 1947 1786 ab

1209 1807 1274 1840 illis
1299 1807 1482 1850 respective
1508 1807 1742 1840 inviolabiliter
1767 1807 1936 1840 observari

1210 1861 1320 1904 sicque
1353 1861 1385 1893 in
1410 1860 1599 1903 praemissis
1629 1871 1690 1904 per
1721 1871 1943 1904 quoscumque

1211 1914 1332 1947 iudices
1358 1913 1543 1947 ordinarios
1577 1919 1608 1946 et
1634 1914 1821 1956 delegatos,
1849 1914 1946 1946 etiam

1211 1976 1381 1999 causarum
1414 1966 1525 2010 palatii
1559 1967 1730 2010 apostolici
1757 1967 1949 2006 auditores,

1210 2020 1346 2053 iudicari
1373 2026 1404 2052 et
1429 2019 1556 2052 definiri
1584 2020 1726 2059 debere,
1759 2032 1794 2052 ac
1824 2019 1949 2051 irritum

1213 2079 1243 2106 et
1267 2074 1363 2105 1113110
1379 2073 1404 2105 si
1430 2083 1524 2105 secus
1544 2072 1707 2116 superbis
1734 2083 1751 2105 a
1776 2082 1948 2116 quoquam,

1213 2126 1324 2169 quavis
1350 2126 1552 2164 auctoritate,
1572 2126 1717 2158 scienter
1734 2126 1783 2158 vel
1809 2125 1949 2168 ignorati

1213 2184 1271 2217 ter,
1298 2177 1474 2220 contigerit
1495 2178 1660 2210 attentari.

1256 2232 1269 2274 g
1295 2231 1324 2263 4.
1342 2230 1412 2263 Non
1430 2231 1636 2263 obstantibus
1655 2231 1946 2263 constitutionibus

1212 2289 1244 2317 et
1260 2283 1523 2317 ordinationibus
1543 2284 1741 2326 apostolicis,
1763 2283 1947 2326 ceterisque

1211 2336 1383 2370 contrariis
1406 2337 1680 2380 quibuscumque.

1255 2389 1366 2422 Datum
1392 2389 1532 2431 Romae,
1559 2390 1643 2433 apud
1673 2390 1704 2423 S.
1730 2389 1859 2422 Mariam
1886 2388 1948 2421 Ma-

1212 2442 1335 2483 iorem,
1365 2443 1425 2475 sub
1458 2444 1578 2476 annulo
1607 2442 1804 2482 Piscatoris,
1833 2441 1883 2474 die
1908 2452 1948 2475 xv

1212 2496 1280 2528 iulii
1295 2506 1445 2536 MDCLXIV,
1462 2496 1669 2539 pontificatus
1684 2495 1787 2527 nostri
1810 2505 1894 2527 anno
1916 2505 1944 2528 x.

1248 2557 1304 2585 Dat.
1322 2557 1365 2584 die
1388 2559 1418 2586 15
1437 2557 1493 2584 iulii
1516 2558 1591 2591 1654,
1608 2557 1702 2591 pontis.
1720 2565 1789 2584 311110
1809 2564 1834 2583 x.

1961 2266 2026 2291 derug

1959 225 2006 251 Au.
2028 225 2057 251 C.
2076 224 2141 252 1561

1994 1501 2104 1522 Decretum
2122 1502 2140 1524 ir

1985 1531 2038 1548 ’.ιηῆ

2030 2240 2146 2261 Contrariis

2029 2268 2057 2286 .11.
