2247 3208
128 183 178 210 An.
200 182 226 209 C.
248 181 315 209 ¹008

154 507 273 535 tiphernum

161 1353 272 1372 meretum
293 1358 308 1371 tr

134 1384 166 1400 ¹1¹,-
169 1387 207 1399 ιιιιι

172 2356 326 2379 Contrariorum

148 2385 262 2409 &nug-1110.

951 176 1097 201 uLEiffiNs
1122 177 1153 200 tx
1179 176 1228 200 Pr.

323 240 419 274 quam
447 229 631 267 naturales,
663 227 914 260 conductoribus
939 230 971 258 et
995 224 1061 257 affi-
1082 254 1083 261 ,

323 281 454 316 ctuariis
473 280 567 314 locati
587 286 618 313 et
635 279 788 319 concessi,
807 289 864 322 per
877 279 949 312 illos
967 283 1062 310 erunt

323 334 483 379 percepti,
511 333 652 377 quamvis
678 332 806 365 termini
825 331 995 364 solutionis
1017 330 1061 362 af-

323 387 451 420 lictuum
477 396 536 430 per
554 387 711 419 locatores
731 384 851 417 fuerint
868 383 1060 427 posticipate

324 440 488 474 conventi.

369 495 383 537 ξ
407 494 439 527 02.
473 494 584 533 Quare,
611 491 838 535 distinguendo
865 491 948 523 inter
979 490 1062 522 eius-

325 547 412 580 modi
438 547 605 580 facultates
631 552 662 578 et
686 544 855 588 privilegia
889 544 950 575 iam
985 552 1061 574 con-

324 611 413 633 cessa
437 598 656 632 cardinalibus
681 598 787 630 adime
812 595 1002 633 viventibus,
1031 599 1060 626 et

325 653 593 697 quandocumque
619 650 688 683 aliis
716 651 748 682 in
779 649 919 681 futurum
946 658 1063 680 conce-

325 707 450 744 denda,
478 705 532 738 illa
565 702 784 736 favorabiliter
813 701 1004 744 ampliamus
1030 705 1062 732 et

325 758 547 796 extendimus,
573 762 607 789 ut
631 755 854 798 intelligantur
883 765 918 786 ac
943 753 1061 786 servari

324 811 448 856 precise
476 810 617 843 debeant
641 819 742 851 aeque
769 818 805 840 ac
829 807 853 840 si
880 806 1062 840 formaliter

325 869 530 897 emanassent
554 873 626 895 curn
653 861 803 895 omnibus
816 866 847 893 et
864 859 1000 902 singulis
1018 870 1065 892 ex-

326 916 527 950 tensionibus
542 921 573 948 et
590 914 856 958 ampliationibus
880 912 1062 957 praedictis,

325 971 514 1014 eisdemque
540 969 594 1002 illa
619 973 723 1002 essent
752 968 790 1000 de
816 967 914 999 verbo
940 966 978 999 ad
1000 976 1065 998 rer-

325 1024 402 1056 bum
427 1023 567 1062 inserta;
594 1022 656 1055 alia
680 1031 755 1053 vero
785 1029 1006 1063 quaecumque
1033 1018 1063 1050 in

327 1077 469 1109 futurum
496 1074 703 1108 concedenda
736 1073 774 1106 ad
801 1082 914 1105 eorum
947 1071 1065 1105 limites

327 1129 453 1172 concipi
479 1127 612 1161 omnino
639 1127 789 1164 debeant,
808 1131 838 1158 et
855 1134 914 1168 pro
930 1124 972 1157 ita
990 1134 1066 1156 con-

327 1182 427 1225 ceptis
452 1181 591 1223 intelligi
618 1186 649 1213 et
673 1179 850 1218 observari,
877 1178 999 1211 etiamsi
1022 1177 1067 1210 di-

328 1235 509 1268 versimode
535 1240 565 1266 et
591 1238 701 1266 contra
727 1242 838 1265 eorum
857 1237 1001 1264 tenorem
1018 1241 1067 1262 ex-

330 1288 553 1321 tenderentur.
884 1286 889 1291 '

373 1341 387 1383 g
411 1340 442 1373 3.
465 1339 528 1372 Nos
547 1339 632 1371 enim
646 1338 690 1370 ita
708 1337 898 1370 serrandum
917 1337 987 1379 lege
1006 1336 1066 1368 hac

329 1398 488 1436 perpetuo
514 1392 650 1424 valitura
674 1390 841 1423 statuimus
875 1395 905 1422 et
935 1389 1067 1422 manda-

328 1457 410 1485 mus,
438 1445 547 1489 sicque
574 1450 605 1477 et
630 1454 695 1477 non
713 1444 808 1476 aliter
824 1444 856 1475 in
878 1443 1067 1486 praemissis

328 1499 479 1533 omnibus
497 1504 529 1531 et
553 1497 686 1540 singulis
704 1507 764 1540 per
783 1506 1004 1539 quoscumque
1025 1495 1067 1528 iu-

328 1553 416 1586 dices
435 1551 620 1585 ordinarios
636 1555 668 1583 et
685 1551 864 1592 delegatos,
880 1549 978 1582 etiam
992 1560 1067 1583 cau-

328 1615 439 1639 sarum
473 1604 585 1648 palatii
621 1603 792 1646 apostolici
827 1602 1005 1639 auditores,
1036 1607 1067 1635 et

329 1655 360 1688 S.
380 1655 418 1687 R.
438 1654 476 1690 E„
494 1654 684 1693 cardinales,
711 1653 806 1687 etiam
833 1653 871 1686 de
898 1654 997 1686 latere
1024 1653 1068 1686 le—

332 1714 422 1752 gatos
447 1713 479 1741 et
503 1707 714 1747 camerarios,
741 1717 777 1740 ac
801 1707 945 1740 eiusdem
964 1717 1068 1740 came-

333 1772 386 1794 rae
423 1766 550 1794 nostrae
587 1760 782 1803 apostolicae
820 1759 1065 1799 tliesaurarios,

333 1814 553 1858 praesidentes
569 1819 599 1846 et
613 1813 757 1852 clericos,
776 1813 977 1852 collectores,
997 1813 1069 1845 sub-

332 1869 530 1907 collectores,
557 1866 724 1900 ministros
749 1871 777 1898 et
805 1865 956 1898 officiales
974 1876 1068 1909 quos-

332 1932 470 1965 cumque
496 1921 598 1964 ipsius
615 1931 773 1972 camerae,
795 1920 825 1952 in
844 1920 953 1962 quavis
973 1923 1068 1952 causa

333 1980 361 2007 et
387 1975 552 2013 instantia,
579 1974 702 2006 sublata
727 1973 771 2005 eis
789 1978 819 2005 et
841 1983 953 2005 eorum
979 1972 1092 2005 cuili-‘

331 2029 385 2061 bet
411 2028 521 2071 quavis
548 2027 641 2060 aliter
665 2027 829 2059 iudicandi
857 2032 887 2059 et,
912 2026 1070 2069 interpre-

333 2081 421 2113 tandi
460 2081 608 2113 facultate
641 2086 672 2112 et
702 2080 910 2119 auctoritate,
936 2079 1069 2112 indurari

333 2139 366 2166 ct
391 2133 517 2167 definiri
544 2134 675 2172 debere,
701 2133 892 2176 irritumque
920 2138 948 2165 et
974 2133 1070 2164 inane

335 2185 488 2229 quicquid
513 2196 603 2218 secus
638 2196 736 2229 snper
766 2185 816 2218 his
842 2196 859 2217 a
885 2195 1069 2228 quoquam,

337 2238 446 2282 quavis
472 2239 673 2278 auctoritate,
700 2238 840 2272 scienter
855 2240 903 2271 vel
925 2239 1073 2281 ignoran-

337 2297 392 2331 tcr,
419 2291 593 2333 contigerit
617 2291 767 2324 attentari
792 2292 841 2324 vel
867 2291 1041 2325 observari.

382 2344 397 2387 g
421 2343 451 2376 [ι.
478 2343 545 2377 Non
572 2344 782 2383 obstantibus,
809 2349 968 2387 quatenus
993 2356 1074 2388 opus

339 2398 389 2437 sit,
414 2399 525 2430 nostra
549 2397 587 2430 de
614 2397 682 2429 iure
705 2397 850 2439 quaesito
876 2408 940 2430 non
960 2389 1096 2437 tollen-³¹

340 2451 391 2490 do,
417 2450 598 2493 ceterisque
623 2450 694 2483 aliis
720 2450 933 2484 cancellariae
952 2457 1076 2494 aposto-

340 2503 421 2535 lieae
446 2503 574 2545 regulis,
602 2502 740 2535 decretis
758 2503 980 2542 cameralilins,
1000 2514 1075 2546 apo-

341 2556 454 2588 stolica
479 2556 573 2589 etiam
598 2557 788 2590 auctoritate
821 2556 1016 2590 confirmatis
1045 2562 1076 2589 et

1750 170 1809 203 (3231

1112 223 1282 263 roboratis,
1310 233 1439 256 necnon
1461 223 1627 267 quibusvis
1646 226 1851 260 constitutio—

1112 276 1206 308 nibus
1223 281 1254 308 οἱ
1269 275 1525 309 ordinationibus
1540 278 1738 320 apostolicis,
1755 279 1851 313 etiam

1111 328 1180 360 Iulii
1206 328 1243 360 111
1269 334 1300 361 et
1326 327 1443 361 Urbani
1469 329 1543 370 VllI,
1565 335 1596 362 et
1620 330 1757 364 aliorum
1775 343 1851 376 quo·

1110 391 1320 424 rumcumque
1341 386 1525 414 nostrorum
1546 383 1846 426 praedecessorum,

1111 433 1292 472 concessis,
1330 433 1424 466 etiam
1460 434 1639 468 iuramento
1676 442 1706 469 et
1737 438 1848 480 quavis

1110 485 1172 517 alia
1195 485 1346 518 firmitate
1372 487 1541 527 roboratis,
1560 489 1698 529 statutis,
1723 483 1846 531 usibus,

1110 538 1198 581 stylis
1223 544 1254 570 et
1278 540 1590 581 consuetudinibus,
1617 542 1711 574 etiam
1736 543 1849 577 imme·

1110 591 1334 632 rnorabilibus;
1351 592 1468 635 quibus
1484 594 1635 627 omnibus
1654 600 1686 627 et
1700 595 1847 638 singulis,

1107 642 1231 675 etiamsi
1257 654 1315 686 pro
1335 644 1506 677 sufficienti
1533 646 1745 688 derogatione
1763 654 1850 681 esset

1108 706 1187 738 opus
1214 697 1252 729 de
1285 697 1349 730 illis
1383 708 1562 741 eorumque
1599 699 1670 732 totis
1705 711 1742 733 ac
1767 700 1848 734 inte-

1109 749 1173 791 gris
1200 750 1365 782 tenoribus
1391 751 1579 793 specialem,
1606 762 1792 795 expressam
1817 759 1849 787 et

1108 802 1306 835 individuam
1328 803 1527 836 mentionem
1549 804 1665 845 facere,
1679 816 1734 838 seu
1751 817 1848 849 quae-

1110 856 1154 887 vis
1175 855 1237 888 alia
1262 856 1421 899 exquisita
1446 857 1548 889 forma
1574 858 1756 892 necessario
1782 869 1850 892 ser-

1110 909 1213 941 mida
1240 909 1339 946 foret.
1367 920 1542 953 eorumque
1568 911 1684 953 plenos
1710 921 1746 944 ac
1770 911 1847 944 inte-

1109 971 1182 1003 gros
1215 967 1343 995 tenores
1377 973 1435 1005 pro
1468 964 1563 1006 plene
1596 969 1627 996 et
1651 964 1849 998 sufficienter

1110 1014 1269 1057 expressis
1298 1021 1330 1048 et
1354 1015 1485 1049 insertis
1512 1017 1686 1057 hahentes,
1713 1017 1848 1061 perinde

1110 1077 1145 1099 ac
1170 1067 1195 1099 si
1221 1067 1326 1110 reipsa
1351 1069 1576 1111 praesentibus
1607 1069 1849 1102 individualiter

1110 1130 1146 1152 ac
1172 1120 1209 1153 de
1226 1122 1324 1153 verbo
1343 1122 1381 1154 ad
1396 1122 1528 1154 verbum
1549 1132 1698 1165 expressa
1712 1122 1848 1155 inserta-

1110 1184 1172 1216 que
1188 1173 1304 1212 forent,
1330 1174 1511 1217 ceterisque
1530 1175 1699 1207 contrariis
1716 1175 1847 1218 quibus·

1110 1237 1257 1269 cumque,
1284 1227 1470 1269 specialiter
1486 1233 1517 1260 et
1540 1239 1691 1271 expresse
1713 1228 1848 1271 deroga-

1111 1290 1193 1313 mus.

1154 1332 1264 1365 Datum
1291 1332 1430 1373 Rornae,
1465 1334 1547 1377 apud
1573 1334 1604 1366 S.
1632 1333 1763 1366 Mariam
1790 1333 1849 1366 Ma-

1111 1385 1232 1426 iorem,
1269 1396 1352 1419 anno
1389 1386 1622 1419 Incarnationis
1663 1386 1847 1420 Dominicae

1110 1447 1284 1479 mmmm,
1310 1439 1417 1482 pridie
1438 1439 1591 1472 kalendas
1609 1439 1725 1480 martii,
1748 1439 1849 1483 ponti-

1110 1490 1224 1523 ficatus
1249 1491 1351 1524 nostri
1376 1501 1460 1525 anno
1487 1502 1509 1526 1.

1147 1553 1204 1580 Dat.
1221 1553 1265 1580 die
1280 1553 1330 1581 29⁴
1346 1553 1476 1581 februarii
1495 1554 1571 1589 1668,
1588 1554 1682 1590 pontif.
1700 1562 1770 1582 auno
1786 1560 1804 1582 1.

1419 1696 1547 1730 XLVIII.

1111 1777 1260 1810 Licentia
1280 1778 1466 1811 conceditur
1490 1777 1722 1821 referendariis
1747 1782 1852 1812 votan-

1157 1831 1241 1863 tz'bus
1254 1831 1446 1874 siyncilurae
1462 1831 1620 1871 institiae,
1642 1842 1730 1863 nunc
1747 1835 1776 1863 el
1792 1842 1851 1875 pro

1156 1889 1295 1927 {empore
1306 1884 1531 1923 existentibus,
1544 1884 1698 1916 celebrari
1708 1884 1852 1927 faciendi

1155 1938 1289 1969 missam
1315 1937 1404 1970 domi
1428 1948 1502 1970 cum
1526 1937 1632 1969 solitis
1660 1938 1852 1970 restrictivis

1156 1990 1252 2022 iuxta
1276 2000 1456 2022 concessam
1480 1989 1606 2023 clericis
1623 2000 1768 2022 camerae
1781 2000 1853 2033 apo-

1156 2042 1287 2075 stolicae
1311 2043 1351 2075 ab
1374 2042 1564 2076 Aleoeandro
1589 2042 1676 2075 VII'.

1336 2123 1469 2149 clemens
1490 2122 1568 2154 Papa
1587 2122 1634 2148 IX.

1238 2166 1274 2192 ad
1293 2169 1468 2200 perpetuam
1483 2166 1527 2192 rei
1546 2165 1727 2192 memoriam.

1159 2237 1306 2280 Egregiis
1322 2237 1513 2270 dilectorum
1526 2236 1666 2269 fitiorum
1682 2237 1852 2281 utriusque

1116 2289 1300 2332 signaturae
1334 2294 1463 2322 nostrae
1499 2289 1796 2323 referendariorum
1820 2290 1853 2323 in

1117 2342 1284 2385 signatura
1308 2344 1418 2375 nostra
1443 2341 1585 2375 iustitiae
1610 2343 1786 2376 votantium
1822 2343 1853 2376 in

1118 2406 1176 2428 nos
1201 2402 1233 2428 ct
1255 2395 1608 2438 SedenrApostolicam
1631 2397 1763 2437 meritis,
1786 2407 1856 2440 gra-

1152 2477 1165 2502 t
1189 2476 1259 2503 Edit.
1280 2476 1359 2503 Main.
1381 2475 1414 2503 ad
1434 2475 1584 2511 marginem
1610 2476 1675 2511 legit
1696 2476 1748 2510 98;
1773 2480 1800 2504 at
1817 2476 1856 2504 29

1116 2521 1259 2555 legendum
1284 2521 1346 2556 quia
1366 2529 1451 2547 annus
1471 2521 1615 2548 bissextilis
1634 2524 1672 2556 (tt.
1692 2523 1742 2558 ¹12).

1151 2565 1167 2592 ⁶2
1188 2565 1225 2592 Ex
1245 2565 1350 2602 Regest.
1373 2566 1401 2593 in
1421 2566 1525 2594 Secret.
1546 2565 1624 2594 Brev-

1858 181 1909 206 ΛΠ.
1932 180 1959 207 C.
1979 179 2042 207 1υῦῙί

1891 2248 2012 2270 Exordium.
