2247 3208
129 209 180 238 Ἀιι.
196 211 224 238 C.
244 207 314 239 ‘1602

911 212 989 235 §.LEX
998 212 1098 235 tNDER
1121 213 1164 236 Vll
1191 213 1238 236 Pr.

322 260 361 293 ad
387 259 643 303 praeposituram
665 261 843 293 secularem
870 260 900 293 iu
927 260 1063 293 ecclesia

323 312 510 346 monasterii
536 313 682 346 abbatiae
708 313 883 356 nuncupati
909 314 947 346 de
973 313 1064 346 Pom-

323 376 401 408 posa
426 366 457 398 S.
485 365 649 398 Benedicti
676 377 731 398 seu
757 366 888 398 alterius
919 366 1062 405 Ordinis,

323 428 359 450 ac
395 418 745 461 archipresbyteratum
781 419 846 451 sive
879 418 1062 461 plebaniam

323 471 479 504 ecclesiae
504 470 535 503 S.
563 471 677 503 Mariae
703 472 741 504 de
767 471 932 509 Bondeno,
950 481 1065 514 perpe-

324 529 475 567 tuumque
493 523 684 556 beneficium
699 524 834 567 simplex
852 534 888 556 ex
908 523 1062 556 fructibus

323 576 363 609 ab
381 576 436 609 illa
453 576 690 610 dismembratis
707 581 860 616 erectum,
880 576 1064 609 [ferrarien-

323 630 365 662 sis
403 629 583 670 dioecesis,
618 639 698 672 quos
734 628 929 661 venerabilis
966 630 1064 661 trater

324 688 435 716 noster
459 683 646 715 Franciseus
679 682 850 725 episcopus
875 681 1062 714 Portuensis

324 735 355 768 S.
376 736 413 768 R.
432 735 466 768 E.
487 734 658 767 cardinalis
683 734 877 767 Barberinus
896 745 1064 777 nuncupa-

324 794 384 828 tus,
403 788 548 821 ciusdem
566 787 596 820 S.
610 787 647 819 R.
660 787 693 819 E.
714 787 1008 826 vicecancellarius,
1030 788 1062 819 in

324 840 452 872 titulum
484 849 539 872 seu
576 840 801 873 commendam
828 840 866 873 ad
892 840 938 872 sui
967 840 1063 872 vitam

323 903 360 925 ex
378 892 589 926 concessione
605 897 636 925 et
649 892 893 935 dispensatione
915 892 1064 935 apostoli-

323 947 359 978 ca
372 946 411 978 ad
429 955 584 988 praesens
598 945 744 978 obtinere
760 945 960 987 dignoscitur
975 945 1064 988 (quo-

324 999 522 1041 tiescumque
544 998 802 1042 praeposituram
823 1004 854 1031 et
883 998 1064 1041 archipres-

323 1052 507 1094 byteratum
525 1062 560 1083 ac
576 1050 772 1084 beneficium
792 1051 989 1091 huiusmodi,
1009 1062 1063 1083 seu

326 1115 437 1138 eorum
456 1105 603 1143 alterum,
621 1104 788 1147 perpetuis
809 1104 920 1136 futuris
940 1110 1065 1147 tempo-

324 1157 423 1197 ribus,
438 1163 502 1190 tam
515 1168 552 1190 ex
570 1157 704 1200 praefati
720 1157 877 1189 Francisci
892 1157 1063 1190 cardinalis

326 1220 423 1253 quam
444 1209 582 1242 cuiusvis
611 1210 745 1254 alterius
776 1210 807 1242 S.
836 1209 872 1241 R.
900 1209 934 1241 E.
962 1210 1065 1242 cardi-

325 1264 407 1297 nalis
441 1269 473 1296 et
497 1263 634 1296 aliorum
667 1273 944 1307 quartum-umque
969 1264 1063 1297 etiam

325 1323 512 1350 nostrorum
530 1322 561 1350 et
577 1317 712 1350 Romani
732 1317 894 1349 pontificis
911 1328 969 1360 pro
988 1323 1066 1350 tem-

324 1380 404 1414 pore
429 1370 620 1410 existentis‚
649 1381 704 1403 seu
730 1370 868 1402 cuiusvis
894 1370 926 1403 S
958 1371 993 1403 ll.
1028 1371 1063 1403 E.

324 1424 488 1467 praefatae
524 1424 712 1463 cardinalis,
742 1430 814 1457 tunc
849 1424 983 1457 viventis
1013 1431 1065 1457 aut

326 1477 476 1517 defuncti,
504 1477 708 1510 familiarium
726 1478 953 1510 continuorum
980 1489 1066 1510 com-

325 1530 529 1570 mensalium,
544 1541 601 1563 seu
618 1530 778 1563 Romanae
797 1531 908 1563 Curiae
927 1536 956 1563 et
974 1531 1065 1563 Sedis

326 1584 531 1626 Apostolicae
565 1584 774 1625 officialium,
800 1590 853 1618 aut
884 1585 962 1617 alias
987 1596 1066 1627 quo-

327 1637 508 1670 modolibet
548 1638 797 1671 reservationem
838 1638 1065 1671 imlucentibus

326 1690 488 1733 personis,
514 1702 572 1734 per
597 1690 714 1724 liberas
744 1702 779 1723 ae
805 1691 899 1724 etiam
925 1692 957 1723 in
983 1692 1067 1725 favo-

327 1752 395 1774 rem
420 1748 452 1775 et
475 1754 512 1776 ex
538 1746 631 1776 causa
651 1744 899 1787 permutationis
925 1745 1067 1787 resigna-

328 1795 440 1835 tiones,
459 1796 641 1839 iuriumque
655 1797 826 1837 cessiones,
845 1798 939 1830 etiam
957 1809 1066 1831 neces-

328 1849 427 1881 sarias
443 1850 492 1882 vel
510 1849 683 1892 simplices,
711 1850 749 1882 de
775 1850 848 1890 illis,
870 1861 926 1883 seu
953 1861 1067 1883 eorum

329 1903 440 1941 altero,
456 1902 488 1934 in
506 1903 625 1936 nostris
643 1908 673 1935 et
690 1914 748 1946 pro
767 1909 912 1946 tempore
931 1905 1068 1937 existen-

330 1955 369 1987 tis
398 1955 533 1988 Romani
560 1956 723 1989 Pontificis
749 1962 802 1989 aut
827 1957 966 1990 cuiusvis
992 1959 1068 1990 alte-

329 2009 395 2041 rius
406 2019 566 2052 personae
580 2010 727 2042 manibus
742 2021 801 2053 pro
817 2015 962 2053 tempore
974 2021 1068 2053 quan-

330 2062 511 2106 documque
531 2064 631 2095 factas
656 2069 687 2096 et
710 2064 877 2103 admissas,
894 2065 943 2097 vel
961 2076 1069 2107 quam-

329 2114 375 2147 vis
417 2115 511 2148 aliam
555 2116 797 2156 dimissionem,
837 2117 1041 2150 amissionem
1059 2146 1066 2158 ,

330 2178 386 2200 seu
410 2168 634 2211 privationem,
657 2175 688 2201 et
712 2170 950 2203 assecutionem
968 2171 1070 2203 cuius-

330 2221 375 2253 vis
400 2221 548 2254 beneficii
572 2223 779 2256 ecclesiastici
798 2234 997 2267 quacumque
1016 2235 1070 2256 au-

330 2274 480 2307 ctoritate
505 2276 634 2315 collati,
667 2276 834 2319 religionis
869 2277 1067 2319 ingressum,

330 2327 530 2361 matrimonii
548 2335 758 2370 contractum,
778 2330 816 2362 ad
834 2330 1069 2363 cathedralium

331 2380 542 2413 ecclesiarum
581 2383 629 2415 vel
669 2382 938 2416 monasteriorum
974 2384 1068 2416 etiam

331 2434 602 2468 consistorialium
620 2436 786 2478 regimina,
805 2436 937 2470 aliamve
963 2448 1071 2480 quam-

331 2497 466 2532 cumque
490 2489 742 2532 promotionem,
767 2500 821 2522 seu
847 2490 1013 2523 decessum
1039 2497 1071 2524 et

331 2540 469 2581 obitum,
496 2541 594 2574 etiam
617 2543 701 2585 apud
726 2542 840 2575 Sedem
868 2547 899 2575 et
925 2543 958 2575 in
983 2543 1070 2577 curia

331 2594 529 2635 huiusmodi,
564 2606 599 2627 ac
624 2596 717 2628 etiam
745 2595 775 2628 in
802 2607 1005 2641 quocumque
1032 2608 1067 2630 ex

1743 209 1808 243 ⁶209

1107 261 1273 294 mensibus
1305 262 1398 296 nobis
1435 273 1489 295 seu
1520 264 1666 298 Romano
1699 265 1845 300 Pontifici

1106 324 1165 355 pro
1191 319 1337 357 tempore
1374 316 1543 357 existenti,
1577 323 1608 350 et
1643 318 1746 351 dictae
1771 319 1845 352 Sedi

1106 377 1164 409 per
1189 378 1408 412 quascumque
1444 371 1692 405 constitutiones
1718 379 1847 416 aposto-

1106 419 1182 451 licas
1215 431 1270 453 seu
1297 422 1509 455 cancellariae
1531 425 1728 466 apostolieae
1753 436 1847 468 regu-

1106 473 1152 504 las
1177 473 1278 505 editas
1311 479 1343 506 et
1373 467 1643 520 quandocumque
1680 479 1843 521 edendas,

1105 526 1154 558 vel
1176 526 1254 558 alias
1272 527 1527 569 quomodolibet,
1556 531 1726 563 reservatis
1752 537 1783 564 et
1798 542 1847 565 re-

1105 579 1279 619 servandis,
1298 585 1351 612 aut
1375 581 1521 614 locorum
1539 582 1715 616 Ordinariis
1733 590 1764 617 et
1776 585 1846 618 aliis

1105 632 1317 665 collatoribus
1343 643 1401 676 per
1426 635 1554 667 easdem
1588 637 1635 669 vel
1667 637 1744 669 alias
1769 647 1846 670 eon-

1105 685 1288 718 stitutiones
1312 687 1527 729 apostolicas,
1555 695 1611 721 aut
1635 691 1846 723 cancellariae

1106 738 1288 771 huiusmodi
1326 741 1453 782 regulas
1490 741 1640 774 similiter
1677 743 1779 776 editas
1815 749 1846 776 et

1105 791 1257 831 edendas,
1271 793 1319 824 vel
1335 793 1456 826 litteras
1468 794 1735 835 alternativarnm,
1747 796 1845 829 aliave

1105 844 1234 886 quaevis
1252 844 1375 877 indulta
1393 847 1580 888 apostolica,
1600 857 1655 879 seu
1673 848 1751 880 alias
1772 859 1847 891 quo-

1104 897 1284 930 modolibet
1308 898 1462 931 hactenus
1488 900 1650 932 concessis
1681 905 1712 933 et
1736 900 1767 933 in
1793 911 1848 944 po-

1105 954 1224 982 sterum
1250 951 1489 991 concedendis,
1516 962 1552 984 ac
1587 953 1626 985 de
1663 952 1732 986 iure
1758 964 1847 986 com-

1105 1002 1191 1035 muni
1217 1004 1265 1036 vel
1291 1004 1475 1047 particulari
1505 1010 1536 1037 et
1561 1006 1638 1038 alias
1670 1007 1847 1049 quomodo-

1106 1066 1242 1098 cumque
1268 1057 1527 1099 competentibus
1552 1063 1584 1090 et
1607 1059 1846 1102 competituris,

1106 1114 1136 1141 et
1153 1109 1241 1147 alias,
1258 1111 1504 1152 quomodolibet
1518 1116 1549 1143 et
1562 1112 1765 1155 ubicumque,
1780 1117 1845 1145 tam

1106 1162 1189 1204 apud
1203 1161 1318 1194 Sedem
1336 1168 1365 1194 et
1384 1162 1415 1194 in
1433 1164 1521 1196 curia
1540 1164 1735 1204 huiusmodi,
1752 1175 1847 1208 quam

1106 1220 1193 1246 extra
1218 1225 1286 1247 eam
1311 1227 1422 1249 vacare
1448 1217 1630 1259 contigerit,
1656 1217 1778 1250 etiamsi
1804 1218 1848 1250 af-

1108 1268 1179 1300 fecti
1205 1269 1388 1311 speci.1liter
1408 1281 1443 1302 ex
1470 1270 1574 1302 causis
1597 1270 1782 1313 praedictis,
1797 1272 1847 1304 vel

1107 1321 1186 1353 alias
1207 1322 1412 1364 generalium,
1430 1328 1461 1354 et
1478 1323 1682 1366 ‹piantnmvis
1697 1324 1849 1367 multipli-

1107 1374 1186 1406 citer
1206 1375 1371 1413 reservati,
1394 1381 1424 1408 et
1445 1387 1499 1408 seu
1524 1376 1657 1418 litigiosi
1685 1376 1847 1419 existant),

1107 1428 1139 1459 in
1164 1428 1389 1470 praepositum
1415 1429 1658 1472 praepositurae
1684 1429 1846 1469 secularis,

1108 1487 1138 1513 et
1163 1480 1480 1524 arclii1mosbyterum
1510 1481 1847 1525 archipresbyteratus

1108 1533 1173 1566 sive
1200 1534 1382 1576 plebaniae,
1410 1545 1536 1567 necnon
1564 1541 1723 1568 rectorem
1748 1536 1848 1568 bene—

1108 1586 1169 1619 licii
1192 1587 1411 1630 praefatorum
1437 1588 1617 1631 respective
1636 1589 1674 1621 ad
1693 1598 1846 1632 praesen-

1109 1640 1263 1673 tationem
1289 1641 1475 1674 liuiusmodi
1503 1642 1533 1673 in
1560 1643 1663 1674 forma
1689 1642 1785 1675 solita
1804 1642 1847 1674 in·

1108 1693 1296 1733 stituendas,
1312 1700 1426 1726 tenore
1448 1695 1668 1738 piaesentium
1687 1700 1847 1738 perpetuo

1107 1757 1320 1786 1·es1;¹rvamus,
1347 1748 1554 1780 concedimus
1581 1754 1613 1781 et
1632 1749 1844 1791 assignamus.

1152 1801 1166 1843 ξ
1191 1800 1222 1833 3.
1251 1801 1471 1833 Decernentes
1501 1807 1532 1834 et
1561 1802 1765 1834 declarantes
1798 1802 1848 1834 ius

1108 1858 1299 1895 patronatus
1337 1860 1368 1886 et
1398 1854 1626 1896 praesentandi
1660 1854 1848 1887 huiusmodi

1110 1906 1265 1938 laicorum
1283 1906 1450 1945 nobilium,
1470 1911 1501 1938 et
1517 1907 1700 1947 illustrium,
1716 1913 1747 1940 et
1764 1908 1849 1951 prin-

1109 1958 1224 2001 cipum,
1245 1970 1280 1990 ae
1306 1959 1338 1990 in
1364 1959 1513 1991 omnibus
1539 1966 1570 1991 et
1594 1970 1653 2002 per
1678 1958 1785 1992 omnia
1809 1961 1849 1993 ad

1108 2012 1213 2043 instar
1237 2022 1352 2054 regum
1388 2022 1463 2044 vere
1502 2012 1661 2052 existere,
1689 2012 1849 2057 dictisque

1111 2064 1279 2097 Francisco
1306 2065 1376 2097 duci
1403 2071 1434 2098 et
1458 2064 1528 2098 aliis
1561 2066 1674 2098 futuris
1705 2066 1849 2109 patronis

1111 2127 1176 2150 non
1195 2128 1231 2149 cx
1246 2117 1430 2160 privilegio,
1450 2119 1507 2151 sed
1529 2129 1565 2151 ex
1584 2121 1660 2151 vera
1677 2119 1848 2162 primaeva,

1111 2171 1200 2212 reali,
1227 2172 1363 2211 actuali,
1396 2173 1513 2215 plena,
1539 2172 1665 2215 integra
1691 2178 1722 2205 ct
1747 2172 1849 2205 omni-

1111 2225 1206 2257 moda
1227 2225 1429 2266 fundatione,
1453 2226 1616 2258 erectione
1635 2231 1667 2258 et
1683 2226 1849 2259 dotatione

1111 2278 1214 2311 laicali
1242 2290 1278 2311 ex
1304 2279 1399 2311 bonis
1425 2290 1513 2312 mere
1547 2279 1713 2312 laicalibus
1739 2286 1771 2313 et
1795 2292 1851 2324 pa-

1112 2331 1349 2364 trimonialibus
1365 2337 1562 2375 competere,
1584 2343 1620 2365 ac
1636 2333 1675 2365 ad
1689 2333 1763 2366 illos
1780 2344 1852 2376 per-

1112 2385 1226 2426 tinere,
1252 2396 1379 2419 necnon
1398 2385 1475 2418 iuris
1494 2392 1683 2429 patronatus
1705 2392 1737 2419 et
1761 2398 1852 2430 prae-

1111 2438 1259 2471 sentandi
1273 2438 1429 2471 laicorum
1444 2438 1611 2478 nobilium,
1621 2444 1652 2472 et
1665 2439 1850 2480 illustrium,

1111 2503 1147 2525 ac
1170 2492 1363 2535 principum,
1390 2496 1422 2525 et
1447 2492 1484 2525 ad
1503 2492 1606 2525 instar
1631 2503 1754 2536 regum,
1776 2493 1851 2526 elfe-

1111 2550 1206 2585 ctum,
1223 2544 1298 2586 vim,
1318 2549 1475 2585 naturam,
1494 2545 1720 2586 substantiam,
1747 2551 1778 2578 et
1802 2556 1851 2578 es-

1112 2597 1269 2639 sentiam,
1298 2609 1333 2631 ac
1359 2598 1568 2641 qualitatem,
1599 2598 1793 2632 validitatem
1819 2604 1849 2631 et

1855 219 1904 246 An.
1921 219 1948 247 c,
1970 209 2040 247 weit

1898 1814 1943 1834 Aua
1959 1814 2044 1839 printa-

1859 1841 1892 1865 gia
1916 1847 1933 1859 un
1957 1846 2044 1864 ini-upa-

1860 1869 1942 1886 trunam
1958 1866 2042 1892 praedi-

1859 1896 1899 1913 clv·-
