2247 3208
254 202 302 229 An.
320 202 349 228 C.
371 201 436 228 1662
483 192 524 224 10

317 675 432 695 Nonnullae

252 701 306 721 :iliae
317 702 433 722 ordinatio-

449 249 578 281 tionalis
616 257 687 279 esse
724 246 841 279 debeat
879 246 912 277 in
947 255 1011 287 qua
1049 243 1174 276 vacatio

448 301 633 342 contigerit;
651 299 737 341 quod
756 298 782 330 si
803 297 874 340 quis
892 297 1090 339 reperiatur,
1109 296 1174 337 qui,

446 358 522 396 post
547 353 711 394 expletum
736 351 767 383 in
789 350 903 383 officiis
923 349 1100 381 maioribus
1118 358 1176 380 no-

447 405 612 443 vennium,
639 404 678 435 ab
703 402 816 435 officiis
842 407 874 433 et
899 400 1110 442 dignitatibus
1129 399 1176 431 di-

447 462 516 489 ctae
531 454 798 497 Congregationis
817 453 948 486 triennii
963 452 1068 495 spatio
1083 461 1176 484 vaca-

446 509 550 548 verit,
587 508 692 551 possit
723 508 749 539 is
787 516 918 549 quoque
954 503 1176 548 pariformiter

447 561 531 593 sicut
556 560 609 593 alii
630 561 662 592 in
683 559 825 592 officium
850 567 965 591 vacans
988 555 1092 589 suffici
1117 565 1175 588 seu

448 613 633 655 subrogari.

491 666 505 707 ξ
539 665 570 697 5.
603 665 726 704 Porro,
760 664 798 696 ad
833 661 1029 695 avertenda¹
1066 661 1176 703 gravia

448 718 711 750 inconvenientia
745 722 777 748 et
808 715 1010 759 praeiudicia
1035 724 1117 757 quae
1143 714 1175 746 in

449 771 561 803 cadem
587 769 846 811 Congregatione
872 778 908 800 ex
930 769 1091 810 perpetua
1124 767 1175 798 vel

447 824 554 856 minus
580 823 734 855 diuturna
758 822 918 853 maiorum
943 821 1031 853 illius
1053 818 1176 851 0111010-

449 885 519 907 111111
538 875 708 907 duratione.
724 884 782 906 seu
797 873 944 916 gestione
963 871 1082 904 exoriri
1100 881 1176 914 pos-

449 933 533 967 sent,
561 927 733 960 statuimus
760 935 889 968 quoque
923 930 955 956 ct
986 924 1174 956 ordinamus

448 985 483 1011 ut
500 981 610 1012 nullus
630 980 734 1011 dietae
749 976 1018 1019 Congregationis
1035 976 1174 1008 clericus

448 1033 609 1074 regularis
636 1031 754 1069 officia,
781 1031 819 1062 ad
846 1040 927 1072 quac
953 1028 987 1060 sit
1006 1029 1124 1061 electio
1142 1029 1175 1060 111

448 1085 591 1127 capitulo
617 1083 781 1125 generali,
808 1082 960 1114 videlieet
991 1081 1174 1113 assistentis

447 1147 482 1169 ac
508 1136 683 1168 visitatoris
703 1140 734 1167 et
754 1134 979 1178 procuratoris
1001 1134 1173 1175 generalis,

446 1190 496 1221 vel
521 1188 654 1230 aliquod
678 1188 821 1227 illorum,
842 1186 982 1229 longiori
1004 1196 1100 1229 quam
1118 1195 1176 1217 110-

446 1251 517 1274 vem
557 1240 716 1272 annorum
752 1240 857 1282 spatio
895 1249 1009 1281 gerere
1050 1239 1173 1281 possit,

448 1294 535 1337 quod
559 1293 758 1326 novennium
782 1302 842 1335 per
866 1292 928 1324 tria
953 1292 1096 1334 capitula
1121 1301 1176 1333 ge-

447 1346 571 1378 neralia
586 1345 713 1387 integra
733 1344 971 1384 constituatur;
990 1349 1023 1375 ct
1040 1344 1102 1376 1100
1118 1354 1176 1376 110-

446 1398 599 1431 vennium
622 1398 803 1440 explevisse
824 1401 1022 1430 censeantur
1038 1401 1104 1428 tam
1128 1396 1174 1428 illi

447 1451 502 1494 qui
527 1451 659 1493 aliquod
684 1460 721 1482 ex
753 1451 846 1483 dictis
881 1450 995 1483 osticiis
1021 1450 1175 1483 continue

447 1503 677 1543 exercuerint,
703 1514 799 1545 quam
834 1503 855 1535 ii
889 1503 943 1546 qui
974 1503 1013 1535 ab
1040 1512 1104 1534 uno
1136 1502 1175 1534 ad

446 1557 534 1589 aliud
552 1567 589 1588 ex
603 1556 726 1588 eisdem
741 1555 855 1587 officiis
874 1555 1076 1595 transierint,
1096 1556 1176 1587 itaut

448 1614 511 1642 tam
535 1608 567 1640 in
592 1608 741 1651 proximo
767 1608 910 1650 capitulo
933 1608 1077 1649 generali
1095 1607 1176 1639 Con-

447 1662 645 1704 gregatiouis
668 1661 870 1701 huiusmodi,
897 1672 994 1704 quam
1020 1661 1174 1704 deinceps

446 1715 479 1746 in
510 1718 719 1757 perpetuum,
752 1714 816 1753 illi,
854 1715 909 1757 qui
934 1724 1049 1747 novem
1083 1714 1175 1746 annis

447 1767 532 1798 dicta
565 1767 625 1798 tria
650 1766 754 1798 officia
786 1776 844 1798 seu
875 1767 1008 1809 aliquod
1042 1776 1078 1797 ex
1110 1766 1174 1798 illis

448 1819 632 1851 exercuisse
658 1819 885 1861 reperientur,
904 1819 936 1850 in
955 1828 993 1851 00
1015 1819 1102 1861 quod
1122 1829 1176 1861 ge-

446 1872 562 1906 rebant
587 1871 693 1904 0111010
712 1871 897 1904 confirmari
914 1876 1097 1915 nequeant,
1116 1882 1176 1904 1100

447 1925 486 1957 ad
522 1924 654 1967 aliquod
686 1924 774 1957 aliud
807 1925 954 1958 eiusdem
994 1924 1176 1966 Congrega-

447 1977 545 2008 tionis
584 1975 725 2008 osticium
757 1978 807 2009 vel
841 1977 1050 2019 dignitatem,
1078 1977 1175 2009 ctiam

448 2028 629 2072 praepositi
655 2039 713 2060 seu
739 2029 919 2071 superioris
948 2029 1071 2069 localis,
1099 2029 1174 2071 eligi

448 2082 588 2120 valeant,
606 2080 681 2120 nisi,
701 2086 776 2123 post
793 2087 962 2124 peractum
976 2082 1174 2114 novennium

449 2132 650 2172 huiusmodi,
682 2132 786 2164 tribus
816 2134 907 2165 annis
932 2134 964 2166 in
990 2138 1074 2165 statu
1100 2134 1176 2166 reli-

449 2185 530 2227 giosi
556 2185 672 2227 privati
696 2186 947 2227 permanserint..
967 2187 1053 2218 Haec
1065 2191 1175 2229 tamen

449 2236 621 2279 dispositio
654 2237 761 2269 locum
793 2248 857 2270 non
891 2238 1009 2270 habeat
1033 2239 1065 2270 in
1090 2239 1173 2279 illis,

449 2290 504 2332 qui
537 2288 642 2321 officia
676 2290 857 2332 praedicta,
884 2301 949 2323 non
975 2291 1085 2333 vigore
1111 2293 1176 2324 ele-

450 2341 566 2374 ctionis
592 2351 609 2373 a
633 2342 775 2384 capitulo
801 2342 944 2384 generali
971 2344 1091 2383 saetae,
1119 2344 1175 2376 sed

449 2393 570 2425 iurium
595 2395 838 2436 subrogationis
864 2395 929 2427 sive
956 2396 1174 2428 successionis

450 2456 488 2478 ex
513 2447 611 2478 eausa
634 2447 811 2479 vacationis
832 2447 864 2479 in
885 2448 1025 2479 decursu
1042 2449 1173 2480 triennii

485 2516 497 2541 1
515 2514 581 2543 Male
599 2515 663 2542 edit.
683 2515 761 2542 Maia.
782 2517 845 2552 legit
864 2517 1011 2545 evertenda
1032 2524 1078 2553 pro
1093 2526 1174 2545 aver-

450 2560 535 2590 tenda
554 2560 593 2593 (n.
611 2560 658 2595 Τ.).

1018 198 1089 220 Bt'Lt
1101 197 1195 220 :mum
1219 196 1369 220 ROMAXUM

1208 243 1412 275 occurrentis
1431 244 1619 285 gesserint,
1641 249 1770 287 tempus
1789 245 1875 277 enim
1893 244 1940 276 os-

1208 294 1270 326 sis-ii
1295 295 1406 336 vigore
1431 296 1673 337 subrogationis
1692 297 1758 329 sive
1776 296 1940 329 suffectio-

1209 347 1258 379 uis
1284 347 1473 380 huiusmodi
1500 349 1581 390 gesti
1602 350 1754 381 nolumus
1772 349 1804 381 in
1818 359 1940 381 noven-

1209 399 1263 431 nio
1288 399 1485 442 computari,
1512 400 1575 431 nisi
1592 401 1639 432 sie
1656 402 1853 443 subrogatus
1872 401 1938 433 sive

1209 451 1382 491 suffectus,
1411 463 1475 495 quo
1502 457 1650 495 tempore
1671 453 1703 484 in
1729 453 1871 486 01110111111
1887 464 1940 486 va-

1209 514 1285 535 cans
1311 504 1493 537 sussicietur
1518 515 1576 537 seu
1601 505 1855 547 subrogabitur,
1881 505 1939 538 ali-

1209 556 1294 598 quod
1321 557 1407 594 aliud
1434 567 1470 589 ex
1486 557 1609 589 eisdem
1628 557 1742 590 officiis
1761 558 1938 590 maioribus

1210 608 1270 639 sibi
1303 618 1320 639 a
1354 609 1497 651 capitulo
1530 609 1675 650 generali
1709 609 1939 641 demandatum

1210 660 1369 700 haberet,
1403 672 1468 703 quo
1499 672 1575 693 casu
1608 666 1737 704 tempus
1771 666 1940 703 gestorum

1209 713 1348 745 duorum
1374 713 1556 746 officiorum
1582 714 1771 746 huiusmodi
1797 714 1829 746 in
1846 724 1940 757 prae-

1209 766 1274 797 fato
1299 766 1461 797 novennio
1495 766 1649 798 continuo
1682 766 1937 808 computabitur.

1208 817 1272 849 Nec
1307 819 1431 860 pariter
1464 818 1584 851 habeat
1616 819 1723 851 locum
1760 820 1823 851 iam
1855 819 1941 852 dicta

1209 870 1382 912 dispositio
1407 871 1439 902 in
1464 873 1607 913 persona
1631 871 1811 914 praepositi
1841 882 1940 913 gene—

1209 922 1307 961 ralis,
1334 923 1372 955 ad
1409 923 1501 955 cuius
1540 922 1683 955 officium
1721 924 1797 966 eligi
1832 924 1940 967 possit

1210 975 1407 1018 quicumque
1441 986 1477 1008 ex
1503 976 1658 1018 praefatis
1690 977 1818 1009 clericis
1844 987 1940 1018 regu-

1209 1027 1352 1067 laribus,
1384 1028 1462 1059 lieet
1494 1028 1693 1060 novennium
1725 1028 1758 1060 in
1784 1030 1939 1062 exercitio

1209 1080 1369 1111 maiorum
1402 1079 1585 1111 ot'ticioruin
1627 1080 1816 1112 huiusmodi
1853 1091 1941 1114 com-

1208 1132 1350 1175 plevisse
1374 1133 1591 1175 reperiretur.
1611 1131 1763 1170 Quinimo
1784 1137 1849 1165 tarn
1871 1144 1942 1166 mo-

1210 1185 1330 1216 dernus
1372 1195 1469 1227 quam
1504 1195 1565 1227 pro
1609 1190 1757 1228 tempore
1798 1186 1940 1218 existens

1208 1237 1418 1279 praepositus
1444 1237 1607 1278 generalis
1633 1238 1757 1279 absque
1770 1238 1837 1270 ulla
1857 1238 1941 1271 limi-

1210 1290 1331 1322 tatione
1347 1290 1503 1332 temporis
1522 1290 1553 1321 in
1570 1290 1720 1333 capitulis
1732 1291 1940 1332 generalibus

1208 1342 1311 1385 ipsius
1348 1341 1617 1384 Congregationis
1653 1343 1692 1374 de
1731 1342 1872 1375 triennio
1908 1343 1941 1375 in

1210 1395 1387 1426 triennium
1420 1395 1581 1426 celebrari
1611 1394 1715 1426 solitis
1746 1395 1778 1426 in
1804 1405 1941 1436 genera-

1210 1448 1277 1479 latu
1302 1448 1341 1479 ad
1361 1458 1436 1479 eum
1453 1457 1615 1479 annorum
1632 1457 1819 1487 numerum,
1843 1458 1940 1490 quem

1209 1510 1269 1542 pro
1294 1500 1409 1532 maiori
1434 1500 1521 1531 bono
1546 1499 1650 1542 ipsius
1671 1499 1940 1542 Congregationis

1210 1552 1389 1594 capitulum
1405 1545 1750 1594 generale'convenire
1765 1554 1940 1594 censuerit,

1210 1604 1395 1637 confirmari
1438 1605 1543 1637 valeat
1584 1605 1672 1636 iuxta
1712 1605 1940 1638 costitutiones

1210 1648 1357 1690 eiusdem
1390 1657 1672 1699 Congregationis.
1699 1657 1738 1689 Et
1775 1658 1850 1700 quia
1882 1669 1942 1701 per

1210 1710 1342 1742 easdem
1364 1710 1617 1742 constitutiones
1635 1714 1768 1742 cavetur
1786 1720 1940 1753 expresse

1210 1767 1245 1794 ut
1278 1763 1311 1794 in
1337 1762 1485 1805 quolibet
1520 1763 1663 1806 capitulo
1699 1763 1845 1804 generali
1877 1763 1940 1796 duo

1210 1815 1401 1847 assistentes
1423 1815 1455 1847 in
1473 1815 1540 1847 suis
1558 1814 1673 1847 officiis
1691 1813 1940 1855 confirmentur,

1210 1868 1382 1900 statuimus
1408 1869 1532 1910 pariter
1556 1872 1589 1900 et
1613 1868 1802 1901 ordinamus
1823 1873 1941 1903 uttam

1209 1921 1241 1953 in
1266 1921 1415 1964 proximo
1442 1932 1539 1964 quam
1561 1921 1593 1953 in
1614 1921 1685 1954 aliis
1711 1921 1862 1964 capitulis
1888 1932 1942 1963 ge-

1210 1974 1376 2006 neralibus
1396 1974 1501 2006 dictae
1519 1974 1788 2016 Congregationis
1810 1985 1941 2007 succes—

1210 2027 1276 2059 sive
1302 2027 1507 2059 celebrandis
1526 2027 1573 2059 illi
1587 2027 1794 2059 solummodo
1812 2027 1941 2069 possint

1210 2085 1241 2111 et
1276 2080 1418 2112 debeant
1449 2081 1481 2113 in
1515 2080 1583 2111 suis
1616 2079 1730 2112 officiis
1756 2079 1939 2122 respective

1210 2132 1420 2172 confirmari,
1447 2133 1502 2175 qui
1527 2132 1727 2165 novennium
1747 2132 1939 2164 continuum

1210 2185 1241 2217 in
1260 2185 1415 2228 praefatis
1434 2184 1549 2217 ot'ficiis
1568 2184 1748 2217 maioribus
1769 2195 1835 2217 non
1853 2195 1941 2217 com-

1210 2239 1390 2281 pleverint;
1417 2236 1483 2270 ita¹
1508 2242 1617 2270 tamen
1642 2243 1696 2277 ut,
1724 2238 1750 2270 si
1782 2238 1821 2270 ad
1853 2248 1941 2271 com-

1209 2292 1411 2334 plementum
1426 2290 1578 2323 novennii
1594 2289 1781 2322 huiusmodi
1795 2290 1940 2322 nondum

1209 2342 1440 2386 pervenerint,
1466 2342 1593 2374 etiamsi
1612 2342 1658 2374 015
1676 2342 1841 2374 modicum
1859 2346 1940 2375 teln-

1208 2396 1298 2439 poris
1324 2396 1478 2438 spatium,
1505 2395 1602 2427 etiam
1621 2394 1745 2437 aliquot
1766 2394 1938 2434 mensium,

1209 2448 1383 2488 deficeret,
1410 2448 1539 2491 possint
1563 2447 1777 2482 nihilominus
1802 2447 1834 2479 in
1852 2447 1940 2490 capi-

1244 2519 1254 2544 1
1277 2518 1344 2545 Male
1364 2517 1427 2545 edit.
1444 2517 1525 2544 Main.
1540 2517 1604 2552 legit
1622 2517 1708 2550 itaut,
1724 2520 1752 2543 et
1770 2514 1867 2543 deinde
1886 2516 1938 2543 ite-

1207 2570 1268 2589 rum
1286 2561 1350 2599 le'git
1369 2564 1399 2589 ut
1420 2563 1458 2596 (11.
1475 2561 1523 2594 Τ.).

1953 198 1999 222 An.
2017 197 2045 222 C.
2070 197 2135 223 trffl
