2247 3208
121 247 171 273 An.
187 246 216 272 C.
240 246 307 272 1664

139 1152 255 1173 Contrariis
264 1152 300 1172 de-

118 1182 186 1204 rogat.

906 242 1096 266 ALEXINDER
1120 243 1164 265 VII
1191 243 1239 265 ΙΨ.

315 294 546 331 camerarium,
579 293 821 326 thesaurarium
846 292 1052 333 generalem,
1073 298 1075 344 j

313 346 549 388 praesidentes,
575 346 710 379 clericos
739 351 770 378 et
797 344 1075 377 commissarium¹

315 399 512 441 generalem,
534 398 743 440 vicelegato&
763 403 915 437 rectores,
942 397 1054 438 guber-

313 456 464 489 natores,
493 451 612 483 aliosve
639 451 802 494 quoslibet
825 450 916 482 Sedis
951 455 982 480 et
1007 459 1053 480 ca-

313 515 422 537 merae
437 506 653 547 praefatarum
669 504 821 536 officiales
832 509 861 535 01
873 502 1051 538 ministros⁷

313 568 514 600 quacumspie
534 557 798 600 praeeminentia,
815 555 1006 588 auctoritate
1021 560 1053 587 ct

315 616 475 653 potestate
494 611 661 653 praeditos
674 609 691 649 ¹,
710 609 854 641 sufl'ultos
874 613 905 640 et
922 608 1052 649 fungen-

311 668 367 703 tes,
384 674 420 695 ac
437 664 708 706 quandocumque
730 662 910 700 functuros,
926 661 1051 693 sublata

312 716 358 748 eis
383 720 415 748 et
439 726 551 748 eorum
577 715 711 747 cuilibet
739 714 851 757 quavis
883 714 976 746 aliter
1010 713 1052 745 iu-

311 769 440 801 dicandi
465 774 496 800 et
520 768 756 810 interpretendi
784 767 932 799 facultate
947 771 978 799 et
999 777 1049 799 au-

310 821 469 859 ctoritate,
495 820 630 853 iudicari
649 826 681 853 01
701 820 828 853 definiri
855 821 987 860 debere,
1014 831 1051 853 ac

311 873 437 906 irritum
462 879 494 905 et
519 873 614 905 inane
644 873 804 916 quidquid
830 883 925 905 secus
952 883 1052 915 super

311 927 361 959 his
387 937 445 969 per
470 937 703 970 quoscumque,
721 926 832 969 quavis
847 926 1049 965 auctoritate,

310 980 455 1013 scienter
487 982 535 1013 vel
572 981 778 1023 ignoranter,
811 980 987 1023 contigerit
1011 985 1052 1012 at-

311 1033 451 1074 tentari,
478 1033 680 1066 decernimus
712 1033 833 1076 pariter
858 1038 889 1066 et
913 1034 1052 1066 declara-

313 1098 396 1120 mus.

356 1139 447 1183 ιξ’ῙΟ.
486 1139 556 1172 Non
593 1139 794 1172 obstantibus
830 1140 982 1172 omnibus
1021 1144 1072 1172 01Ἰ

312 1192 450 1234 singulis
475 1192 684 1234 praemissis,
712 1203 746 1225 ac
772 1192 874 1224 felicis
904 1193 1073 1225 recordatu

314 1246 410 1278 tionis
434 1245 482 1277 Pii
506 1245 543 1277 lv
568 1251 599 1277 et
624 1245 670 1277 Pii
688 1246 710 1277 V
728 1246 949 1278 Romanorum
973 1246 1051 1278 Pon·
1071 1273 1073 1285 Ε

313 1297 433 1331 1111011111
457 1299 748 1341 praedecessorum
767 1304 967 1339 nostrorum,
987 1299 1052 1341 qui·
1071 1296 1073 1301 ’

312 1350 372 1383 bus
396 1357 527 1384 cavetur
551 1352 736 1384 huiusmodi
763 1352 881 1394 gratias
913 1362 971 1385 seu
1002 1353 1052 1385 ab-

312 1404 492 1436 solutiones
511 1415 576 1437 non
590 1405 697 1437 valere
713 1404 773 1436 nisi
788 1404 852 1437 reis
870 1405 1052 1437 constitutis
1070 1414 1073 1450 Ι

312 1457 346 1488 111
370 1456 572 1497 carceribus,
606 1468 735 1490 necnon
769 1457 914 1490 eiusdem
945 1458 990 1490 Pii
1016 1458 1075 1498 lv,

313 1510 577 1552 praedecessoris
602 1511 641 1543 de
668 1511 781 1552 gratiis
814 1500 1074 1557 qualecumquej

313 1561 475 1595 interesse
500 1572 647 1595 camerae
667 1564 866 1605 apostolicae
885 1566 1052 1606 praefatae
1072 1560 1074 1567 ’

314 1615 561 1658 quomodolibet
580 1617 855 1649 concernentibus
879 1617 911 1649 in
938 1618 1053 1650 eadem
1073 1633 1074 1645 1

313 1672 439 1702 camera
474 1669 558 1702 intra
594 1675 719 1702 eertum
750 1670 828 1702 inibi
865 1671 1074 1714 expressum}

313 1727 441 1766 tempus
469 1724 733 1767 praesentandis,
760 1724 971 1767 registrandis
996 1736 1052 1757 seu

314 1775 534 1816 insinuandis,
559 1777 605 1809 ita
628 1782 663 1808 ut
688 1782 880 1819 praesentes
906 1778 1051 1818 litterae,

315 1828 441 1861 etiamsi
456 1829 488 1861 in
505 1829 575 1872 ipsa
592 1832 718 1862 camera
736 1831 786 1862 vel
806 1830 837 1862 111
858 1830 921 1863 alio
940 1831 1052 1874 quovis
1073 1833 1076 1855 ¹»

316 1881 469 1914 tribunali
487 1887 540 1914 aut
557 1883 630 1915 1000
652 1892 815 1925 nunquam
841 1889 1054 1925 praesenten-
1072 1886 1075 1897 '

318 1940 379 1973 tur,
406 1934 620 1981 registrentur
636 1941 690 1967 aut
705 1935 920 1976 insinuentur,
939 1936 1055 1969 nihilo-

316 1988 422 2019 minus
439 1989 578 2028 valeant,
595 1987 846 2031 firmissimeque
864 1989 1051 2029 subsistant,

318 2050 354 2073 ae
379 2040 528 2073 omnibus
555 2046 587 2073 et
612 2041 747 2083 singulis
772 2042 946 2084 praefatis,
972 2053 1053 2085 quos

318 2100 541 2134 concernunt,
574 2094 761 2138 plenissime
788 2105 824 2126 ac
856 2094 1076 2137 amplissime!

318 2147 486 2190 suffragari
511 2147 660 2187 debeant,
683 2148 819 2190 aliisque
846 2148 922 2180 dieti
947 2148 994 2180 Pii
1020 2148 1055 2180 IV
1075 2150 1076 2164 ³

320 2206 352 2234 et
375 2201 571 2234 recolendae
598 2201 773 2233 memoriae
800 2201 870 2234 Iulii
897 2201 952 2241 III,
978 2174 1076 2234 Cre-i

1736 230 1794 262 eet

1096 291 1154 321 sub
1173 291 1283 322 datum
1296 301 1326 322 x1
1342 290 1496 322 kalendas
1515 289 1619 321 martii
1635 298 1832 327 luntxxxvui,

1097 343 1279 384 respective
1306 343 1477 381 emanans,
1504 353 1632 374 necnon
1657 341 1777 374 nostris
1804 346 1836 373 et

1095 395 1308 427 cancellariae
1335 395 1531 437 apostolicae
1558 395 1687 437 regulis,
1715 394 1835 437 praeci—

1095 458 1158 489 pue
1185 447 1238 480 illa
1265 448 1304 480 de
1331 458 1395 480 non
1422 448 1568 480 tollendo
1588 448 1656 479 iure
1675 447 1835 490 quaesito,

1095 499 1280 542 ceterisque
1307 500 1508 542 quibuslibet
1532 500 1730 543 apostolicis,
1748 510 1783 531 ac
1801 500 1834 532 in

1094 551 1330 585 universalilnls
1355 553 1675 596 provincialibusque
1695 559 1835 596 0153110-

1095 605 1221 637 dalibus
1248 606 1395 638 conciliis
1422 606 1525 645 editis,
1549 606 1756 648 generalibus
1782 607 1833 638 vel

1095 657 1304 700 specialibus,
1332 659 1622 692 constitutionibus
1648 665 1679 691 et
1705 659 1834 691 ordina-

1094 710 1248 751 tionibus,
1274 712 1403 754 legibus
1422 723 1553 755 quoque
1572 712 1668 745 etiam
1687 713 1834 755 imperia-

1095 763 1179 795 libus
1206 769 1238 796 et
1262 765 1527 807 municipalibus,
1554 765 1686 804 edictis,
1719 765 1835 797 banni-

1094 817 1222 856 mentis,
1248 817 1477 850 stabilimentis
1503 828 1539 850 ac
1564 818 1715 857 decretis,
1737 819 1834 852 etiam

1095 870 1307 903 eameralibus
1324 876 1355 903 et
1368 871 1657 912 consistorialibus,
1677 882 1834 904 camerae-

1095 934 1158 965 que
1188 928 1220 956 et
1245 924 1382 957 civitatis
1407 925 1641 958 Avenionensis
1677 931 1709 958 et
1736 926 1835 959 comi-

1095 981 1179 1008 tatus
1198 976 1386 1020 Venayssiui
1404 978 1635 1020 praefatorum,
1655 979 1833 1011 aliorumve

1094 1030 1282 1072 quorumvis
1309 1031 1466 1069 locorum,
1486 1036 1519 1063 et
1536 1031 1605 1063 aliis
1623 1031 1832 1074 quibuslibet,

1094 1082 1189 1115 etiam
1214 1083 1409 1123 iuramento,
1436 1083 1683 1116 confirmatione
1709 1090 1835 1127 aposto-

1094 1135 1166 1175 lica,
1193 1137 1244 1168 vel
1270 1136 1382 1179 quavis
1407 1136 1558 1170 firmitate
1578 1137 1640 1170 alia
1660 1138 1832 1179 roboratis,

1094 1189 1242 1228 statutis,
1269 1199 1448 1232 eorumque
1480 1190 1767 1223 reformationibus
1802 1196 1835 1224 et

1094 1241 1186 1273 novis
1204 1241 1437 1279 additionibus,
1458 1243 1555 1285 stylis,
1579 1243 1688 1275 usibus
1711 1248 1742 1276 et
1758 1254 1836 1276 con-

1093 1295 1341 1335 suetudinibus,
1376 1295 1473 1328 etiam
1497 1296 1832 1336 immemorabilibus,

1094 1347 1273 1389 privilegiis
1300 1358 1450 1391 quoque,
1485 1348 1618 1382 indultis
1652 1355 1685 1381 et
1717 1349 1834 1382 litteris

1095 1401 1282 1443 apostolicis
1315 1402 1410 1434 etiam
1443 1403 1561 1434 civitati
1592 1403 1834 1442 Avenionensi‚

1094 1454 1259 1486 comitatui
1285 1454 1496 1498 Vmayssino,
1524 1466 1559 1488 ae
1576 1456 1652 1488 fisco
1674 1461 1705 1488 et
1729 1466 1834 1488 came-

1095 1517 1149 1539 rae
1176 1508 1349 1550 praefatis,
1377 1519 1558 1552 eorumque
1585 1509 1776 1542 officialibus
1803 1514 1835 1542 et

1094 1561 1269 1600 ministris,
1296 1561 1432 1604 aliisque
1457 1562 1658 1605 quibuslibet
1685 1562 1834 1605 personis

1094 1620 1125 1646 et
1150 1615 1229 1647 locis
1253 1625 1314 1658 per
1339 1626 1560 1658 quoscumque
1580 1616 1742 1648 Romanos
1755 1615 1834 1648 Pon-

1096 1667 1196 1701 1111005
1222 1669 1498 1711 praedecessores
1524 1674 1674 1709 nostros,
1707 1680 1743 1701 ac
1774 1679 1834 1712 per

1095 1731 1154 1753 nos
1179 1726 1212 1754 et
1235 1721 1352 1754 Sedem
1378 1722 1568 1764 praefatam,
1602 1722 1697 1754 etiam
1722 1727 1832 1762 motu,

1095 1775 1230 1807 seientia
1255 1780 1288 1808 et
1312 1775 1484 1818 potestatis
1509 1775 1713 1818 plenitudine
1745 1776 1834 1807 simi-

1095 1828 1190 1868 libus,
1211 1839 1248 1861 ae
1272 1828 1369 1861 etiam
1395 1829 1682 1868 consistorialiter,
1702 1834 1734 1861 et
1754 1829 1833 1861 alias

1096 1882 1352 1924 quomodolibet,
1364 1882 1424 1914 sub
1442 1882 1700 1925 quibuscumque
1717 1883 1834 1915 verbo-

1096 1946 1168 1967 rum
1194 1935 1361 1967 tenoribus
1387 1940 1418 1967 et
1443 1935 1553 1968 formis
1569 1962 1576 1975 ,
1602 1946 1638 1967 ae
1665 1946 1738 1967 cum
1764 1935 1834 1978 qui-

1095 1989 1201 2021 busvis
1230 1989 1327 2021 etiam
1351 1989 1633 2031 derogatoriarum
1662 1990 1834 2032 derogato-

1096 2041 1166 2081 riis,
1208 2041 1342 2084 aliisque
1380 2042 1613 2074 efficacioribus
1639 2048 1671 2074 et
1695 2042 1834 2074 insolitis

1097 2094 1259 2134 clausulis,
1271 2093 1540 2137 irritantibusquc
1555 2100 1585 2127 et
1595 2095 1665 2128 aliis
1683 2095 1833 2135 decretis,

1097 2148 1129 2180 in
1155 2158 1275 2190 genere
1308 2148 1358 2179 vel
1391 2147 1423 2179 in
1456 2147 1579 2190 specie,
1615 2159 1651 2180 ac
1686 2148 1765 2181 alias
1801 2148 1834 2180 in

1097 2200 1298 2233 contrarium
1310 2201 1558 2243 quomodolibet
1575 2201 1748 2241 concessis,
1763 2212 1835 2233 cona

321 2254 403 2297 gorii
427 2254 493 2286 XIII
519 2260 550 2287 et
575 2254 653 2287 sixti
679 2254 701 2286 Y
728 2255 947 2287 Romanorum
973 2255 1056 2288 Pon-
1098 2252 1239 2292 firmatis,
1258 2253 1446 2296 approbatis
1464 2258 1497 2286 01
1513 2253 1641 2296 saepius
1656 2253 1832 2293 innovatis;

322 2306 441 2339 titicum
464 2308 755 2350 praedeeessorum
780 2308 903 2350 pariter
928 2313 1056 2341 nostro-

320 2370 401 2400 rum,
427 2366 459 2393 et
482 2360 673 2404 praesertim
699 2361 842 2394 eiusdem
867 2361 945 2394 sixti
967 2372 1057 2404 prae-

322 2413 523 2454 decessoris,
549 2424 630 2457 quae
667 2414 826 2457 incipiunt
858 2414 925 2447 Hoc
953 2415 1058 2446 nostri

318 2466 547 2509 pontificatus,
575 2471 652 2506 etc„
681 2467 737 2499 sub
768 2467 878 2499 datum
910 2467 1057 2500 balendis

322 2519 392 2553 iulii
406 2529 560 2560 MDLxxxv,
578 2526 610 2553 et
623 2520 709 2553 Dum,
721 2530 780 2564 pro
798 2520 970 2561 commissi,
988 2524 1057 2561 etc„

360 2591 370 2617 1
393 2590 459 2617 Male
473 2590 538 2618 edit.
555 2589 633 2618 Main.
649 2591 714 2627 legit
726 2591 891 2626 praedictos
910 2599 957 2627 pro
969 2599 1058 2627 prae-

324 2635 396 2663 ditos
413 2636 449 2670 (R.
465 2635 513 2669 T.).

1099 2307 1216 2350 quibus
1242 2306 1393 2339 omnibus
1420 2307 1833 2350 015111511115,0110111511)ιό

1098 2362 1229 2394 illorum
1254 2359 1424 2392 sufficienti
1455 2360 1668 2403 derogatione
1701 2361 1738 2393 de
1772 2360 1835 2393 illis

1100 2424 1275 2456 eorumque
1303 2412 1377 2445 totis
1401 2412 1567 2445 tenoribus
1587 2412 1745 2455 specialis,
1769 2423 1837 2456 spe·

1099 2466 1196 2506 citica,
1223 2465 1388 2498 individua
1406 2471 1439 2498 et
1454 2476 1617 2508 expressa,
1632 2476 1667 2497 ac
1681 2466 1719 2498 de
1735 2465 1835 2498 verbo

1100 2520 1138 2552 ad
1157 2519 1300 2558 verbum,
1320 2529 1387 2551 non
1408 2524 1514 2550 autem
1532 2529 1590 2560 per
1607 2519 1766 2551 clausulas
1786 2528 1836 2560 ge-

1100 2573 1227 2604 nerales
1253 2571 1339 2604 idem
1363 2571 1600 2614 importantes,
1631 2571 1752 2603 mentio
1778 2580 1836 2603 seu

1102 2625 1234 2669 quaevis
1259 2624 1321 2657 alia
1346 2623 1508 2667 expressio
1535 2623 1685 2657 habenda
1709 2628 1763 2655 aut
1784 2621 1836 2656 ali·

1847 238 1893 265 An.
1912 238 1940 264 C.
1961 238 2028 264 1661.
