2247 3208
105 202 140 226 Au
169 202 197 227 C.
224 202 287 227 1864

116 366 203 390 Quam-lo
214 368 283 403 aaran

102 451 126 470 ir
169 395 179 449 ,ι
196 399 525 442 ΙΙ’Ἑωιίἶ0111110111111111111
551 409 588 441 sit
617 415 707 441 extra
732 409 860 442 moenia
880 410 967 441 urbis
985 410 1033 441 vel

111 453 114 462 ¹
128 452 186 471 'tprlo
196 452 283 466 contem

102 399 141 412 nvn

102 424 173 444 pern-w

132 1585 214 1605 Poenae
237 1590 285 1605 eon-

103 1614 136 1632 {ra
166 1612 286 1632 inobedien»

136 2375 246 2396 Decretum
265 2382 290 2395 ir·

109 2404 183 2423 mans,

893 203 1080 225 AiinxssxNoEn
1106 203 1148 226 Vll
1175 204 1222 226 ΙΨ.

297 254 421 289 vocato,
447 249 471 281 si
497 260 577 292 opus
604 249 711 289 suerit,
729 250 855 282 brachii
880 250 1034 282 secularis

296 303 424 335 auxilio.

339 356 398 398 §T
419 356 648 388 Verumtamen
668 356 693 388 si
713 356 948 389 monasterium
967 366 1034 388 san-

295 462 418 504 oppidi,
446 468 477 494 et
503 463 737 495 monasterium
768 462 966 502 regularium
991 462 1034 494 vi-

295 525 418 553 rorum,
446 516 560 558 quibus
586 515 741 548 moniales
766 520 843 548 sunt
859 514 1033 553 subiectae,

297 568 337 600 sit
362 568 446 600 intra
471 569 555 601 dicta
582 569 718 606 moenia,
745 569 794 600 vel
821 578 837 599 e
862 578 1031 606 converso,

297 622 478 654 habeantur
501 624 550 655 vel
565 623 799 660 conducantur,
819 621 844 653 si
865 621 1032 654 commode

297 675 365 707 fieri
391 675 502 718 possit,
522 674 706 707 mansiones
732 674 771 706 ad
795 684 887 706 usum
911 674 1033 706 confes-

296 728 379 760 soris
398 739 477 771 quae
496 738 560 760 non
586 727 651 759 sint
671 726 863 759 coniunctae
884 737 939 758 seu
961 737 1033 759 con-

297 780 401 822 tiguae
427 779 488 822 ipsi
514 779 713 811 monasterio
739 779 949 818 monialium,
976 780 1031 812 sed

296 832 336 864 ab
354 842 392 864 eo
406 832 533 875 penitus
558 832 749 871 disiunctae,
772 842 838 864 non
855 833 957 864 solum
974 841 1033 874 per

295 885 446 927 parietes,
466 885 521 918 sed
540 885 636 917 etiam
661 887 722 928 per'
746 890 838 917 teeta:
856 884 904 917 sin
926 890 1030 917 autem

296 943 467 980 utrumque
484 938 717 970 monasterium
735 939 776 970 sit
792 938 877 970 intra
894 939 1030 976 moenia,

295 996 324 1024 et
342 1002 441 1024 unuin
457 993 496 1024 ab
514 992 628 1030 altero,
649 992 792 1034 episcopi
807 992 936 1031 iudicio,
956 993 1033 1025 mul-

296 1050 360 1077 tum
381 1045 515 1078 distans.
536 1050 611 1077 tune
638 1045 823 1077 habeantur
841 1045 889 1077 vel
915 1046 1032 1078 condu-

295 1104 410 1130 eautur
435 1098 621 1131 huiusmodi
655 1098 840 1145 mansiones
871 1104 905 1130 ut
934 1109 1032 1142 supra

296 1151 465 1183 distinctae
507 1157 537 1183 et
574 1155 743 1193 separatae
783 1163 799 1184 a
834 1152 1032 1184 monasterio

296 1204 484 1236 monialium
521 1204 670 1237 distantia
702 1205 741 1236 ab
773 1205 843 1247 ipso
877 1205 1032 1248 episcopo

296 1257 560 1299 recognoscenda
580 1263 609 1289 et
624 1257 848 1299 approbanda3
868 1257 910 1289 ita
928 1263 1032 1290 tamen

297 1314 331 1341 ut
354 1309 397 1341 in*
413 1309 638 1341 mansionibus
663 1310 874 1349 confessoris,
900 1309 966 1342 sive
990 1310 1034 1341 in-

298 1367 344 1394 tra
375 1362 441 1394 sive
472 1368 560 1394 extra
590 1362 718 1394 moenia
747 1362 953 1397 constitutis,
987 1373 1034 1395 ex-

296 1420 392 1457 cepto
418 1414 487 1457 ipso
515 1415 705 1446 consessore
738 1424 808 1446 eum
833 1426 891 1447 suo
923 1416 1031 1455 socio,

296 1467 350 1499 alii
378 1468 554 1509 regulares,
581 1467 705 1499 etiamsi
731 1467 921 1510 superiores
946 1468 1031 1508 sint,

298 1520 431 1553 minime
456 1526 663 1563 pernoctent.

342 1574 356 1615 ξ
381 1572 412 1605 8.
439 1573 470 1606 Si
501 1574 573 1616 quis
603 1584 678 1606 vero
713 1574 955 1616 prandicurum
986 1585 1036 1607 re-

299 1626 457 1668 gularium
482 1626 603 1669 aliquid
625 1631 739 1658 eontra
756 1627 973 1669 praesentium
994 1632 1036 1659 te-

298 1689 411 1711 norem
430 1679 535 1711 faeere
559 1680 605 1711 rel
632 1678 737 1711 moliri
768 1681 1035 1722 praesumpserit,

298 1738 350 1764 aut
365 1732 542 1775 adimplere
562 1732 752 1774 neglexerit,
772 1733 842 1775 ipso
859 1733 941 1765 sacto
963 1744 1037 1776 poe-

297 1795 370 1816 nam
404 1784 750 1817 excommunicationis
781 1790 814 1817 et
845 1786 1035 1828 privationis

299 1837 442 1869 omnium
475 1837 655 1870 officiorum
693 1849 774 1880 quae
813 1839 964 1879 obtinet,
1001 1850 1036 1871 ac

299 1896 475 1933 perpetuae
502 1890 714 1922 inhabilitatis
739 1891 777 1923 ad
803 1891 859 1923 illa
890 1892 940 1924 vel
976 1892 1036 1924 alia

299 1943 332 1974 in
354 1949 519 1986 posterum
540 1944 725 1982 obtinenda,
744 1944 896 1986 vocisque
917 1945 1036 1977 activae

300 2001 328 2027 et
347 1997 500 2039 passivae,
520 1997 641 2039 absque
660 1997 720 2029 alia
747 1997 975 2037 ‹ileelamtione‚
996 1998 1038 2029 in-

300 2055 421 2081 currat.
441 2049 477 2081 Et
501 2050 714 2082 nibilominus
740 2050 838 2083 nullis
863 2051 1038 2093 privilegiis

299 2108 331 2135 et
349 2104 613 2146 exemptionibus
634 2104 713 2135 tueri
732 2114 765 2136 se
782 2104 893 2146 possit,
914 2104 1039 2147 quomi-

299 2167 358 2188 nus
384 2157 422 2189 ab
448 2157 602 2200 episcopo
629 2157 703 2196 loci,
726 2163 886 2200 tamquam
911 2158 949 2190 ad
977 2157 1038 2190 hcc

300 2209 390 2242 Sedis
415 2210 621 2251 Apostolicae
648 2211 813 2252 delegato,
845 2211 971 2253 quoties
1008 2216 1040 2243 et

301 2262 430 2304 quando
464 2272 544 2305 opus
577 2263 692 2303 suerit,
720 2263 839 2305 corrigi
873 2268 905 2296 et
929 2263 1038 2306 puniri

300 2316 417 2348 valeat.

347 2370 360 2412 g
385 2368 416 2401 9.
443 2369 662 2402 Deeernentes
688 2369 816 2402 easdem
841 2375 1038 2412 praesentes,

303 2421 400 2454 etiam
425 2433 461 2454 ex
487 2433 525 2455 eo
552 2422 638 2465 quod
659 2422 844 2465 superiores
861 2423 1039 2465 regulares,

305 2480 336 2507 et
360 2475 457 2508 ceteri
483 2476 678 2518 quicumque
698 2474 729 2507 in
744 2475 934 2518 praemissis
958 2475 1041 2507 inte-

306 2539 391 2561 resse
406 2529 573 2568 habentes,
589 2540 643 2561 seu
659 2530 780 2561 babere
796 2529 1042 2571 quomodolibet
1061 2548 1063 2570 ς

306 2582 567 2625 praetendentes,
580 2582 642 2615 illis
653 2592 719 2615 non
733 2581 966 2622 consenserint,
982 2592 1041 2614 nec
1061 2574 1063 2581 ’

1712 192 1775 223 9»θῇ

1079 251 1116 282 ad
1142 261 1179 282 ea
1203 250 1305 282 vorati
1326 255 1357 282 et
1380 250 1480 283 auditi
1504 250 1630 285 suerint,
1649 251 1737 282 nullo
1756 260 1813 283 un-

1079 313 1172 344 quam
1199 308 1342 345 tempore
1362 303 1399 335 de.
1417 303 1638 346 subreptionis
1658 307 1706 335 rel
1722 303 1811 335 obre-

1079 354 1380 396 ptioiiis,1liillitatis
1407 361 1461 387 aul.
1486 355 1694 388 invalidilatis
1720 356 1809 396 vitio,

1078 417 1133 437 seu
1161 407 1349 440 intentionis
1371 414 1500 441 nostrae
1530 414 1584 440 aut
1609 409 1671 441 alio
1697 409 1810 451 quovis

1078 460 1214 499 defectu,
1236 461 1331 492 etiam
1353 461 1558 503 ‹eluantumris
1580 472 1710 503 magno,
1729 461 1812 494 inex-

1077 512 1228 554 cogitato,
1245 524 1280 545 ac
1294 513 1508 552 substantiali,
1523 514 1588 545 sive
1603 515 1697 546 etiam
1717 523 1751 546 ex
1772 525 1810 548 eo

1078 566 1163 607 quod
1189 565 1220 596 in
1247 565 1445 608 praemissis,
1467 577 1523 598 seu
1550 577 1662 599 eorum
1688 567 1808 611 aliquo,

1077 618 1302 650 solemnitates
1334 624 1365 651 et
1396 619 1525 661 quaevis
1560 619 1623 652 alia
1654 621 1812 653 servanda

1077 676 1107 702 et
1132 670 1349 714 adimplenda,
1363 677 1487 704 servata
1505 677 1535 704 et
1555 672 1729 715 adimpleta
1746 684 1812 706 non

1078 724 1208 763 suerint,
1235 730 1290 756 aut
1320 735 1356 757 ex
1387 725 1495 767 aliquo
1521 725 1583 758 alio
1608 726 1712 768 capite
1738 737 1813 769 quo-

1076 787 1220 820 cumque,
1240 788 1257 810 a
1274 777 1345 810 iure
1358 779 1417 810 'vel
1443 779 1535 817 sacto,
1554 784 1606 810 aut
1625 784 1744 811 statuto
1763 780 1812 811 vel

1077 831 1313 863 consuetudine
1324 830 1429 873 aliqua
1444 832 1631 871 resultante,
1649 842 1706 864 seu
1717 833 1812 864 etiam

1076 882 1225 922 enormis,
1252 883 1494 916 enormissiinae
1520 889 1551 916 et
1576 884 1684 917 totalis
1703 885 1809 917 laesio·

1076 935 1135 972 nis„
1161 941 1213 968 aut
1239 947 1442 979 quocumque
1468 937 1531 970 alio
1564 939 1691 977 colore,
1717 937 1813 970 etiam

1076 988 1107 1020 in
1133 999 1270 1031 Corpore
1302 989 1378 1021 iuris
1410 991 1517 1022 clauso
1533 1017 1540 1029 ‚
1565 1001 1618 1022 seu
1646 991 1813 1023 occasione

1075 1043 1123 1075 vel
1149 1045 1243 1075 eausa
1283 1044 1486 1086 quantumvis
1511 1043 1603 1083 iusta⁷
1629 1044 1813 1077 rationabili

1076 1101 1106 1127 et
1131 1095 1345 1139 privilegiata,
1365 1096 1460 1128 etiam
1486 1097 1550 1136 taii,
1572 1107 1652 1139 qliae
1677 1097 1715 1129 ad
1741 1096 1814 1130 effe-

1076 1153 1161 1181 etum
1176 1149 1350 1182 validitatis
1368 1149 1617 1192 praemissorum
1632 1150 1814 1183 necessario

1076 1202 1285 1244 exprimenda
1311 1202 1399 1241 soret,
1415 1207 1470 1233 aut
1494 1203 1577 1244 quod
1593 1203 1630 1234 de
1650 1205 1814 1236 voluntate

1077 1257 1185 1287 nostra
1211 1255 1395 1286 huiusmodi
1422 1255 1504 1287 nibil
1525 1255 1615 1288 ullibi
1634 1261 1814 1298 appareret,

1077 1316 1132 1339 seu
1157 1308 1250 1340 aliter
1275 1307 1405 1350 probari
1431 1313 1547 1350 posset,
1574 1308 1688 1347 notari,
1715 1309 1816 1351 impu-

1077 1360 1182 1401 gnari,
1209 1360 1395 1399 invalidari,
1422 1362 1609 1401 retraetari,
1637 1360 1668 1393 iu
1694 1360 1742 1393 ius
1766 1362 1815 1394 xel

1077 1413 1328 1446 controversiam
1346 1413 1498 1453 revocari,
1517 1420 1570 1446 aut
1594 1415 1633 1446 ad
1659 1414 1815 1447 terminos

1078 1466 1154 1498 iuris
1172 1465 1292 1505 reduci,
1309 1467 1358 1498 vel
1380 1467 1530 1499 adversus
1548 1467 1619 1500 illas
1640 1467 1817 1500 restitutio-

1078 1520 1127 1552 nis
1153 1519 1185 1551 in
1212 1520 1380 1562 integrum,
1407 1519 1594 1563 aperitionis
1619 1521 1698 1561 oris,
1728 1520 1817 1553 redu-

1078 1572 1192 1606 ctionis
1222 1574 1259 1606 ad
1291 1573 1374 1606 viam
1396 1579 1427 1606 et
1452 1574 1607 1606 terminos
1627 1574 1715 1613 iuris,
1734 1573 1816 1613 faeti,

1079 1626 1201 1668 gratiae
1217 1627 1266 1659 vel
1283 1626 1424 1659 iustitiae
1440 1627 1618 1659 remedium
1635 1627 1814 1670 impetrari,

1079 1690 1134 1711 seu
1159 1679 1404 1722 quomodolibet
1423 1690 1573 1712 concesso
1591 1685 1622 1712 et
1646 1680 1817 1722 impetrato

1079 1733 1262 1775 quempiam
1288 1732 1332 1764 uti
1359 1743 1417 1765 seu
1441 1744 1474 1765 se
1502 1733 1609 1765 iuvare
1642 1733 1674 1764 in
1700 1732 1818 1766 iudicio

1078 1786 1126 1817 vel
1152 1791 1240 1818 extra
1265 1797 1370 1828 posse,
1388 1796 1492 1828 neque
1516 1786 1645 1818 easdem
1671 1796 1818 1828 praesen-

1080 1843 1126 1870 tes
1152 1839 1212 1871 sub
1238 1839 1401 1881 quibusvis
1427 1839 1578 1871 similium
1605 1839 1654 1871 vel
1681 1839 1818 1871 dissimi-

1081 1891 1158 1923 lium
1185 1891 1361 1933 gratiarum
1388 1892 1658 1930 revocationibus,
1685 1902 1818 1934 suspen-

1080 1944 1242 1984 sionibus,
1270 1945 1536 1984 imitationibus,
1563 1950 1617 1977 aut
1646 1945 1717 1977 aliis
1742 1955 1818 1977 eon-

1081 1997 1186 2029 trariis
1212 1996 1477 2040 dispositionibus
1500 2008 1557 2040 pro
1577 2003 1722 2040 tempore
1741 2008 1819 2040 quo-

1080 2050 1257 2082 modolibet
1288 2050 1441 2082 sai-iendis
1478 2050 1710 2092 comprehendi
1762 2050 1818 2082 sed

1080 2113 1207 2145 semper
1231 2103 1270 2135 ab
1303 2102 1366 2135 illis
1399 2109 1559 2144 exceptas,
1594 2108 1817 2145 perpetuoque

1080 2156 1221 2194 validas,
1248 2156 1355 2191 firinas
1388 2161 1419 2188 et
1450 2156 1595 2188 efficaces
1626 2156 1762 2188 existere
1788 2161 1820 2188 et

1082 2210 1171 2249 sore,
1198 2220 1337 2252 suosque
1363 2209 1529 2252 plenarios
1554 2215 1585 2241 et
1608 2209 1754 2251 integros
1779 2209 1819 2242 ef-

1083 2264 1183 2295 fectus
1208 2263 1318 2295 sortiri
1344 2268 1375 2295 et
1399 2263 1558 2300 obtinere,
1576 2273 1612 2294 ac
1633 2273 1691 2305 per
1705 2272 1818 2295 omnes

1082 2322 1112 2348 et
1137 2317 1290 2358 singulos,
1317 2316 1357 2348 ad
1389 2326 1470 2358 quos
1488 2321 1613 2358 spectat
1636 2321 1668 2347 et
1692 2325 1820 2357 quomo-

1061 2389 1062 2400 ,
1083 2370 1205 2403 delibet
1229 2369 1389 2412 spectabit
1412 2369 1445 2401 in
1472 2370 1621 2407 futurum,
1648 2369 1820 2402 inviolabi-

1084 2423 1157 2455 liter
1177 2422 1363 2461 observari,
1394 2423 1503 2465 sicque
1529 2428 1560 2455 et
1584 2433 1649 2455 non
1671 2422 1765 2454 aliter
1785 2421 1819 2454 in

1083 2475 1268 2518 praemissis
1285 2474 1436 2507 omnibus
1454 2481 1486 2507 et
1502 2475 1637 2517 singulis
1651 2485 1710 2518 per
1727 2485 1820 2518 quos-

1083 2538 1222 2571 cumque
1243 2528 1366 2560 iudiees
1388 2528 1573 2561 ordinarios
1593 2534 1624 2561 et
1643 2529 1818 2569 delegatos,

1083 2582 1178 2616 etiam
1205 2592 1374 2615 causarum
1401 2582 1511 2625 palatii
1537 2581 1707 2625 apostolici
1733 2581 1820 2615 audi-

1822 202 1869 227 An.
1887 201 1914 228 C.
1937 201 2002 228 lf'ssi
