2247 3208
123 225 174 253 An.
189 225 218 252 C.
242 225 309 253 1666

314 273 402 307 tione
438 273 491 308 Ac]
523 274 663 317 reye'men
696 284 764 306 esse
797 281 959 307 reservata
986 275 1077 315 uhi-f

313 338 450 370 cumque
470 327 630 360 decedant
650 328 745 360 etiam
771 333 858 360 extra
876 327 1054 361 Romanam

312 380 434 413 curiam
467 385 496 411 et
529 385 617 413 extra
650 381 729 413 duas
761 381 880 413 dietas:
912 381 1053 424 itemque

313 433 567 465 reservationem
589 433 823 466 beneficiorum
843 434 1053 466 obtentorum

320 496 372 518 ier
397 485 500 518 dictos
534 486 688 519 officiales
722 487 842 519 intrare
876 486 972 518 etiam
1005 497 1053 519 ra-

297 497 401 571 ⁴i0ne
428 539 527 572 solius
553 539 666 575 officii:
686 545 716 571 et
738 539 873 582 insuper
897 544 1053 582 protono—

313 592 464 624 tariatuni
490 603 527 625 ex
554 593 639 624 dicta
660 592 773 625 militia
799 592 864 635 pia,
887 593 953 625 sive
974 592 1052 625 mili-

313 650 380 678 tum
405 646 541 689 piorum,
567 651 599 678 et
622 645 851 688 scriptoratnm
877 646 1052 688 separatim

313 698 506 742 acquisitum
532 698 731 731 constituere
758 698 835 730 duas
862 699 1051 732 reservatio-

312 760 369 783 nes
386 752 577 794 personales
594 751 785 794 coaequales
807 751 985 785 cxclusivas
1004 753 1051 785 in-

313 804 406 838 dulti.
871 813 876 817 ⁴

355 855 426 899 {5-
454 856 497 889 Ne
532 862 637 889 autem
671 857 806 890 materia
839 858 920 890 haee
953 859 1048 901 plene

312 909 455 942 discussa
475 914 507 941 et
532 910 676 942 resoluta
694 910 831 953 amplius
857 911 890 942 in
915 911 1049 943 dubium

310 968 482 995 revocetur
506 963 538 995 in
564 963 732 1006 praedicta
757 964 806 996 vel
831 963 902 996 aliis
932 964 1049 1005 causis,

311 1015 521 1049 inhaerentes
552 1016 697 1059 vestigiis
728 1017 931 1050 diversorum
956 1028 1051 1061 prae-

311 1069 520 1102 decessorum
553 1076 751 1109 nostrorum,
779 1071 853 1113 qui,
879 1076 913 1102 ut
945 1071 1049 1103 litium

311 1122 473 1155 anfractus
483 1123 758 1166 praescinderem,
772 1123 868 1156 dubia
880 1123 969 1163 iuris,
985 1129 1049 1157 tam

311 1187 370 1219 pro
392 1177 496 1209 causis
513 1177 743 1220 pendentibus,
763 1188 858 1220 quam
877 1178 973 1210 ctiam
990 1188 1049 1221 pro

311 1229 586 1272 futuris,pr01⁷›rio
613 1231 743 1263 oraculo
770 1231 988 1270 declararunt,
1008 1231 1050 1263 si-

311 1286 364 1314 cut.
378 1281 410 1313 in
424 1282 558 1314 materia
572 1283 800 1317 reservationis
817 1283 1049 1316 beneficiorum

310 1334 396 1367 inter
420 1340 548 1367 ceteros
574 1335 725 1368 fecerunt
742 1336 854 1369 similis
871 1337 1047 1369 memoriae

310 1387 428 1420 Paulus
461 1388 545 1431 Papa
579 1388 603 1420 Il
636 1388 667 1420 in
701 1389 933 1422 constitutione
966 1400 1048 1433 quae

310 1440 425 1484 incipit
448 1440 501 1474 Act
526 1441 677 1481 Romani,
706 1447 735 1474 et
763 1443 865 1475 dictus
898 1442 1047 1475 Urbanus

310 1493 342 1526 in
368 1494 601 1527 constitutione
628 1497 682 1528 sua
700 1496 861 1539 praefata,
881 1502 970 1529 motu
991 1507 1049 1529 no-

310 1552 378 1579 stro
399 1547 543 1590 proprio,
564 1558 628 1580 non
653 1549 692 1582 ad
717 1549 851 1582 alicuius
877 1550 970 1582 nobis
996 1561 1049 1582 su-

309 1610 368 1642 per
394 1600 457 1632 hoc
485 1600 612 1633 oblatae
644 1601 814 1644 petitionis
847 1602 1045 1643 instantiam,

309 1653 367 1685 sed
394 1663 429 1685 ex
455 1656 543 1686 certa
569 1654 714 1695 scientia,
733 1660 763 1688 et
788 1655 827 1688 de
852 1657 1048 1699 apostolicae

308 1706 481 1748 potestatis
507 1707 722 1749 plenitudine,
747 1707 948 1751 singularum
974 1720 1049 1742 con-

309 1758 516 1792 stitutionum
549 1765 581 1792 et
609 1760 866 1794 declarationum
891 1762 1047 1795 hactenus

308 1822 368 1856 per
393 1812 497 1846 dictos
530 1814 805 1856 praedecessores
831 1821 957 1848 nostros
982 1827 1048 1848 res-

308 1865 434 1908 pective
450 1865 604 1898 factarum
619 1872 650 1899 et
668 1867 889 1901 ordinatarum
909 1874 1045 1909 tenores,

309 1918 405 1951 etiam
430 1919 594 1960 veriores,
627 1930 663 1952 ae
696 1921 785 1953 datas
816 1923 1045 1964 praesentibus

307 1982 367 2016 pro
393 1973 552 2015 expressis
579 1973 756 2014 habentes,
783 1985 896 2011 omnes
927 1981 959 2008 et
983 1977 1048 2009 sin-

308 2026 399 2067 gulas
426 2026 645 2059 resolutiones
661 2032 691 2059 et
707 2028 943 2061 declarationes
961 2040 1047 2072 prae-

309 2078 409 2111 dictas
443 2084 608 2112 emanatas
635 2091 651 2112 a
676 2080 759 2113 dicta
793 2082 1046 2125 congregatione

309 2131 453 2175 quinque
478 2132 699 2176 praelatorum
725 2133 963 2175 confirmamus,
992 2146 1047 2179 ap-

308 2184 505 2227 probamus,
531 2190 563 2218 et
592 2186 637 2218 eis
668 2185 855 2220 inviolabile
886 2188 1045 2222 firmitatis

309 2238 509 2280 apostolicae
534 2240 634 2273 robur
659 2239 838 2281 adiicimus,
861 2241 971 2286 sicque
990 2243 1048 2276 ite-

309 2301 379 2323 rum
406 2296 436 2323 et
460 2292 682 2334 parisormiter
706 2304 765 2326 nos
791 2305 920 2338 quoqne
945 2300 1048 2329 aucto-

308 2344 405 2376 ritate
430 2345 610 2387 apostolica
635 2345 855 2387 declaramus,
881 2348 1047 2392 talemque

309 2407 378 2430 esse
404 2402 544 2430 mentem
564 2403 593 2430 et
612 2398 831 2432 intentionem
856 2405 982 2434 nostras
998 2402 1048 2435 de-

308 2449 513 2490 nunciamus,
531 2457 563 2483 et
578 2451 621 2483 ita
647 2463 706 2495 pro
732 2453 804 2495 lege
831 2454 1047 2487 declaratoria

309 2502 430 2546 ubique
451 2503 685 2537 inviolabiliter
709 2506 875 2538 observari
901 2508 1048 2540 volumus

310 2563 342 2588 et
366 2557 566 2597 mandamus,
592 2563 657 2590 tam
681 2558 713 2590 in
746 2559 924 2602 praedicta,
953 2535 1072 2603 quami

311 2608 408 2642 etiam
435 2609 467 2641 in
493 2610 642 2643 omnibus
669 2611 739 2643 aliis
758 2611 869 2644 litibus
896 2618 925 2645 et
945 2613 1048 2646 causis

912 228 990 250 ALEX
1000 228 1099 250 motin
1126 228 1168 250 ΥΠ
1194 228 1241 250 ΡΡ.

1731 217 1789 251 431

1097 274 1323 317 pendentibus,
1350 279 1445 317 atque
1473 275 1503 307 in
1529 275 1600 309 aliis
1621 275 1770 308 omnibns
1794 277 1832 309 de

1096 331 1203 359 cetero
1229 327 1413 366 movendi&
1437 332 1469 359 et
1489 327 1663 370 praemissa
1684 333 1713 359 nt
1737 339 1835 372 supra

1096 380 1257 411 declarata
1281 380 1315 412 in
1333 381 1588 413 controversiam
1614 382 1766 425 deinceps
1792 394 1836 415 re-

1095 432 1202 464 vocari
1228 442 1293 465 non
1319 443 1425 475 posse,
1452 444 1558 477 neque
1586 434 1694 474 licere,
1714 435 1837 478 praeci-

1094 485 1199 527 pimus
1227 490 1255 517 et
1282 485 1452 526 iubemus,
1476 488 1586 530 sicque
1606 493 1637 520 et
1657 499 1723 523 non
1742 489 1837 521 aliter

1093 547 1154 580 per
1187 547 1412 581 quoscumque
1439 538 1564 572 iudices
1591 540 1778 574 ordinarios
1805 547 1837 574 et

1095 590 1273 632 delegatos,
1301 591 1397 632 etiam
1424 603 1593 624 causarum
1623 594 1734 636 palatii
1761 606 1837 638 apo-

1094 642 1200 675 stolici
1226 644 1403 684 auditores,
1423 649 1453 676 et
1478 644 1509 677 S.
1529 645 1566 678 R.
1587 645 1621 678 E.
1639 647 1834 688 cardinales,

1095 695 1192 728 etiam
1207 697 1245 729 de
1260 699 1361 730 latere
1376 699 1501 741 legatos
1518 704 1549 731 et
1563 700 1770 742 Apostolicae
1785 700 1835 734 Se-

1094 749 1142 781 dis
1166 750 1312 791 nuncios,
1332 756 1363 784 et
1382 762 1604 795 quoscumque
1626 753 1717 793 alios,
1737 754 1832 787 etiam

1094 802 1227 845 speciali
1251 804 1462 847 expressione
1482 805 1677 848 indigentes,
1698 807 1832 840 iudicari

1094 861 1122 887 et
1150 855 1278 889 deliniri
1305 862 1336 889 et
1362 858 1570 901 interpretari
1596 859 1733 899 debere,
1759 861 1833 893 sub-

1094 909 1157 941 lata
1178 910 1224 943 eis
1248 916 1279 943 et
1300 922 1413 944 eorum
1441 912 1576 945 cuilibet
1601 913 1712 956 quavis
1739 914 1835 947 aliter

1093 962 1258 996 iudicandi
1285 970 1313 997 et
1339 964 1576 1008 interpretandi
1614 966 1766 1000 facultate
1803 972 1832 999 et

1094 1017 1308 1057 anctoritate,
1335 1029 1370 1051 ac
1397 1018 1522 1050 irritum
1548 1024 1581 1051 ct
1604 1019 1700 1052 inane
1727 1019 1832 1052 decer-

1093 1069 1200 1101 nimus
1227 1070 1251 1102 si
1277 1080 1368 1103 secus
1393 1082 1492 1114 super
1517 1071 1568 1104 liis
1601 1083 1619 1104 a
1649 1083 1830 1115 quoquam,

1093 1123 1204 1164 quavis
1225 1125 1426 1164 auctoritate,
1449 1125 1590 1158 scienter
1607 1126 1655 1159 vel
1681 1125 1832 1168 ignoran-

1094 1180 1152 1213 ter,
1180 1176 1351 1219 contigerit
1376 1178 1537 1210 attentari.

1137 1228 1151 1270 ξ
1177 1228 1207 1260 (³).
1234 1229 1319 1262 Nulli
1346 1241 1424 1273 ergo
1450 1231 1582 1264 omnino
1604 1231 1772 1264 hominum
1792 1233 1830 1265 li-
1867 1241 1955 1262 Sammo
1975 1247 2026 1269 rw·

1092 1287 1162 1314 ceat
1179 1282 1262 1314 lianc
1282 1283 1432 1325 paginam
1459 1289 1588 1317 nostrae
1613 1269 1901 1318 confi1·mati0-“''¹¹'⁵‘

1092 1334 1155 1373 nis,
1182 1335 1435 1378 approbationis,
1463 1337 1664 1377 adiectionis,
1690 1339 1831 1371 declara-

1093 1387 1195 1427 tionis,
1207 1388 1479 1429 denunrialionis,
1491 1391 1675 1431 voluntatis,
1687 1391 1829 1424 mandati

1092 1441 1269 1484 praecepti,
1284 1441 1437 1475 iussionis
1456 1448 1486 1475 et
1500 1444 1623 1476 decreti
1637 1443 1827 1487 infringere,

1092 1495 1140 1527 rel
1166 1494 1195 1527 ei
1221 1505 1303 1527 ausu
1328 1496 1501 1529 temerario
1519 1497 1739 1530 contraire.Si
1758 1499 1830 1541 quis

1092 1553 1199 1580 autem
1225 1549 1286 1584 hoc
1311 1554 1469 1582 attentare
1494 1551 1762 1594 praesumpserit,
1781 1551 1829 1584 in-

1092 1601 1314 1644 dignationem
1340 1603 1573 1646 omnipotentis
1605 1603 1661 1636 Dei
1693 1615 1728 1636 ac
1754 1604 1829 1638 bea-

1093 1659 1197 1687 torum
1223 1655 1306 1688 Petri
1333 1661 1364 1688 et
1394 1656 1484 1688 Pauli
1510 1657 1734 1700 apostolorum
1758 1657 1827 1691 eius

1091 1717 1124 1739 se
1150 1708 1276 1741 noverit
1300 1709 1515 1741 incursurum.

1134 1761 1247 1794 Datum
1267 1762 1400 1803 Romae,
1419 1762 1503 1805 apud
1530 1762 1560 1795 S.
1581 1762 1712 1795 Mariam
1731 1763 1829 1797 Maio-

1091 1825 1169 1853 rem,
1183 1825 1267 1847 anno
1286 1815 1523 1848 incarnationis
1536 1815 1663 1848 Domini
1678 1827 1825 1857 MDCLXVI,

1090 1878 1120 1900 Vt
1145 1868 1217 1900 idus
1242 1868 1371 1911 aprilis,
1397 1868 1607 1912 pontificatus
1642 1869 1746 1902 nostri
1773 1881 1828 1903 an-

1091 1932 1132 1954 no
1149 1920 1209 1954 Μ’.

1125 1993 1182 2020 Dat.
1206 1992 1248 2021 die
1269 1994 1284 2020 8
1304 1993 1396 2028 aprilis
1420 1994 1495 2027 1666,
1519 1993 1614 2029 pontis.
1636 2002 1707 2022 anno
1721 2001 1757 2022 xl.

1408 2189 1509 2222 DXLI.

1093 2293 1191 2327 Bulla
1204 2304 1256 2326 seu
1279 2294 1408 2327 litterae
1420 2294 1592 2328 decretales
1612 2297 1831 2330 canonizatio-

1135 2348 1186 2380 nis
1202 2349 1307 2381 sancti
1325 2348 1495 2381 Francz'scz·
1519 2349 1556 2381 dc
1580 2349 1670 2383 Sales
1691 2351 1830 2394 episcopi

1136 2400 1325 2434 Gemens-is
1338 2400 1358 2434 ².

1128 2491 1137 2515 l
1162 2490 1199 2516 ΑΙ)
1220 2489 1351 2517 electione
1371 2497 1406 2517 xn
1427 2491 1466 2524 (R.
1484 2492 1530 2526 T.)-

1127 2534 1143 2559 Ε).
1165 2533 1229 2559 vide
1245 2534 1334 2561 Const.
1352 2542 1429 2561 ccxiv
1443 2535 1490 2569 (al.
1506 2536 1570 2569 213)
1587 2535 1665 2563 huius
1682 2536 1827 2570 Pontiticis,

1094 2577 1120 2603 in
1137 2586 1189 2613 qua
1205 2578 1321 2604 liabetur
1337 2580 1499 2606 canonizatio
1516 2580 1543 2606 S.
1560 2580 1679 2607 Tliomae
1700 2581 1732 2607 de
1755 2581 1829 2607 tnta-

1094 2630 1161 2649 noxa
1178 2622 1372 2659 aielrepiscopi
1384 2624 1527 2659 Valentini,
1545 2629 1607 2652 tom.
1620 2631 1675 2657 xri,
1688 2634 1747 2660 pag.
1765 2625 1825 2652 396.

1841 227 1890 254 An.
1908 227 1936 254 C.
1962 227 2026 255 ¹606
