2247 3208
113 203 164 230 An.
179 204 208 231 C.
231 203 298 231 1663

308 251 435 296 peditas
460 251 582 285 litteras
607 250 771 283 concessis
796 255 828 283 et
858 249 1046 293 approbatis

308 304 404 348 (quae
431 304 539 337 omnia
558 309 590 336 et
609 303 745 346 singula,
773 309 933 347 quatenus
958 313 1045 346 prac-

306 356 379 390 satis
404 356 523 390 nostris
543 357 659 390 litteris
684 367 750 389 non
776 357 1042 397 adversabantur,

306 414 339 442 et
362 420 426 442 non
453 409 541 449 alias,
560 409 820 443 confirmavimus
836 415 868 443 et
887 410 1045 452 approba-

305 462 434 503 vimus,
471 468 630 506 quatenus
664 474 738 497 vero
774 463 894 497 nostris
928 462 1043 496 litteris

306 520 399 548 erant
423 516 597 557 contraria,
616 516 849 556 revocavimus,
875 514 1043 557 abrogavi-

306 579 388 609 mus,
416 569 632 608 cassavimus,
660 569 845 611 viribusque
871 573 904 601 et
928 567 1042 600 effectu

306 621 536 664 vacuavimus),
555 621 638 654 sicut
662 627 797 654 eatenus
817 622 876 661 usi,
893 620 984 664 potiti
1011 626 1043 653 et

308 673 405 716 gavisi
432 674 560 707 su'erant
575 701 582 714 ,
601 674 645 706 ita
668 679 699 707 et
719 674 752 706 in
776 678 941 716 postemm
968 673 1040 713 frui,

305 726 401 770 potiri
420 732 452 759 et
469 727 613 769 gaudere
628 727 729 760 libere
755 731 785 759 et
805 726 890 759 licite
908 732 1042 769 possent

305 785 336 812 et
360 780 515 819 valerent,
540 779 759 812 concessimus
785 785 816 812 et
840 779 1040 819 indulsimus,

303 836 336 864 et
358 831 436 864 alias
460 837 560 874 prout
580 832 611 864 in
629 832 752 865 eisdem
777 832 893 866 nostris
913 832 1038 872 litteris,

303 894 449 926 quarum,
473 895 602 917 necnon
626 885 843 928 praefatarum
867 884 945 918 Sixti
965 884 988 917 V
1008 890 1041 923 et

301 935 420 969 Urbani
445 937 508 970 VIII
533 937 822 981 praedecessorum
846 938 1037 979 litterarum,

301 993 431 1023 tenores
453 996 485 1024 et
499 991 588 1024 datas
605 991 701 1024 etiam
718 991 861 1025 veriores
885 1002 1039 1035 praesen-

302 1041 388 1076 tibus
406 1054 464 1087 pro
486 1045 582 1086 plene
601 1049 633 1077 et
659 1044 857 1077 sufficienter
877 1044 1037 1087 expressis

302 1105 339 1128 ac
363 1096 402 1128 de
427 1096 526 1129 verbo
552 1097 591 1129 ad
616 1097 747 1130 verbum
768 1097 898 1131 insertis
923 1098 1038 1131 haberi

303 1149 462 1189 volumus,
482 1150 615 1182 uberius
638 1151 833 1183 continetur.

346 1202 361 1244 ἓ
380 1201 410 1234 ⁶2.
430 1201 509 1234 Cum
526 1208 645 1243 autem,
663 1204 744 1236 sicut
761 1203 942 1248 accepimus
961 1203 1039 1246 (mc-

304 1254 436 1287 moratis
461 1255 603 1298 capitulo
630 1261 662 1288 et
685 1256 849 1289 canonicis
878 1256 1040 1289 executio-

302 1316 377 1339 nem
402 1307 660 1350 privilegiorum,
687 1309 837 1349 favorum,
865 1309 1037 1352 gratiarum

302 1364 335 1391 et
353 1358 553 1393 indultorum
572 1361 758 1394 huiusmodi
775 1362 853 1405 ipsis
878 1367 910 1395 et
934 1362 1037 1396 dictae

301 1412 456 1445 ccclesiae
481 1424 499 1446 a
523 1415 677 1457 praefatis
701 1415 854 1448 Romanis
879 1416 1039 1449 Pontifici-

300 1465 359 1497 bus
382 1466 690 1508 praedecessoribus
714 1469 831 1502 nostris
845 1474 876 1502 et
892 1480 1039 1512 praeser-

301 1517 358 1550 tim
382 1518 470 1551 Sixto
494 1519 517 1550 V
543 1525 575 1552 et
600 1520 729 1554 Urbano
754 1521 817 1554 VIII
842 1533 901 1566 per
925 1534 1037 1556 eorum

301 1570 424 1604 litteras
448 1573 648 1616 supradictas
667 1576 847 1618 respective
865 1587 1038 1611 concesso-

301 1635 372 1657 rum
397 1629 429 1657 et
453 1627 728 1669 approbatorum,
755 1639 791 1661 ac
816 1640 834 1662 a
856 1630 950 1664 nobis
979 1643 1038 1674 per

301 1677 425 1711 litteras
449 1685 577 1713 nostras
601 1682 774 1724 praefatas,
794 1688 829 1715 ut
844 1685 1036 1727 praefertur,

301 1730 572 1774 confirmatorum,
585 1735 797 1779 petentibus),
812 1738 902 1770 multi
915 1738 1036 1772 domini

134 1213 221 1235 motiva.

302 1793 357 1815 scu
375 1783 524 1827 inquilini
542 1786 712 1820 domorum
729 1789 855 1831 plateae
873 1792 1035 1833 praefatae
1056 1802 1057 1806 ¹

302 1836 530 1878 adiacentium,
549 1844 581 1871 et
595 1840 769 1883 praecipue
788 1849 963 1884 curatores,
981 1856 1036 1877 scu

302 1889 595 1933 administratores,
629 1894 680 1926 vel
705 1901 955 1937 procuratores,
980 1908 1036 1931 seu

302 1943 508 1985 negotiorum
533 1951 678 1987 gestores
711 1950 924 1990 quorumdam
950 1952 1037 1984 loco-

301 2005 372 2027 rum
396 1995 524 2038 piorum
549 2008 619 2030 sese
644 2007 825 2042 opponant,
855 2003 959 2035 sorum
985 2005 1038 2037 de-

301 2047 422 2082 clinare
448 2054 640 2092 satagentes,
660 2063 837 2097 causasque
858 2066 966 2089 coram
984 2068 1038 2091 eo-

301 2110 372 2134 rum
396 2101 558 2135 iudicibus
588 2113 845 2148 reassumeutes‚
872 2110 958 2142 unde
985 2121 1038 2143 ea-

301 2154 449 2187 rumdem
469 2155 649 2190 litterarum
665 2160 811 2193 executio
829 2163 1039 2205 suspenditur

301 2206 334 2238 in
359 2218 455 2250 grave
481 2211 638 2244 ecclesiae
671 2224 707 2245 ac
733 2214 862 2256 capituli
885 2222 917 2248 et
942 2228 1038 2250 cano-

302 2259 446 2293 nicorum
470 2264 689 2305 praefatortin
715 2266 865 2300 damnum
892 2274 923 2301 et
947 2281 1039 2312 prae-

154 2323 291 2344 oneratorum
303 2313 475 2347 iudicium:
495 2316 571 2348 hInc
592 2323 639 2350 est
659 2320 744 2361 quod
763 2331 830 2360 nos,
850 2324 1039 2356 eorumdem

108 2352 249 2376 exequutores
262 2355 291 2370 in-

108 2378 183 2397 stituit.

894 201 1082 226 ALEXANDER
1106 203 1149 226 vn
1175 203 1222 226 PP-

304 2367 462 2400 ecclesiae
495 2379 532 2401 ac
564 2370 718 2412 capituli¹
746 2378 778 2404 et
807 2375 1060 2426 canonicorumt

303 2419 508 2453 indemnitati
544 2424 744 2467 peramplius
780 2427 952 2468 providere
987 2432 1060 2465 v0-{

1088 259 1183 282 sonas
1213 261 1230 283 a
1255 251 1418 294 quibusvis
1454 254 1821 295 excommunicationis,

1087 304 1310 345 suspensionis
1345 310 1376 338 et
1400 306 1584 348 interdicti,
1611 308 1746 351 aliisque
1772 319 1824 341 ec-

1086 355 1272 389 clesiasticis
1286 359 1471 399 sententiis,
1488 360 1634 393 censuris
1649 366 1680 394 et
1695 362 1822 404 poenis,

1084 418 1102 439 a
1126 407 1195 441 iure
1221 411 1271 442 vel
1297 410 1335 442 ab
1362 411 1505 455 homine,
1522 414 1633 456 quavis
1651 414 1821 448 occasione

1083 462 1134 493 vel
1159 464 1256 494 causa
1281 463 1361 502 latis,
1381 464 1406 495 si
1433 464 1549 507 quibus
1575 468 1823 509 quomodolibet

1083 512 1257 547 innodatae
1291 516 1455 557 existunt,
1483 518 1522 550 ad
1548 518 1697 551 effectum
1729 530 1822 563 prae-

1083 566 1224 598 sentium
1249 567 1414 601 dumtaxat
1450 572 1741 613 consequendum,
1768 572 1822 605 lia-

1082 628 1151 650 rum
1176 620 1258 652 serie
1284 621 1489 655 absolventes
1515 629 1547 656 et
1571 625 1734 657 absolutas
1754 626 1820 659 sore

1082 678 1268 713 censentes,
1292 679 1387 715 motu,
1409 675 1555 716 scientia,
1582 677 1819 712 deliberatione

1082 729 1114 756 et
1126 727 1295 768 potestatis
1313 727 1516 769 plenitudine
1535 729 1675 772 paribus,
1695 730 1820 763 dilectis

1080 776 1155 810 filiis
1181 784 1292 812 nostro
1317 779 1348 811 in
1368 780 1451 813 dicta
1467 781 1552 814 Urbe
1570 782 1689 815 vicario
1706 782 1738 815 in
1756 783 1821 826 spi-

1080 830 1248 864 ritualibus
1277 843 1313 865 ac
1337 844 1507 866 causarum
1533 835 1639 868 curiae
1672 846 1819 869 camerae

1080 885 1275 927 apostolicae
1290 886 1426 919 auditori
1441 888 1647 930 generalibus
1660 899 1718 932 per
1731 899 1820 933 prae-

1080 943 1188 971 sentes
1213 939 1442 973 committimus
1467 946 1500 974 et
1521 942 1722 983 mandamus,
1742 953 1818 986 qua-

1080 995 1173 1024 tenus
1199 991 1270 1035 ipsi,
1297 994 1347 1026 vel
1373 995 1454 1026 alter
1478 1004 1601 1035 eorum,
1632 995 1728 1028 etiam
1752 996 1817 1039 pri-

1080 1044 1183 1077 vative
1209 1046 1315 1088 quoad
1343 1046 1422 1079 alios
1449 1057 1668 1091 quoscumque
1694 1048 1817 1082 iudices

1080 1097 1177 1130 etiam
1202 1098 1423 1142 privilegiatos
1444 1106 1476 1133 et
1500 1101 1632 1144 speciali
1650 1102 1816 1135 mentione

1081 1150 1207 1192 dignos,
1226 1162 1285 1194 per
1301 1163 1344 1191 se,
1360 1154 1409 1185 vel
1428 1153 1535 1193 alium,
1551 1165 1609 1187 scu
1623 1155 1713 1195 alios,
1727 1166 1816 1199 prae·

1081 1203 1159 1235 satas
1183 1209 1308 1236 nostras
1334 1215 1370 1237 ac
1397 1205 1475 1238 Sixti
1500 1206 1522 1238 V
1548 1212 1580 1240 et
1603 1207 1721 1240 Urbani
1753 1207 1816 1241 VIII

1080 1256 1368 1298 praedecessorum
1392 1258 1526 1300 litteras,
1557 1265 1588 1292 et
1611 1260 1644 1292 in
1670 1260 1715 1294 eis
1741 1271 1816 1294 con-

1081 1313 1168 1340 tenta
1192 1318 1423 1354 quaecumque,
1445 1311 1500 1344 ubi
1526 1317 1557 1345 et
1581 1313 1710 1357 quando
1735 1323 1815 1357 opus

1080 1361 1192 1401 suerit,
1219 1367 1252 1394 et
1276 1362 1402 1406 quoties
1438 1374 1496 1407 pro
1529 1370 1620 1407 parte
1657 1365 1816 1399 dictorum

1080 1414 1353 1459 archipresbyteri
1386 1427 1423 1449 ac
1455 1417 1587 1461 capituli
1620 1424 1652 1452 et
1683 1419 1816 1452 canoni-

1079 1478 1192 1501 corum
1216 1469 1334 1502 suerint
1357 1470 1516 1513 requisiti,
1542 1472 1730 1506 solemniter
1758 1484 1816 1516 puu

1079 1521 1249 1562 blicantes,
1269 1522 1396 1566 illisque
1413 1523 1445 1555 in
1462 1526 1651 1568 praemissis
1677 1526 1815 1559 efficacis

1080 1575 1281 1608 defensionis
1300 1576 1462 1619 praesidio
1479 1577 1681 1620 assistentes,
1698 1579 1817 1612 saciant

1079 1629 1269 1662 auctoritate
1293 1632 1402 1662 nostra
1435 1631 1566 1664 eosdem
1590 1633 1816 1676 archipresby-

1080 1687 1184 1714 terum
1208 1693 1244 1715 ac
1269 1683 1446 1727 capitulum
1471 1689 1503 1717 et
1527 1686 1700 1719 canonicos
1716 1714 1723 1727 ‚
1752 1692 1815 1719 tam

1079 1735 1111 1768 in
1127 1736 1230 1769 causis
1243 1737 1446 1777 introductis,
1461 1750 1556 1782 quam
1569 1740 1722 1785 deinceps
1736 1752 1816 1785 quov

1079 1790 1314 1834 modocumque
1348 1796 1380 1823 et
1414 1792 1683 1837 quandocumque
1716 1794 1816 1827 intro-

1079 1843 1198 1883 ceudis,
1226 1844 1412 1877 earumdem
1436 1850 1617 1878 nostrarum
1638 1857 1674 1879 ac
1698 1847 1774 1880 Sixti
1792 1848 1814 1879 V

1080 1902 1111 1929 et
1136 1896 1254 1929 Urbani
1278 1897 1341 1929 VIII
1372 1899 1658 1941 praedecessorum
1692 1901 1815 1934 littera-

1079 1960 1160 1990 rum,
1188 1950 1396 1993 omniumque
1428 1956 1461 1984 et
1484 1951 1686 1995 singulorum
1712 1953 1743 1986 in
1769 1954 1815 1987 eis

1079 2004 1259 2047 respective
1274 2010 1508 2046 contentorum,
1527 2012 1687 2049 quatenus
1706 2013 1815 2041 tamen

1080 2056 1134 2089 illa
1159 2066 1217 2099 per
1241 2057 1402 2100 praefatas
1426 2063 1550 2091 nostras
1575 2059 1698 2092 litteras
1723 2072 1816 2095 revo-

1057 2138 1059 2145 .
1080 2115 1149 2142 cata
1175 2121 1239 2143 non
1264 2117 1346 2151 sunt,
1369 2113 1540 2145 commodo
1566 2119 1598 2146 et
1623 2114 1736 2147 ell'cctu
1761 2126 1816 2158 pa-

1080 2163 1168 2195 cifice
1196 2164 1257 2196 frui
1282 2171 1314 2196 ct
1338 2166 1489 2207 gaudere,
1507 2177 1573 2199 non
1590 2167 1817 2211 permittentes

1081 2228 1136 2250 eos
1162 2219 1301 2261 desuper
1325 2230 1342 2251 a
1371 2230 1533 2263 quoquam
1566 2222 1677 2264 quavis
1707 2230 1817 2258 ,aucto-

1081 2270 1174 2303 ritate
1199 2272 1447 2313 quomodolibet
1469 2273 1614 2306 indebite
1637 2276 1816 2317 molestari,

1081 2324 1336 2356 contradictores
1362 2326 1525 2368 quoslibet
1549 2332 1580 2360 et
1600 2329 1742 2363 rebelles
1758 2341 1817 2374 per

1081 2387 1232 2409 censuras
1257 2382 1289 2409 et
1313 2388 1436 2421 poenas
1460 2380 1710 2422 ecclesiasticas,
1742 2383 1818 2416 alia-

1083 2440 1143 2471 que
1169 2435 1355 2472 opportuna
1387 2431 1464 2464 iuris
1489 2438 1521 2465 et
1545 2434 1618 2466 sacti
1651 2435 1816 2477 remedia,

304 2473 425 2512 lentes,
451 2473 675 2518 dictorumque
707 2477 982 2523 archipresbyteri
1009 2479 1060 2515 et}
1082 2483 1304 2524 appellatione
1330 2485 1523 2527 postposita,
1558 2489 1816 2530 compescendo,

305 2525 436 2569 capituli
462 2533 494 2559 et
517 2528 748 2562 canonicorum
773 2531 956 2573 singulares
973 2546 1040 2577 per·
1059 2532 1061 2564 l
1083 2534 1230 2568 invocato
1256 2536 1352 2568 etiam
1378 2538 1417 2569 ad
1444 2538 1524 2579 hoc,
1549 2539 1574 2571 si
1600 2550 1680 2583 opus
1705 2540 1815 2583 suerit,

341 2589 352 2614 1
375 2587 444 2614 Edit.
460 2588 539 2616 Mam.
557 2589 619 2624 legit
635 2591 761 2625 capitulo
777 2594 814 2627 (R.
832 2592 880 2628 T.).

1084 2588 1201 2621 auxilio
1226 2589 1351 2622 brachii
1377 2592 1544 2626 secularis.

1718 197 1780 230 '207
1827 206 1874 232 An.
1893 204 1921 231 C.
1944 203 2013 230 1663
