2247 3208
213 219 264 245 ΛΠ.
282 219 309 245 C.
333 221 353 244 ί(
365 219 397 245 67

445 208 507 241 018
987 214 1165 239 nnttxruuu
1190 214 1341 239 noumuit

408 265 593 308 separatim,
612 274 666 296 seu
684 264 854 306 utramque
871 262 993 295 mixtim
1010 272 1139 295 concer-
1182 262 1284 294 nobili
1316 262 1493 305 originario
1527 275 1563 296 ac
1595 264 1821 308 antiquissimo
1845 265 1913 298 cive

407 317 571 355 nentibus,
599 326 632 348 se
658 315 832 348 familiares
858 315 1027 348 continuos
1052 324 1139 347 com·
1181 314 1339 356 procreati
1370 315 1492 354 forent,
1517 321 1548 348 et
1578 317 1762 350 huiusmodi
1788 328 1915 360 praero-

406 369 573 407 mensales,
600 373 791 410 nostrosque
817 367 970 405 comites,
996 367 1137 406 milites,
1181 367 1314 408 gativae,
1333 367 1510 410 privilegia,
1531 369 1763 412 exemptiones,
1783 371 1912 413 gratiae,

405 421 530 454 nobiles
556 426 587 453 et
606 421 689 454 cives
707 421 802 453 etiam
825 420 1019 462 originarios
1036 420 1138 453 nomi·
1181 419 1306 452 favores
1323 446 1330 459 ‚
1358 420 1605 460 concessiones,
1630 422 1753 454 indulta
1777 428 1808 455 et
1832 422 1913 462 iura,

404 474 485 513 nari,
505 484 565 506 nec
589 479 764 517 propterea
788 473 1042 516 impetrationes,
1062 483 1138 506 con·
1180 481 1261 514 quae
1287 482 1344 514 pro
1370 472 1439 505 aliis
1464 472 1627 505 nobilibus
1653 478 1684 506 et
1708 474 1829 507 civibus
1854 475 1913 508 ori-

403 526 566 559 cessiones
599 531 630 559 et
659 526 786 559 litterae
813 526 1000 559 huiusmodi
1026 527 1137 559 subre-
1180 525 1311 567 ginariis
1337 531 1535 565 emanarunt,
1555 531 1588 558 et
1612 536 1693 569 quae
1710 526 1836 559 ratione
1855 538 1914 561 no-

403 579 521 622 ptionis
554 579 631 611 vitio
663 579 859 619 subiaceant,
886 580 940 612 sed
966 579 1072 611 valide
1105 584 1137 611 et
1179 577 1311 610 bilitatis
1348 583 1380 610 et
1414 577 1575 610 civilitatis
1601 579 1755 611 naturalis
1788 583 1819 611 et
1852 579 1913 612 ori-

402 632 547 665 efficaces
571 632 721 672 existant,
749 643 785 664 ac
810 643 846 664 ex
872 642 956 665 nunc
981 632 1134 674 deinceps
1180 630 1321 672 ginariae
1357 630 1428 662 aliis
1465 635 1671 673 competunt,
1699 642 1758 674 pro
1791 632 1912 665 eisdem

401 684 433 716 in
459 689 652 728 perpetuum
685 685 834 717 omnibus
867 689 898 717 et
929 684 1136 727 quibuscum·
1178 682 1378 716 conclaristis
1410 683 1443 715 in
1478 684 1585 726 specie
1622 690 1825 716 emanassent
1856 695 1911 717 seu

401 747 462 780 que
489 747 524 769 ac
548 747 680 780 prorsus
706 736 864 769 similibus
903 736 1135 768 antelationum
1178 741 1381 776 emanarent,
1416 741 1447 768 et
1471 736 1517 769 eis
1543 737 1734 769 naturaliter
1758 737 1797 770 de
1822 737 1910 777 iure,

400 790 658 829 antelationibus,
685 789 928 832 praerogativis,
947 788 1134 831 privilegiis,
1178 794 1315 828 statuto,
1342 789 1598 828 consuetudine,
1626 789 1834 830 fundatione,
1862 790 1911 823 vel

400 842 614 881 libertatibus,
640 841 905 880 immunitatibus,
924 841 1135 883 exemptioni-
1177 841 1254 874 alias
1274 846 1505 884 competerent,
1529 842 1716 875 auctoritate
1742 847 1773 875 et
1798 847 1909 875 tenore

400 894 471 933 dus,
500 894 656 933 decretis,
683 893 970 932 declarationibus,
998 894 1134 935 deroga-
1177 894 1335 926 similibus
1360 894 1577 936 indulgemus.

399 946 549 985 tionibus,
568 946 736 985 mandatis,
755 945 1030 988 suspensionibus,
1049 945 1134 977 favo·
1220 947 1234 989 ἓ
1259 945 1290 979 3.
1324 946 1452 989 Nosque
1484 946 1693 979 conclavistas
1725 947 1909 990 praedictos

398 1000 502 1039 ribus,
530 1000 660 1042 gratiis,
696 999 892 1042 privilegiis,
930 998 1061 1031 indultis
1098 1008 1133 1030 ac
1177 1009 1193 1030 3
1218 999 1376 1031 solutione
1402 1004 1433 1032 et
1464 1000 1629 1032 exactione
1657 1000 1853 1033 decimarum
1878 1005 1909 1033 et

399 1052 530 1092 iuribus,
550 1052 665 1095 quibus
683 1051 736 1084 alii
752 1051 854 1084 nostri
870 1051 1044 1083 familiares
1056 1056 1134 1083 tem·
1176 1051 1401 1094 cuiuscumque
1426 1052 1566 1094 pedagii,
1593 1052 1735 1092 subsidii,
1763 1053 1908 1094 gabellae

398 1115 475 1148 pore
490 1105 593 1137 dictae
611 1103 837 1147 assumptionis
852 1109 979 1136 nostrae
997 1104 1036 1136 ad
1050 1114 1133 1135 sum-
1176 1109 1206 1136 et
1230 1104 1456 1147 cuiuscumque
1490 1104 1596 1137 oneris
1613 1131 1619 1144 ,
1645 1109 1707 1137 tarn
1737 1105 1908 1146 ordinarii,

397 1157 439 1189 mi
466 1158 663 1200 apostolatus
697 1157 836 1199 apicem,
862 1167 896 1188 ac
929 1156 1046 1199 quibus
1078 1156 1131 1189 alii
1176 1167 1270 1199 quam
1295 1157 1549 1194 extraordinarii,
1570 1156 1689 1199 ubique
1714 1157 1860 1189 locorum
1877 1162 1910 1189 et

397 1211 540 1243 eiusdem
565 1210 655 1243 Sedis
682 1210 798 1243 notarii
817 1210 910 1242 etiam
936 1211 974 1242 de
998 1219 1131 1241 numero
1175 1219 1211 1241 ex
1237 1219 1437 1252 quacumque
1455 1209 1658 1251 quantumvis
1681 1209 1910 1251 urgentissima

397 1263 656 1306 participantium
683 1263 869 1301 existentes,
897 1262 1021 1295 etiamsi
1047 1261 1132 1293 habi·
1176 1267 1207 1294 et
1242 1261 1480 1303 inexcogitabili
1522 1264 1616 1293 causa
1651 1266 1682 1294 et
1718 1261 1908 1300 occasione,

397 1322 462 1348 tum
477 1321 507 1348 ct
521 1316 703 1348 rochettum
718 1315 914 1348 notariorum
929 1314 1028 1357 ipsius
1041 1313 1131 1347 Sedis
1175 1314 1269 1347 etiam
1294 1314 1332 1346 ad
1358 1314 1542 1346 instantiam
1566 1314 1908 1357 imperatoris,regum

396 1379 461 1401 non
486 1369 642 1407 deferant,
667 1368 841 1411 palatiique
867 1373 898 1401 et
923 1368 1014 1400 aulae
1040 1377 1131 1409 prae·
1174 1371 1206 1399 et
1230 1366 1552 1408 rerumpublicarum,
1580 1366 1675 1398 etiam
1693 1366 1906 1406 venetiarum,

397 1421 555 1454 dictorum
582 1418 725 1459 comites,
743 1420 872 1459 milites,
893 1420 1018 1453 nobiles
1036 1419 1131 1452 etiam
1174 1424 1206 1451 et
1229 1419 1363 1452 aliorum
1391 1429 1665 1461 quorumcumque
1699 1417 1904 1461 principum,

396 1473 563 1514 originarii
589 1483 624 1505 ac
642 1472 852 1515 antiquissimi
878 1472 961 1505 cives
987 1472 1131 1505 eiusdem
1173 1472 1398 1514 impositorum
1420 1477 1452 1504 et
1468 1471 1740 1514 imponendorum
1756 1481 1814 1514 pro
1832 1477 1907 1504 tem·

396 1525 499 1567 Urbis,
526 1527 575 1559 vel
602 1526 736 1558 civitatis
762 1536 866 1568 quam,
882 1531 917 1557 ut
940 1526 1128 1568 praefertur,
1149 1518 1152 1539 ‘
1172 1535 1262 1568 pore,
1290 1535 1325 1557 cx
1352 1535 1438 1557 nunc
1462 1530 1559 1567 prout
1584 1535 1621 1557 ex
1647 1530 1730 1563 tunc,
1751 1529 1781 1557 et
1806 1534 1906 1557 econ-

397 1578 577 1621 elegerint,
612 1579 730 1621 quique
761 1586 802 1610 ex*
827 1584 964 1621 utroque
996 1584 1129 1621 parente
1173 1582 1228 1617 tra,
1255 1583 1286 1610 et
1309 1583 1478 1620 postquam
1493 1587 1582 1609 casus
1601 1576 1788 1609 huiusmodi
1805 1576 1907 1619 impo-

395 1642 469 1664 vere
496 1631 595 1664 nobili
630 1636 662 1663 et
693 1631 759 1663 cive
792 1630 963 1673 originario
996 1636 1027 1663 et
1051 1622 1151 1671 anti-ff
1172 1630 1297 1663 sitionis
1316 1635 1348 1662 et
1365 1629 1535 1662 solutionis
1553 1629 1709 1669 evenerit,
1730 1629 1904 1661 liberamus

397 1684 552 1727 quissimo
569 1684 742 1727 procreati,
757 1683 795 1716 de
813 1683 892 1723 iure,
911 1688 1035 1723 statuto,
1058 1693 1131 1716 con·
1149 1686 1152 1723 l
1172 1682 1203 1715 et
1238 1682 1425 1721 eximimus,
1461 1682 1645 1725 liberosque
1678 1685 1710 1714 et
1741 1686 1905 1723 exemptos

397 1736 569 1769 suetudine
601 1737 652 1769 vel
684 1736 762 1768 alias
795 1747 832 1768 ex
866 1736 974 1779 aliquo
999 1736 1129 1778 speciali
1172 1735 1238 1768 fore
1264 1740 1296 1767 et
1320 1745 1388 1768 esse
1413 1735 1634 1768 decernimus:
1659 1734 1833 1767 districtius
1858 1733 1906 1766 in-

396 1788 572 1831 privilegio,
592 1799 647 1821 seu
665 1789 743 1821 alias
761 1789 1014 1831 quomodolibet,
1034 1788 1129 1821 etiam
1173 1788 1320 1821 hibentes
1346 1789 1472 1821 dilectis
1487 1788 1560 1821 filiis
1580 1799 1664 1820 nunc
1688 1792 1719 1820 et
1743 1797 1801 1830 pro
1827 1792 1905 1820 tem-

396 1842 501 1884 quoad
527 1841 761 1874 assecutionem
782 1851 1056 1884 quorumcumque
1081 1841 1130 1874 be?
1149 1834 1153 1851 ¹
1172 1851 1250 1884 pore
1276 1841 1486 1873 existentibus
1511 1840 1655 1873 eiusdem
1678 1839 1709 1872 S.
1736 1840 1772 1872 R.
1793 1839 1826 1871 E.
1854 1849 1906 1871 ca-

396 1894 584 1927 neiiciorum
610 1894 919 1933 ecclesiasticorum,
947 1894 1044 1926 etiam
1072 1904 1131 1936 per
1148 1863 1154 1921 l
1172 1894 1330 1934 merario,
1363 1893 1584 1933 thesaurario,
1618 1892 1878 1936 praesidentibus
1895 1918 1902 1932 ,

396 1957 617 1989 quascumque
643 1946 765 1979 litteras
797 1956 853 1979 seu
885 1946 1130 1979 constitutiones
1147 1946 1152 1985 ¹,
1172 1947 1305 1985 clericis,
1331 1956 1368 1978 ac
1392 1945 1647 1988 quibuscumque
1669 1945 1739 1977 aliis
1761 1944 1905 1977 officiali-

396 1999 587 2041 apostolicas
612 2009 670 2041 pro
695 2003 840 2041 tempore
858 1999 966 2038 editas,
988 2004 1129 2038 utuntur,
1172 1999 1231 2030 bus
1256 2007 1399 2030 camerae
1425 1997 1621 2040 praedictae,
1646 2002 1677 2029 et
1701 1996 1904 2029 exactoribus

397 2052 557 2091 fruuntur,
582 2051 751 2094 potiuntur
775 2057 806 2083 et
830 2052 983 2093 gaudent,
1011 2062 1045 2084 ac
1071 2052 1128 2089 uti,
1152 2044 1390 2095 spedagiorum,
1410 2050 1614 2089 decimarum,
1633 2048 1775 2089 subsidii,
1797 2048 1906 2091 gabel-

397 2103 467 2143 frui,
494 2103 589 2146 potiri
615 2109 646 2136 et
670 2104 811 2145 gaudere
833 2109 967 2146 possunt
991 2109 1022 2135 et
1046 2109 1130 2147 pote·
1151 2100 1153 2126 ³
1172 2105 1275 2136 larum
1309 2108 1341 2136 et
1376 2112 1511 2135 onerum
1542 2102 1749 2140 huiusmodi,
1774 2111 1809 2133 ac
1834 2101 1904 2133 aliis

396 2163 470 2189 runt
495 2157 738 2200 quomodolibet
770 2158 800 2189 in
828 2158 976 2195 futurum,
1011 2157 1129 2199 ubique
1151 2141 1321 2208 {personis
1346 2155 1584 2197 cuiuscumque,
1602 2154 1837 2186 ecclesiasticae
1853 2154 1903 2186 vel

396 2209 538 2241 locorum
564 2210 595 2242 in
617 2209 734 2243 iudicio
760 2215 792 2241 et
815 2216 913 2248 extra,
931 2209 998 2242 sine
1024 2215 1131 2242 tamen
1150 2219 1152 2224 ’
1172 2209 1326 2242 secularis
1352 2207 1525 2249 dignitatis,
1545 2212 1654 2247 status,
1673 2207 1799 2248 gradus,
1817 2206 1904 2239 ordi-

397 2263 582 2295 eorumdem
609 2254 807 2296 notariorum
833 2263 872 2294 de
897 2272 1033 2294 numero
1058 2272 1130 2305 par·
1150 2259 1152 2279 ¹
1172 2262 1220 2294 nis
1244 2262 1291 2294 vel
1317 2260 1510 2293 conditionis
1537 2259 1757 2298 existentibus,
1785 2269 1823 2292 ne
1849 2269 1904 2291 eos

397 2314 595 2357 ticipantiuin
620 2316 830 2358 praeiudicio,
858 2315 911 2354 uti,
935 2315 1006 2354 frui,
1034 2315 1129 2358 potiri
1150 2286 1153 2334 i
1172 2315 1208 2347 ad
1236 2314 1373 2356 aliquam
1397 2312 1593 2345 solutionem
1610 2322 1723 2354 cogere
1748 2321 1804 2343 seu
1822 2321 1904 2343 com·

397 2373 428 2399 et
453 2368 591 2409 gaudere
616 2370 716 2401 libere
744 2375 774 2401 et
799 2369 884 2401 licite
911 2370 1037 2401 valeant
1060 2379 1130 2401 rea·
1171 2368 1304 2410 pellere,
1330 2371 1383 2398 aut
1406 2375 1502 2408 super
1532 2364 1727 2406 praemissis,
1752 2373 1902 2396 eorumve

397 2420 469 2452 liter
494 2426 525 2453 ct
549 2420 673 2463 integre
699 2422 730 2453 in
757 2422 905 2453 omnibus
929 2427 960 2454 et
984 2431 1042 2464 per
1062 2431 1129 2453 om-
1148 2432 1151 2455 ἐ
1171 2430 1241 2458 usu,
1269 2418 1488 2462 possessione,
1516 2419 1564 2450 vel
1591 2417 1680 2459 quasi
1705 2417 1827 2449 directe
1851 2416 1902 2448 vel

397 2474 458 2513 nia,
485 2473 608 2506 etiamsi
640 2474 669 2505 in
703 2474 784 2506 Urbe
812 2479 843 2507 et
867 2474 992 2506 civitate
1019 2474 1129 2506 liuius-
1148 2468 1150 2481 ³
1171 2473 1338 2509 indirecte,
1360 2472 1469 2513 quovis
1493 2470 1635 2514 quaesito
1656 2470 1762 2502 colore
1786 2469 1836 2501 vel
1861 2468 1904 2500 in·

396 2527 483 2559 modi
501 2537 564 2559 non
583 2527 808 2566 habitaverint,
829 2528 963 2569 perinde
990 2537 1024 2559 ac
1045 2527 1068 2559 si
1088 2528 1127 2559 de
1146 2516 1150 2575 ,i
1171 2525 1274 2567 genio,
1301 2526 1471 2556 molestare
1497 2524 1545 2555 vel
1564 2523 1640 2554 alias
1659 2520 1904 2564 quomodolibet

395 2590 467 2613 vere
486 2579 584 2613 nobili
604 2590 721 2622 genere
739 2584 820 2611 etex
837 2585 974 2622 utroque
992 2585 1126 2622 parente
1145 2582 1149 2619 Ι
1169 2577 1327 2620 impedire
1347 2586 1475 2620 quoquo
1499 2575 1593 2608 modo
1617 2578 1834 2617 praesumant.

1921 217 1972 244 Ἀη.
1988 217 2016 244 C.
2039 217 2106 246 1667

1959 956 1975 976 Α
1997 956 2102 978 solutione

1919 981 2048 1003 decimarum
2078 984 2103 1004 li-

1919 1008 1986 1029 bet-ut.
