2247 3208
115 219 161 243 An,
180 218 205 242 (ἶ.
234 218 298 245 1Γ63

180 1905 298 1925 nmlemlio

115 1936 206 1957 praelati
224 1934 297 1951 swuli

117 1959 231 1979 innuet—uui
246 1959 270 1979 X.

904 220 1091 242 ALEHNDER
1115 220 1156 242 Yll
1183 220 1230 242 1³1³.

1724 210 1734 240 vl
1744 210 1785 242 Ol)

310 266 470 308 eligentes
493 272 525 299 et
550 267 752 310 deputantes,
773 278 867 310 quam
886 267 1046 309 recipien-
1081 267 1217 299 deretur
1241 266 1416 299 vacationis
1436 272 1467 298 et
1484 266 1675 299 cessationis
1702 266 1813 298 huius-

309 324 356 351 tes
391 325 421 351 ct
453 326 663 363 exequentes,
699 320 969 353 irremissibiliter
999 320 1046 351 in-

308 373 491 409 currendis,
518 373 684 405 observari
711 374 849 412 dcbcre3
871 384 974 415 neque
994 373 1046 404 ad-

308 435 421 457 versus
448 425 512 463 illa,
540 437 595 457 seu
622 426 752 458 illorum
770 426 910 468 aliquod,
931 425 1046 468 ipsius-

309 488 372 520 que
406 477 586 510 Innocentii
621 477 887 521 praedecessoris
924 476 1045 509 consti-

310 530 469 563 tutionem
502 531 703 570 huiusmodi,
738 541 797 573 per
821 529 1044 573 praepositum

310 585 498 625 generalem
523 595 582 627 pro
603 589 749 626 tempore
769 583 973 620 existentem,
993 587 1046 613 aut

311 645 552 677 quamcumque
569 633 858 676 congregationem
877 633 972 666 etiam
992 644 1045 675 ge-

309 688 465 726 neralem,
493 689 542 720 vel
568 686 749 729 quemlibet
773 686 872 718 alium
897 685 1044 729 superio-

311 749 380 771 rem
406 745 437 771 et
461 738 634 771 officialem
661 739 765 771 dietae
791 738 970 777 Societatis‚
993 744 1044 770 aut

311 791 457 823 eiusdem
477 791 656 823 Innocentii
683 796 715 823 et
737 802 797 833 pro
816 796 963 833 tempore
982 790 1047 823 exi-

311 845 424 877 stentis
444 844 579 877 Romani
598 843 762 876 pontilicis
791 844 949 887 Sedisque
968 845 1046 886 Apo-

311 897 444 929 stolicae
470 897 617 936 nuncios,
648 898 698 929 vel
725 902 856 929 sanctae
882 897 1046 929 Romanae

311 949 473 982 Ecclesiae
492 950 684 989 cardinales,
704 950 800 982 etiam
820 951 858 982 de
884 952 985 983 latere
1003 952 1048 983 lc-

312 1009 418 1045 gatos,
446 1008 478 1035 ct
502 1003 634 1046 quosvis
657 1003 737 1036 alios
764 1014 971 1047 quacumque
990 1015 1049 1047 po-

313 1061 428 1088 testate
459 1056 641 1098 fungentes,
671 1067 814 1099 unquam
847 1057 1046 1100 dispensari,

315 1107 447 1150 disponi
472 1109 522 1140 vel
551 1109 703 1150 derogari
734 1119 847 1151 posse,
882 1115 913 1141 et
937 1120 1047 1152 quam-

313 1171 455 1203 cumque
481 1160 779 1203 dispensationem,
800 1162 1048 1204 dispositionem

313 1218 345 1246 et
357 1212 603 1255 derogationem
618 1214 774 1245 adversus
788 1214 976 1256 praemissa,
991 1226 1047 1247 scu

313 1276 428 1297 eorum
461 1265 609 1308 aliquod,
643 1266 859 1309 eamdemque
890 1267 1048 1300 Innocen-

312 1318 346 1350 tii
375 1318 643 1361 praedecessoris
674 1319 959 1359 constitutionem,
991 1331 1049 1363 per

312 1371 477 1414 praefatos
496 1382 553 1403 scu
572 1372 719 1414 ipsorum
737 1373 879 1416 aliquem
896 1383 956 1416 pro
974 1378 1050 1406 tem-

312 1434 393 1467 pore
417 1425 667 1467 quomodolibet
689 1425 805 1458 saetam
823 1426 889 1459 sive
915 1437 1050 1459 conces-

313 1488 394 1517 sam,
413 1478 535 1510 nullam
554 1488 690 1521 prorsus
709 1489 745 1511 ae
773 1479 906 1512 nulliter
924 1485 955 1512 et
973 1480 1049 1512 sub-

313 1530 442 1572 reptitie
469 1531 711 1574 obreptiticque
739 1538 896 1564 extortam
921 1533 991 1565 sore
1017 1539 1048 1565 et

314 1592 399 1622 esse,
427 1594 464 1615 ac
490 1583 618 1615 censeri
649 1589 679 1616 et
709 1584 836 1624 haberi,
861 1585 1046 1628 neminique

313 1636 476 1668 ullatenus
492 1635 661 1679 suss'mgari
676 1637 807 1678 debere,
824 1643 856 1670 et
872 1638 950 1671 alias
974 1649 1047 1671 cum

314 1688 449 1721 diversis
469 1689 740 1729 ordinationibus,
756 1691 907 1731 decretis,
921 1692 1048 1724 clausu-

313 1741 351 1774 lis
386 1748 418 1775 ct
449 1743 717 1785 derogationibus
742 1744 775 1775 in
800 1744 923 1777 eisdem
954 1746 1048 1778 Inno-

313 1795 817 1838 centiipraedecessorislitteris
831 1797 960 1840 plenius
977 1809 1049 1836 con-

314 1847 410 1878 tentis
436 1853 468 1879 et
492 1848 669 1890 expressis.

357 1901 372 1943 ξ
397 1900 428 1933 3.
456 1900 573 1933 Verum
600 1901 758 1942 subinde,
791 1912 851 1946 pro
884 1908 976 1946 parte
1002 1903 1049 1936 di-

314 1952 387 1985 lecti
413 1952 468 1985 filii
494 1953 635 1986 Goswini
661 1954 771 1987 Nickel
796 1956 974 1999 praepositi
1000 1968 1049 1999 ge-

313 2005 434 2038 neralis
461 2005 565 2038 dictae
590 2006 759 2039 Societatis
777 2007 871 2040 nobis
890 2009 1047 2051 exposito,

314 2058 402 2101 quod
424 2058 545 2091 vacatio
564 2070 751 2100 munerum,
771 2061 1047 2103 superioritatum,

314 2110 571 2144 ministeriorum
598 2118 629 2145 et
653 2112 836 2146 officiorum
866 2114 1049 2157 praedicto-

315 2174 387 2196 rum
411 2170 486 2207 post
509 2166 637 2208 lapsum
668 2165 809 2205 triennii,
839 2178 968 2200 necnon
995 2179 1049 2201 co-

316 2226 396 2256 rum,
423 2217 477 2259 qui
509 2218 573 2250 illis
600 2218 700 2250 suncti
734 2219 886 2259 fuissent,
920 2221 960 2252 ab
985 2220 1048 2253 illis

316 2279 376 2311 per
399 2280 520 2302 annum
542 2282 616 2303 cum
636 2271 770 2304 dimidio
791 2273 941 2311 cessatio,
967 2273 1051 2306 sicut

315 2322 543 2365 praemittitur,
569 2324 780 2368 praescripta.
803 2326 941 2358 maxima
962 2327 1048 2360 bono

316 2375 484 2408 Societatis
510 2377 696 2419 praedictae
718 2379 867 2420 regimini
886 2380 1051 2412 adferrent

316 2426 531 2469 incommoda,
547 2434 578 2461 et
595 2434 681 2469 tuuc,
696 2430 779 2472 quia,
794 2432 834 2463 ob
849 2432 1048 2464 calamitates

317 2485 350 2514 et
373 2483 514 2525 contagii
539 2483 743 2526 suspiciones
767 2483 884 2527 quibus
910 2487 1051 2518 nonnul-

316 2534 366 2567 lae
390 2536 577 2579 provineiae
596 2537 796 2576 laborabant,
816 2538 1049 2571 commercium

317 2588 544 2631 reperiebatur
560 2590 780 2632 interdictum,
796 2590 960 2624 difficilior
977 2593 1049 2625 red-

1079 319 1165 350 modi
1192 319 1396 351 observatio:
1424 330 1492 358 nos,
1520 319 1812 362 supplicationilnis

1080 371 1224 403 eiusdem
1260 371 1400 404 Goswini
1436 372 1615 414 praepositi
1649 372 1812 413 generalis

1079 425 1209 457 nomine
1236 425 1328 458 nobis
1347 436 1446 467 super
1467 426 1528 457 boc
1545 426 1714 458 humiliter
1739 437 1814 469 por-

1078 477 1174 509 rectis
1201 477 1356 516 inclinati,
1382 488 1479 520 snpra
1506 489 1696 521 expressum
1720 480 1815 512 Inuo-

1078 529 1174 561 eentii
1200 530 1469 573 praedecessoris
1495 536 1658 571 statutum,
1684 532 1814 564 manda-

1080 587 1155 622 tum,
1183 587 1395 625 praeceptum
1428 588 1459 615 et
1490 583 1730 616 ordinationem
1756 585 1814 616 liu-

1078 634 1217 666 iusrnodi
1235 635 1274 667 ad
1292 635 1525 677 sesquiannum
1544 641 1619 668 tunc
1632 636 1814 678 proximum

1078 686 1316 728 suspendimus,
1343 694 1375 719 et
1399 688 1583 720 successive.
1603 688 1722 720 dictum
1747 699 1815 722 scs-

1079 739 1257 780 quiannum
1289 740 1329 772 ad
1363 740 1460 774 alium
1494 741 1744 783 sesquiannum,
1778 753 1815 774 ae

1078 790 1194 823 iterum
1215 792 1255 824 ad
1276 792 1451 824 triennium
1477 793 1653 835 respective
1671 794 1815 826 extendi-

1080 854 1151 876 mus
1183 849 1214 876 et
1243 845 1502 887 prorogavimus.
1531 846 1716 887 Praeterea,
1744 858 1815 880 cum

1080 897 1185 929 dictus
1211 896 1380 930 Goswinus
1414 899 1620 941 praepositus
1654 899 1814 941 generalis

1080 950 1174 982 nobis
1198 950 1315 983 iterum
1333 951 1451 993 exponi
1478 951 1617 991 set-isset,
1636 953 1723 994 quod
1741 963 1816 994 pro-

1080 1003 1203 1036 vinciae
1229 1004 1336 1037 Indiae
1362 1004 1533 1037 Societatis
1559 1005 1743 1048 praedictae
1766 1006 1816 1038 lit-

1083 1061 1221 1088 terarum
1247 1063 1430 1089 nostrarum
1448 1057 1478 1089 in
1506 1059 1608 1090 torma
1628 1059 1738 1091 Brevis
1764 1069 1816 1091 su-

1081 1120 1138 1152 per
1163 1110 1380 1153 suspensione
1408 1110 1591 1143 huiusmodi
1613 1112 1717 1154 primo
1743 1113 1815 1145 loco

1082 1163 1120 1194 ad
1139 1163 1372 1206 sesquiannum
1390 1169 1424 1195 ut
1439 1164 1620 1206 pffltcl'ertur
1635 1164 1716 1197 sacta
1731 1175 1816 1197 ema-

1082 1221 1229 1248 natarum
1254 1216 1414 1249 beneficio
1441 1217 1578 1248 maxime
1604 1217 1815 1259 indigebant,

1082 1267 1204 1311 illoque
1230 1269 1289 1300 l'rui
1323 1269 1372 1301 vix
1409 1274 1581 1311 poterant,
1613 1268 1687 1311 quia
1711 1269 1817 1312 prius-

1083 1331 1180 1363 quam
1199 1321 1236 1353 dc
1256 1321 1379 1353 eisdem
1400 1321 1515 1353 litteris
1530 1321 1665 1353 nuncius
1684 1322 1723 1353 ad
1744 1321 1815 1354 illas

1083 1378 1190 1415 partes
1223 1374 1420 1415 perferretur
1433 1372 1452 1414 ¹,
1484 1379 1538 1405 aut
1571 1374 1633 1406 iam
1666 1375 1816 1416 clapsus,

1083 1432 1137 1458 aut
1154 1437 1256 1469 prope
1275 1426 1374 1459 linem
1397 1428 1520 1459 l'uturus
1542 1432 1611 1460 erat
1629 1428 1733 1460 dictus
1751 1438 1817 1460 ses-

1084 1480 1263 1522 quiannus:
1287 1490 1359 1519 nos,
1387 1480 1488 1523 ipsius
1514 1480 1654 1513 Goswini
1676 1491 1817 1526 praepo-

1083 1532 1135 1564 siti
1159 1533 1320 1575 generalis
1339 1533 1490 1576 precibus
1510 1527 1651 1576 benigne
1670 1544 1818 1566 annuen—

1084 1590 1141 1625 tes,
1160 1585 1300 1618 similem
1318 1586 1568 1629 suspensionem
1590 1587 1709 1626 statuti,
1727 1597 1818 1618 man-

1084 1638 1159 1678 dati,
1177 1639 1344 1682 praecepti
1363 1645 1394 1671 et
1414 1639 1628 1673 ordinationis
1646 1639 1816 1672 memorati

1083 1692 1264 1725 Innocentii
1282 1693 1557 1736 praedecessoris,
1576 1698 1730 1736 quantum
1748 1693 1818 1736 qui-

1084 1746 1157 1778 dem
1183 1746 1222 1778 ad
1248 1746 1428 1789 provincias
1445 1773 1452 1787 ,
1481 1747 1606 1784 domos,
1631 1745 1769 1788 collegia
1787 1750 1818 1778 et

1084 1799 1154 1831 loca
1185 1809 1413 1842 quaecumque
1450 1799 1553 1831 dictae
1585 1799 1752 1831 Societatis
1784 1799 1817 1830 in

1084 1851 1180 1883 lndiis
1212 1857 1275 1884 tani
1300 1851 1511 1884 orientalibus
1548 1862 1645 1894 quani
1670 1851 1818 1884 occiden-

1085 1904 1214 1944 talibus,
1232 1910 1264 1937 ct
1283 1905 1368 1945 alibi,
1395 1911 1483 1937 extra
1508 1905 1669 1947 Europam
1694 1904 1818 1937 dumta-

1084 1963 1144 1997 xat,
1172 1958 1388 1991 consistentes
1414 1963 1445 1991 et
1469 1958 1681 1991 consistentia
1705 1957 1819 1990 attine-

1084 2011 1147 2049 bat,
1173 2011 1212 2043 ad
1238 2016 1363 2054 septem
1389 2022 1491 2044 annos
1510 2023 1527 2043 a
1546 2011 1596 2044 die
1615 2021 1666 2044 xlv
1690 2021 1819 2044 novem-

1083 2062 1149 2094 bris
1173 2072 1291 2096 MDCLVI
1317 2064 1553 2106 computandos
1580 2064 1727 2096 secimus.

1127 2115 1141 2157 ἓ
1165 2114 1196 2147 4.
1225 2116 1269 2147 Ac
1295 2116 1447 2156 demum,
1480 2127 1575 2155 cum,
1608 2116 1739 2149 nomine
1772 2117 1819 2149 di-

1084 2168 1244 2200 lectorum
1266 2167 1408 2201 liliorum
1434 2169 1699 2211 congi‘sgatioiiis
1725 2180 1819 2212 gene·

1085 2220 1170 2260 ralis,
1198 2232 1280 2264 quae
1307 2221 1368 2253 suit
1393 2222 1564 2254 undecima
1590 2222 1738 2255 eiusdem
1763 2222 1819 2255 So-

1084 2273 1219 2313 cietatis,
1247 2274 1342 2306 nobis
1371 2274 1555 2317 expositum
1582 2274 1704 2315 suisset,
1731 2276 1820 2318 qnod

1085 2336 1122 2358 ex
1147 2327 1309 2359 iamdictis
1344 2326 1617 2369 suspensionilms
1643 2327 1819 2360 maximum

1085 2378 1142 2411 toti
1168 2378 1321 2411 Societati
1347 2379 1540 2413 beneficium
1571 2385 1667 2423 atque
1696 2382 1820 2414 emolu-

1085 2437 1229 2463 mentum
1255 2438 1472 2474 provenerat3
1500 2434 1575 2477 quia
1600 2445 1678 2467 vero
1702 2433 1820 2478 praefi-

1084 2495 1159 2516 xum
1184 2484 1216 2516 in
1235 2484 1352 2517 litteris
1380 2486 1502 2518 nostris
1529 2487 1672 2530 desuper
1690 2497 1819 2519 emana-

1086 2537 1124 2569 tis
1152 2543 1278 2581 tempus
1294 2542 1370 2571 tunc
1386 2539 1566 2583 incipiebat
1583 2540 1684 2573 ssuere
1704 2550 1817 2573 versus

1121 2602 1131 2626 1
1155 2598 1225 2626 Edit.
1241 2598 1320 2628 lllain.
1337 2600 1401 2636 legit
1417 2602 1618 2636 praeferretur
1632 2602 1673 2636 (R.
1689 2601 1738 2635 12).

1833 221 1879 244 An.
1895 219 1920 242 tt,
1947 219 2010 243 1263

1835 2124 1879 2144 Aba
1891 2123 2007 2143 moderatio
