2247 3208
222 240 312 269 Aac.
337 241 402 268 1606

253 1875 345 1905 Derogat
361 1880 410 1896 con·

227 1904 304 1923 tran-ns.

447 233 511 266 478

414 288 728 327 communicationis,
754 286 975 330 suspensionis
998 292 1029 319 ct
1052 286 1151 319 inter-

414 342 502 379 dicti,
527 341 663 383 aliisque
690 339 859 372 sententiis
886 344 916 371 ct
936 339 1080 372 censuris
1099 350 1151 372 ee-

413 394 623 433 clesiasticis,
644 395 676 426 in
702 392 801 436 qnas¹
836 392 991 426 declarati
1018 393 1150 425 suerunt

412 447 579 485 incidisse,
597 452 774 490 propterca
798 446 882 488 quod
905 445 1020 478 litteris
1039 456 1149 478 execu-

415 499 584 532 torialibus
610 499 779 532 memorati
812 504 901 531 rotae
938 498 1093 531 auditoris
1118 502 1149 531 et

414 553 556 585 mandati
575 553 685 585 nuncii
699 552 925 595 Hispaniarum
952 562 1016 583 non
1038 561 1149 594 parue-

413 605 499 645 rint,
533 605 727 638 auctoritate
764 607 875 637 nostra
909 604 1087 647 apostolica
1116 603 1148 636 in

414 664 554 701 utroque
566 659 635 691 soro
654 659 802 691 absolvas
815 663 845 691 et
861 658 1004 691 totaliter
1016 658 1150 701 liberes,

414 722 450 744 ac
475 722 546 743 eum
582 711 661 754 ipsis
686 711 829 757 capitulo
854 716 886 744 et
909 711 1092 751 canonicis,
1118 704 1152 743 et*

414 774 527 796 eorum
549 764 692 806 singulis,
720 774 819 806 super
842 763 1093 806 irregularitate,
1124 763 1147 795 si

415 828 512 859 qnam
538 822 768 850 contraxerunt
792 827 828 849 ex
844 827 881 849 eo
900 817 984 859 quod
1003 816 1148 849 censuris

415 869 601 902 huiusmodi
628 874 762 911 propter
792 868 972 911 praemissa
1003 868 1148 900 innodati

415 922 530 954 missas
556 927 588 954 et
613 922 675 954 alia
694 921 802 953 diviua
821 921 925 954 officia
944 921 1021 963 (non
1044 926 1149 953 tamen

415 975 446 1006 in
472 979 692 1017 contemptum
714 974 865 1015 clarium)
891 974 1147 1012 celeln‘averunt,
1169 1006 1170 1011 ,

416 1037 473 1059 seu
498 1027 576 1059 alias
613 1027 645 1058 in
675 1026 738 1058 suis
772 1026 948 1069 respective
981 1015 1171 1073 ordinibus}

415 1079 646 1118 ministrarunt,
673 1079 716 1111 ita
741 1083 776 1110 ut
800 1078 855 1110 illa
872 1083 902 1110 et
919 1078 1040 1110 eisdem
1058 1089 1150 1121 prae-

416 1131 522 1164 missis
538 1142 602 1164 non
618 1131 828 1171 obstantibus,
840 1131 1013 1163 dununodo
1025 1132 1149 1164 nullum

415 1184 502 1217 aliud
527 1184 717 1217 canonicum
744 1184 790 1216 eis
816 1184 923 1216 obstet
941 1183 1150 1226 impedimen-

417 1242 492 1277 tum,
518 1237 660 1270 clericali
686 1237 889 1275 charactere,
909 1247 973 1279 qno
992 1236 1069 1269 alias
1089 1235 1149 1269 rite

415 1289 559 1332 insigniti
572 1289 709 1328 suerunt,
721 1289 869 1331 illiusque
884 1288 1072 1331 privilegiis,
1082 1299 1151 1321 nec-

417 1352 482 1374 non
508 1342 663 1384 susceptis
687 1352 747 1384 per
771 1352 827 1373 eos
853 1341 976 1383 pariter
997 1341 1058 1373 rite
1077 1351 1151 1383 qua-

417 1401 490 1428 tuor
504 1395 693 1434 minoribus,
713 1405 748 1426 ac
768 1395 869 1426 sacris
888 1394 1150 1434 sululiaconatus,

418 1447 606 1480 diaconatus
643 1452 675 1479 et
708 1447 947 1489 presbyteratus
983 1445 1174 1478 ordinibus]

417 1500 472 1540 uti,
499 1506 539 1540 et,
566 1505 722 1542 quatenus
742 1500 814 1531 illos
833 1499 976 1530 nonduin
998 1508 1152 1541 suscepe-

417 1553 493 1592 rint,
510 1553 549 1585 ad
570 1552 653 1591 illos,
669 1553 694 1584 si
709 1552 747 1584 ad
762 1551 793 1584 id
810 1551 919 1583 idonci
937 1552 1151 1594 reperiantur,

417 1604 552 1637 servatis
577 1605 655 1637 alias
677 1604 859 1643 servandis,
886 1604 1093 1647 promoveri,
1121 1609 1152 1635 et

419 1657 557 1700 promoti
585 1657 618 1689 in
643 1657 706 1689 illis
740 1657 834 1689 etiam
861 1657 893 1688 in
919 1656 1029 1689 altaris
1059 1657 1152 1688 mini-

419 1710 518 1742 sterio
544 1710 729 1742 ministrare
756 1709 857 1741 libere
874 1714 905 1741 et
923 1709 1009 1741 licite
1028 1708 1152 1752 possint

420 1768 451 1795 et
470 1763 605 1802 valeant,
624 1762 812 1805 respective,
825 1763 938 1794 eadem
953 1762 1151 1802 auctoritate,

421 1816 600 1859 dispenses.

465 1868 479 1910 ξ
503 1868 534 1900 4.
562 1868 631 1900 Non
657 1868 860 1901 obstantibus
886 1868 1092 1911 apostolicis,
1119 1879 1154 1901 ac

420 1920 453 1952 in
485 1920 723 1953 universalibus
764 1920 1083 1963 provincialibusque
1123 1926 1155 1953 et

420 1973 631 2015 synodalibus
656 1973 800 2006 conciliis
822 1973 929 2013 editis,
951 1973 1154 2015 generalibus

419 2026 468 2058 vel
495 2026 700 2068 specialibus,
722 2025 1005 2058 constitutionibus
1025 2032 1055 2059 et
1069 2026 1155 2059 ordi-

421 2078 615 2117 nationibus,
643 2079 826 2121 ceterisque
843 2078 1013 2111 contrariis
1031 2078 1155 2121 quibus-

421 2141 458 2162 cu
464 2141 537 2174 inqu
543 2142 570 2163 e.

465 2183 577 2216 Datum
598 2183 631 2215 in
649 2185 727 2216 Arce
753 2183 946 2227 Gandulpbi,
967 2185 1156 2217 Albanensis

422 2235 591 2276 dioecesis,
618 2237 676 2268 sul)
701 2238 822 2269 annulo
847 2237 1031 2277 Piscatoris,
1052 2238 1102 2269 die
1121 2248 1156 2270 111

422 2288 605 2320 novembris
636 2298 790 2329 MDCval,
817 2289 1024 2332 pontificatus
1058 2290 1156 2322 nostri

422 2350 507 2373 anno
531 2351 587 2374 ΧΠ.

458 2402 515 2428 Dat.
538 2403 580 2428 die
596 2403 611 2430 3
632 2404 788 2431 novembris
806 2405 882 2439 1666,
900 2405 995 2439 pontif.
1016 2413 1085 2431 anno
1100 2412 1147 2431 xn.

992 240 1171 263 BULLARIL'M
1194 240 1345 265 Romamn

459 2508 470 2533 1
493 2506 563 2533 Edit,
581 2507 657 2534 Maia.
676 2509 741 2544 legit
757 2518 825 2543 qnos
845 2518 892 2545 pro
913 2520 984 2545 quas
1002 2512 1042 2545 (n.
1055 2510 1104 2545 Ἠ).

1507 273 1510 276 Α
1932 239 2024 267 nme.
2049 238 2113 267 166⁷

1516 288 1601 321 DLV.

1191 356 1237 389 De
1261 367 1325 389 non
1349 357 1549 390 celebrandis
1576 359 1684 390 missis
1717 359 1754 392 dc
1781 359 1927 402 requiem

1234 410 1270 442 in
1294 409 1497 452 duplicibus,
1528 411 1665 452 exceptis
1690 411 1928 443 anniversariis

1234 472 1272 494 ex
1295 462 1504 506 dispositione
1530 467 1718 495 testatorum
1743 463 1877 496 relictis.

1384 542 1547 568 Alexander
1573 541 1650 574 Papa
1669 541 1733 574 VII,

1313 585 1349 611 ad
1369 589 1542 619 perpetuam
1562 586 1607 611 rei
1627 585 1806 612 memoriam.

1235 654 1382 688 Creditae
1408 656 1500 689 nobis
1518 656 1652 689 caelitus
1671 656 1925 699 dispensationis
1962 666 2084 689 azor-num.

1192 708 1333 740 officium
1355 708 1531 741 salubriter
1549 709 1664 751 exequi
1684 709 1853 741 adiuvante
1871 709 1926 743 Do-

1191 761 1279 793 mino
1306 760 1424 803 iugiter
1453 767 1657 804 satagentes,
1689 762 1928 805 quamplurima

1193 814 1289 846 dubia
1314 814 1345 846 in
1371 814 1504 847 diversis
1530 815 1640 847 mundi
1666 815 1814 858 partibus
1840 820 1923 855 orta,

1192 872 1222 898 et
1251 868 1284 899 in
1320 868 1573 910 congregatione
1597 867 1832 900 venerabilium
1865 868 1928 900 sra-

1193 924 1275 951 trum
1301 925 1485 952 nostrorum
1511 919 1541 952 S.
1570 920 1606 952 R.
1641 920 1674 952 E.
1710 921 1926 953 cardinalium

1192 972 1292 1004 sacris
1325 972 1439 1004 ritibus
1475 973 1737 1015 praepositorum
1762 973 1923 1014 deducta,

1193 1025 1363 1057 occasione
1389 1025 1508 1057 decreti
1534 1025 1678 1058 eiusdem
1701 1026 1927 1068 congregatio-

1193 1078 1260 1117 nis,
1287 1079 1338 1111 ‹lie
1365 1089 1382 1111 v
1407 1079 1534 1121 augusti
1560 1089 1690 1112 iincrxu
1723 1079 1822 1117 editi,
1849 1090 1885 1111 ae
1910 1089 1928 1111 a

1193 1131 1285 1164 nobis
1321 1131 1512 1174 approbati,
1549 1132 1588 1164 de
1625 1142 1688 1164 non
1724 1132 1928 1164 celebrandis

1192 1183 1296 1215 niissis
1321 1184 1358 1215 de
1378 1184 1522 1226 requiem
1545 1184 1577 1216 in
1603 1184 1793 1226 duplicibus,
1813 1185 1927 1217 tollere

1193 1242 1288 1279 alque
1314 1237 1466 1269 dirimere
1488 1236 1670 1279 cupientes:

1237 1291 1251 1332 g
1282 1290 1312 1321 ·1.
1347 1290 1389 1322 De
1422 1295 1675 1322 memoratorum
1712 1289 1927 1323 cardinalium
1938 1294 2122 1342 aunffssiiffiissim

1194 1343 1347 1382 consilio,
1374 1342 1563 1375 auctoritate
1587 1343 1789 1386 apostolica,
1817 1347 1928 1376 tenore

1193 1396 1425 1438 praesentium,
1440 1396 1656 1438 approbamus
1670 1395 1701 1427 in
1714 1395 1827 1438 primis
1842 1395 1929 1428 aliud

1194 1449 1359 1481 decretum
1384 1448 1568 1491 praedictae
1587 1447 1848 1490 congregationis
1865 1447 1930 1480 edi-

1195 1506 1261 1533 tum
1287 1501 1319 1533 in
1344 1503 1406 1533 una
1429 1500 1628 1539 Novariensi,
1645 1500 1694 1532 die
1712 1510 1775 1533 xxn
1796 1510 1929 1532 novem-

1193 1554 1259 1586 bris
1286 1563 1439 1592 Mnccxiv,
1467 1564 1530 1596 quo
1556 1553 1755 1585 declaratum
1785 1551 1843 1584 suit
1873 1562 1930 1584 an-

1195 1605 1370 1638 niversaria
1387 1611 1418 1637 et
1434 1605 1549 1637 missas
1565 1610 1707 1637 cantatas
1725 1604 1762 1636 de
1785 1604 1931 1647 requiem

1194 1658 1323 1690 relictas
1344 1668 1380 1689 ex
1396 1656 1607 1700 dispositione
1632 1662 1820 1689 testatorum
1837 1662 1930 1700 quot-

1195 1710 1286 1742 annis
1318 1710 1349 1742 in
1380 1709 1430 1742 die
1456 1710 1599 1752 ipsorum
1620 1709 1743 1749 obitus,
1771 1709 1867 1742 etiam
1896 1708 1929 1741 in

1196 1762 1313 1806 duplici
1339 1762 1452 1795 maiori
1478 1762 1697 1804 contingentis
1712 1762 1730 1802 ¹,
1756 1772 1822 1794 non
1846 1771 1929 1795 com-

1196 1815 1356 1858 prehendi
1381 1815 1414 1847 in
1439 1814 1524 1847 dicto
1542 1815 1685 1847 decreto.

1239 1869 1253 1911 ξ
1278 1868 1308 1900 2.
1331 1868 1482 1908 Ulterius,
1502 1868 1606 1911 quoad
1631 1868 1745 1901 altaria
1767 1873 1928 1911 perpetuo
1941 1872 2124 1926 'egggissogrigg

1196 1922 1408 1965 privilegiata,
1435 1922 1519 1954 etin
1545 1922 1662 1964 quibus
1687 1921 1825 1964 proinde
1851 1927 2051 1964 quo-cvriuntur·

1197 1975 1273 2007 tidie
1310 1975 1406 2007 etiam
1442 1975 1475 2007 in
1506 1974 1687 2017 duplicibus
1716 1974 1930 2007 celebrandae

1198 2028 1262 2060 sint
1281 2027 1397 2060 missae
1423 2027 1460 2059 cle
1483 2028 1625 2071 requiem
1650 2037 1686 2059 ex
1710 2027 1928 2069 obligatione,

1198 2081 1388 2113 auctoritate
1414 2086 1445 2113 et
1470 2085 1581 2113 tenore
1614 2079 1788 2123 praedictis
1821 2079 1929 2112 decla-

1199 2144 1303 2166 ramus
1328 2144 1388 2176 per
1413 2133 1666 2165 celebrationem
1695 2132 1867 2165 missarum
1893 2132 1932 2164 de

1200 2186 1279 2217 sesto
1301 2184 1440 2216 currenti
1466 2183 1613 2216 satisfieri
1632 2183 1723 2216 dictis
1742 2183 1934 2225 obbligatio-

1199 2237 1293 2269 nibus
1319 2241 1350 2269 et
1374 2235 1541 2278 suffragari
1578 2247 1651 2268 cum
1681 2236 1803 2269 eisdem
1828 2235 1934 2268 indul·

1200 2290 1323 2332 gentiis,
1350 2290 1482 2332 perinde
1508 2301 1543 2322 ac
1568 2290 1593 2322 si
1619 2295 1727 2322 essent
1751 2289 1933 2322 celebratae

1200 2344 1315 2376 missae
1341 2343 1378 2375 cle
1402 2344 1546 2386 requiem
1574 2343 1613 2375 ad
1639 2343 1776 2375 sormam
1804 2340 1933 2384 privile-

1201 2396 1350 2438 giorum,
1378 2397 1463 2428 salva
1491 2401 1596 2428 tamen
1621 2405 1749 2438 semper
1773 2394 1805 2426 in
1837 2402 1932 2436 prae-

1202 2449 1305 2481 missis
1330 2448 1520 2481 auctoritate
1540 2447 1742 2490 supradictae
1761 2454 1936 2488 congrega-

1204 2507 1310 2535 tionis.

1240 2616 1248 2641 1
1272 2616 1366 2641 Potius
1387 2614 1443 2648 lege
1463 2613 1641 2646 continyerzlz'
1662 2616 1700 2643 (n.
1717 2612 1765 2645 Ἀ),
