2247 3208
146 256 194 282 Αη.
211 255 239 282 (ἶ.
264 256 328 282 1669

171 1637 276 1658 accenset
298 1637 326 1657 in-

145 1664 264 1689 dulgentias
286 1664 327 1684 iam

145 1696 264 1711 concessas*

961 257 1106 281 CLEMENS
1128 257 1158 281 IX
1182 257 1229 280 PP.

335 309 469 348 votoque
486 304 591 338 cordis
608 305 719 338 att'ectu
747 305 962 349 poposcimus,
983 311 1016 337 nt
1033 305 1074 336 ci-

335 359 465 391 vitatem
491 358 628 392 Candiae
655 359 747 402 regni
773 359 884 392 Cretae
910 364 1073 400 metropo-

336 411 390 445 lim
403 412 528 444 diutina
542 412 794 455 vehementique
810 411 981 454 impiorum
992 410 1073 442 chri-

335 463 428 497 stiani
454 465 594 497 nominis
622 465 763 497 hostium
788 463 962 496 Turi-inum
989 462 1074 494 obsi-

336 517 431 550 dione
458 528 601 561 pressam
627 517 766 550 liberare
802 517 1013 559 dignaretur,
1040 515 1072 546 id
1093 519 1095 540 t

337 581 419 604 nunc
437 571 622 615 praecipue,
638 581 709 603 cum
725 570 822 603 iidem
837 569 968 607 anmw,
989 567 1073 600 chri-

335 624 430 656 stiani
463 623 624 656 exercitus
657 623 830 655 adventum
866 626 1071 653 antevertere

336 682 528 719 satagentes,
553 676 714 709 civitatem
739 674 938 718 praedictam
963 672 1073 706 effera-

336 729 379 762 tio
400 729 407 760 i
423 739 517 772 quam
531 738 671 771 unquam
687 727 775 760 rabie
802 736 989 770 expugnare
1007 736 1075 758 mo-

337 782 471 822 liuntur,
499 780 681 814 ferventiori
706 779 838 823 spiritus
859 780 985 820 ardore,
1009 789 1074 810 ina-

335 835 458 878 iorique
500 833 598 866 animi
635 833 845 866 contentione
891 831 1073 864 faciendum
1094 846 1096 861 ι

335 898 526 927 censemus,
551 891 586 918 ut
618 885 887 919 clementissimus
918 885 1073 917 Dominus

337 946 465 981 noster,
491 940 524 972 in
549 939 642 972 cuius
666 949 762 971 manu
788 943 837 971 est
868 938 1007 971 liberare
1041 938 1073 970 in

335 993 444 1027 maltis
471 998 503 1026 et
527 993 559 1025 in
584 992 708 1036 paucis,
735 992 852 1025 Turcas
877 991 1071 1035 praedictos,

336 1047 367 1079 in
403 1046 608 1080 multitudine
646 1045 827 1078 contumaci
860 1050 892 1078 et
923 1044 1074 1088 superbia

336 1100 381 1132 nil
399 1099 461 1132 nisi
486 1099 600 1132 caedes
618 1104 649 1132 et
669 1098 793 1131 excidia
814 1098 985 1141 spirantes,
1005 1107 1074 1130 con-

337 1158 419 1185 terat
443 1159 472 1185 et
498 1152 663 1196 disperdat
677 1152 821 1194 potentia
840 1151 967 1183 virtutis
987 1161 1072 1189 suae,

337 1216 373 1238 ac
399 1205 581 1238 fortissimis
607 1204 726 1237 Christi
753 1204 916 1247 pugilibus
936 1204 1074 1247 gloriosa

339 1269 398 1303 pro
421 1259 490 1291 eius
516 1259 643 1291 honore
662 1262 858 1300 sanctaeque
878 1258 946 1289 eius
966 1257 1074 1290 Eccle-

338 1313 403 1345 siae
430 1312 619 1345 defensione
638 1312 816 1344 certamina
835 1312 983 1344 alacriter
1000 1311 1074 1343 sub-

338 1365 487 1398 euntibus
523 1364 623 1397 robur
658 1369 689 1397 et
720 1363 963 1403 fortitudinem,
990 1374 1072 1406 quac

338 1419 376 1451 de
401 1419 491 1451 caelo
517 1423 576 1458 est,
593 1417 798 1460 multiplicet,
820 1422 1011 1459 nostrosque
1032 1417 1075 1449 1212

337 1471 433 1504 bores
457 1477 489 1503 et
513 1481 605 1503 curas
631 1481 667 1502 ac
692 1480 802 1513 spem,
828 1480 923 1512 quam
948 1469 980 1501 in
1007 1470 1073 1502 eius

338 1523 491 1557 ineffabili
525 1523 669 1556 bonitate
707 1523 953 1562 collocavimus,
992 1523 1074 1556 laeta

338 1577 467 1610 tandem
490 1576 623 1609 victoria
647 1576 744 1609 solari
770 1576 934 1618 dignetur.

382 1630 397 1673 ξ
421 1630 451 1662 l.
478 1629 667 1673 Nuperrime
693 1629 853 1672 siquidem
871 1629 1019 1662 omnibus
1040 1639 1075 1660 u-

339 1683 485 1726 triusque
511 1693 604 1716 sexus
629 1681 909 1722 christifidelibus,
937 1683 990 1726 qui
1019 1682 1074 1715 ali-

339 1747 434 1779 quam
457 1746 493 1768 ex
520 1735 666 1769 ecclesiis
690 1746 745 1768 seu
769 1735 912 1767 basilicis
937 1735 967 1768 S.
983 1735 1075 1768 loan-

338 1789 387 1821 nis
412 1789 443 1821 in
468 1789 638 1828 Laterano,
664 1799 698 1820 ac
724 1788 883 1830 Principis
903 1789 1075 1831 Apostolo-

338 1852 421 1883 rum,
447 1847 478 1875 et
501 1842 532 1874 S.
559 1841 675 1874 Mariae
701 1841 827 1874 Maioris
853 1841 891 1874 de
917 1841 1002 1874 Urbe
1029 1842 1074 1885 (in

338 1906 471 1939 quarum
504 1896 627 1940 prima,
655 1896 734 1928 seria
761 1897 848 1928 sexta
878 1906 914 1928 ac
941 1896 1074 1928 sabbato

337 1948 493 1982 currentis
519 1948 745 1981 hebdomadae
770 1952 801 1980 et
833 1947 994 1981 dominica
1019 1948 1076 1980 im-

337 2002 477 2035 mediate
501 2001 670 2045 sequenti;
697 2000 730 2033 in
752 2001 887 2045 reliquis
905 2012 980 2034 vero
1000 2002 1076 2034 dua-
1096 2005 1097 2018 ¹

338 2054 418 2095 bus,
449 2054 597 2087 similiter
621 2054 708 2086 seriis
741 2055 836 2087 sextis
868 2060 899 2087 et
933 2055 1097 2090 sabbatis.

340 2108 485 2151 proxime
500 2107 767 2149 subsequentium
785 2107 1073 2147 hebdomadarum,

341 2171 377 2192 ac
401 2159 571 2193 dominicis
595 2159 718 2203 pariter
737 2160 920 2193 immediate
938 2171 1076 2204 sequen-

340 2212 425 2245 tibus
450 2213 628 2256 respective
661 2212 898 2246 sanctissimum
922 2213 1075 2247 Euchari-

339 2266 418 2299 stiae
442 2266 704 2306 Sacramentum,
732 2267 1007 2310 quemadmodum
1043 2267 1075 2299 in

338 2318 539 2352 orationibus
576 2320 791 2362 quadraginta
827 2320 981 2352 horarum
1007 2319 1075 2352 lieri

338 2371 524 2411 consuevit,
551 2371 700 2415 publicae
731 2373 932 2405 venerationi
959 2373 1075 2416 exponi

336 2424 572 2467 mandavimus)
599 2425 713 2458 devote
738 2425 947 2465 visitaverint,
969 2438 1005 2458 ae
1022 2427 1077 2459 ali-

337 2487 401 2524 quo
427 2488 462 2510 ex
489 2477 583 2510 dictis
613 2477 754 2510 sabbatis
786 2478 1017 2518 ieiunaverint,
1045 2484 1077 2511 et,

337 2541 412 2564 vere
438 2531 644 2574 poenitentes
671 2542 706 2564 ac
731 2532 871 2564 consessi
897 2531 983 2564 idem
1005 2543 1076 2564 san-

340 2584 520 2617 ctissimum
531 2584 753 2617 Eucharistiae
768 2584 1009 2617 Sacramentum
1025 2585 1077 2617 do-

340 2636 458 2669 minica
477 2638 686 2681 subsequenti
705 2638 872 2670 sabbatum
891 2638 1076 2671 huiusmodi

1761 243 1823 277 307

1116 304 1325 348 sumpserint,
1353 303 1462 346 ibique
1489 307 1560 335 ante
1585 302 1637 335 SS.
1665 301 1855 334 Sacramen-

1118 364 1182 390 tum
1207 357 1407 401 praedictum
1441 356 1569 400 publice
1593 354 1794 387 venerationi
1820 360 1855 387 ut

1094 423 1095 426 ¹
1117 410 1296 453 praefertur
1328 409 1509 453 expositum
1535 419 1592 452 per
1617 407 1747 451 aliquod
1775 413 1854 440 tem-

1116 463 1205 506 poris
1232 463 1383 506 spatium,
1401 467 1497 506 prout
1515 462 1686 505 unicuique
1703 467 1855 504 suggeret

1117 515 1256 556 devotio,
1275 515 1345 558 pias
1359 516 1398 548 ad
1420 516 1520 548 Deum
1538 526 1652 558 preces
1671 513 1853 553 effuderint,

1116 573 1151 600 ut
1176 568 1284 611 copias
1310 564 1505 601 christianas
1523 579 1580 600 suo
1600 568 1708 600 divino
1735 567 1853 600 auxilio

1116 620 1155 652 ad
1182 621 1400 654 defensionem
1427 627 1458 653 et
1483 622 1611 654 totalem
1627 621 1854 654 liberationem

1117 673 1252 706 civitatis
1272 673 1408 706 Candiae
1435 679 1465 706 et
1490 673 1579 715 regni
1598 673 1708 706 Cretae
1727 670 1854 716 praedi-

1117 732 1241 760 ctorum
1262 728 1301 759 ab
1320 727 1529 770 oppressione
1550 727 1724 759 Turcarum
1747 727 1853 759 sovcre

1118 786 1147 812 et
1174 785 1346 824 protegere
1374 780 1547 822 dignetur,
1576 780 1754 822 plenariam
1786 790 1854 812 om-

1117 833 1205 866 nium
1231 838 1439 876 peccatorum
1465 843 1597 865 suorum
1618 832 1854 874 indulgentiam

1117 892 1149 919 et
1167 886 1390 919 remissionem
1402 885 1658 918 misericorditer
1670 885 1703 917 in
1716 885 1853 918 Domino

1118 939 1351 972 concessimus.

1160 992 1175 1035 ἓ
1200 992 1229 1024 2.
1257 992 1345 1024 N-inc
1366 997 1473 1024 autem
1496 990 1635 1024 divinam
1653 1001 1749 1034 opem
1765 990 1854 1023 simi-

1117 1045 1200 1079 libus
1226 1045 1354 1088 pictatis
1381 1044 1533 1088 operibns
1552 1044 1583 1076 in
1605 1043 1755 1077 universa
1779 1055 1855 1088 quo-

1118 1109 1177 1143 que
1194 1098 1285 1131 Italia
1310 1102 1341 1130 et
1365 1097 1479 1130 insulis
1498 1097 1721 1129 adiacentibus
1739 1096 1855 1140 implo-

1117 1151 1179 1183 rari
1205 1150 1389 1193 cupiente&
1422 1149 1662 1182 venerabilibus
1697 1149 1852 1182 fratribus

1117 1204 1324 1247 patriarchis,
1351 1203 1605 1245 archiepiscopis
1631 1208 1661 1235 et
1683 1203 1852 1246 episcopis,

1118 1257 1252 1300 aliisque
1287 1257 1499 1289 ecclesiarum
1530 1255 1682 1299 praelatis
1708 1261 1740 1289 et
1763 1256 1855 1289 Ordi-

1118 1310 1216 1343 nariis
1243 1309 1401 1341 civitatum
1428 1315 1459 1341 et
1483 1309 1690 1349 dioecesum,
1717 1309 1855 1352 oppido-

1117 1374 1196 1403 rum,
1224 1368 1380 1395 tcrrarum
1402 1367 1433 1394 et
1449 1363 1593 1394 locorum
1612 1362 1778 1394 universae
1795 1362 1853 1394 Ita-

1116 1418 1177 1450 liae
1197 1422 1228 1449 et
1240 1416 1413 1448 insularum
1430 1415 1646 1447 adiacentium
1661 1415 1853 1455 huiusmodi,

1116 1480 1171 1502 seu
1198 1479 1312 1502 eorum
1338 1467 1463 1500 vicariis
1490 1468 1523 1500 in
1549 1468 1771 1511 spiritualibus
1802 1479 1856 1510 ge-

1116 1522 1292 1562 neralibus,
1318 1520 1540 1564 praesentium
1574 1520 1658 1553 serie
1684 1520 1857 1553 committi-

1116 1586 1186 1608 mus
1213 1580 1244 1607 et
1268 1574 1469 1613 mandamns,
1493 1580 1540 1614 ut,
1567 1574 1676 1606 statim
1693 1579 1788 1616 atque
1811 1574 1856 1617 ip-

1116 1639 1226 1661 sarum
1251 1627 1470 1671 praesentium
1494 1626 1673 1659 litterarum
1694 1632 1856 1659 transum-

1116 1687 1187 1725 pta,
1213 1690 1268 1713 seu
1296 1680 1458 1723 exempla,
1486 1679 1582 1712 etiam
1612 1679 1789 1723 impressa,
1816 1679 1854 1712 ad

1117 1745 1172 1767 eos
1198 1733 1430 1777 pervenerint,
1460 1733 1493 1765 in
1526 1732 1688 1775 aliquibus
1723 1743 1854 1765 suarum

1117 1787 1298 1830 respective
1324 1786 1488 1818 civitatum
1515 1790 1546 1818 et
1571 1785 1770 1825 dioecesum,
1797 1796 1855 1829 op-

1117 1841 1289 1884 pidorum,
1317 1845 1475 1872 terrarum
1509 1843 1540 1871 et
1573 1839 1718 1872 locorum
1752 1840 1856 1872 eccle-

1118 1894 1173 1926 siis
1210 1904 1269 1936 per
1305 1903 1361 1926 eos
1397 1892 1606 1934 designandis
1643 1896 1856 1925 memoratum

1118 1947 1351 1980 sanctissimum
1372 1946 1596 1979 Eucharistiae
1614 1945 1857 1978 Sacramentum

1119 2001 1207 2034 seriis
1239 1999 1337 2033 sextis
1373 2009 1408 2031 ac
1441 1999 1582 2031 sabbatis
1617 2004 1649 2031 et
1685 1997 1855 2031 dominicis

1118 2054 1215 2086 trium
1239 2052 1466 2085 continuarum
1491 2051 1769 2084 hebdomadarum
1796 2062 1856 2094 pu-

1117 2107 1220 2140 blicae
1246 2105 1367 2149 pariter
1402 2105 1546 2137 fidelium
1575 2104 1776 2137 venerationi
1802 2115 1856 2136 ex-

1117 2159 1194 2203 poni
1221 2163 1349 2197 c.urent;
1377 2167 1436 2190 nos
1461 2157 1546 2190 enim
1565 2157 1603 2189 de
1623 2157 1856 2200 omnipotentis

1117 2212 1172 2245 Dei
1198 2211 1418 2244 misericordia
1443 2211 1680 2250 aebeatm'nm
1714 2210 1798 2242 Petri
1824 2214 1856 2242 et

1116 2266 1204 2298 Pauli
1230 2265 1452 2307 apostolorum
1477 2264 1544 2296 eius
1569 2263 1759 2296 auctoritate
1782 2274 1857 2296 con-

1117 2319 1176 2357 tisi,
1204 2318 1353 2351 omnibus
1384 2317 1555 2360 utriusque
1588 2327 1681 2350 sexus
1705 2316 1857 2349 christili-

1118 2373 1254 2413 delibus,
1277 2371 1331 2415 qni
1357 2371 1497 2414 aliquam
1523 2381 1560 2403 ex
1583 2371 1727 2404 ecclesiis
1745 2371 1856 2402 huius·

1117 2427 1205 2460 modi
1230 2437 1268 2458 eo
1295 2430 1450 2468 tempore,
1478 2435 1542 2467 quo
1566 2424 1651 2457 idem
1669 2424 1721 2457 SS.
1745 2424 1855 2456 Sacra-

1118 2485 1261 2512 mentum
1278 2478 1427 2522 publicae
1443 2477 1646 2510 venerationi
1668 2477 1789 2509 ibidem
1808 2476 1855 2508 sie

1118 2532 1299 2575 expositum
1324 2531 1432 2570 suerit,
1458 2531 1569 2564 devote
1590 2530 1797 2568 visitaverint,
1818 2539 1855 2561 ao

1118 2586 1225 2628 aliquo
1251 2596 1288 2617 ex
1314 2584 1427 2617 iisdem
1456 2585 1597 2617 sabbatis
1628 2584 1750 2627 pariter
1775 2582 1855 2615 ieiu-

1118 2638 1273 2678 nat-erint,
1289 2643 1319 2670 ct
1337 2648 1410 2670 rere
1429 2637 1634 2681 poenitentes
1653 2646 1687 2669 ac
1706 2635 1854 2676 confessi,

1870 255 1916 278 An.
1934 252 1961 278 C.
1987 252 2050 279 1660

1901 999 1989 1020 Etutam
2012 1005 2029 1026 p«
2039 1006 2049 1021 ι·

1865 1029 1929 1046 tutam
1966 1027 2049 1048 tutum

1866 1054 1965 1074 [chtidtl.
