2247 3208
106 203 157 232 λιὶ.
178 203 208 232 C.
224 203 292 232 1667

129 1379 277 1400 investituram

93 1409 155 1432 praui
165 1412 184 1426 in
193 1406 277 1426 rubrica

94 1433 187 1453 unificat
206 1432 278 1452 Ponti-

93 1459 134 1479 sex.

299 253 404 286 favere
421 279 428 293 ‚
455 262 589 296 eamque
616 256 730 285 eontra
766 251 931 295 inprobos
963 262 1036 294 per-

295 315 465 338 versorum
485 310 617 339 conatus
643 305 818 338 defendere
837 310 866 337 et
884 305 1035 338 adiuvare

295 359 492 402 procurabis,
521 364 549 392 te
576 370 593 392 a
618 359 783 403 quibusvis
817 359 1036 392 excommuni-

295 412 442 453 cationis,
461 413 691 456 suspensionis,
707 418 738 445 et
754 412 928 450 interdicti,
948 412 1035 445 aliis-

296 476 358 508 que
392 466 600 499 eclesiasticis
627 466 805 505 sententiis,
833 465 977 498 censuris
1003 470 1035 497 et

294 520 420 562 poenis,
454 531 472 552 a
505 519 574 553 iure
600 521 650 553 vel
683 521 722 552 ab
748 520 898 557 homine,
924 519 1034 562 quavis

295 573 467 606 occasione
508 575 558 606 vel
603 575 697 605 causa
730 573 827 613 latis,
866 572 1032 614 siquibus

294 627 541 668 quomodolibet
564 626 739 658 innodatus
768 625 897 664 existis,
924 625 963 657 ad
989 625 1034 657 es-

293 678 413 712 sectuni
456 679 677 723 praesentium
718 679 883 711 dumtaxat
920 688 1034 711 conse-

294 733 480 775 quendum,
510 732 624 764 harum
649 731 731 765 serie
767 732 971 764 absolventes
1002 736 1034 764 et

293 785 473 817 absolutum
499 785 567 817 sore
593 789 776 823 censentes,
803 795 927 818 necnon
957 795 1033 817 eon-

292 838 475 870 cessionem
511 844 542 871 et,
571 839 797 881 elargitionem
839 839 1032 871 infeudatio-

290 900 432 934 nemque
456 896 489 923 et
513 892 737 924 investituram
763 893 802 925 de
832 892 947 924 eodem
982 902 1032 924 re-

291 954 374 986 gno,
403 955 461 987 per
492 945 612 977 dictum
646 945 863 978 Alexandrum
895 946 1032 988 praede-

290 1007 456 1030 cessorem
475 998 531 1031 tibi
552 1004 587 1030 ut
603 999 786 1041 praefertur
811 999 925 1039 factas,
948 1004 1031 1031 ratas

291 1056 322 1082 et
337 1056 444 1093 gratas
462 1051 631 1089 habentes,
646 1056 735 1084 motu
751 1052 895 1095 proprio,
911 1062 976 1084 non
991 1052 1029 1084 ad

291 1108 378 1135 tuam
395 1105 445 1136 vel
463 1104 595 1136 alterius
613 1115 671 1147 pro
690 1110 718 1136 te
741 1105 834 1137 nobis
853 1115 954 1148 super
969 1105 1031 1137 hoc

291 1157 419 1190 oblatae
461 1157 630 1200 petitionis
667 1158 863 1198 instantiam,
905 1159 961 1191 sed
992 1159 1029 1191 de

290 1211 381 1243 mera
407 1210 600 1243 liberalitate
625 1216 655 1243 et
685 1213 770 1243 certa
803 1211 939 1244 scientia
975 1223 1031 1245 no-

290 1263 384 1303 stris,
414 1268 456 1303 te,
486 1269 645 1306 qnatenus
673 1264 776 1297 (lictus
803 1265 938 1297 ducatus
964 1276 1031 1298 ma-

289 1316 392 1349 iorem
432 1323 557 1359 partem
592 1317 802 1350 Lombardiae
842 1319 1028 1351 huiusmodi

289 1369 569 1412 comprehendat,
596 1375 694 1412 tuque
720 1370 919 1404 relaxatione
946 1371 1030 1404 iura-

289 1422 391 1454 menti
417 1428 449 1455 et
473 1422 717 1465 dispensatione
743 1424 781 1456 ad
815 1424 1029 1457 obtinendum

289 1485 424 1518 regnum
442 1475 568 1508 Siciliae
586 1476 666 1508 citra
685 1477 826 1509 Pharum
839 1478 1028 1510 etducatum

289 1527 476 1561 huiusmodi
490 1528 648 1571 indigeas,
666 1539 721 1562 sen
738 1530 816 1562 alias
831 1531 1029 1564 relaxatione

289 1587 321 1614 et
345 1582 586 1625 dispensatione
613 1582 786 1626 praedictis
813 1593 892 1626 opus
922 1583 981 1623 sit,
1013 1595 1029 1616 a

288 1635 455 1678 quibusvis
480 1640 571 1668 reatu
596 1636 749 1678 periurii,
776 1647 811 1668 ac
845 1637 1028 1677 sententiis,

288 1689 433 1721 censuris
460 1693 491 1722 et
515 1690 646 1732 poenis,
676 1690 700 1722 si
727 1701 806 1733 quas.
834 1691 954 1731 forsan,
980 1702 1029 1723 re-

290 1753 387 1785 gnum
412 1743 539 1776 Siciliae
565 1744 645 1776 citra
668 1744 810 1777 Pharum
844 1745 1028 1778 huiusmodi

289 1801 361 1828 ante
386 1797 435 1829 vel
467 1802 541 1839 post
575 1798 831 1840 acceptationem
865 1798 941 1831 dicti
973 1799 1030 1831 du-

288 1854 375 1882 catus
404 1850 615 1893 acceptando,
641 1856 694 1883 aut
719 1856 748 1883 te
775 1851 860 1884 illius
879 1852 1028 1893 regimini
1047 1868 1055 1878 ›

286 1902 512 1942 immiscendo,
527 1904 577 1936 vel
594 1904 680 1936 illins
695 1914 805 1946 regem
821 1904 1029 1937 inscribendo

289 1961 343 1988 aut
367 1956 619 1995 denominando,
638 1957 700 1989 iam
723 1957 829 1990 forsan
856 1958 1027 1999 incurristi,

286 2014 341 2042 aut
364 2009 532 2042 incurrere
558 2015 661 2053 potes,
688 2011 878 2043 auctoritate
901 2017 1029 2054 aposto-

286 2062 359 2102 lica,
388 2068 498 2096 tenore
524 2063 759 2105 praesentium,
782 2064 978 2096 absolvimus
998 2070 1026 2097 et

285 2115 482 2155 liberamus,
515 2117 763 2160 absolutumque
797 2123 827 2149 et
856 2117 1027 2150 liberatum

287 2179 359 2201 esse
377 2169 592 2209 decernimus,
612 2180 656 2209 ac,
673 2170 850 2202 dummodo
862 2170 932 2209 alia,
947 2181 1028 2214 quae

287 2221 319 2252 in
337 2221 453 2254 litteris
469 2222 691 2255 concessionis
706 2223 796 2265 regni
808 2223 933 2257 Siciliae
949 2224 1028 2256 citra

286 2273 426 2307 Pharum
452 2274 637 2308 huiusmodi
663 2276 695 2308 in
722 2277 868 2316 seudum,
898 2287 1027 2309 necnon

286 2328 435 2370 capitulis
450 2328 533 2360 inter
547 2328 618 2370 piae
632 2329 808 2361 memoriae
823 2329 964 2362 Leonem
977 2330 1029 2362 Pa-

285 2391 360 2424 pam
381 2380 417 2420 X,
437 2381 532 2413 etiam
554 2382 841 2424 praedecessorem
867 2388 1026 2421 nostrum,

285 2439 318 2466 et
338 2433 476 2477 inclytae
495 2434 671 2467 memoriae
691 2434 841 2467 Caroltnn
860 2435 1029 2477 imperato-

285 2496 356 2520 rem
373 2493 449 2519 tunc
471 2498 579 2530 regem
600 2487 822 2520 Romanorum
843 2488 902 2520 sub
923 2488 973 2520 dic
993 2498 1028 2520 111

285 2541 409 2574 mensis
425 2541 503 2573 iunii
518 2541 594 2574 anni
609 2552 727 2575 nncxxl
742 2541 830 2574 initis
842 2540 859 2581 ¹,
876 2546 1029 2574 contenta
1049 2555 1051 2561 ,

324 2603 334 2630 1
351 2601 418 2629 Male
435 2603 478 2630 etl.
496 2602 574 2630 Main.
593 2603 658 2639 legit
674 2604 755 2632 initii*
773 2606 811 2639 (n.
827 2604 876 2639 T.).

924 202 1066 227 cilmffixs
1087 200 1121 226 ix
1145 202 1194 226 1³1³.
1714 194 1780 228 555
1826 204 1876 232 An.
1895 204 1924 232 c.
1948 206 2014 233 1667

1079 250 1117 283 ad
1144 255 1174 283 te
1200 255 1231 283 et
1255 250 1335 283 alios
1361 250 1460 294 ipsius
1486 251 1591 285 Caroli
1613 251 1817 296 imperatoris

1078 314 1286 337 successores
1311 304 1521 347 pertinentia,
1548 311 1579 338 et
1605 317 1740 349 (1110111111
1770 317 1819 339 10-

1079 357 1189 389 missio
1214 367 1272 400 per
1296 358 1496 400 praedictam
1517 358 1633 392 Sedeni
1653 360 1733 392 sacta
1753 371 1816 393 non

1078 416 1221 453 apparet,
1248 421 1389 454 (1110111111
1413 411 1558 444 omnium
1591 418 1720 446 tenores
1741 424 1776 446 ac
1791 413 1817 445 si

1079 463 1117 495 de
1142 463 1241 496 verbo
1267 464 1305 496 ad
1330 464 1462 496 verbum
1487 464 1709 499 insererentur
1734 467 1819 499 simi-

1078 515 1151 548 liter
1179 517 1403 560 praesentibus
1437 518 1549 550 haberi
1580 521 1726 552 volumus
1758 532 1817 563 pro

1078 569 1255 611 expressiS,
1294 570 1400 612 quoad
1437 570 1554 603 vixeris
1584 572 1818 606 inviolabiliter

1076 622 1237 661 observes,
1265 623 1490 666 quodcumque
1517 624 1732 658 iuramentum
1759 638 1817 669 per

1078 680 1106 707 te
1132 681 1185 707 aut
1209 675 1308 708 alium
1334 677 1465 709 nomine
1487 683 1540 710 tuo
1558 688 1656 721 super
1677 690 1738 712 non
1762 680 1818 712 ob-

1077 729 1208 762 tinendo
1226 729 1370 762 dominio
1388 729 1603 764 Lombardiae
1631 732 1816 765 huiusmodi

1076 786 1129 813 aut
1154 781 1240 814 illius
1264 782 1379 815 maiori
1404 788 1495 826 parte
1521 794 1592 816 cum
1618 785 1690 827 ipso
1715 796 1816 827 regno

1076 834 1203 867 Siciliae
1232 835 1311 867 citra
1344 836 1483 868 Pharum
1518 837 1675 869 hactenus
1708 839 1816 871 sorsan

1076 888 1266 930 praestitum
1293 889 1398 928 suerit,
1426 894 1457 921 et
1482 889 1514 922 in
1541 890 1681 923 futurum
1706 902 1766 934 per
1788 898 1816 925 te

1074 942 1122 974 vel
1149 947 1395 984 procuratorem
1413 948 1502 975 tuum
1519 945 1759 986 praestandum,
1780 956 1815 977 ex

1075 1004 1172 1033 nunc,
1198 1000 1294 1037 prout
1318 1006 1475 1038 posquam
1498 997 1687 1039 praestitum
1706 998 1813 1038 suerit,

1075 1047 1113 1079 ad
1151 1048 1212 1080 hoc
1245 1049 1412 1081 dumtaxat
1451 1055 1486 1081 ut
1520 1050 1670 1084 ducatum
1705 1057 1736 1084 et
1768 1062 1817 1084 re-

1075 1111 1172 1142 gnum
1198 1100 1326 1134 Siciliae
1352 1103 1433 1135 citra
1457 1102 1617 1136 Pharum¹
1644 1110 1676 1137 et
1701 1105 1816 1138 ducem

1074 1154 1245 1187 Mediolani
1270 1156 1438 1188 nominare
1465 1161 1496 1188 et
1528 1157 1705 1190 inscribere
1725 1163 1757 1190 et
1777 1159 1815 1190 ab

1074 1207 1143 1239 aliis
1170 1208 1375 1241 denominari
1402 1214 1432 1240 et
1460 1209 1596 1242 inscribi
1622 1210 1735 1253 possis,
1763 1222 1816 1244 au-

1073 1260 1219 1293 ctoritate
1235 1265 1266 1293 et
1283 1267 1394 1294 tenore
1416 1262 1599 1304 praedictis,
1623 1264 1814 1303 relaxamus,

1073 1317 1169 1356 teque
1195 1324 1233 1346 eo
1259 1324 1324 1346 non
1350 1315 1452 1347 teneri
1478 1325 1538 1347 nec
1569 1316 1701 1358 astringi
1731 1318 1815 1359 pari-

1074 1370 1123 1399 ter
1148 1367 1363 1403 decernimus.
1394 1367 1514 1411 tibique
1544 1369 1629 1412 quod
1664 1370 1815 1402 ducatum

1073 1425 1105 1453 et
1128 1430 1265 1462 regnum
1298 1421 1427 1454 Siciliae
1464 1421 1545 1454 citra
1582 1423 1743 1462 Pharum,
1780 1429 1815 1455 nt

1074 1473 1263 1514 praefertur,
1289 1478 1401 1506 tenere
1433 1479 1464 1507 et
1496 1475 1663 1517 possidere
1698 1476 1811 1518 possis,

1073 1525 1262 1558 anctoritate
1289 1531 1321 1559 et
1339 1532 1451 1559 tenore
1471 1527 1654 1570 pracalictis,
1673 1528 1711 1561 (10
1742 1539 1815 1571 spe-

1050 1578 1144 1611 :ciali
1170 1580 1272 1621 gratia
1297 1580 1504 1613 concedimus
1537 1587 1568 1613 et
1590 1581 1811 1623 indulgemus,

1072 1643 1108 1664 ac
1134 1643 1307 1675 personam
1333 1639 1429 1673 tuam,
1455 1633 1479 1665 si
1498 1635 1648 1677 expediat
1675 1641 1706 1667 et
1732 1646 1814 1678 opus

1073 1685 1124 1724 sit,
1152 1690 1252 1728 tuque
1274 1686 1434 1728 indigeas,
1462 1687 1501 1719 ad
1520 1687 1686 1730 praedicta
1707 1689 1814 1721 onmia

1073 1738 1294 1772 habilitamus.

1116 1792 1130 1835 ἓ
1155 1792 1185 1824 ⁶2.
1213 1792 1283 1826 Non
1309 1793 1512 1826 obstantibus
1543 1795 1751 1838 praemissis,
1778 1806 1813 1828 ac
1852 1804 1944 1834 vesum
1961 1810 2010 1824 con-

1073 1845 1357 1879 constitutionilms
1389 1852 1419 1879 et
1452 1847 1710 1880 ordinationibus
1737 1834 1903 1891 apo-‘mm'

1073 1899 1210 1937 stolicis,
1238 1910 1363 1932 necnon
1390 1901 1541 1933 omnibus
1567 1901 1631 1933 illis
1660 1912 1741 1944 qnae
1768 1902 1816 1934 lu-

1073 1952 1133 1985 lius
1147 1958 1178 1985 et
1191 1953 1253 1986 Leo
1268 1963 1304 1985 ac
1317 1953 1370 1986 alii
1387 1953 1522 1986 Romani
1538 1954 1709 1987 Pontifices
1725 1966 1817 1998 prae-

1074 2006 1262 2039 decessores
1288 2006 1446 2049 praedicti
1472 2007 1504 2038 in
1530 2007 1646 2040 litteris
1672 2013 1703 2040 et
1730 2008 1816 2051 capi—

1073 2059 1147 2092 tulis
1174 2059 1348 2103 praedictis
1373 2062 1546 2094 voluerunt
1576 2072 1641 2093 non
1668 2063 1814 2101 obstare,

1073 2112 1255 2156 ceterisque
1281 2114 1454 2146 contrariis
1479 2114 1749 2157 quibuscumque.

1116 2167 1185 2209 §a
1223 2167 1377 2200 Volumus
1413 2173 1521 2199 autem
1554 2174 1585 2200 et
1611 2168 1815 2200 declaramus
1852 2175 1896 2195 Nm
1920 2176 2009 2211 insta-3¹¹

1826 2204 1894 2222 11111011
1950 2209 2007 2234 '¹¹¹;*¹'

1073 2221 1157 2263 qnod
1185 2231 1244 2263 per
1270 2221 1455 2253 huiusmodi
1481 2221 1728 2261 relaxationem,
1761 2222 1815 2253 (10-
1826 2235 2009 2281 fiagxgjfflfflnzioj

1073 2279 1209 2313 cretum,
1236 2274 1497 2312 concessionem,
1523 2273 1683 2306 indultum
1710 2280 1739 2306 et
1759 2275 1815 2307 ha-

1072 2327 1288 2360 bilitationem
1324 2328 1451 2360 nullum
1486 2327 1723 2370 praeiudicium
1755 2339 1813 2361 no-

1073 2381 1146 2413 stris
1172 2387 1204 2413 et
1225 2381 1330 2413 dictae
1349 2380 1440 2413 Sedis
1465 2391 1500 2413 ac
1517 2380 1548 2413 S.
1572 2381 1608 2413 R.
1629 2381 1663 2414 E.
1691 2382 1814 2414 iuribus

1073 2434 1106 2466 in
1132 2434 1391 2477 quibuscumque
1424 2434 1629 2471 civitatibus,
1658 2435 1751 2467 terris
1785 2441 1815 2467 et

1073 2487 1153 2520 locis
1185 2487 1285 2530 ipsius
1317 2487 1530 2520 Lombardiae
1558 2488 1731 2527 inseratur,
1758 2489 1813 2521 sed

1073 2541 1143 2573 iura
1168 2541 1238 2583 ipsa
1262 2541 1295 2573 in
1320 2551 1376 2573 sno
1402 2541 1520 2574 robore
1546 2542 1633 2574 salva
1653 2547 1685 2574 et
1702 2542 1814 2575 illaesa

1109 2605 1119 2629 1
1143 2603 1237 2639 Aliqua
1258 2603 1300 2630 hic
1320 2603 1415 2631 deesse
1437 2603 1559 2631 videntur
1581 2605 1683 2640 (11.1.)-
