2247 3208
135 259 184 286 An.
201 258 229 285 C.
252 256 320 285 ¹663

926 253 1113 277 ALEXAxNDER
1136 253 1179 276 VH
1204 254 1253 276 ΡΙ).

332 309 566 344 eonvertatur,
601 314 658 336 seu
700 303 859 346 pecuniae
898 311 1068 334 excessum

332 358 520 391 huiusmodi
547 361 784 390 concernentes
813 356 898 398 apud
923 359 1066 386 montem

330 411 475 455 pietatis,
502 420 559 442 seu
586 420 688 452 penes
715 409 812 441 aedes
838 408 986 451 publicas
1013 407 1069 439 de-

330 469 510 507 ponantur,
526 463 601 495 inde
618 473 684 495 uon
707 460 928 494 extrahendae
951 459 1013 492 nisi
1029 459 1067 491 ad

332 516 484 549 ess'ectum
520 516 592 548 illas
632 513 866 547 reinvestiendi
902 512 1001 545 modo
1037 516 1069 543 ct

332 570 434 602 forma
448 568 666 612 praemissis),
679 572 742 599 tam
756 565 956 598 coniunctim
971 575 1067 607 quam

332 622 459 655 divisim
495 630 649 664 possessa
679 618 819 661 (etiamsi
852 618 1010 661 praecisis
1037 621 1069 649 et

331 675 553 717 singularibus
572 672 828 714 obligationibus
847 676 879 703 et,
897 672 1066 710 oneribus,

331 726 419 758 iuxta
444 726 644 757 voluntatem
678 733 792 755 corum
830 723 884 764 qui
918 723 1003 754 bona
1037 726 1069 754 et

331 779 393 811 alia
418 777 607 820 supradicta
625 776 874 819 quomodolibet
891 775 1066 814 dederunt,

331 834 569 864 concesserunt
593 834 626 860 et
651 829 779 871 elargiti
805 832 893 868 sunt,
921 827 987 859 sint
1011 828 1069 860 ob-

330 883 426 915 noxia
444 882 668 923 etsubiecta),
696 882 946 924 repraesentata
971 881 1067 912 etiam

330 935 483 979 pecunia,
517 942 645 967 necnon
672 934 769 966 etiam
801 934 987 977 anticipatis
1016 944 1069 966 so-

330 989 531 1028 lutionibus,
558 989 691 1027 locare,
720 988 787 1020 sive
812 987 843 1019 iu
875 987 1069 1030 emphyteu-

331 1042 404 1081 sim,
424 1042 490 1074 sive
517 1042 595 1073 alias
622 1041 661 1073 ad
686 1051 796 1080 unam,
824 1040 903 1072 duas
922 1040 973 1072 vel
998 1040 1069 1082 plu-

331 1104 384 1126 res
407 1094 638 1136 generationes
664 1104 722 1125 seu
747 1093 988 1126 nominationes
1010 1102 1068 1124 seu

332 1148 431 1180 etiam
463 1147 496 1179 in
531 1152 730 1190 perpetuum
765 1146 974 1185 concedere,
1001 1146 1067 1178 sive

332 1211 406 1233 cum
431 1200 502 1233 aliis
527 1204 738 1243 permutare,
765 1210 801 1231 ac
828 1199 924 1231 etiam
950 1199 1067 1239 libere,

331 1253 382 1285 vel
410 1262 484 1284 cum
508 1257 604 1294 pacto
629 1252 828 1292 redimendi,
856 1256 888 1284 et
911 1252 1007 1284 etiam
1029 1251 1068 1283 de

330 1305 426 1337 bonis
452 1310 485 1350 et
507 1305 608 1337 rebus
626 1305 722 1337 unius
744 1305 810 1337 sive
832 1305 976 1347 plurium
1001 1313 1070 1336 mo-

330 1358 556 1390 nasteriorum
575 1362 607 1390 et
627 1360 785 1396 locorum,
805 1362 837 1389 et
861 1357 1009 1389 eiusdem
1027 1357 1070 1388 ci-

330 1411 439 1444 vitatis
464 1412 515 1444 vel
542 1411 752 1453 provinciae,
783 1410 910 1443 etiamsi
944 1415 1066 1449 castra,

330 1464 577 1497 iurisdictiones
595 1469 627 1496 et
647 1463 726 1496 alia¹
748 1463 935 1496 huiusmodi
961 1463 1068 1495 minus

331 1517 425 1550 utilia
450 1517 609 1557 existant,
635 1521 734 1560 prout
759 1517 987 1559 superioribus
1013 1526 1068 1548 cu-

330 1571 526 1613 iuscumque
553 1571 816 1613 congregationis
842 1571 945 1613 magis
971 1581 1068 1613 expe-

332 1624 424 1656 diens
449 1624 627 1663 videbitur,
650 1624 716 1656 sive
743 1624 781 1656 ad
807 1634 979 1666 praesens,
999 1623 1065 1655 sive

331 1687 542 1720 quocumque
561 1677 718 1719 temporis
736 1676 909 1708 intervallo
925 1676 999 1719 (pro
1014 1687 1067 1708 ex-

331 1730 489 1762 tinctione
515 1740 673 1762 censuum
698 1740 758 1772 pro
783 1729 946 1761 solutione
972 1739 1067 1771 prae-

332 1783 437 1815 dictae
463 1793 609 1815 summae
628 1793 688 1824 per
712 1793 768 1814 eos
789 1782 972 1825 respective
991 1792 1067 1814 con-

332 1840 589 1874 eontraetorum,
604 1835 686 1866 itaut
703 1836 832 1877 singulo
851 1845 928 1867 casu
953 1835 1067 1867 huius-

331 1888 419 1920 modi
456 1887 599 1920 venditio
636 1892 669 1919 et
699 1888 796 1930 pretii
831 1888 1002 1920 conversio
1034 1887 1066 1919 in

332 1941 565 1974 extinctionem
600 1951 758 1974 censuum
791 1941 977 1973 huiusmodi
1008 1951 1066 1973 scu

331 1994 434 2037 partis
460 2005 574 2026 eorum
606 1995 703 2027 unico
729 1999 882 2027 contextu
907 1994 981 2034 fiat,
1009 2004 1066 2026 seu

331 2048 447 2080 Saltem
472 2047 631 2090 pecuniae
650 2058 687 2080 ex
705 2048 947 2080 venditionibus
972 2057 1067 2090 prae-

332 2099 426 2132 dictis
441 2100 640 2142 redigendae
658 2101 744 2143 apud
758 2105 902 2133 montem
920 2100 1064 2143 pietatis,

331 2162 389 2185 seu
408 2154 506 2185 aedes
529 2153 691 2196 publicas,
715 2158 749 2185 ut
768 2164 879 2196 supra,
900 2153 1066 2196 deponan-

333 2211 385 2237 tur
404 2232 411 2245 ,
444 2206 519 2238 inde
544 2216 609 2238 non
636 2207 857 2239 extrahendae
877 2233 884 2247 ‚
919 2206 979 2238 nisi
1005 2216 1065 2249 pro

332 2259 532 2292 extinctione
558 2270 716 2292 censuum
738 2270 796 2292 seu
821 2259 923 2303 partis
950 2270 1064 2292 eorum

332 2311 547 2355 huiusmodi),
561 2312 714 2351 vendere,
730 2324 766 2345 ac
778 2323 987 2356 quocumque
1002 2313 1065 2345 alio

332 2365 430 2397 modo
456 2370 487 2397 et
513 2366 606 2398 titulo
632 2366 797 2405 alienare;
826 2370 858 2398 et
892 2371 1066 2409 praeterea

332 2418 442 2451 onmia
467 2423 499 2450 et
524 2429 751 2461 quaecumque
783 2419 868 2452 bona
900 2418 1064 2459 feudalia,

332 2472 598 2514 emphyteutica,
634 2473 684 2504 vcl
710 2471 788 2518 alias
819 2472 985 2511 censibus,
1014 2482 1067 2503 ca-

332 2524 490 2565 nonibus,
516 2524 753 2567 pensionibus,
784 2524 1064 2566 recognitionibus

371 2644 378 2667 t
399 2641 446 2667 Ed.
465 2640 542 2666 Main.
561 2640 622 2675 legit
639 2640 713 2666 alias
729 2648 774 2674 pro
790 2640 851 2667 alia
867 2640 907 2674 (n.
923 2640 971 2674 τ.).

1745 246 1809 279 149

1103 311 1180 341 erga
1205 312 1239 333 se
1261 301 1410 341 obnoxia,
1430 303 1537 345 pretio
1558 303 1713 344 liberare,
1737 304 1840 336 extin-

1103 363 1203 393 guere
1231 359 1263 385 et
1287 353 1481 394 atl‘rancare3
1501 366 1628 388 necnon
1655 367 1756 400 super
1779 357 1838 389 ho-

1102 406 1151 437 nis
1177 407 1355 448 praedictis
1386 418 1504 439 census
1530 420 1656 442 annuos
1682 421 1742 453 pro
1768 412 1838 443 rata

1102 458 1247 501 singulas
1274 460 1546 501 congregationes
1565 463 1749 504 praedictas
1769 468 1839 495 tan-

1103 515 1199 553 gente
1224 517 1405 555 perpetuos
1424 518 1456 545 et
1477 514 1678 548 redimibiles
1697 516 1840 558 (servata

1102 568 1212 596 tamen
1238 564 1342 597 forma
1374 566 1617 599 constitutionis
1652 569 1754 601 felicis
1788 580 1840 602 re-

1103 617 1304 650 cordationis
1330 617 1375 650 Pii
1400 619 1506 661 Papae
1527 619 1550 651 V
1570 621 1839 662 praedecessoris

1102 669 1205 701 nostri
1231 680 1331 712 super
1360 671 1510 703 creandis
1536 673 1690 705 censibus
1717 674 1838 717 editae)

1103 732 1215 754 creare
1241 727 1273 755 et
1298 723 1484 766 imponere3
1503 735 1632 757 necnon
1654 736 1768 767 unum,
1788 729 1839 760 vel

1102 776 1197 818 plura
1215 776 1427 816 monasteria,
1450 777 1516 810 sive
1534 784 1709 821 perpetuo,
1732 781 1781 813 vel
1799 780 1839 812 ad

1104 833 1252 870 tempus,
1285 834 1384 871 prout
1409 830 1636 872 superioribus
1661 832 1839 874 praedictis

1102 881 1205 922 magis
1230 881 1394 923 placuerit
1418 886 1451 913 et
1477 883 1633 925 expedire
1659 884 1837 926 videbitur,

1102 933 1310 976 supprimere
1336 938 1369 965 et
1388 935 1556 977 claudcre;
1575 946 1703 968 necnon
1725 937 1840 969 eadem

1103 987 1314 1027 monasteria,
1330 990 1443 1020 secuta
1463 988 1591 1031 integra
1611 990 1775 1023 solutione
1789 1001 1840 1023 ra-

1104 1044 1153 1071 tae
1179 1040 1218 1072 ad
1244 1040 1424 1083 quamlibet
1442 1051 1480 1074 cx
1497 1042 1592 1075 dictis
1611 1043 1840 1086 congregatio-

1102 1092 1199 1125 nibus
1225 1094 1476 1136 quomodolibet
1500 1096 1689 1138 spectantis,
1716 1097 1838 1138 denuo,

1102 1151 1202 1189 prout
1226 1146 1349 1179 eisdem
1375 1148 1604 1190 superioribus
1625 1149 1791 1182 videbitur
1808 1155 1840 1182 et

1103 1199 1277 1241 placuerit,
1295 1200 1385 1232 nulla
1408 1203 1521 1232 nostra
1553 1206 1585 1233 et
1609 1212 1839 1235 successorum

1103 1256 1292 1284 nostrorum
1326 1257 1357 1284 et
1381 1252 1472 1286 Sedis
1502 1254 1710 1297 Apostolicae
1733 1260 1766 1287 et
1785 1266 1840 1287 cu—

1102 1305 1203 1337 iusvis
1222 1305 1357 1338 alterius
1372 1306 1505 1338 licentia
1519 1307 1686 1349 requisita,
1703 1308 1741 1340 de
1755 1318 1840 1340 novo

1103 1358 1245 1401 aperire,
1268 1364 1300 1391 et
1317 1359 1349 1391 in
1367 1360 1424 1400 eis,
1443 1365 1542 1403 prout
1559 1365 1663 1401 antea,
1690 1361 1838 1403 religiosi

1102 1410 1232 1443 Ordinis
1249 1416 1282 1443 et
1299 1413 1577 1455 congregationis,
1596 1413 1689 1445 cuius
1711 1424 1840 1447 monas-

1104 1464 1223 1496 terium
1255 1475 1313 1497 seu
1346 1466 1546 1498 monasteria
1582 1466 1747 1507 existunt,
1782 1467 1838 1499 de-

1103 1527 1180 1559 gere
1206 1517 1310 1549 libere
1337 1523 1368 1550 et
1392 1519 1479 1551 licite
1506 1520 1651 1560 valeant;

1146 1569 1160 1611 g
1184 1569 1215 1601 4.
1242 1569 1375 1603 Necnon
1400 1572 1618 1612 monasteria,
1648 1572 1836 1615 prioratus,

1102 1623 1363 1666 praeposituras,
1377 1624 1549 1665 beneficia,
1561 1624 1679 1666 officia,
1694 1636 1837 1666 mensas,

1103 1676 1263 1716 membra,
1291 1677 1455 1719 grangias,
1475 1688 1612 1718 annexa,
1635 1683 1836 1719 conventus,

1102 1733 1134 1760 et
1152 1729 1223 1761 loca
1239 1729 1417 1771 praedicta,
1437 1741 1453 1762 a
1471 1730 1734 1774 quilmscumque
1756 1731 1839 1763 obli-

1103 1781 1302 1823 gationibus,
1329 1783 1498 1823 oneribus,
1518 1783 1780 1816 fideicommissis
1806 1790 1839 1816 et

1102 1835 1353 1875 caducitatibus,
1375 1836 1654 1876 devolutionilms,
1677 1837 1838 1869 substitu-

1103 1888 1258 1929 tionibus,
1279 1889 1374 1921 etiam
1396 1890 1435 1921 ad
1455 1890 1597 1922 savorem
1612 1890 1749 1922 aliorum
1767 1890 1838 1933 pio-

1103 1950 1175 1972 rum
1200 1941 1358 1979 locorum,
1382 1941 1500 1984 quibus
1520 1942 1707 1983 (occasione
1733 1943 1837 1975 bono-

1102 2003 1186 2033 rum,
1213 2003 1384 2034 censuum,
1411 1995 1673 2037 proprietatum,
1700 1995 1834 2035 iurium,

1102 2046 1308 2089 aliorumque
1334 2051 1365 2079 et
1390 2057 1675 2090 quorumcumque
1701 2058 1761 2090 per
1779 2059 1835 2081 eos

1101 2099 1212 2141 vigore
1256 2100 1480 2142 praesentium
1522 2101 1810 2133 eoncedendorum
1826 2128 1834 2141 ‚

1101 2153 1361 2193 vendendorum,
1373 2154 1635 2194 alienanslorum,
1646 2159 1836 2197 permutan-

1101 2206 1218 2238 dorum
1239 2211 1272 2237 et
1294 2206 1332 2238 de
1354 2206 1472 2249 quibus
1491 2207 1569 2239 alias
1587 2207 1836 2250 quomodolibet

1100 2259 1133 2291 in
1157 2259 1221 2291 vim
1248 2259 1410 2291 facultatis
1430 2264 1462 2291 et
1486 2260 1689 2292 auctoritatis
1708 2259 1754 2292 eis
1776 2270 1836 2303 per

1101 2312 1233 2344 easdem
1268 2317 1461 2354 praesentes
1494 2317 1622 2344 nostras
1659 2312 1835 2345 attributae

1101 2365 1351 2408 quomodolibet
1374 2366 1564 2409 disponent)
1584 2364 1718 2408 quibus¹
1737 2365 1834 2397 etiam

1101 2418 1361 2461 quomodolibet,
1384 2423 1416 2451 et
1440 2430 1477 2451 ex
1499 2429 1705 2462 quacumque
1723 2421 1833 2459 causa,

1101 2470 1198 2503 etiam
1215 2481 1275 2514 per
1292 2471 1375 2503 viam
1397 2476 1682 2512 testamentorum,
1702 2471 1836 2504 codicil—

1100 2524 1220 2563 lorum,
1247 2524 1431 2566 legatorum
1456 2524 1496 2557 ad
1520 2525 1591 2568 pias
1618 2535 1746 2565 causas,
1778 2524 1835 2556 do-

1136 2595 1148 2620 1
1171 2593 1224 2620 Vox
1244 2594 1347 2628 quibus
1366 2594 1518 2621 redundare
1538 2594 1653 2626 videtur,
1674 2603 1734 2621 nam
1755 2601 1834 2630 prae-

1100 2638 1179 2664 cessit
1197 2637 1249 2664 iam
1269 2642 1331 2664 ante
1350 2639 1532 2673 parenthesim
1551 2639 1588 2672 (a.
1608 2639 1655 2670 T.).

1856 257 1904 283 An.
1919 256 1947 283 C.
1970 256 2036 283 1663

1902 369 2040 389 Constitutio-

1854 401 1900 416 nem
1913 396 1945 415 Ρίι
1962 395 1976 415 V
1993 402 2037 416 ser-

1856 422 1900 442 vari
1916 422 1966 442 vult.

1881 1581 1929 1602 {tem
1939 1582 2038 1602 oneribus

1855 1609 1955 1634 gravandi
1994 1615 2037 1628 mo-

1854 1637 1955 1659 nasteria,
1971 1637 2012 1655 etc⁴
