2247 3208
192 217 243 241 An.
265 213 378 240 01⁴:oe
425 203 466 236 9⁵2

240 1535 366 1555 Procurator

184 1561 291 1581 numanae
328 1568 365 1582 cu-

185 1594 234 1608 riae.

237 2318 363 2345 Suttrogatio

182 2345 298 2366 Auriniam-is
332 2346 363 2366 vel

182 2375 279 2393 vtivturis
301 2378 364 2398 gene-

181 2401 236 2420 ratis.

958 200 1136 226 sst'LLARu‘M

386 260 485 299 socii,
514 267 649 301 quorum
675 255 737 288 duo
763 253 855 286 titulo
889 248 1134 288 definit01·um,{

387 312 440 346 alii
459 321 535 344 vero
554 311 729 342 electorum
747 305 945 349 generalium
961 303 1114 346 gaudent;
1132 289 1134 316 Ι

387 364 528 398 decrevit
559 361 758 406 praedictum
791 358 941 401 generale
968 355 1117 388 definito-

385 418 467 450 rium
494 416 599 459 quod,
632 414 685 458 qui
711 413 802 446 titulo
829 412 1006 444 electorum
1032 408 1118 441 desi-

386 473 670 513 511a1itur,tantum
701 467 845 500 habeant
874 462 1059 505 suffragium
1084 461 1135 493 inu

386 522 623 566 qualificationc
642 519 799 554 vocalium
816 524 887 551 ante
907 516 1114 555 electionem,

385 582 417 609 et
441 576 473 608 in
498 575 658 608 electione
683 572 839 615 magistri,
867 582 903 604 ac
928 571 1042 603 domus
1067 578 1117 601 ca-

386 628 544 671 pitularis,
563 637 629 660 non
647 631 753 659 autem
774 624 807 656 in
825 623 895 656 aliis
914 621 1115 659 definitoriis,
1132 637 1135 691 ι

385 681 545 714 servando
559 680 592 712 in
613 680 675 712 hoc
693 676 961 711 consuetudinem
986 674 1134 724 religio-1

385 734 434 766 nis
448 745 465 766 a
482 733 622 776 capitulo
640 731 784 774 generali
805 728 974 762 Mure-musi
1000 737 1117 770 appro-
1133 739 1134 776 ζ

384 787 491 819 batam
510 790 542 818 et
559 784 792 818 confirmatam:
811 788 843 815 et
859 780 1020 820 similiter,
1043 777 1134 825 quial?

385 839 458 872 dicti
474 838 661 871 definitores
680 842 712 869 et
728 837 885 869 electores
911 833 1041 876 capituli
1062 843 1134 881 gez-¹,

384 891 504 924 neralis
519 891 640 923 debent
654 900 725 922 esse
747 888 846 931 gradu
870 885 1048 928 magisterii
1065 886 1115 917 vel
1132 909 1134 928 ᾖ

384 948 647 987 praesentaturae
673 940 831 983 insigniti,
851 940 901 972 vel
926 939 1039 971 saltem
1058 947 1117 980 per

384 996 495 1039 viginti
521 1005 623 1027 annos
649 1005 666 1026 a
690 992 894 1036 professione
920 989 1056 1032 antiqui,
1081 994 1133 1023 ut,

383 1050 414 1081 in
449 1048 610 1082 electione
647 1046 793 1089 magistri
830 1044 959 1088 possint
993 1042 1133 1088 habere,

383 1100 580 1143 suffragium,
607 1100 693 1132 iuxta
716 1099 879 1132 decretum
905 1094 1035 1138 capituli
1060 1105 1132 1136 gew

382 1153 501 1186 neralis
520 1150 794 1185 Bareliinonensis
811 1161 828 1182 a
842 1148 1113 1192 subsequentibus

382 1205 605 1239 confirmatum
620 1210 651 1237 et
664 1204 883 1241 observatum,
897 1199 1113 1243 decrevitque¹

382 1258 581 1301 praedictum
607 1257 758 1299 generale
785 1254 1002 1288 delinitorium
1028 1254 1113 1297 quod

383 1309 509 1354 tenipus
547 1309 732 1353 praedictae
766 1306 967 1350 antiquitatis
1000 1306 1112 1348 viginti

382 1374 540 1396 annorum
574 1373 632 1405 per
663 1361 883 1394 authenticum
924 1365 955 1392 et
979 1358 1040 1392 fide
1067 1359 1113 1392 di-

382 1428 479 1459 gnum
494 1420 728 1459 transumptum
739 1412 953 1457 professionis
964 1417 1112 1445 constare

382 1471 490 1502 debet

424 1533 491 1555 xxx.
510 1521 600 1562 Item,
617 1531 687 1553 cum
705 1519 897 1563 quicumque
918 1517 951 1550 in
968 1517 1113 1550 Romana

381 1576 468 1608 curia
492 1575 524 1607 in
550 1573 655 1607 officio
681 1571 900 1618 procuratoris
933 1570 1113 1614 generalis2

381 1635 511 1662 strenue
538 1633 569 1661 et
593 1638 664 1659 cum
686 1625 921 1670 approbatione
947 1624 1110 1658 communi

382 1693 440 1725 per
464 1681 722 1725 quinquennium
747 1689 781 1712 se
807 1678 957 1721 gesserit,
974 1678 1000 1710 si
1018 1677 1129 1715 suerin

381 1735 546 1777 magister,
565 1744 677 1766 vocem
702 1732 823 1765 habeat
845 1731 878 1764 in
899 1731 1039 1774 capitulo
1058 1741 1111 1773 ge·
1128 1744 1130 1776 t

380 1788 481 1820 nerali
514 1787 658 1830 proxime
691 1785 878 1818 immediate
914 1785 1017 1817 flituro
1035 1811 1041 1825 ,
1074 1794 1129 1818 ex-¹

381 1842 510 1874 decreto
547 1839 676 1882 capituli
718 1838 879 1881 generalis
912 1837 1057 1870 Toletani
1094 1848 1111 1869 a

380 1892 577 1927 sanctissimo
595 1892 723 1925 Urbano
740 1891 803 1923 VIII
824 1890 1032 1930 cons1r1nat03
1056 1890 1111 1923 de-

380 1947 479 1979 crevit
498 1946 697 1989 praedictum
723 1945 875 1987 generale
892 1942 1130 1977 definitoriumt

381 2000 465 2042 quod
489 1998 558 2031 talis
576 2003 764 2041 procurator
781 1996 941 2039 generalis
960 2006 1026 2028 non
1045 1980 1129 2028 tan—¹

382 2058 445 2084 tum
460 2052 577 2084 habeat
586 2062 696 2084 vocem
711 2051 743 2082 in
755 2050 968 2083 electionibus
980 2049 1109 2092 capituli

380 2104 555 2147 generalis,
574 2115 684 2136 verum
710 2103 804 2135 etiam
826 2103 858 2135 in
883 2102 1033 2135 omnibus
1055 2102 1110 2134 de-

379 2157 528 2189 finitoriis
553 2157 624 2189 illas
650 2155 921 2199 subsequentibus
947 2165 1048 2198 usque
1070 2155 1109 2187 ad

380 2210 618 2242 absolutionem
633 2209 776 2252 capituli,
793 2219 864 2240 cum
882 2207 1110 2251 praecedentia

380 2263 441 2295 loci
467 2263 506 2295 ad
531 2273 643 2294 omnes
670 2261 856 2294 definitores
883 2262 1063 2303 generales.

422 2322 502 2344 xxm.
530 2311 607 2343 Item
633 2311 832 2353 praedictum
858 2311 1007 2352 generale
1034 2308 1111 2342 defi-

379 2363 533 2396 nitorium
558 2363 748 2406 approbavit
768 2374 803 2396 ac
827 2362 1028 2395 confirmavit
1048 2367 1111 2394 sta-

381 2422 481 2450 tutum
499 2417 628 2460 capituli
647 2417 807 2459 generalis
829 2416 1026 2454 Murciensis,
1046 2424 1109 2457 quo

380 2470 564 2504 decernitur
590 2470 674 2513 quod
696 2470 728 2501 in
747 2469 905 2501 electione
927 2467 1108 2501 delinitoris

415 2544 425 2569 1
449 2542 541 2577 Aptius
557 2541 614 2576 lege
629 2541 750 2567 decrevit
763 2543 800 2574 (a.
816 2541 864 2571 τ.).

413 2586 430 2613 2
450 2586 520 2613 Edit.
542 2585 619 2613 Main.
637 2584 699 2620 legit
713 2583 845 2619 qenerali
859 2585 896 2618 (n.
912 2583 960 2616 Τ.).

1160 197 1311 221 noussen

1150 247 1200 279 vel
1227 243 1377 278 electoris
1403 243 1585 286 generalis,
1612 243 1684 275 loeo
1716 241 1802 275 illius
1827 241 1880 284 qui

1151 304 1252 331 morte
1285 298 1336 330 vel
1365 295 1600 339 impedimento
1625 295 1771 338 legitimo
1796 294 1883 337 capi-

1151 353 1217 384 tulo
1249 350 1394 394 generali
1427 348 1581 381 assistere
1607 349 1729 391 nequit,
1758 358 1840 391 quae
1865 358 1882 379 a

1151 404 1376 438 definitoribus
1395 401 1580 446 provinciae
1600 401 1694 433 simul
1719 411 1790 433 cum
1808 410 1883 443 pro-

1150 457 1278 491 vinciali
1303 456 1372 489 sieri
1399 456 1506 495 debet,
1533 464 1645 487 vocem
1671 454 1792 486 habeat
1815 464 1882 486 ma-

1150 511 1250 553 gister
1274 509 1448 553 generalis,
1465 508 1490 540 si
1516 516 1673 550 praesens
1699 505 1804 545 suerit,
1822 505 1882 538 mi-

1150 564 1237 597 nime
1264 569 1371 596 tamen
1396 561 1530 595 vicarius
1558 559 1719 603 generalis
1739 558 1878 599 Ordinis,

1151 617 1203 660 qui
1229 618 1301 649 loco
1326 615 1471 658 magistri
1497 613 1651 647 succedit.

1192 680 1286 703 xxxn.
1312 669 1391 702 Item
1413 666 1604 711 approbavit
1624 671 1656 698 et
1679 663 1882 698 confirmavit

1149 722 1347 766 praedictum
1366 722 1518 764 generale
1543 718 1761 752 definitorium
1783 722 1882 750 statu-

1150 782 1215 807 tum
1240 775 1370 818 capituli
1397 773 1558 817 generalis
1583 771 1789 811 aluiciensis,
1817 781 1880 814 quo

1150 827 1333 860 decernitur
1354 827 1439 870 quod
1457 836 1522 858 non
1541 824 1644 868 possit
1667 823 1804 857 vicarius
1826 833 1881 866 ge-

1149 880 1268 913 neralis
1294 885 1348 912 aut
1373 878 1580 922 provincialis
1604 877 1684 909 adie
1702 875 1879 909 vacationis

1132 932 1355 975 'magistratus
1387 942 1490 974 usque
1522 931 1562 963 ad
1593 940 1709 963 novam
1734 929 1879 971 magistri

1132 985 1310 1028 'generalis
1330 984 1524 1017 electionem
1542 984 1683 1026 aliquem
1705 983 1879 1015 electorem

1131 1048 1224 1071 «voce
1243 1037 1343 1070 activa
1360 1037 1500 1080 privare3
1521 1036 1606 1079 quod
1624 1035 1719 1068 etiam
1738 1034 1881 1067 extendit

1131 1089 1210 1123 'hoc
1239 1090 1437 1134 praedictum
1476 1089 1628 1132 generale
1661 1087 1879 1121 definitorium

1147 1144 1186 1176 ad
1212 1154 1326 1176 vocem
1352 1142 1538 1186 passivam:
1566 1141 1652 1185 quod
1677 1140 1723 1181 si,
1753 1140 1880 1173 ratione

1147 1196 1280 1229 alicuius
1307 1196 1428 1235 delicti,
1451 1197 1501 1228 vel
1523 1195 1563 1228 ob
1585 1195 1662 1228 alias
1688 1205 1811 1235 causas,
1839 1193 1881 1226 sit

1146 1249 1315 1289 inhabilis,
1332 1254 1364 1281 et
1389 1247 1584 1290 suffragandi
1611 1247 1737 1280 actione
1756 1258 1793 1280 ex
1811 1246 1879 1279 iure

1130 1302 1309 1335 ‘'communi
1334 1303 1384 1334 vel
1406 1307 1589 1334 nostrarum
1614 1299 1881 1333 constitutionum

1146 1360 1264 1395 careat,
1281 1365 1297 1386 a
1315 1354 1455 1397 capitulo
1482 1353 1624 1396 generali
1650 1358 1723 1385 ante
1749 1351 1881 1385 electio-

1129 1418 1219 1440 ÷nem
1245 1406 1417 1440 accuratim
1443 1412 1611 1445 scrutetur,
1640 1416 1676 1438 ac
1700 1405 1878 1438 decidatur.

1188 1470 1296 1493 xxxnl.
1324 1460 1415 1500 Item,
1439 1470 1511 1492 cum
1537 1469 1651 1492 omnes
1676 1459 1805 1491 vocales
1830 1468 1881 1490 ca-

1146 1513 1238 1557 pituli
1264 1513 1439 1555 generalis,
1465 1517 1500 1544 ut
1523 1512 1623 1545 moris
1650 1517 1717 1552 est,
1745 1511 1796 1543 die
1820 1510 1880 1542 im—

1145 1567 1285 1599 mediate
1311 1565 1519 1610 praecedenti
1541 1565 1580 1597 ad
1606 1564 1691 1597 diem
1710 1563 1878 1597 electionis

1145 1619 1176 1652 in
1202 1625 1362 1653 conventu
1389 1618 1559 1661 designato
1585 1618 1623 1650 ad
1649 1617 1737 1650 illam
1762 1626 1880 1649 conve-

1145 1673 1247 1713 niant;
1274 1672 1318 1705 ibi
1344 1684 1360 1705 a
1378 1671 1528 1715 praeside
1547 1670 1675 1704 Ordinis
1697 1675 1729 1702 et
1748 1669 1877 1712 capituli

1127 1727 1130 1736 “
1145 1726 1285 1768 benigne
1304 1725 1531 1768 suscipiantur,
1547 1729 1578 1756 et
1595 1723 1731 1756 vicarius
1747 1722 1878 1766 capituli

1145 1779 1352 1819 nominetur,
1381 1778 1433 1822 qui
1465 1777 1724 1810 iurisdictionem
1749 1775 1879 1809 ordina-

1144 1832 1224 1864 riam
1250 1842 1348 1875 super
1379 1842 1493 1864 omnes
1524 1830 1716 1874 capitulares
1743 1833 1772 1862 et
1798 1828 1878 1861 alios

1145 1886 1258 1918 fratres
1277 1886 1315 1917 ad
1341 1885 1515 1927 capitulum
1536 1888 1765 1916 concurrentes
1789 1892 1880 1914 exer-

1144 1938 1248 1971 cebit:
1276 1938 1348 1970 talis
1366 1943 1471 1970 autem
1489 1936 1625 1969 vicarius
1641 1941 1691 1968 est
1709 1934 1878 1977 eligendus

1144 2002 1180 2023 ex
1217 1990 1447 2033 capitularibus
1482 1989 1568 2021 illius
1605 1987 1815 2031 provinciae,
1845 1986 1879 2018 in

1145 2053 1206 2086 qua
1230 2043 1412 2075 celebratur
1436 2041 1611 2083 capitulum
1638 2039 1805 2081 generale,
1831 2037 1879 2069 vir

1144 2095 1309 2138 providus,
1336 2093 1521 2135 religiosus,
1538 2091 1688 2135 pacificus
1715 2096 1746 2123 et
1762 2091 1878 2123 virtute

1144 2147 1322 2190 praeditus:
1350 2157 1445 2189 quam
1464 2144 1732 2177 csmsuetudinem
1758 2153 1877 2187 appro-

1144 2200 1229 2233 bavit
1249 2211 1283 2233 ac
1306 2198 1503 2232 confirmavit
1522 2198 1696 2241 capitulum
1714 2197 1877 2241 {generale

1144 2253 1332 2293 Murciense,
1353 2258 1384 2285 et
1417 2252 1477 2284 boc
1504 2251 1700 2294 praedictum
1726 2250 1877 2292 generale

1145 2306 1362 2339 definitorium
1388 2304 1530 2338 decrevit
1554 2304 1687 2336 servari.

1187 2359 1305 2391 Eadem
1329 2364 1436 2391 autem
1462 2358 1525 2397 die,
1555 2369 1615 2401 qua
1640 2355 1796 2400 praedicti
1822 2366 1878 2388 vo-

1144 2414 1228 2445 cales
1255 2413 1293 2444 ad
1325 2412 1517 2444 electionem
1554 2411 1586 2443 in
1623 2410 1768 2453 praefato
1801 2419 1878 2442 con—

1144 2472 1239 2498 ventu
1264 2464 1491 2504 convenerint,
1518 2463 1703 2506 vespertina
1727 2461 1876 2495 sessione

1143 2521 1355 2561 congregata,
1384 2523 1415 2550 et
1446 2518 1526 2549 saeta
1563 2515 1875 2549 commemoratione

1143 2583 1201 2616 pro
1219 2571 1424 2605 sanctissimo
1443 2571 1574 2604 domino
1591 2574 1703 2602 nostro
1726 2569 1824 2612 Papa,
1845 2572 1877 2601 et.

1894 191 1945 217 An.
1966 190 1993 217 c.
2012 184 2079 218 1662

1955 671 2078 698 Magistratus

1897 701 1995 722 vacante,
2017 705 2077 718 ιινιιιιι

1897 727 1963 749 possit
1999 725 2076 750 primi-i

1898 756 1947 770 vnce
1966 754 2036 771 actua
2059 754 2078 770 ut.

1896 783 1981 802 passiva
1997 778 2034 797 nisi
2055 783 2078 797 ex

1896 808 1941 850 ¹iure
1956 806 1982 823 su
1996 803 2078 824 iuli-:bi-

1905 836 1928 850 is.

1923 1461 2012 1482 Vocat-s
2022 1465 2041 1482 ct
2051 1466 2078 1482 rt-

1895 1488 1965 1508 carius
1991 1490 2078 1514 capituli

1896 1514 2006 1540 gem-ralis.

1907 2359 1982 2391 vvigilia
1992 2360 2077 2381 electio-

1892 2393 1930 2408 nis.
