2247 3208
154 212 203 238 An.
225 211 243 237 C
277 211 343 238 1665

186 1591 255 1611 CAPUT
270 1589 304 1611 IV.

165 1617 195 1639 De
209 1619 321 1644 deputatis.

388 203 452 236 340

343 260 500 304 profectui
516 259 645 291 scholae
663 257 818 299 invigilat.
838 255 1007 288 Exhortari
1027 256 1080 288 de-

342 313 397 345 het
423 313 534 344 fratres
560 312 599 343 ad
624 310 771 342 virtutem
791 315 822 342 et
845 308 1079 352 perfectionem

344 365 490 398 doctrina
515 369 609 405 atque
635 362 777 395 consiliis
809 361 1003 404 evangelicis
1031 361 1081 392 10-

343 417 577 459 00111311111511110
603 415 685 448 vitae
711 417 880 458 exemplo:
914 413 979 453 Qui
1003 414 1080 456 fece-

342 471 387 502 rit
404 474 430 501 et
448 469 591 501 docuerit
612 468 760 510 (Mum,
776 468 819 511 v);
834 468 930 510 idque
950 472 986 499 ut
1005 476 1082 498 000-
1099 495 1101 515 Ι

342 528 503 565 sequatur,
523 522 562 554 ad
586 521 769 554 orationem
794 521 948 554 continuo
972 529 1075 552 recur-
1099 522 1101 538 ³

341 585 432 613 rere,
458 585 475 606 a
498 573 630 617 Deoque
655 579 768 616 petere
793 574 903 606 lumen
930 572 990 605 sibi
1015 572 1102 615 pri-¹

342 637 428 658 mum
464 627 551 669 quod
588 625 705 658 deinde
742 625 812 658 aliis
843 624 1080 658 communicare

342 680 453 723 possit,
479 679 680 722 gratiamque
702 683 733 711 et
756 679 840 712 vires
862 679 900 711 ad
919 688 1082 721 0110111100-
1100 683 1102 723 ᾗ

344 733 418 765 dum
443 732 475 764 in
500 743 532 764 se
557 732 645 775 ipso,
673 742 753 774 quae
787 731 866 764 alios
892 736 1003 774 postea
1028 731 1083 763 do-

343 790 451 817 cturus
469 790 527 817 est.
548 785 590 817 Ex
604 784 742 817 consilio
760 784 985 827 deputatorum
1004 793 1082 826 ope-
1100 821 1102 835 Ι

342 837 477 877 rabitur,
505 843 535 869 et
562 837 595 869 in
616 836 814 879 gravioribus
832 837 980 869 consulet
1008 838 1102 878 qno-t

343 901 404 933 que
423 890 582 923 antianos.
609 890 683 922 Eius
703 900 739 922 30
756 894 937 922 ceterorum
963 888 1082 921 officia-

343 943 423 976 lium
436 954 569 976 munera
586 953 644 986 per
658 948 796 985 quatuor
809 942 1078 984 mensesuurant.

388 996 422 1029 Si
445 996 554 1039 paucis
579 996 693 1028 diebus
706 995 761 1028 1110
779 994 869 1034 absit,
891 994 995 1026 officio
1014 994 1082 1026 eius

343 1048 377 1081 in
402 1049 514 1081 schola
539 1049 682 1090 fungitur
708 1053 740 1080 et
763 1047 796 1080 in
821 1046 1082 1089 congregationi-

343 1102 403 1134 bus
429 1101 606 1144 deputatis¹
625 1102 745 1144 primus
764 1100 1012 1139 ecclesiasticus;
1032 1110 1084 1132 eo-

346 1166 407 1198 que
432 1156 584 1195 absente,
613 1155 785 1188 secundus.
823 1155 863 1186 At
886 1154 913 1186 si
938 1153 1083 1186 absentia

343 1209 471 1251 longior
496 1219 607 1241 mense
634 1208 739 1248 fuerit,
757 1208 967 1250 congregatio
986 1206 1083 1239 antia-

342 1272 461 1294 norum
487 1262 637 1304 aliquem,
664 1261 717 1304 qui
742 1261 848 1293 locum
875 1260 942 1293 eius
960 1260 1080 1297 subeat,

344 1314 542 1354 nominabit,
568 1314 808 1356 morienteque,
831 1318 886 1345 aut
910 1312 972 1344 alio
998 1311 1084 1344 5111οἳ

343 1367 502 1399 redeundi
521 1366 689 1409 proposito
704 1366 854 1405 abeunte,
875 1365 1083 1407 congregatio

346 1420 460 1452 eadem
478 1420 599 1462 deliget
612 1419 770 1461 suffragiis
785 1418 915 1451 secretis
929 1418 1085 1451 Obedien-

346 1473 433 1512 tiam,
458 1473 511 1515 qui
536 1484 637 1515 usque
656 1473 694 1505 ad
717 1472 814 1504 finem
840 1471 1083 1514 quadrimestris
1102 1478 1105 1526 t

346 1525 409 1557 1100
433 1536 546 1557 1111111115
571 1530 673 1567 gerat.
1103 1527 1106 1550 Ι

390 1578 438 1610 tv.
459 1578 605 1621 Deputati
620 1583 759 1621 quatuor
779 1582 884 1618 erunt,
903 1577 965 1610 duo
981 1587 1086 1609 sacer-

348 1632 447 1671 dotes,
475 1633 604 1675 duoque
630 1631 713 1664 laici.
740 1631 931 1664 Sacerdotes
953 1630 1084 1673 quidem

348 1695 386 1718 eo
400 1685 521 1728 spiritu,
538 1685 673 1724 fervore,
690 1684 911 1727 doctrinaque,
927 1688 961 1714 ut
982 1683 1015 1714 in
1030 1683 1085 1715 de-

346 1738 463 1770 fectum
481 1737 702 1775 Obedientiae,
718 1746 836 1768 munus
848 1736 912 1768 hoe
928 1746 1084 1778 peragere

346 1791 488 1833 possint,
517 1795 548 1822 et
573 1789 768 1832 generaliter
792 1794 856 1821 tarn
874 1789 907 1821 111
926 1799 1021 1831 quam
1038 1788 1084 1820 illi

346 1853 482 1885 magnae
515 1843 644 1886 pietatis
677 1847 708 1874 et
740 1842 930 1885 prudentiae
951 1868 958 1881 ,
985 1852 1021 1874 ac
1047 1842 1085 1873 de

347 1896 642 1936 constitutionibus,
669 1896 820 1934 decretis,
846 1894 1085 1934 dictaminibus,

347 1950 531 1992 regimine,
560 1955 655 1992 atque
681 1949 840 1981 exercitiis
866 1949 997 1981 scholae
1031 1958 1087 1991 ap-

349 2002 453 2045 prime
480 2002 586 2041 docti,
614 2002 647 2033 hi
679 2001 828 2034 omnibus
853 2001 885 2033 in
910 2010 1088 2042 congrega-

350 2055 491 2087 tionibus
524 2054 709 2096 suffragium
745 2054 885 2093 habent,
922 2063 958 2086 30
988 2053 1086 2085 veluti

352 2110 554 2141 consultores
583 2107 791 2140 Obedientiae
823 2112 918 2146 sunt·,
953 2106 1088 2139 fratrum

351 2162 514 2204 profectus
538 2166 632 2203 atque
658 2160 840 2193 defectuum
865 2160 1087 2202 inspectores,

350 2225 510 2257 veraeque
526 2214 712 2246 eorumdem
732 2214 875 2253 fratrum,
891 2218 1087 2255 sanctaeque

351 2267 562 2299 fraternitatis
594 2272 801 2309 promotores
836 2276 904 2298 esse
944 2266 1086 2305 debent3

351 2320 567 2363 opitularique
594 2330 706 2352 eorum
732 2318 977 2352 necessitatibus
998 2318 1090 2361 spiri-

350 2374 490 2406 tualibus
516 2378 547 2405 et
571 2373 812 2415 corporalibus,
837 2372 1009 2405 referendo
1035 2382 1088 2404 eas

391 2463 401 2488 1
420 2461 530 2487 Videtur
545 2460 688 2494 legendum
705 2462 857 2494 deputatus
877 2467 924 2495 pro
945 2459 1090 2494 deputatis

355 2507 391 2541 (a.
408 2508 457 2537 1.).

390 2552 405 2576 ἵζ
423 2550 567 2584 Pei-peram
583 2548 624 2575 ed.
642 2548 721 2575 Main.
741 2548 804 2582 legit
820 2549 878 2575 alio
893 2549 950 2575 sive
965 2555 1012 2583 pro
1032 2546 1090 2574 alit)

355 2597 418 2622 stne
440 2601 475 2629 tn.
492 2601 539 2629 1.).

926 207 1107 232 ΒΗῘᾸΑΒΙἩΜ
1129 205 1281 231 ΒΟΜᾹΝΗΜ

1122 253 1340 292 obedientiae,
1364 258 1458 296 atque
1484 254 1517 286 in
1541 254 1637 287 rebus
1658 253 1862 297 gravioribus

1122 307 1366 349 congregationi
1386 307 1600 347 antianoruin,
1616 308 1655 340 ad
1680 308 1740 341 hoc
1759 313 1795 339 ut
1814 307 1864 340 de-

1122 364 1272 391 cernatur
1297 364 1329 392 et
1354 359 1540 398 ordinetur,
1566 369 1599 391 re
1631 365 1756 392 mature
1786 370 1861 403 per-

1122 414 1231 454 pensa,
1257 411 1289 444 id
1314 411 1397 454 quod
1424 411 1545 453 gratius
1570 411 1636 444 Deo
1661 417 1761 454 atque
1801 413 1864 444 1111-

1122 464 1184 497 lius
1209 464 1361 496 fratribus
1397 464 1439 496 sit
1474 464 1625 496 futurum.
1648 464 1713 502 Qui
1738 465 1862 497 admitti

1123 517 1161 549 ad
1187 517 1331 549 scholam
1357 515 1501 558 cupient,
1521 517 1560 548 ab
1579 516 1629 548 his
1645 516 1804 559 deputatis
1821 526 1860 549 ex

1122 569 1272 601 mandato
1296 567 1505 601 Obedientiae
1531 568 1809 601 examinabuntur.

1866 205 1916 232 An.
1936 204 2051 232 (21665

1166 622 1200 654 V.
1227 621 1424 654 Secretarius
1459 622 1579 654 habere
1605 622 1702 654 debet
1739 621 1860 664 optime
1909 633 1977 654 cim
1994 633 2018 654 V.

1123 680 1216 707 notas
1233 674 1487 715 constitutiones,
1504 675 1643 721 decreta,
1659 680 1756 717 atque
1772 684 1862 707 exer-

1123 728 1205 767 citia,
1232 733 1393 771 notosque
1415 728 1490 760 item
1515 728 1647 761 scholae
1665 728 1791 767 fratres3
1813 727 1863 759 in-

1124 785 1310 823 teresseque
1337 780 1489 813 continuo
1515 786 1547 813 et
1572 781 1744 822 diligenter
1770 790 1862 813 exer-

1123 833 1205 865 citiis
1232 833 1383 865 omnibns
1409 838 1440 865 01
1465 832 1785 875 congregationibus.
1805 832 1860 865 Cui

1123 886 1249 918 muneri
1275 885 1436 927 deligetnr
1468 885 1493 918 is
1518 886 1571 928 qui
1597 885 1695 918 fuerit
1726 895 1862 927 magnae

1124 939 1322 981 capacitatis,
1348 939 1526 971 modestiae
1540 944 1571 971 et
1585 938 1768 981 probitatis.
1795 938 1863 971 Suf-

1125 992 1259 1033 fragium
1286 991 1385 1023 1131101
1409 991 1441 1023 10
1467 991 1616 1027 omnibus
1640 990 1863 1033 congregatio-

1124 1043 1227 1083 nibus,
1254 1044 1453 1086 absenteque
1490 1053 1546 1083 eo,
1580 1043 1747 1076 coadiutor
1771 1043 1861 1083 eins·,

1124 1097 1244 1130 librum
1270 1107 1369 1140 penes
1401 1107 1434 1129 se
1468 1096 1569 1128 1131101
1600 1096 1803 1128 decretorum
1831 1100 1865 1128 et

1125 1150 1331 1183 admissionis
1370 1150 1527 1189 fratrum,
1554 1149 1608 1192 qui
1640 1148 1861 1191 recipiuntur,

1125 1208 1323 1245 annotatque
1350 1202 1420 1245 quis
1450 1212 1565 1235 eorum
1589 1212 1714 1244 quaque
1743 1201 1864 1234 hebdo-

1127 1256 1218 1288 made
1244 1256 1276 1288 in
1295 1255 1440 1288 scholam
1456 1264 1521 1287 non
1540 1254 1641 1293 venit,
1660 1254 1698 1287 de
1716 1264 1778 1297 quo
1796 1263 1864 1286 mo-

1126 1314 1180 1341 net
1204 1308 1499 1351 congregationem,
1522 1317 1604 1350 quae
1621 1307 1756 1349 singulis
1776 1316 1865 1338 men—

1126 1363 1215 1395 sibus
1240 1363 1297 1402 fit,
1332 1372 1372 1394 ne
1404 1361 1574 1403 ignoretur
1604 1360 1864 1402 uniuscuiusque

1127 1414 1297 1457 diligentia
1315 1419 1369 1446 3111
1385 1412 1597 1456 negligentia,
1616 1413 1864 1455 inquiraturque

1127 1468 1158 1500 in
1184 1477 1313 1500 causam
1337 1466 1518 1505 absentiae,
1546 1471 1578 1498 et
1602 1466 1686 1508 quod
1713 1465 1865 1507 expediat

1127 1520 1308 1553 ordinetur.
1327 1519 1380 1551 Cui
1407 1519 1453 1551 rei
1479 1523 1568 1550 curet
1584 1518 1717 1549 fratrum
1733 1517 1865 1550 nomina

1129 1574 1159 1605 in
1174 1574 1311 1616 quadam
1328 1573 1439 1604 tabula
1456 1571 1616 1614 descripta
1630 1570 1760 1609 habere,
1775 1570 1818 1602 ita
1830 1575 1866 1601 ut

1128 1626 1220 1659 facile
1246 1630 1402 1658 annotare
1427 1623 1712 1667 possitvenientes
1727 1622 1867 1654 1050110-

1129 1682 1199 1721 lam,
1226 1686 1321 1723 atque
1347 1681 1384 1712 ea
1408 1679 1498 1711 finita
1523 1688 1578 1711 eos
1600 1678 1653 1721 qui
1679 1677 1862 1716 abfuerint,

1129 1744 1254 1767 necnon
1280 1744 1347 1772 eos,
1372 1733 1425 1775 qui
1451 1737 1636 1765 excusatum
1654 1742 1688 1764 se
1705 1731 1863 1769 miserint,

1129 1786 1295 1819 annotabit
1326 1785 1511 1827 (excusatio
1549 1790 1656 1817 autem
1692 1784 1776 1816 iusta
1806 1792 1866 1825 pro

1129 1839 1312 1882 praesentia
1329 1840 1404 1881 est)·,
1432 1838 1643 1880 epistolarum
1661 1837 1701 1869 ad
1719 1836 1866 1869 scholam

1129 1893 1259 1925 aliunde
1285 1892 1504 1932 remissarum,
1525 1900 1581 1923 seu
1599 1890 1637 1922 ab
1655 1890 1769 1923 eadem
1790 1888 1869 1921 scri-

1129 1946 1312 1978 bendarum
1349 1944 1529 1977 custodiam
1554 1949 1585 1976 01
1608 1953 1717 1975 curam
1746 1942 1865 1982 habet,

1129 2009 1257 2031 necnon
1283 1997 1427 2031 omnium
1452 1998 1759 2035 instrumentorum,
1788 2006 1868 2038 quo-

1129 2063 1200 2085 rum
1227 2057 1333 2084 tamen
1354 2051 1529 2094 praecipua
1554 2060 1624 2082 cum
1648 2049 1738 2082 libris
1756 2049 1867 2081 decre-

1131 2111 1235 2138 torum
1261 2110 1292 2137 et
1316 2104 1546 2137 admissionum
1573 2104 1605 2136 in
1631 2102 1760 2135 archivo
1792 2111 1865 2134 esse

1131 2159 1251 2191 debent
1276 2159 1400 2191 duabus
1425 2158 1564 2190 clavibus
1594 2156 1741 2196 munito,
1769 2160 1866 2197 atque

1131 2222 1168 2244 ex
1194 2211 1244 2243 his
1270 2212 1404 2243 alteram
1429 2209 1619 2243 Obedientia
1645 2218 1744 2251 penes
1763 2218 1797 2240 se
1815 2208 1866 2239 113·

1130 2264 1238 2304 1101111,
1273 2265 1406 2296 alteram
1446 2262 1651 2295 secretarius.
1688 2261 1723 2293 In
1754 2260 1867 2293 diebus

1131 2317 1261 2350 scholae
1288 2322 1319 2349 01
1344 2315 1606 2358 congregationis
1633 2313 1825 2356 anticipabit
1840 2323 1868 2345 a·

1131 2370 1359 2413 liquantulum,
1378 2374 1420 2408 111,
1440 2369 1464 2400 51
1490 2379 1552 2412 quo
1569 2378 1648 2411 opus
1666 2372 1724 2407 est,
1742 2371 1866 2398 mature

1131 2423 1162 2455 id
1194 2423 1356 2465 expediat.
1396 2419 1569 2454 Coadiutor
1600 2420 1629 2453 ei
1667 2419 1865 2461 adsignatur,

1132 2476 1184 2518 qui
1210 2475 1352 2507 absentis
1377 2474 1460 2507 vices
1485 2478 1583 2516 gerat,
1608 2483 1649 2506 ne
1669 2471 1783 2514 aliquis
1799 2480 1867 2503 non

1132 2529 1180 2567 sit,
1208 2533 1303 2570 atque
1327 2532 1361 2559 ut
1387 2528 1501 2559 fratres
1526 2526 1564 2558 ad
1590 2524 1806 2558 exercendum
1835 2523 1868 2557 id

1131 2591 1246 2613 munus
1272 2579 1396 2612 habiles
1422 2579 1613 2611 reddantur.

1878 659 1909 680 De

1925 660 2049 680 secretario.
