2247 3208
205 213 272 261 Ἀη.
291 235 319 260 c.
339 234 406 262 1667
453 224 516 258 500

416 293 495 325 pore
511 281 681 314 existentis
693 278 931 322 archiepiscopi
943 276 1157 315 Coloniensis‚

416 346 453 367 ac
473 334 552 366 alias
574 333 633 365 sub
659 332 757 365 certis
777 332 875 364 modo
901 336 932 364 et
957 331 1055 363 forma
1082 334 1158 361 tunc

415 386 598 430 expressis,
628 386 667 418 ad
705 385 791 418 aliud
823 383 1081 427 quinquennium
1117 383 1157 415 de

414 450 496 472 novo
522 443 735 471 concesserat⁴
755 437 793 469 Et
809 437 945 470 subinde
964 435 1157 469 recolendae

414 492 509 525 etiam
534 490 710 523 memoriae
735 490 883 522 Urbanus
908 490 995 532 Papa
1017 488 1081 520 VIII
1099 498 1156 531 pa-

415 545 494 577 riter
542 544 778 587 praedecessor
812 547 926 575 noster
962 541 1155 583 (attendens

415 598 500 640 quod
523 597 685 630 indultum
710 595 894 629 huiusmodi
912 606 970 638 per
994 595 1157 627 cancella-

414 650 481 683 riae
503 649 700 692 apostolicae
726 649 854 691 regulas
879 652 1064 680 revocatum
1089 647 1158 679 suc-

414 707 473 744 rat,
492 707 532 741 et,
547 701 630 734 sicut
648 701 753 733 eidem
768 700 896 733 Urbano
914 700 1156 743 praedecessori

415 761 491 787 tunc
527 754 643 797 exponi
679 753 826 786 feceratis
841 780 848 792 ,
885 762 998 785 causae
1023 757 1158 795 propter

415 817 492 850 quas
509 807 596 840 idem
616 806 777 839 indultum
793 816 810 838 a
824 804 991 848 praedicto
1008 804 1106 836 Paulo
1120 803 1156 835 lv

414 860 519 903 primo
551 860 623 892 1000
653 869 844 891 concessum
875 863 907 890 et
937 857 975 889 ab
1001 856 1071 889 aliis
1097 856 1158 888 Ro-

415 912 518 945 manis
543 912 751 944 Pontificibus
776 909 1083 954 praedecessoribus
1105 920 1156 941 no-

416 965 491 998 stris
516 964 692 1008 praedictis
708 968 743 996 ut
767 973 865 1006 supra
888 967 1099 1005 prorogatum
1125 966 1156 994 et

416 1028 570 1061 expresse
586 1018 624 1050 de
644 1027 726 1049 novo
745 1025 934 1049 concessum
952 1015 1064 1054 suerat,
1085 1024 1156 1047 con-

416 1070 607 1102 servationis
626 1069 777 1101 nimirum
792 1068 970 1100 catholicae
989 1067 1155 1109 religionis

415 1123 449 1155 in
474 1123 532 1155 ista
557 1122 684 1155 civitate
710 1121 913 1161 Coloniensi,
941 1131 1085 1163 eousque
1111 1120 1156 1152 vi-

417 1176 545 1218 gebant,
569 1185 687 1217 vosque
713 1175 901 1218 cupiebatis,
921 1174 960 1206 ad
981 1174 1157 1206 catholico-

419 1239 491 1261 rum
502 1228 643 1260 virorum
653 1227 758 1260 studia
768 1227 800 1259 in
811 1227 879 1259 istis
889 1227 1033 1269 partibus
1042 1227 1156 1259 alenda

418 1287 450 1314 et
473 1281 654 1320 allicienda,
681 1280 865 1313 huiusmodi
883 1280 1009 1312 indulto
1035 1279 1155 1312 diutius

418 1334 480 1367 frui
506 1334 622 1378 posse)
647 1334 734 1366 idem
753 1333 899 1366 Urbanus
924 1333 1157 1376 praedecessor

418 1398 477 1431 per
494 1387 574 1420 alias
595 1397 668 1419 suas
689 1387 722 1418 in
743 1386 839 1419 simili
858 1386 957 1419 forma
978 1385 1085 1419 Brevis
1104 1396 1157 1418 ex-

419 1440 544 1483 peditas
570 1440 693 1472 litteras
713 1439 872 1472 indultum
889 1439 1088 1482 praedictum
1105 1449 1158 1471 vo-

419 1494 468 1525 bis
493 1503 551 1536 per
575 1493 696 1525 dictum
717 1492 908 1534 Gregorium
930 1492 1159 1535 praedecesso-

419 1557 486 1579 rem
511 1547 550 1579 ad
574 1546 834 1589 quinquennium
862 1550 898 1577 ut
921 1546 1101 1588 praefertur
1118 1545 1157 1577 de

419 1609 503 1632 novo
529 1609 737 1639 concessum,
765 1609 800 1631 ac
826 1599 967 1641 desuper
994 1598 1157 1631 consectas

420 1652 545 1685 litteras
570 1651 754 1695 praedictas
772 1656 803 1684 et
826 1651 859 1683 in
878 1651 923 1683 eis
940 1655 1101 1690 contenta,
1120 1651 1158 1683 ad

421 1705 508 1739 aliud
534 1705 790 1748 quinquennium
816 1705 992 1748 apostolica
1021 1705 1160 1737 auctori-

421 1764 485 1791 tate
511 1759 570 1791 sub
595 1758 691 1791 certis
717 1758 814 1791 inodo
840 1763 871 1790 et
893 1759 994 1790 forma
1015 1763 1091 1790 tune
1107 1768 1159 1790 ex-

422 1812 543 1856 pressis
558 1812 595 1844 de
608 1822 691 1844 novo
704 1811 873 1851 concessit,
889 1811 1057 1854 ipsumque
1072 1810 1160 1854 quin-

423 1864 601 1908 quennium
611 1864 650 1896 ad
661 1863 748 1896 aliud
760 1863 881 1906 pariter
892 1863 1158 1906 quinquennium,

423 1929 459 1951 ae
476 1917 593 1951 deinde
611 1917 879 1950 secundodictum
903 1917 1161 1960 quinquennium

423 1972 462 2003 ad
488 1970 574 2004 aliud
600 1970 748 2002 similiter
772 1969 1030 2013 quinquennium
1055 1974 1162 2002 exten-

425 2023 470 2056 dit
500 2029 532 2055 et
562 2023 760 2066 prorogauit.
795 2023 838 2054 Ac
870 2022 1023 2065 deinceps
1057 2021 1161 2054 eidem

424 2076 553 2109 Urbano
578 2075 822 2119 praedecessori
851 2085 909 2118 per
934 2086 990 2107 vos
1016 2075 1161 2118 exposito

425 2140 480 2161 seu
495 2129 679 2167 subiuncto,
696 2129 783 2171 quod
802 2127 1073 2171 quinquennum,
1088 2132 1164 2159 tunc

425 2192 483 2224 per
508 2192 580 2213 eum
604 2181 720 2213 ultimo
738 2182 808 2213 loco
834 2185 998 2213 extensum
1016 2190 1073 2212 seu
1091 2190 1164 2212 con-

426 2243 564 2272 cessum,
583 2233 672 2266 brevi
694 2238 763 2266 erat
777 2231 1023 2276 expiraturum¹,
1042 2237 1073 2265 et
1090 2243 1164 2264 cau-

426 2297 498 2327 sae,
530 2293 665 2329 propter
690 2297 767 2329 quas
791 2286 950 2318 indultum
977 2285 1163 2318 huiusmodi

427 2344 489 2371 tam
516 2349 532 2371 a
564 2339 737 2381 praedietis
770 2338 922 2371 Romanis
954 2337 1164 2371 Pontificibus

428 2402 522 2435 quam
555 2392 594 2424 ab
620 2403 658 2424 eo
687 2392 801 2425 ultimo
827 2402 1015 2425 concessum
1040 2392 1163 2431 suerat,

428 2449 561 2477 eatenus
583 2444 745 2487 vigebant·y
773 2445 876 2478 dictus
902 2445 1047 2477 Urbanus
1072 2455 1166 2488 prae-

428 2497 582 2531 decessor
605 2497 765 2530 indultum
790 2498 991 2541 praedictum
1015 2508 1073 2541 per
1093 2508 1166 2531 euin

465 2613 476 2643 1
498 2612 569 2639 Edit.
590 2611 668 2638 Main.
690 2610 753 2646 legit
773 2611 940 2646 eaepz'racum
960 2616 999 2646 (P.-
1015 2612 1064 2645 T.).

995 229 1175 254 BULLARIUM
1199 229 1350 253 ROMANUM

1199 276 1315 308 ultimo
1340 277 1409 308 loco
1435 276 1474 308 ad
1500 276 1760 319 quinquennium
1791 280 1826 308 ut
1846 285 1937 319 prae-

1200 327 1304 361 fertur
1338 332 1505 360 extensum
1540 339 1596 360 seu
1629 329 1666 361 de
1692 338 1776 361 novo
1802 339 1936 361 conces-

1199 392 1270 414 sum
1293 392 1329 414 ac
1355 382 1496 424 desuper
1519 382 1681 414 consectas
1705 382 1827 415 litteras
1848 386 1880 414 et
1903 381 1934 413 in

1199 434 1246 467 eis
1271 439 1423 467 contenta
1448 435 1512 476 (ita
1536 440 1645 467 tamen
1678 440 1713 467 ut
1736 435 1935 478 provisiones

1199 487 1384 520 huiusmodi
1418 489 1543 519 servata
1575 487 1733 519 dictarum
1757 486 1935 520 litterarum

1199 539 1301 571 forma
1331 538 1466 579 fierent,
1492 538 1659 581 ipsumque
1684 539 1845 571 indultum
1885 550 1936 571 ca-

1198 592 1366 625 nonicatus
1401 597 1432 625 et
1460 592 1662 635 praebendas
1688 591 1843 625 ecclesiae
1870 602 1937 624 me-

1199 646 1415 689 tropolitanae
1452 645 1654 678 Coloniensis
1688 644 1819 677 minime
1850 655 1936 677 corn-

1198 699 1429 741 prehcnderet,
1457 708 1516 730 nec
1541 698 1579 730 ad
1600 707 1654 730 eos
1680 707 1712 730 se
1739 697 1934 737 extenderet,

1199 761 1234 783 ac
1255 751 1334 784 alias
1355 751 1413 783 sub
1439 750 1535 783 certis
1553 751 1650 782 modo
1668 754 1699 783 et
1723 750 1824 782 forma
1840 749 1936 782 etiam

1198 810 1273 836 tunc
1297 803 1476 847 expressis)
1503 803 1540 835 ad
1566 803 1651 835 aliud
1678 802 1936 846 quinquennium

1199 857 1343 890 extendit
1374 862 1404 889 et
1435 857 1632 899 prorogavit.
1660 856 1697 888 Et
1727 857 1935 898 postmodum

1198 910 1309 942 similis
1323 909 1557 942 recordationis
1576 909 1764 943 Innocentio
1789 909 1893 952 Papae
1910 910 1935 942 X

1198 961 1442 1005 praedecessori
1465 961 1562 993 etiam
1582 966 1694 994 nostro
1719 971 1777 1004 per
1799 972 1856 994 vos
1882 972 1936 994 ex-

1198 1015 1316 1058 posito,
1333 1015 1419 1058 quod
1437 1024 1561 1053 causae,
1581 1019 1716 1057 propter
1736 1024 1814 1057 quas
1831 1014 1935 1047 indul-

1199 1073 1264 1100 1001
1289 1066 1479 1100 huiusmodi
1506 1072 1568 1099 tam
1594 1067 1633 1099 ab
1665 1066 1780 1099 eodem
1805 1066 1935 1099 Urbano

1200 1126 1275 1153 tunc
1291 1120 1463 1153 novissime
1493 1130 1587 1162 quam
1605 1119 1643 1151 ab
1661 1119 1731 1152 aliis
1748 1119 1938 1162 praedeees-

1198 1174 1326 1206 soribus
1352 1183 1540 1206 concessum
1557 1173 1669 1213 suerat,
1690 1172 1786 1205 etiarn
1804 1178 1936 1205 eatenus

1198 1227 1360 1268 vigebant,
1388 1226 1456 1270 ipse
1481 1225 1684 1258 Innocentius
1708 1225 1937 1268 praedecessor

1198 1281 1360 1313 indultum
1377 1280 1580 1323 praedictum
1597 1279 1688 1312 vobis
1712 1289 1772 1322 per
1789 1279 1936 1312 eumdem

1198 1333 1364 1366 Urbanum
1377 1333 1660 1376 praedecessorem
1676 1332 1790 1365 ultimo
1809 1333 1880 1365 loco
1897 1332 1937 1364 ad

1199 1386 1458 1429 quinquennium
1492 1392 1527 1419 ut
1550 1386 1736 1429 praefertur
1768 1391 1936 1418 extensum

1199 1445 1231 1472 et
1254 1450 1309 1472 seu
1335 1439 1373 1471 de
1399 1450 1481 1472 novo
1507 1449 1706 1477 concessum,
1733 1448 1770 1471 ac
1794 1439 1936 1481 desuper

1200 1493 1362 1525 consectas
1380 1493 1503 1525 litteras
1520 1497 1552 1524 et
1568 1491 1599 1523 iu
1625 1491 1670 1524 eis
1696 1496 1857 1530 contenta,
1878 1491 1936 1523 sub

1200 1546 1297 1578 certis
1316 1545 1438 1588 pariter
1458 1545 1708 1583 conditionibus,
1727 1544 1888 1587 modoque
1906 1548 1938 1576 et

1201 1600 1302 1631 forma
1316 1604 1390 1630 tunc
1409 1598 1582 1641 expressis,
1598 1598 1636 1630 ad
1654 1597 1741 1629 aliud
1756 1596 1938 1639 quinquen-

1200 1651 1290 1683 nium
1324 1650 1447 1693 pariter
1471 1650 1656 1689 concessit·,
1683 1649 1935 1692 quinquenium-

1202 1714 1262 1746 que
1300 1702 1485 1735 huiusmodi
1523 1703 1730 1745 postmodum
1776 1701 1815 1734 ad
1852 1701 1938 1733 aliud

1202 1757 1297 1789 ctiam
1323 1755 1580 1799 quinquennium
1605 1766 1621 1787 a
1646 1755 1697 1788 die
1722 1766 1761 1788 xx
1785 1754 1938 1787 februarii

1202 1819 1287 1842 MDCL
1313 1809 1565 1851 computandum
1596 1807 1742 1840 extendit
1771 1812 1803 1840 et
1826 1817 1939 1850 proro-

1203 1863 1300 1905 gavit.
1321 1862 1365 1894 Ac
1385 1862 1513 1894 demum
1538 1861 1651 1894 similis
1666 1860 1843 1893 memoriae
1864 1860 1939 1893 Ale-

1204 1916 1326 1948 xander
1361 1915 1445 1958 Papa
1479 1914 1529 1946 vu
1566 1914 1661 1947 etiarn
1702 1913 1941 1956 praedecessor

1203 1974 1315 2001 noster
1349 1967 1640 2011 supplicationibus
1669 1972 1776 2000 vestro
1808 1966 1939 1999 nomine

1204 2022 1265 2054 sibi
1299 2032 1396 2064 super
1427 2022 1488 2054 1100
1517 2021 1687 2053 humiliter
1711 2021 1868 2063 porrectis
1892 2020 1940 2052 in-

1204 2075 1349 2113 clinatus,
1375 2084 1434 2116 per
1454 2079 1561 2106 ternas
1581 2084 1653 2106 suas
1671 2073 1703 2105 in
1723 2073 1819 2106 simili
1839 2073 1940 2105 forma

1206 2127 1314 2160 Brevis
1340 2127 1480 2166 litteras,
1506 2136 1585 2158 unas
1616 2126 1667 2158 die
1696 2135 1792 2159 xxv111
1817 2126 1939 2168 augusti

1205 2188 1319 2219 MDCLv,
1335 2183 1367 2211 et
1383 2180 1501 2212 alteras
1516 2178 1567 2211 die
1582 2189 1638 2211 vin
1657 2178 1793 2211 ianuarii
1810 2187 1941 2217 MDCLXI,

1206 2238 1238 2266 et.
1261 2232 1403 2275 reliquas
1437 2232 1487 2264 die
1518 2242 1570 2265 xlv
1595 2231 1700 2264 martii
1725 2241 1864 2265 unctxiv
1889 2242 1942 2263 ex-

1206 2285 1360 2329 peditas¹‚
1374 2285 1535 2318 indultum
1552 2285 1753 2328 praedictum
1765 2285 1856 2317 vobis
1870 2295 1942 2317 con-

1206 2348 1333 2371 cessum
1361 2343 1393 2370 et
1424 2343 1652 2380 prorogatum,
1676 2342 1710 2369 ut
1734 2337 1918 2380 praefertur
1933 2364 1940 2376 ,

1207 2391 1266 2425 sub
1292 2391 1387 2424 certis
1411 2392 1507 2424 modo
1532 2397 1564 2423 et
1588 2391 1690 2423 forma
1719 2394 1795 2422 tunc
1812 2399 1942 2432 expres-

1208 2444 1258 2483 sis,
1271 2444 1376 2487 primo
1394 2443 1524 2487 quidem
1538 2443 1576 2476 ad
1591 2442 1856 2486 quinquennium,
1871 2442 1943 2474 sub-

1208 2498 1283 2531 inde
1308 2508 1383 2530 vcro
1416 2498 1455 2530 ad
1480 2496 1654 2530 triennium
1673 2522 1681 2536 ‚
1708 2500 1740 2528 et
1771 2494 1942 2529 novissime

1245 2613 1257 2638 1
1278 2610 1331 2638 Has
1351 2610 1410 2638 vide
1431 2619 1513 2646 supra
1531 2618 1592 2646 pag.
1609 2610 1660 2638 239
1680 2611 1717 2645 (n.
1735 2610 1785 2646 Τ.).

1941 225 1990 253 An.
2009 226 2036 251 C.
2059 227 2126 254 tro?
