2247 3208
182 204 236 232 An.
251 203 281 231 C.
303 203 370 231 1663

218 369 332 390 confirmat
342 372 365 390 ut

181 396 204 418 iu
218 396 310 417 rubrica.

193 1926 196 1930 ι
207 1899 320 1921 Decretum
339 1900 366 1920 ir·

179 1929 255 1948 rotans.

254 2571 369 2601 Dei-ozano

186 2600 346 2619 contrariorum.

966 206 1152 230 ALExrxvnEn
1176 208 1221 231 Vll
1247 208 1293 231 1³1³.

376 252 509 285 maioris
534 252 696 285 Turoniae
722 253 937 286 conventibus
963 260 1113 297 praeten-

377 305 465 338 dant.

420 360 434 402 ἓ
464 358 496 392 3.
527 359 590 392 Nos
623 360 728 401 igitur,
755 361 886 393 cosdem
911 365 1112 403 exponentes

375 412 571 455 specialibus
597 413 759 446 favoribus
782 419 813 447 et
833 414 942 455 gratiis
957 413 1111 456 prosequi

375 467 533 505 volentes,
560 471 592 499 et
617 477 730 500 eorum
749 467 931 509 singulares
953 476 1112 509 personas

374 529 392 550 a
417 519 584 562 quibusvis
604 519 956 557 excommunicationis,
976 528 1112 561 suspen-

374 571 476 604 sionis
491 577 523 604 et
540 571 712 611 interdicti,
725 572 861 614 aliisque
881 570 1110 604 ecclesiasticis

374 624 556 663 sententiis,
584 624 730 657 censuris
749 629 780 657 et
796 624 924 667 poenis,
946 634 963 655 a
980 623 1047 655 iure
1061 625 1110 656 vel

374 676 413 708 ab
439 676 582 714 homine,
607 675 717 718 quavis
743 676 913 708 occasione
939 676 989 708 vel
1016 678 1110 708 causa

374 729 454 768 latis,
481 729 507 761 si
533 729 651 772 quibus
669 729 919 771 quomodolibet
934 729 1109 762 innodatae

374 782 527 821 existunt,
555 782 594 814 ad
612 781 761 814 effectum
778 781 998 825 praesentium
1020 782 1111 814 dum-

374 839 459 866 taxat
482 835 772 877 consequendum,
806 834 923 866 harum
947 834 1030 866 serie
1055 835 1110 866 ab·

373 887 537 919 solventes
569 892 600 919 et
629 887 795 919 absolutas
822 887 890 919 sore
916 892 1108 926 censentes,

373 939 562 972 huiusmodi
580 939 875 982 supplicationibus
895 939 1049 979 inclinati,
1069 940 1109 972 de

372 992 609 1026 venerabilium
623 993 759 1026 fratrum
774 998 960 1026 nostrorum
975 993 1006 1026 S.
1019 993 1056 1025 R.
1073 993 1107 1026 E.

373 1046 586 1079 cardinalium
604 1046 745 1089 negotiis
764 1052 795 1079 et
816 1046 1110 1079 consultationibus

373 1099 602 1143 episcoporum
628 1105 659 1132 et
683 1099 881 1142 regularium
906 1100 1109 1143 praeposito-

372 1163 443 1185 rum
467 1153 613 1193 consilio,
639 1153 767 1185 attentis
781 1152 926 1191 narratis,
945 1163 980 1185 ac
997 1152 1110 1185 audito

373 1216 432 1248 per
457 1206 589 1238 eosdem
615 1205 796 1238 cardinales
823 1211 855 1238 et
886 1205 1109 1238 consentiente

372 1259 518 1301 praefato
543 1258 694 1292 ministro
719 1259 865 1301 generali
898 1258 1027 1292 Ordinis
1052 1259 1111 1291 hu-

373 1311 533 1351 iusmodi,
560 1316 596 1343 ut
621 1312 792 1344 memorati
818 1318 884 1344 tres
911 1316 1109 1351 conventus,

373 1363 527 1396 nimirum
541 1364 749 1404 Vastinensis‚
766 1363 1001 1396 Iniicastrensis
1015 1369 1047 1396 et
1061 1363 1111 1396 Ca-

373 1416 689 1459 strireginaldensis,
724 1417 811 1449 uniri
844 1422 877 1450 et
908 1417 1110 1460 incorporari

372 1470 499 1513 possint
522 1470 710 1513 provinciae
727 1470 875 1503 viciniori
894 1474 947 1503 aut
967 1480 1111 1504 commo-

374 1523 457 1556 diori
479 1523 744 1557 Reformatorum
761 1534 817 1556 seu
838 1524 1110 1565 Recollectorum,

374 1577 564 1609 auctoritate
590 1577 784 1619 apostolica,
811 1582 926 1610 tenore
957 1588 1112 1621 praesen-

373 1628 473 1668 tium,
508 1629 717 1662 concedimus
749 1635 781 1662 et
812 1629 1042 1672 indulgemus,
1076 1641 1112 1663 ac

374 1680 472 1713 huius
497 1682 628 1714 unionis
658 1687 690 1714 et
713 1682 989 1725 incorporationis
1022 1694 1113 1727 pera-

375 1734 499 1776 gendae
530 1735 717 1767 facultatem
743 1735 966 1768 commissario
992 1737 1032 1769 ab
1058 1747 1113 1770 eo-

377 1787 449 1819 dem
468 1787 618 1820 ministro
636 1788 781 1830 generali
800 1788 988 1830 deputando
1003 1794 1113 1822 aucto-

377 1840 470 1872 ritate
497 1845 529 1872 et
552 1845 666 1873 tenore
690 1841 866 1883 praedictis
892 1841 1078 1874 tribuimus.

421 1893 435 1935 ἓ
461 1892 493 1924 4.
526 1892 745 1925 Decernentes
770 1893 900 1925 easdem
926 1901 1112 1936 praesentes

376 1945 501 1978 litteras
526 1955 657 1988 semper
681 1945 799 1985 firmas,
820 1946 941 1978 validas
959 1951 990 1978 et
1007 1946 1114 1979 effica-

377 2008 430 2031 ces
455 1999 592 2031 existere
618 2003 650 2031 et
675 1999 755 2039 fore,
782 2009 922 2041 suosque
947 2000 1113 2042 plenarios

377 2056 410 2084 et
430 2051 575 2094 integros
601 2051 733 2084 effectus
758 2052 866 2084 sortiri
896 2057 927 2084 et
949 2052 1111 2092 obtinere,

377 2115 413 2137 ac
436 2103 511 2145 illis,
537 2105 577 2137 ad
597 2115 679 2148 quos
698 2109 822 2147 spectat
840 2109 871 2136 et
888 2115 947 2147 pro
965 2109 1113 2148 tempore

377 2157 546 2200 spectabit,
572 2157 764 2200 plenissime
786 2156 973 2199 suffragari,
1001 2157 1113 2200 sicque

377 2209 410 2241 in
436 2209 624 2253 praemissis
655 2220 715 2253 per
743 2220 964 2253 quoscumque
989 2210 1112 2243 iudices

378 2262 562 2295 ordinarios
577 2268 609 2295 et
621 2263 797 2305 delegatos,
821 2262 916 2295 etiam
941 2274 1112 2296 causarum

377 2314 489 2358 palatii
515 2315 684 2358 apostolici
710 2315 889 2355 auditores,
923 2316 1058 2349 iudicari
1083 2323 1115 2349 et

378 2368 504 2400 definiri
531 2368 668 2408 debere,
695 2378 730 2400 ac
754 2368 883 2401 irritum
908 2374 940 2402 et
963 2369 1059 2402 inane
1087 2369 1113 2401 si

377 2431 468 2453 secus
493 2431 593 2464 super
617 2421 667 2453 his
689 2432 706 2453 a
730 2431 908 2464 quoquam,
932 2422 1041 2466 quavis
1060 2433 1114 2455 au-

379 2474 540 2514 ctoritate,
554 2474 695 2506 scienter
717 2475 768 2506 vel
793 2474 991 2517 ignoranter,
1010 2476 1114 2508 conti-

379 2526 463 2570 gerit
487 2526 650 2559 attentari.

424 2580 438 2622 5
463 2579 494 2612 5.
520 2579 590 2613 Non
616 2580 821 2613 obstantibus
846 2582 1053 2624 praemissis,
1079 2592 1115 2614 ac

1155 255 1441 288 constitutionibus
1467 262 1496 289 et
1522 256 1783 289 ordinationibus
1812 269 1889 299 apo·

1155 309 1296 348 stolicis,
1316 320 1454 347 necnon,
1476 316 1635 353 quatenus
1655 322 1736 353 opus
1755 312 1805 350 sit,
1832 312 1889 343 Or-

1155 361 1238 393 dinis
1263 372 1298 393 ac
1323 362 1507 404 provinciae
1533 369 1565 395 et
1585 370 1800 396 conventuum
1830 364 1889 395 liu-

1154 412 1303 452 iuunmli,
1321 414 1417 446 etiam
1433 415 1628 455 iuramento,
1642 416 1888 449 confirmatione

1154 466 1340 507 apostolica,
1369 467 1416 498 vel
1441 468 1552 509 quavis
1579 468 1731 501 firmitate
1750 470 1812 502 alia
1837 481 1889 502 ro-

1153 518 1285 557 boratis,
1308 520 1434 552 statutis
1450 526 1481 552 et
1505 523 1806 562 consuetudinibus,
1824 524 1889 566 pri-

1153 572 1279 614 vilegiis
1302 584 1439 616 quoque,
1466 574 1599 607 indultis
1616 581 1647 608 et
1671 576 1786 609 litteris
1811 588 1888 619 apo-

1153 624 1275 657 stolicis
1318 626 1350 658 iu
1390 628 1590 659 contrarium
1631 629 1887 671 praemissorum

1153 678 1400 724 quomodolibet
1425 681 1605 719 concessis,
1638 681 1834 714 confirmatis
1859 688 1890 714 ct

1152 729 1329 770 innovatis;
1357 732 1473 774 quibus
1504 733 1654 765 omnibus
1680 738 1712 766 et
1736 734 1888 776 singulis,

1152 783 1282 815 illorum
1308 789 1438 817 tenores
1462 786 1693 827 praesentibus
1714 797 1774 829 pro
1793 788 1889 829 plene

1153 840 1185 868 et
1200 835 1401 869 sufficienter
1425 839 1591 880 expressis
1609 849 1645 870 ac
1664 839 1703 871 de
1724 839 1824 871 verbo
1850 840 1889 871 ad

1152 889 1286 922 verbum
1322 889 1455 923 insertis
1492 891 1673 931 habentes,
1709 892 1773 924 illis
1810 892 1888 925 alias

1152 943 1184 975 in
1209 954 1268 976 suo
1286 945 1405 977 robore
1424 946 1658 987 permansuris,
1673 947 1712 979 ad
1731 947 1890 989 praemis-

1153 1006 1264 1028 sorum
1280 996 1443 1036 effectum,
1463 998 1524 1031 hac
1540 998 1608 1031 vice
1623 999 1800 1039 dumtaxat,
1815 1010 1890 1042 spe-

1153 1049 1279 1082 cialiter
1296 1056 1328 1082 et
1345 1061 1500 1094 expresse
1522 1052 1732 1094 derogamus,
1756 1052 1890 1084 ceteris—

1153 1113 1214 1145 que
1232 1103 1404 1136 contrariis
1431 1104 1706 1148 quibuscumque.

1196 1154 1311 1187 Datum
1337 1156 1478 1196 Romae,
1505 1157 1591 1199 apud
1615 1157 1646 1190 S.
1674 1157 1803 1189 Mariani
1828 1158 1891 1190 Ma-

1153 1207 1278 1247 iorem,
1305 1209 1364 1240 sub
1389 1210 1508 1241 annulo
1534 1209 1721 1249 Piscatoris,
1748 1210 1798 1242 die
1825 1220 1890 1243 xvu

1153 1260 1347 1303 septembris
1372 1271 1527 1300 iunctxtu,
1553 1262 1759 1304 pontificatus
1786 1262 1890 1294 nostri

1154 1323 1239 1346 anno
1265 1324 1306 1347 ix.

1189 1374 1246 1403 Dat.
1264 1374 1308 1403 die
1329 1376 1359 1403 17
1376 1376 1538 1411 septembris
1551 1376 1628 1410 1663,
1641 1376 1737 1412 pontis.
1754 1384 1823 1404 anno
1838 1382 1873 1402 tx.

1374 1504 1435 1560 ἃ·
1458 1518 1581 1552 conv.

1157 1597 1344 1631 Commissio
1369 1597 1500 1630 domino
1514 1596 1681 1630 cardinali
1699 1598 1820 1630 vicario
1838 1598 1894 1630 Ur-

1200 1650 1249 1683 bis
1265 1655 1300 1683 ut
1319 1650 1500 1694 praesidem
1527 1655 1555 1683 ee
1580 1650 1763 1682 auditorem
1787 1651 1894 1692 reyiae

1199 1703 1387 1736 audientiae
1411 1704 1531 1736 Montis
1562 1703 1700 1735 Fusculi
1732 1704 1765 1735 in
1797 1713 1893 1745 reyno

1199 1755 1416 1799 Neapolilano
1448 1767 1467 1788 α
1500 1756 1640 1788 violatae
1672 1755 1894 1787 immunitatis

1200 1812 1227 1840 et
1252 1808 1493 1841 iurisdiclionis
1510 1808 1741 1841 ecclesiasticae
1765 1808 1894 1840 earcessi-

1200 1862 1257 1893 bus
1283 1862 1459 1894 Beneventi
1482 1862 1661 1894 commissis
1685 1861 1826 1894 absolvat
1846 1861 1863 1892 ¹.

1182 1940 1295 1968 Dilecto
1315 1941 1376 1967 filio
1395 1944 1498 1968 nostro
1520 1941 1550 1967 in
1567 1940 1644 1967 alma
1661 1940 1737 1967 Urbe
1756 1940 1867 1967 vicario

1309 1984 1340 2011 in
1361 1985 1571 2018 spiritualibus
1592 1985 1737 2019 generali,

1349 2036 1518 2064 Alexander
1537 2036 1617 2070 Papa
1635 2036 1698 2064 vn.

1370 2097 1482 2126 Dileete
1502 2097 1545 2124 fiii
1565 2100 1679 2129 noster,

1191 2143 1322 2170 salutem
1342 2145 1373 2170 et
1393 2143 1587 2176 apostolicam
1606 2143 1853 2171 benedictionem.

1200 2213 1298 2246 Sedes
1312 2214 1508 2257 Apostolica,
1523 2214 1576 2257 pia
1593 2219 1707 2254 mater,
1721 2225 1893 2247 recurren-

1156 2266 1242 2298 tibus
1267 2267 1306 2299 ad
1326 2277 1397 2299 eam
1421 2272 1495 2310 post
1513 2277 1677 2299 excessum
1695 2278 1766 2300 cum
1789 2268 1893 2300 humi-

1156 2319 1244 2352 litate
1269 2318 1342 2352 filiis
1367 2320 1542 2363 propitiam
1567 2331 1599 2353 se
1625 2321 1707 2353 solet
1739 2321 1893 2353 exhibere

1157 2378 1188 2405 et
1213 2373 1400 2415 benignam.

1199 2425 1213 2468 ἓ
1238 2425 1270 2458 ’1.
1297 2425 1375 2458 Cum
1401 2425 1510 2469 itaque
1538 2427 1647 2459 dilecti
1677 2426 1733 2459 filii
1764 2427 1895 2459 Franci-

1155 2488 1228 2511 scus
1252 2477 1428 2521 Pasqualis,
1443 2479 1596 2522 magister
1614 2480 1719 2523 campi
1740 2485 1772 2512 et
1795 2490 1891 2523 prae-

1192 2593 1202 2618 1
1221 2591 1258 2618 Ex
1275 2591 1380 2627 Regest.
1398 2592 1424 2620 in
1439 2592 1541 2621 Secret.
1560 2593 1637 2620 Brev.

1790 200 1853 232 »2073
1901 209 1949 235 An.
1971 209 1999 235 C.
2020 207 2084 235 1663

1931 2223 2073 2244 Prooemium.

1937 2431 2078 2459 Supplicatio,
