2247 3208
209 249 257 277 An.
277 248 307 276 o.
325 250 392 277 1668
438 241 502 274 696

229 1730 369 1752 Prooemium.

444 299 458 340 ᾗ
484 299 513 330 7.
534 299 684 330 Volumus
707 302 823 336 autem,
843 302 885 337 ut,
905 297 929 329 si
948 297 1026 329 alias
1045 297 1137 329 dictis

399 350 629 384 consororibus
644 349 818 392 praemissa
835 349 1067 392 peragentibus
1085 349 1136 381 ali-

400 414 462 446 qua
488 403 549 435 alia
586 401 791 443 indulgentia
825 407 983 445 perpetuo
1014 403 1064 434 vel
1096 402 1135 435 ad

399 463 523 498 tempus
549 464 703 487 concessa
721 455 825 494 suerit,
844 459 897 487 aut
915 455 940 487 si
959 455 1043 488 dieta
1060 465 1136 488 con·

398 507 543 551 gregatio
562 507 627 540 sive
651 507 729 540 unio
751 507 845 540 alicui
866 508 1136 541 archiconsrater-

398 560 489 593 nitati
507 570 651 603 unquam
669 566 873 603 aggregetur,
889 567 1079 603 praesentes
1105 567 1136 593 et

398 613 529 657 quaevis
554 612 635 645 aliae
661 612 785 645 litterae
811 613 1007 656 apostolicae
1029 614 1135 656 quoad

397 666 615 707 indulgentias
636 671 668 698 et
697 671 906 708 peecatorum
928 666 1135 699 remissiones

398 718 581 761 praedictas
611 717 658 750 illi
683 719 868 751 nullatenus
900 718 1133 761 suffragenter,

398 771 454 804 sed
480 782 517 803 ex
537 776 611 803 tunc
627 780 664 803 eo
691 771 761 813 ipso
780 781 911 813 prorsus
930 771 1036 804 nullae
1058 771 1131 804 sint.

440 823 555 856 Datum
581 823 713 863 Rornae,
733 824 817 866 apud
842 823 872 856 S.
896 823 1023 856 Mariani
1038 824 1135 856 Maio-

397 887 475 916 rem,
495 876 554 909 sub
579 877 700 908 annulo
726 876 909 916 piscatoris,
929 877 980 909 die
1001 887 1023 909 11
1041 887 1134 919 augu-

396 930 435 963 sti
450 939 628 969 mnctxvni,
648 928 854 972 pontificatus
872 929 976 962 nostri
995 939 1080 963 anno
1096 940 1130 962 11.

431 991 492 1018 Dat.
509 990 553 1018 die
567 990 584 1017 2
598 990 704 1025 augusti
727 990 804 1023 1068,
827 990 921 1025 pontif.
943 998 1013 1017 anno
1033 996 1062 1018 u.

718 1132 808 1165 Lxx.

398 1212 684 1246 commissariatus
718 1222 777 1255 pro
813 1212 1018 1244 sublevandis
1042 1223 1128 1244 com-

439 1265 656 1297 munitatibus
679 1269 708 1297 et
732 1265 1001 1297 universitatibus
1021 1266 1132 1298 Status

440 1318 657 1351 Ecclesiastici
670 1317 689 1350 ¹.

395 1397 507 1424 Dilecto
527 1397 588 1423 filio
612 1396 754 1431 magistro
781 1397 885 1424 Ioanni
905 1391 1060 1426 rr'ancisco
1081 1398 1131 1425 Ni-

431 1448 532 1475 grono,
554 1441 583 1468 in
603 1445 730 1474 utraque
751 1441 906 1475 signatura
926 1441 1026 1469 nostra
1054 1443 1131 1470 refe—

430 1486 577 1520 raudatio,

615 1532 748 1559 Clemens
769 1533 847 1565 Papa
868 1533 914 1559 IX.

672 1602 785 1630 Dilecto
805 1603 859 1635 fili,

441 1648 571 1675 salutem
588 1650 618 1674 et
634 1647 831 1681 apostolicam
847 1647 1095 1675 benedictionem.

441 1719 578 1751 Paterna
614 1723 723 1751 nostra
760 1729 837 1762 erga
873 1719 967 1751 huius
1004 1723 1133 1752 sanctae

397 1772 470 1805 Sedi
500 1772 645 1805 subditos
677 1772 816 1805 charitas
849 1772 923 1805 facit
953 1778 987 1805 ut
1019 1783 1133 1805 eorum

396 1824 620 1863 sublevamini,
635 1825 812 1858 commodis
831 1830 863 1858 et
878 1825 1017 1865 utilitati,
1033 1836 1135 1869 quan-

399 1883 467 1910 tum
481 1888 551 1910 cum
564 1877 701 1910 Domino
715 1888 899 1921 possumus,
912 1878 1050 1912 libenter
1063 1889 1135 1912 con-

977 250 1157 273 BULLARIL'M
1181 249 1332 274 ROMANUM

1180 297 1352 339 plurimum
1377 299 1408 330 in
1433 299 1568 333 Domino
1594 300 1717 341 confisi,
1735 307 1764 334 te
1789 312 1850 345 pro
1871 312 1915 334 re-

1180 349 1238 381 bus
1264 350 1303 382 ad
1328 361 1488 383 annonam
1514 354 1754 394 spectantibus,
1787 365 1915 387 necnon

1180 412 1239 444 pro
1265 402 1448 436 revidendis
1476 404 1573 437 rebus
1599 405 1751 438 Montium
1776 407 1913 449 pietatis,

1180 455 1390 498 hospitalium
1412 461 1443 488 et
1459 456 1595 489 aliorum
1613 459 1759 491 locorum
1777 459 1914 502 piorum,

1180 518 1316 550 quorum
1341 508 1579 542 administratio
1605 511 1643 542 ad
1669 512 1914 545 communitates

1179 565 1210 592 et
1223 561 1446 594 universitates
1461 572 1737 606 quarumcumque
1753 563 1914 597 civitatum

1179 614 1268 655 (non
1295 619 1399 646 tamen
1429 615 1709 658 Beneventanae),
1740 621 1911 658 terrarum,

1178 666 1371 709 oppidorum
1401 671 1432 699 ct
1456 668 1603 699 locorum
1629 667 1734 701 Status
1762 669 1914 702 Ecclesia-

1178 720 1245 751 stioi
1263 720 1419 762 praedicti
1442 726 1530 753 extra
1554 726 1691 764 quatuor
1707 722 1909 764 Legationes,

1177 782 1214 804 ac
1240 772 1420 804 districtum
1444 773 1546 805 almae
1571 773 1666 805 Urbis
1691 779 1820 806 nostrae
1838 786 1914 807 con-

1177 824 1370 865 sistentium,
1396 830 1526 867 spectat,
1546 825 1585 857 ad
1603 825 1732 858 easdem
1757 826 1914 865 civitates,

1177 880 1292 916 terras,
1319 877 1438 919 oppida
1467 882 1498 909 et
1528 878 1599 909 loca
1630 877 1833 916 visitandum,
1860 888 1914 910 au-

1177 929 1324 961 ctoritate
1343 929 1531 971 apostolica,
1549 935 1661 962 tenore
1682 930 1911 973 praesentium,

1176 982 1374 1014 destinamus
1399 988 1430 1014 et
1455 983 1658 1025 deputamus.

1220 1033 1275 1076 502.
1292 1034 1410 1066 Dantes
1425 1034 1491 1074 tibi,
1508 1034 1662 1077 privative
1677 1037 1784 1078 quoad
1799 1048 1912 1069 ornnes

1175 1087 1271 1127 alios,
1289 1087 1435 1127 liberam,
1455 1089 1595 1130 amplam
1617 1093 1649 1120 et
1665 1089 1843 1122 absolutam
1871 1093 1913 1123 la-

1175 1141 1327 1172 cultatem
1353 1144 1384 1172 et
1409 1139 1632 1172 auctoritatem
1657 1151 1768 1173 omnes
1793 1148 1825 1173 et.
1850 1142 1913 1174 sin-

1176 1194 1269 1235 gulos
1294 1193 1459 1233 redditus,
1486 1203 1644 1235 expensas
1671 1198 1702 1226 et
1727 1194 1835 1226 dehita
1860 1205 1914 1227 cu-

1175 1245 1304 1278 iuslibet
1335 1246 1574 1278 communitatis
1608 1256 1644 1278 ae
1674 1246 1913 1287 universitatis,

1175 1298 1354 1337 civitatum,
1381 1303 1558 1337 terrarum,
1585 1298 1779 1341 oppidorum
1812 1305 1844 1331 et
1868 1301 1914 1333 lo-

1174 1361 1285 1383 corum
1310 1351 1541 1393 praefatorum,
1559 1356 1592 1384 et
1608 1362 1767 1391 annonae,
1785 1362 1913 1385 necnon

1173 1403 1313 1436 rationes
1339 1409 1371 1436 et
1395 1409 1547 1446 computa
1572 1404 1701 1436 illorum
1731 1405 1785 1448 qui
1804 1405 1914 1438 reddi-

1175 1460 1223 1487 tus
1249 1461 1279 1488 et
1306 1456 1391 1488 bona
1424 1456 1612 1488 earumdem
1645 1457 1913 1490 communitatum

1175 1514 1206 1542 et
1230 1509 1477 1542 universitatum
1501 1514 1596 1552 utque
1616 1520 1765 1542 annonae
1786 1520 1822 1542 ac
1846 1510 1910 1543 dic-

1174 1566 1278 1594 torum
1303 1562 1457 1594 Montium
1489 1562 1619 1605 pietatis
1650 1568 1683 1595 et
1706 1562 1842 1595 aliorum
1870 1564 1913 1596 lo-

1174 1625 1283 1647 corum
1301 1615 1429 1657 piorum
1446 1615 1664 1658 praefatorum
1685 1616 1797 1658 quovis
1814 1617 1912 1649 modo

1175 1667 1479 1707 administraverint,
1507 1668 1633 1700 etiam÷i
1659 1669 1737 1701 alias
1761 1668 1863 1701 revisa
1881 1673 1914 1702 et

1176 1720 1312 1753 solidata
1338 1720 1467 1759 suerint,
1489 1721 1665 1761 revidendi,
1688 1731 1913 1764 quoscumque

1177 1773 1353 1814 debitores,
1390 1778 1453 1805 tarn
1486 1774 1647 1806 seculares
1683 1784 1777 1816 quam
1810 1775 1914 1807 eccle-

1177 1826 1332 1867 siasticos,
1347 1826 1442 1859 etiam
1454 1827 1620 1868 regulares
1631 1826 1797 1870 utriusque
1808 1837 1912 1867 sexus,

1177 1889 1212 1911 ac
1226 1889 1338 1911 omnes
1357 1878 1588 1921 privilegiatos.
1604 1879 1701 1912 etiam
1718 1879 1836 1912 fratres
1855 1880 1915 1912 ho-

1178 1931 1303 1974 spitalis
1329 1931 1359 1963 S.
1386 1931 1514 1964 Ioannis
1541 1931 1849 1974 Hierosolymitani,
1883 1937 1916 1965 et

1916 254 1965 280 An.
1987 253 2015 279 C.
2036 252 2107 279 ¹658

1983 1046 2105 1067 Facultates

1876 1091 1884 1097 Ἰ
1923 1073 2022 1094 collatae.

399 1933 554 1964 sulamus.

212 1995 389 2025 nvpunmcom-
443 1984 458 2027 ξ
483 1984 513 2016 l.
542 1984 622 2017 Hinc
647 1989 696 2016 est
726 1984 815 2027 quod
838 1995 915 2025 noS,
940 1984 1026 2017 felici
1051 1995 1136 2018 com-

205 2020 388 2067 '2121533'„²,¹¹¹³003,‘3
400 2037 591 2070 mnnitatum
617 2042 649 2070 et
674 2038 916 2071 universitatum
942 2038 1046 2071 Status
1080 2049 1137 2071 no-

207 2077 319 2094 inundates
329 2090 333 2096 ,
356 2080 388 2094 ex·

206 2104 273 2127 copus
286 2101 326 2120 ,111⁵
338 2089 457 2125 qua-stri
482 2089 718 2129 Ecclesiastici‚
747 2101 825 2133 quas
859 2091 1023 2123 nonnullis
1047 2091 1136 2123 inde-

1178 1984 1257 2017 alios
1283 1984 1378 2017 etiam
1403 1984 1435 2016 in
1460 1984 1695 2023 ecelesiastica,
1722 1985 1911 2028 episcopali,

1178 2036 1396 2080 patriarchali,
1422 2046 1458 2068 ac
1482 2036 1577 2068 etiam
1609 2036 1724 2068 maiori
1758 2036 1914 2079 dignitate

1178 2089 1381 2129 constitutos,
1412 2089 1605 2131 illorumque
1640 2089 1792 2129 famulos,
1822 2089 1915 2121 mini-

207 2130 253 2147 tuui-
290 2127 389 2151 Legatio-

206 2160 262 2174 num.

400 2142 474 2175 bitis
499 2143 652 2175 oneribus
677 2143 811 2185 gravari,
834 2154 870 2176 ex
889 2153 1001 2176 eorum
1026 2153 1135 2176 recur-

400 2195 486 2228 sibus
520 2196 559 2228 ad
591 2196 877 2237 congregationem
903 2196 1134 2229 nonnullorum

400 2248 430 2281 S.
455 2249 491 2280 R.
508 2249 542 2281 E.
566 2248 777 2281 cardinalium
796 2259 832 2280 ac
849 2248 1041 2281 dilectorum
1059 2248 1136 2282 filio-

402 2311 471 2333 rum
490 2300 654 2333 Romanae
672 2301 780 2333 curiae
799 2302 1021 2344 praelatorum
1039 2311 1136 2344 super

400 2353 530 2386 illarum
550 2353 768 2387 sublevamine
793 2365 811 2386 a
835 2355 927 2387 nobis
949 2353 1135 2398 deputatam

402 2405 531 2444 habitis,
548 2407 776 2448 intelleximus,
795 2407 892 2440 statui
910 2412 941 2440 et
954 2408 1136 2440 levamento

402 2466 582 2504 opportune
614 2466 821 2503 prospectum
852 2472 921 2494 esse
957 2461 1134 2504 cupientes,

402 2524 439 2546 ac
464 2514 503 2546 de
528 2515 581 2546 tua
605 2513 676 2553 fide,
699 2514 873 2557 prudentia
898 2520 930 2547 et
953 2514 1137 2558 integritate

441 2628 451 2661 l
473 2626 510 2653 Ex
530 2627 640 2661 Regest.
662 2626 690 2653 in
709 2626 812 2653 Secret.
832 2626 910 2654 Brev.

1179 2148 1269 2180 stros,
1296 2143 1421 2175 oblatos
1446 2147 1478 2174 et
1502 2143 1635 2174 colonos
1659 2142 1699 2174 ad
1724 2152 1833 2174 eorum
1859 2142 1914 2174 de-

1177 2196 1244 2228 bita
1264 2195 1503 2239 persolvenda,
1535 2205 1633 2227 manu
1669 2195 1759 2236 regia
1792 2200 1823 2227 et
1847 2196 1916 2227 sola

1178 2249 1250 2281 sacti
1276 2248 1409 2280 veritate
1434 2248 1589 2290 inspecta,
1615 2247 1762 2289 cogendi,
1786 2256 1916 2280 necnon

1180 2312 1291 2334 omnes
1316 2301 1388 2333 lites
1407 2305 1439 2333 et
1456 2300 1693 2333 controversias
1712 2310 1811 2342 super
1828 2310 1916 2342 prae-

1179 2353 1286 2387 missis
1319 2358 1445 2386 exortas
1479 2353 1593 2387 eadem
1622 2352 1811 2385 auctoritate
1841 2362 1917 2385 con-

1179 2407 1345 2447 cordandi,
1372 2417 1427 2439 seu
1452 2411 1549 2450 prout
1565 2407 1603 2438 de
1621 2405 1689 2438 iure
1711 2404 1914 2445 terminandi,

1180 2470 1349 2503 expensas,
1376 2469 1458 2502 quae
1484 2459 1541 2491 tibi
1560 2458 1744 2502 superfluae
1761 2457 1916 2490 videbun-

1180 2518 1243 2553 tur,
1262 2512 1440 2552 resecandi,
1455 2521 1679 2555 quascumque
1694 2510 1845 2543 collectas
1860 2519 1915 2542 seu

1181 2566 1334 2608 gabellas,
1361 2575 1440 2607 quae
1467 2563 1522 2596 tibi
1548 2575 1606 2606 pro
1633 2562 1768 2595 t‘aoiliori
1787 2568 1817 2594 et
1835 2563 1916 2595 cele-

1181 2617 1260 2663 riori
1277 2628 1394 2664 reruni
1419 2617 1656 2665 prae-dictarum
1690 2615 1917 2662 redemptione
