2247 3208
177 206 228 233 An.
245 206 276 234 C.
296 205 362 234 tons

229 2379 291 2400 Fides
307 2382 362 2400 trau·

178 2409 316 2432 sumptorum.

1002 200 1143 224 CLEMENS
1168 200 1198 222 lt<
1223 200 1270 222 ΓΡ.

372 254 518 288 conciliis
540 254 747 296 generalibus
767 253 871 289 editis,
891 257 931 291 et,
950 255 1107 294 quatenus

372 317 455 350 opus
476 307 526 347 sit,
547 307 585 339 de
606 307 674 339 iure
694 307 841 349 quaesito
863 315 927 337 non
947 303 1105 342 tollendo,

371 370 408 391 ac
434 359 473 392 de
503 359 714 402 exprimendo
740 369 816 391 vero
842 358 950 390 valore
976 356 1007 388 in
1033 367 1108 398 sup-

371 412 594 455 pressionibus
614 411 792 455 perpetuis,
815 411 943 453 illisque
965 409 1108 442 commit-

372 465 476 497 tendis
503 465 541 497 ad
567 471 684 508 partes,
710 464 830 497 vocatis
857 473 993 506 qnorum
1026 462 1108 493 inte-

371 523 454 557 rest,
492 523 523 550 et
559 518 629 551 aliis
666 517 785 550 nostris
827 522 857 549 et
893 514 1106 548 cancellariae

371 571 569 613 apostolicae
593 570 736 613 regulis,
774 579 900 602 necnon
930 577 1107 610 congrega-

371 623 494 656 tionum
524 633 747 666 supressarum
773 621 1026 665 praedictarum,
1054 630 1107 652 ea-

371 685 505 719 rumque
530 676 709 718 respective
742 679 975 712 conventuum,
1009 673 1107 705 colle-

371 729 506 769 giorum,
532 728 804 761 monasteriorum
829 732 860 759 et
884 726 1104 765 ecclesiarum,

371 781 466 814 ctiam
492 781 685 819 iuramento,
711 779 955 813 confirmatione
981 784 1107 822 aposto—

372 834 444 873 lica,
473 835 522 867 vel
548 832 659 877 quavis
676 832 825 865 firmitate
845 832 905 865 alia
933 831 1106 871 roboratis,

370 888 497 919 statutis
524 892 555 919 ct
580 885 891 925 consuetudinibus,
926 885 1105 935 privilegiis

370 951 519 983 quoque,
546 940 677 972 indultis
703 945 733 972 et
758 938 873 972 litteris
896 938 1104 981 apostolicis,

370 992 490 1025 eisdem
517 992 832 1035 congregationibus„
853 992 1047 1033 illarumque
1061 1000 1106 1021 su-

370 1045 566 1087 perioribus,
592 1045 766 1083 canonicis,
788 1044 952 1082 tratribus,
976 1043 1107 1085 religio-

370 1097 423 1137 sis,
449 1103 481 1129 et
504 1097 652 1140 personis
671 1097 877 1140 quibuslibet,
897 1097 955 1128 sub
982 1096 1106 1139 quibus-

370 1160 505 1193 cumque
520 1150 691 1183 verborum
707 1150 871 1182 tenoribus
891 1155 923 1181 et
937 1149 1056 1188 formis,
1071 1160 1106 1181 ac

369 1214 440 1236 cum
458 1203 622 1246 quibusvis
643 1203 738 1236 etiam
758 1202 1035 1245 derogatoriarum
1053 1202 1107 1234 de-

371 1255 555 1298 rogatoriis,
583 1256 715 1299 aliisque
733 1255 980 1294 efficacioribus,
1002 1255 1106 1287 effica-

370 1309 506 1342 cissimis
517 1315 547 1342 et
561 1309 699 1342 insolitis
713 1309 876 1347 clausulis,
893 1308 1106 1341 irritantibus-

370 1373 432 1405 que
449 1369 479 1394 et
494 1362 563 1394 aliis
579 1362 729 1401 decretis,
745 1362 776 1393 in
792 1372 909 1404 genere
926 1362 974 1393 vel
990 1362 1021 1393 in
1036 1371 1105 1403 spe-

369 1415 426 1454 cic‚
445 1415 542 1448 etiam
560 1420 648 1448 motu
667 1415 764 1447 simili
781 1420 810 1447 et
828 1414 1105 1451 consistorialiter,

369 1478 406 1500 ac
422 1468 501 1501 alias
526 1468 773 1511 quomodolibet
797 1467 970 1504 concessis,
989 1466 1105 1499 confir-

371 1522 464 1554 matis
483 1527 515 1554 et
534 1521 655 1564 pluries
673 1521 847 1560 innovatis,
870 1520 985 1563 quibus
1008 1520 1105 1553 onini-

369 1575 430 1607 bus
447 1579 479 1606 et
495 1574 640 1616 singulis,
660 1574 783 1607 etiamsi
798 1584 857 1616 pro
875 1573 1003 1606 illorum
1022 1573 1106 1605 suffi-

371 1627 468 1660 cienti
493 1627 702 1670 derogatione
728 1627 766 1659 de
784 1626 848 1659 illis
869 1637 1044 1669 eorumque
1065 1632 1106 1657 to-

371 1681 409 1713 tis
432 1680 598 1713 tenoribus
611 1680 768 1724 specialis,
788 1680 935 1723 specifica
953 1690 1106 1722 expressa

371 1740 401 1767 et
431 1734 604 1772 individua,
640 1744 676 1766 ac
705 1734 744 1766 de
776 1733 874 1765 verbo
907 1733 946 1766 ad
970 1733 1105 1765 verbum

371 1797 437 1820 non
451 1793 556 1819 autem
574 1797 631 1829 per
648 1787 809 1818 clausulas
831 1786 1000 1828 generales
1021 1785 1106 1817 idem

371 1839 593 1883 importantes,
610 1839 733 1871 mentio
756 1838 907 1871 habenda
930 1844 984 1871 aut
1000 1838 1106 1881 aliqua

371 1892 433 1925 alia
462 1892 619 1935 exquisita
650 1892 751 1924 forma
781 1891 820 1923 ad
855 1891 916 1923 hoc
949 1890 1107 1922 servanda

371 1946 464 1985 soret,
493 1945 622 1977 illorum
659 1944 802 1977 omnium
839 1949 867 1976 et
906 1944 1105 1985 singulorum

371 2004 511 2038 tenores,
536 1998 654 2031 formas
680 2004 711 2030 et
735 1997 920 2030 occasiones
956 2007 1107 2039 praesen-

372 2052 454 2084 tibus
475 2058 534 2095 pro
552 2052 648 2095 plene
670 2057 700 2083 et
716 2051 915 2083 sufficienter
933 2050 1106 2093 expressis,

371 2104 500 2137 insertis
526 2110 557 2137 et
576 2105 709 2137 servatis
734 2103 913 2147 respective
936 2104 1104 2143 babentes,

372 2158 435 2190 illis
461 2158 539 2190 alias
564 2157 597 2190 in
621 2168 678 2190 suo
712 2157 830 2189 robore
864 2156 1105 2199 permansuris,

373 2211 411 2243 ad
426 2211 677 2254 praemissorum
691 2209 847 2249 effectum,
864 2210 923 2242 hac
937 2209 1002 2241 vice
1018 2210 1108 2241 dum-

373 2268 470 2302 taxat,
485 2263 669 2306 specialiter
686 2269 715 2296 et
733 2273 883 2306 expresse
899 2263 1106 2304 derogamus3

373 2317 556 2359 ceterisque
583 2316 751 2349 contrariis
770 2316 1039 2358 quibuscumqm3.

418 2370 432 2413 ἓ
465 2369 495 2402 8.
530 2369 681 2402 Volumus
715 2375 821 2401 autem
853 2375 887 2401 ut
924 2368 1108 2401 earumdem

374 2423 593 2467 praesentium
626 2422 806 2455 litterarum
831 2421 1027 2464 trasumptis,
1053 2431 1106 2453 seu

375 2477 541 2520 exemplis,
556 2477 652 2508 etiam
669 2475 845 2518 impressis,
861 2485 957 2507 manu
971 2474 1108 2506 alicuius

373 2530 489 2564 notarii
507 2529 628 2573 publici
646 2528 846 2571 subscriptis,
865 2533 895 2560 et
912 2527 1018 2569 sigillo
1034 2537 1108 2569 per-

373 2594 469 2617 sonae
495 2583 526 2615 in
556 2581 773 2615 ecclesiastica
806 2580 961 2624 dignitate
991 2579 1107 2612 consti-

1785 187 1848 221 7:30

1130 248 1237 279 *tutae
1263 246 1409 286 munitis,
1443 247 1554 279 eadem
1579 255 1711 290 prorsus
1745 244 1822 278 sides
1855 246 1885 278 in

1152 299 1269 332 iudicio
1295 305 1325 332 et
1344 305 1432 332 extra
1458 300 1666 339 adhibeatur,
1693 309 1775 342 quae
1797 309 1875 342 prae

1151 352 1296 385 sentibus
1332 352 1410 396 ipsis
1447 353 1679 391 adhiberetur,
1714 351 1740 384 si
1782 351 1887 384 forent

1151 405 1312 437 exhibitae
1337 407 1385 438 vel
1411 411 1570 438 ostensae.

1194 458 1306 490 Datum
1332 459 1472 497 Romae,
1499 459 1582 502 apud
1608 458 1638 491 S.
1669 459 1798 491 Mariam
1827 459 1888 491 Ma-

1150 510 1276 549 iorem,
1307 511 1364 542 sub
1395 513 1513 544 annulo
1539 512 1736 550 piscatoris,
1772 513 1822 544 (lic
1856 522 1886 544 Vt

1150 563 1331 595 decembris
1352 573 1530 603 nnetxvni,
1553 565 1758 608 pontificatus
1784 565 1885 597 nostri

1150 626 1235 648 anno
1264 627 1297 648 n.

1186 677 1242 704 Dat.
1264 677 1307 705 die
1326 678 1343 704 6
1362 678 1515 706 decembris
1537 680 1614 714 1668,
1635 680 1728 716 pontis.
1752 688 1821 707 anno
1837 687 1866 707 11.

1425 822 1609 854 Lxxxvnt.

1148 901 1335 944 Applicalio
1361 901 1510 934 bonorum
1539 903 1637 934 trium.
1667 905 1886 943 eoum-malio-

1193 965 1271 986 nnm
1297 966 1545 998 suppressarum
1572 956 1605 987 sn
1631 956 1723 988 Statii
1761 957 1885 988 Veneto-

1194 1019 1267 1040 rum
1292 1009 1499 1040 coeislenli'icm
1523 1010 1586 1051 ipsi·
1610 1010 1819 1051 Reipublicae
1850 1012 1884 1042 iii

1192 1061 1373 1093 subsidium
1401 1065 1512 1093 conlia
1541 1061 1658 1094 Tarcas
1673 1061 1689 1094 ⁴.

1149 1141 1314 1168 Venerabili
1349 1141 1435 1167 fratri
1465 1141 1626 1167 Laurentio
1663 1141 1885 1175 archiepiscopo

1183 1185 1422 1219 carthaginensi,
1443 1186 1582 1212 moderno
1610 1188 1640 1212 et
1670 1193 1721 1218 pro
1751 1190 1885 1218 tempore

1185 1228 1328 1255 existenti
1348 1231 1451 1255 nostro
1472 1232 1502 1255 et.
1520 1229 1708 1262 Apostolicae
1739 1229 1823 1255 Sedis
1852 1230 1882 1254 in

1185 1272 1313 1300 dominio
1333 1273 1512 1299 Venetorum
1532 1272 1651 1303 nuncio,

1361 1325 1495 1352 Clemens
1522 1326 1598 1358 Papa
1620 1326 1656 1352 IX
1666 1346 1672 1358 ‚

1148 1396 1331 1423 Venerabilis
1352 1396 1460 1429 frater,
1482 1397 1611 1422 salutem
1636 1399 1666 1423 et
1690 1397 1885 1430 apostoticam

1393 1440 1638 1467 benedictionem.

1192 1520 1206 1561 ξ
1232 1519 1261 1551 ’1.
1290 1519 1366 1552 Cum
1389 1530 1455 1556 nos,
1478 1519 1673 1561 gravissimis
1699 1525 1729 1551 et
1749 1519 1887 1551 rationa-

1149 1572 1269 1604 bilibus
1295 1572 1399 1604 causis
1425 1572 1517 1604 nobis
1543 1572 1627 1603 notis
1649 1572 1790 1611 adducti,
1811 1583 1886 1605 con-

1150 1625 1354 1666 gregationes
1381 1624 1606 1656 canonicorum
1633 1624 1663 1656 S.
1691 1624 1819 1667 Georgii
1854 1625 1885 1656 in

1150 1677 1227 1717 Alea
1242 1677 1459 1715 Yeuetiarum,
1481 1673 1520 1708 arf
1539 1677 1667 1708 fratrum
1690 1677 1885 1710 lesuatorum

1149 1730 1179 1762 S.
1194 1730 1393 1773 Hieronymi,
1412 1735 1442 1762 et
1457 1730 1588 1762 fratrum
1604 1730 1746 1763 eiusdem
1765 1731 1783 1763 S
1816 1731 1888 1763 Ilie-

1151 1781 1274 1825 ronvmi
1301 1783 1338 1815 de
1365 1782 1487 1815 Fesulis
1512 1783 1572 1815 sub
1598 1784 1708 1825 regula
1726 1782 1756 1815 S.
1781 1784 1887 1825 :tugu—

1150 1836 1236 1873 stini,
1262 1838 1324 1868 nna
1350 1847 1421 1868 cnm
1449 1836 1598 1868 omnibus
1620 1847 1730 1868 earum
1757 1847 1886 1880 respec-

1152 1889 1212 1921 tive
1238 1889 1458 1931 dignitatibus,
1486 1889 1598 1921 officiis
1624 1894 1654 1921 et
1679 1888 1883 1927 ministeriis,

1149 1943 1301 1985 omnique
1325 1942 1608 1980 conventualitate,
1636 1942 1882 1984 collegialitate,

1151 1995 1253 2035 titulo,
1268 1995 1409 2027 essentia
1426 2001 1457 2026 et
1476 1994 1750 2034 denominatione,
1767 2004 1884 2038 perpe-

1151 2054 1204 2081 tuo
1230 2047 1458 2080 extinxerimus
1484 2053 1514 2080 et.
1534 2047 1821 2090 suppresserimus,
1849 2057 1885 2079 ac

1150 2101 1297 2134 universa
1323 2101 1509 2133 earumdem
1528 2101 1814 2143 congregationum
1838 2100 1885 2133 sic

1150 2164 1397 2198 suppressarum
1422 2153 1601 2196 respective
1628 2153 1726 2193 hona,
1754 2153 1886 2186 mobilia

1151 2213 1183 2240 et
1206 2207 1396 2246 immobilia,
1424 2212 1485 2238 tam
1511 2217 1600 2238 sacra
1625 2217 1719 2249 quam
1737 2206 1884 2249 profana,

1151 2266 1338 2299 conventus,
1363 2260 1510 2302 collegia,
1537 2259 1739 2297 monasteria,
1761 2260 1887 2298 domos,

1151 2314 1268 2353 vineas,
1296 2314 1434 2356 praedia,
1462 2324 1612 2352 canones,
1638 2313 1885 2355 responsiones,

1151 2368 1291 2403 fructus,
1314 2366 1465 2399 introitus
1491 2371 1521 2398 et
1546 2366 1615 2398 iura
1644 2376 1884 2409 quaecumque,

1150 2421 1345 2463 ubicumque
1371 2421 1514 2452 locorum
1539 2419 1730 2457 existerent,
1757 2424 1886 2452 nostrae

1151 2478 1181 2505 et
1206 2473 1295 2506 Sedis
1314 2472 1516 2515 Apostolicae
1537 2472 1740 2513 dispositioni
1759 2472 1791 2504 in
1810 2480 1886 2504 usus

1187 2587 1197 2612 1
1221 2586 1257 2612 Ex
1277 2585 1382 2620 Regest.
1405 2586 1430 2611 in
1450 2585 1550 2612 Secret.
1572 2585 1649 2612 Brev.

1897 198 1944 221 An.
1958 197 1987 221 (ἰ,
2014 197 2084 224 tt²t38

1923 1528 2001 1558 Malim
2018 1529 2080 1549 littttl5

1896 1557 2057 1575 «ῑαηκὶιῗυὶἰυιιι,Δ
