<?xml version="1.0" encoding="UTF-8"?>
<!DOCTYPE html PUBLIC "-//W3C//DTD XHTML 1.0 Transitional//EN"
    "http://www.w3.org/TR/xhtml1/DTD/xhtml1-transitional.dtd">
<html xmlns="http://www.w3.org/1999/xhtml" xml:lang="en" lang="en">
 <head>
  <title>
</title>
<meta http-equiv="Content-Type" content="text/html;charset=utf-8" />
  <meta name='ocr-system' content='tesseract 3.04.00' />
  <meta name='ocr-capabilities' content='ocr_page ocr_carea ocr_par ocr_line ocrx_word'/>
</head>
<body>
  <div class='ocr_page' id='page_1' title='image "./bullarumdiplomat17cath_0901.png"; bbox 0 0 2247 3208; ppageno 0'>
   <div class='ocr_carea' id='block_1_1' title="bbox 135 221 322 249">
    <p class='ocr_par' dir='ltr' id='par_1_1' title="bbox 135 221 322 249">
     <span class='ocr_line' id='line_1_1' title="bbox 135 221 322 249; baseline 0.005 -1"><span class='ocrx_word' id='word_1_1' title='bbox 135 221 184 249; x_wconf 80' lang='lat' dir='ltr'><strong>An.</strong></span> <span class='ocrx_word' id='word_1_2' title='bbox 205 222 232 249; x_wconf 72' lang='lat' dir='ltr'><strong>C.</strong></span> <span class='ocrx_word' id='word_1_3' title='bbox 257 223 322 249; x_wconf 52' lang='lat'><strong>1569</strong></span> 
     </span>
    </p>
   </div>
   <div class='ocr_carea' id='block_1_2' title="bbox 159 2182 248 2204">
    <p class='ocr_par' dir='ltr' id='par_1_2' title="bbox 159 2182 248 2204">
     <span class='ocr_line' id='line_1_2' title="bbox 159 2182 248 2204; baseline -0.011 0"><span class='ocrx_word' id='word_1_4' title='bbox 159 2182 248 2204; x_wconf 71' lang='lat' dir='ltr'><strong>Motiva.</strong></span> 
     </span>
    </p>
   </div>
   <div class='ocr_carea' id='block_1_3' title="bbox 955 226 1222 250">
    <p class='ocr_par' dir='ltr' id='par_1_3' title="bbox 955 226 1222 250">
     <span class='ocr_line' id='line_1_3' title="bbox 955 226 1222 250; baseline 0.004 -1"><span class='ocrx_word' id='word_1_5' title='bbox 955 226 1034 249; x_wconf 61' lang='lat' dir='ltr'>CLER:</span> <span class='ocrx_word' id='word_1_6' title='bbox 1043 226 1096 250; x_wconf 65' lang='lat' dir='ltr'><strong>ijs</strong></span> <span class='ocrx_word' id='word_1_7' title='bbox 1120 227 1150 250; x_wconf 84' lang='lat' dir='ltr'><strong>lx</strong></span> <span class='ocrx_word' id='word_1_8' title='bbox 1174 227 1222 250; x_wconf 74' lang='lat' dir='ltr'><strong>PP.</strong></span> 
     </span>
    </p>
   </div>
   <div class='ocr_carea' id='block_1_4' title="bbox 324 271 1066 1533">
    <p class='ocr_par' dir='ltr' id='par_1_4' title="bbox 326 271 1066 1320">
     <span class='ocr_line' id='line_1_4' title="bbox 329 271 1066 315; baseline 0.003 -11"><span class='ocrx_word' id='word_1_9' title='bbox 329 271 429 312; x_wconf 86' lang='lat' dir='ltr'><strong>sulis,</strong></span> <span class='ocrx_word' id='word_1_10' title='bbox 455 271 725 315; x_wconf 82' lang='lat' dir='ltr'><strong>irritantibusquc</strong></span> <span class='ocrx_word' id='word_1_11' title='bbox 752 278 781 305; x_wconf 82' lang='lat' dir='ltr'><strong>et</strong></span> <span class='ocrx_word' id='word_1_12' title='bbox 807 273 878 305; x_wconf 70' lang='lat' dir='ltr'><strong>aliis</strong></span> <span class='ocrx_word' id='word_1_13' title='bbox 904 273 1066 313; x_wconf 80' lang='lat' dir='ltr'><strong>decretis,</strong></span> 
     </span>
     <span class='ocr_line' id='line_1_5' title="bbox 329 324 1066 368; baseline 0.004 -12"><span class='ocrx_word' id='word_1_14' title='bbox 329 324 361 357; x_wconf 90' lang='lat' dir='ltr'><strong>in</strong></span> <span class='ocrx_word' id='word_1_15' title='bbox 387 335 506 367; x_wconf 68' lang='lat' dir='ltr'><strong>genere</strong></span> <span class='ocrx_word' id='word_1_16' title='bbox 523 326 573 357; x_wconf 79' lang='lat' dir='ltr'><strong>vcl</strong></span> <span class='ocrx_word' id='word_1_17' title='bbox 593 325 623 357; x_wconf 89' lang='lat' dir='ltr'><strong>in</strong></span> <span class='ocrx_word' id='word_1_18' title='bbox 641 325 758 368; x_wconf 80' lang='lat' dir='ltr'><strong>specie,</strong></span> <span class='ocrx_word' id='word_1_19' title='bbox 785 326 881 358; x_wconf 86' lang='lat' dir='ltr'><strong>etiam</strong></span> <span class='ocrx_word' id='word_1_20' title='bbox 907 327 1066 359; x_wconf 66' lang='lat' dir='ltr'><strong>consisto-</strong></span> 
     </span>
     <span class='ocr_line' id='line_1_6' title="bbox 330 378 1065 422; baseline 0.001 -12"><span class='ocrx_word' id='word_1_21' title='bbox 330 378 464 417; x_wconf 85' lang='lat' dir='ltr'><strong>rialiter,</strong></span> <span class='ocrx_word' id='word_1_22' title='bbox 491 383 521 411; x_wconf 83' lang='lat' dir='ltr'><strong>ct</strong></span> <span class='ocrx_word' id='word_1_23' title='bbox 547 379 625 412; x_wconf 72' lang='lat' dir='ltr'><strong>alias</strong></span> <span class='ocrx_word' id='word_1_24' title='bbox 650 380 899 422; x_wconf 74' lang='lat' dir='ltr'><strong>quomodolibet</strong></span> <span class='ocrx_word' id='word_1_25' title='bbox 932 380 963 412; x_wconf 92' lang='lat' dir='ltr'><strong>in</strong></span> <span class='ocrx_word' id='word_1_26' title='bbox 992 390 1065 411; x_wconf 78' lang='lat' dir='ltr'><strong>ron-</strong></span> 
     </span>
     <span class='ocr_line' id='line_1_7' title="bbox 328 431 1065 475; baseline 0.001 -12"><span class='ocrx_word' id='word_1_27' title='bbox 328 431 461 464; x_wconf 82' lang='lat' dir='ltr'><strong>trarium</strong></span> <span class='ocrx_word' id='word_1_28' title='bbox 487 432 739 475; x_wconf 79' lang='lat' dir='ltr'><strong>praemissorum</strong></span> <span class='ocrx_word' id='word_1_29' title='bbox 759 433 933 472; x_wconf 82' lang='lat' dir='ltr'><strong>concessis,</strong></span> <span class='ocrx_word' id='word_1_30' title='bbox 952 432 1065 465; x_wconf 78' lang='lat' dir='ltr'><strong>confir-</strong></span> 
     </span>
     <span class='ocr_line' id='line_1_8' title="bbox 327 485 1065 528; baseline 0.001 -12"><span class='ocrx_word' id='word_1_31' title='bbox 327 485 420 517; x_wconf 89' lang='lat' dir='ltr'><strong>matis</strong></span> <span class='ocrx_word' id='word_1_32' title='bbox 447 490 479 517; x_wconf 84' lang='lat' dir='ltr'><strong>et</strong></span> <span class='ocrx_word' id='word_1_33' title='bbox 503 486 624 528; x_wconf 74' lang='lat' dir='ltr'><strong>pluries</strong></span> <span class='ocrx_word' id='word_1_34' title='bbox 648 486 829 525; x_wconf 80' lang='lat' dir='ltr'><strong>innovatis;</strong></span> <span class='ocrx_word' id='word_1_35' title='bbox 855 486 970 528; x_wconf 84' lang='lat' dir='ltr'><strong>quihus</strong></span> <span class='ocrx_word' id='word_1_36' title='bbox 997 496 1065 518; x_wconf 87' lang='lat' dir='ltr'><strong>om-</strong></span> 
     </span>
     <span class='ocr_line' id='line_1_9' title="bbox 329 537 1063 581; baseline 0.001 -12"><span class='ocrx_word' id='word_1_37' title='bbox 329 537 423 569; x_wconf 80' lang='lat' dir='ltr'><strong>nihus</strong></span> <span class='ocrx_word' id='word_1_38' title='bbox 451 543 482 569; x_wconf 86' lang='lat' dir='ltr'><strong>et</strong></span> <span class='ocrx_word' id='word_1_39' title='bbox 507 538 667 580; x_wconf 67' lang='lat' dir='ltr'><strong>singulis,</strong></span> <span class='ocrx_word' id='word_1_40' title='bbox 701 539 823 571; x_wconf 77' lang='lat' dir='ltr'><strong>etiamsi</strong></span> <span class='ocrx_word' id='word_1_41' title='bbox 850 547 907 581; x_wconf 90' lang='lat' dir='ltr'><strong>pro</strong></span> <span class='ocrx_word' id='word_1_42' title='bbox 934 538 1063 570; x_wconf 86' lang='lat' dir='ltr'><strong>illorum</strong></span> 
     </span>
     <span class='ocr_line' id='line_1_10' title="bbox 331 591 1062 634; baseline 0 -11"><span class='ocrx_word' id='word_1_43' title='bbox 331 591 499 623; x_wconf 78' lang='lat' dir='ltr'><strong>sufficienti</strong></span> <span class='ocrx_word' id='word_1_44' title='bbox 520 592 728 634; x_wconf 68' lang='lat' dir='ltr'><strong>derogatione</strong></span> <span class='ocrx_word' id='word_1_45' title='bbox 747 593 786 624; x_wconf 89' lang='lat' dir='ltr'><strong>de</strong></span> <span class='ocrx_word' id='word_1_46' title='bbox 805 591 867 624; x_wconf 89' lang='lat' dir='ltr'><strong>illis</strong></span> <span class='ocrx_word' id='word_1_47' title='bbox 886 602 1062 634; x_wconf 77' lang='lat' dir='ltr'><strong>corumque</strong></span> 
     </span>
     <span class='ocr_line' id='line_1_11' title="bbox 329 642 1064 687; baseline 0.001 -13"><span class='ocrx_word' id='word_1_48' title='bbox 329 643 406 675; x_wconf 87' lang='lat' dir='ltr'><strong>totis</strong></span> <span class='ocrx_word' id='word_1_49' title='bbox 433 644 601 676; x_wconf 75' lang='lat' dir='ltr'><strong>tenoribus</strong></span> <span class='ocrx_word' id='word_1_50' title='bbox 626 644 789 687; x_wconf 81' lang='lat' dir='ltr'><strong>specialis,</strong></span> <span class='ocrx_word' id='word_1_51' title='bbox 816 642 984 686; x_wconf 73' lang='lat' dir='ltr'><strong>specifica,</strong></span> <span class='ocrx_word' id='word_1_52' title='bbox 1013 655 1064 675; x_wconf 82' lang='lat' dir='ltr'><strong>cx-</strong></span> 
     </span>
     <span class='ocr_line' id='line_1_12' title="bbox 328 697 1064 739; baseline 0.004 -12"><span class='ocrx_word' id='word_1_53' title='bbox 328 706 440 739; x_wconf 79' lang='lat' dir='ltr'><strong>prcssa</strong></span> <span class='ocrx_word' id='word_1_54' title='bbox 478 703 509 729; x_wconf 85' lang='lat' dir='ltr'><strong>ct</strong></span> <span class='ocrx_word' id='word_1_55' title='bbox 546 697 727 736; x_wconf 79' lang='lat' dir='ltr'><strong>individua,</strong></span> <span class='ocrx_word' id='word_1_56' title='bbox 766 708 803 729; x_wconf 87' lang='lat' dir='ltr'><strong>ac</strong></span> <span class='ocrx_word' id='word_1_57' title='bbox 837 697 874 729; x_wconf 84' lang='lat' dir='ltr'><strong>dc</strong></span> <span class='ocrx_word' id='word_1_58' title='bbox 901 698 999 730; x_wconf 64' lang='lat' dir='ltr'><strong>verbo</strong></span> <span class='ocrx_word' id='word_1_59' title='bbox 1025 698 1064 730; x_wconf 84' lang='lat' dir='ltr'><strong>ad</strong></span> 
     </span>
     <span class='ocr_line' id='line_1_13' title="bbox 328 748 1064 792; baseline 0.003 -12"><span class='ocrx_word' id='word_1_60' title='bbox 328 748 472 789; x_wconf 81' lang='lat' dir='ltr'><strong>verbum,</strong></span> <span class='ocrx_word' id='word_1_61' title='bbox 498 760 562 782; x_wconf 89' lang='lat' dir='ltr'><strong>non</strong></span> <span class='ocrx_word' id='word_1_62' title='bbox 588 755 695 782; x_wconf 85' lang='lat' dir='ltr'><strong>autem</strong></span> <span class='ocrx_word' id='word_1_63' title='bbox 714 760 771 792; x_wconf 88' lang='lat' dir='ltr'><strong>per</strong></span> <span class='ocrx_word' id='word_1_64' title='bbox 790 750 948 782; x_wconf 69' lang='lat' dir='ltr'><strong>clausulas</strong></span> <span class='ocrx_word' id='word_1_65' title='bbox 974 760 1064 791; x_wconf 72' lang='lat' dir='ltr'><strong>‹gene-</strong></span> 
     </span>
     <span class='ocr_line' id='line_1_14' title="bbox 328 802 1065 845; baseline 0.003 -12"><span class='ocrx_word' id='word_1_66' title='bbox 328 802 412 834; x_wconf 80' lang='lat' dir='ltr'><strong>rales</strong></span> <span class='ocrx_word' id='word_1_67' title='bbox 428 802 512 834; x_wconf 86' lang='lat' dir='ltr'><strong>idem</strong></span> <span class='ocrx_word' id='word_1_68' title='bbox 527 802 749 844; x_wconf 62' lang='lat' dir='ltr'><strong>importamus,</strong></span> <span class='ocrx_word' id='word_1_69' title='bbox 766 802 887 835; x_wconf 88' lang='lat' dir='ltr'><strong>mentio</strong></span> <span class='ocrx_word' id='word_1_70' title='bbox 902 814 957 834; x_wconf 83' lang='lat' dir='ltr'><strong>seu</strong></span> <span class='ocrx_word' id='word_1_71' title='bbox 973 814 1065 845; x_wconf 78' lang='lat' dir='ltr'><strong>quae-</strong></span> 
     </span>
     <span class='ocr_line' id='line_1_15' title="bbox 328 854 1065 898; baseline 0.003 -13"><span class='ocrx_word' id='word_1_72' title='bbox 328 854 374 885; x_wconf 80' lang='lat' dir='ltr'><strong>vis</strong></span> <span class='ocrx_word' id='word_1_73' title='bbox 399 854 462 886; x_wconf 83' lang='lat' dir='ltr'><strong>alia</strong></span> <span class='ocrx_word' id='word_1_74' title='bbox 495 854 658 897; x_wconf 71' lang='lat' dir='ltr'>expressio</span> <span class='ocrx_word' id='word_1_75' title='bbox 691 855 840 887; x_wconf 81' lang='lat' dir='ltr'><strong>habenda</strong></span> <span class='ocrx_word' id='word_1_76' title='bbox 874 861 927 887; x_wconf 88' lang='lat' dir='ltr'><strong>aut</strong></span> <span class='ocrx_word' id='word_1_77' title='bbox 960 856 1065 898; x_wconf 78' lang='lat' dir='ltr'><strong>aliqua</strong></span> 
     </span>
     <span class='ocr_line' id='line_1_16' title="bbox 328 906 1065 950; baseline 0.004 -12"><span class='ocrx_word' id='word_1_78' title='bbox 328 906 389 939; x_wconf 81' lang='lat' dir='ltr'><strong>alia</strong></span> <span class='ocrx_word' id='word_1_79' title='bbox 414 906 570 950; x_wconf 79' lang='lat' dir='ltr'><strong>exquisita</strong></span> <span class='ocrx_word' id='word_1_80' title='bbox 595 907 693 940; x_wconf 78' lang='lat' dir='ltr'><strong>forma</strong></span> <span class='ocrx_word' id='word_1_81' title='bbox 711 908 748 940; x_wconf 87' lang='lat' dir='ltr'><strong>ad</strong></span> <span class='ocrx_word' id='word_1_82' title='bbox 767 908 829 940; x_wconf 80' lang='lat' dir='ltr'><strong>hoc</strong></span> <span class='ocrx_word' id='word_1_83' title='bbox 850 909 1006 941; x_wconf 81' lang='lat' dir='ltr'><strong>servanda</strong></span> <span class='ocrx_word' id='word_1_84' title='bbox 1024 909 1065 941; x_wconf 82' lang='lat' dir='ltr'><strong>so-</strong></span> 
     </span>
     <span class='ocr_line' id='line_1_17' title="bbox 326 960 1063 1004; baseline 0.004 -13"><span class='ocrx_word' id='word_1_85' title='bbox 326 964 387 998; x_wconf 87' lang='lat' dir='ltr'><strong>ret,</strong></span> <span class='ocrx_word' id='word_1_86' title='bbox 414 963 543 993; x_wconf 77' lang='lat' dir='ltr'>tenores</span> <span class='ocrx_word' id='word_1_87' title='bbox 558 960 743 993; x_wconf 84' lang='lat' dir='ltr'><strong>huiusmodi</strong></span> <span class='ocrx_word' id='word_1_88' title='bbox 759 961 987 1004; x_wconf 80' lang='lat' dir='ltr'><strong>praesentibus</strong></span> <span class='ocrx_word' id='word_1_89' title='bbox 1006 972 1063 1004; x_wconf 87' lang='lat' dir='ltr'><strong>pro</strong></span> 
     </span>
     <span class='ocr_line' id='line_1_18' title="bbox 327 1012 1066 1056; baseline 0.003 -12"><span class='ocrx_word' id='word_1_90' title='bbox 327 1012 422 1054; x_wconf 74' lang='lat' dir='ltr'><strong>plene</strong></span> <span class='ocrx_word' id='word_1_91' title='bbox 449 1017 481 1044; x_wconf 79' lang='lat' dir='ltr'><strong>et</strong></span> <span class='ocrx_word' id='word_1_92' title='bbox 505 1012 700 1045; x_wconf 77' lang='lat' dir='ltr'><strong>sufficienter</strong></span> <span class='ocrx_word' id='word_1_93' title='bbox 720 1014 881 1056; x_wconf 70' lang='lat' dir='ltr'><strong>expressis</strong></span> <span class='ocrx_word' id='word_1_94' title='bbox 909 1019 939 1047; x_wconf 83' lang='lat' dir='ltr'><strong>et</strong></span> <span class='ocrx_word' id='word_1_95' title='bbox 964 1014 1066 1047; x_wconf 82' lang='lat' dir='ltr'><strong>inser-</strong></span> 
     </span>
     <span class='ocr_line' id='line_1_19' title="bbox 329 1064 1064 1105; baseline 0.005 -10"><span class='ocrx_word' id='word_1_96' title='bbox 329 1064 368 1096; x_wconf 87' lang='lat' dir='ltr'><strong>tis</strong></span> <span class='ocrx_word' id='word_1_97' title='bbox 395 1065 570 1105; x_wconf 76' lang='lat' dir='ltr'><strong>habentes,</strong></span> <span class='ocrx_word' id='word_1_98' title='bbox 606 1066 668 1098; x_wconf 87' lang='lat' dir='ltr'><strong>illis</strong></span> <span class='ocrx_word' id='word_1_99' title='bbox 702 1067 779 1099; x_wconf 73' lang='lat' dir='ltr'><strong>alias</strong></span> <span class='ocrx_word' id='word_1_100' title='bbox 804 1067 836 1099; x_wconf 91' lang='lat' dir='ltr'><strong>in</strong></span> <span class='ocrx_word' id='word_1_101' title='bbox 863 1078 920 1099; x_wconf 87' lang='lat' dir='ltr'><strong>suo</strong></span> <span class='ocrx_word' id='word_1_102' title='bbox 947 1068 1064 1100; x_wconf 84' lang='lat' dir='ltr'><strong>rohore</strong></span> 
     </span>
     <span class='ocr_line' id='line_1_20' title="bbox 327 1118 1064 1161; baseline 0.004 -12"><span class='ocrx_word' id='word_1_103' title='bbox 327 1118 559 1160; x_wconf 74' lang='lat' dir='ltr'><strong>permansuris,</strong></span> <span class='ocrx_word' id='word_1_104' title='bbox 578 1119 616 1151; x_wconf 83' lang='lat' dir='ltr'><strong>ad</strong></span> <span class='ocrx_word' id='word_1_105' title='bbox 637 1119 890 1161; x_wconf 83' lang='lat' dir='ltr'><strong>praemissoriun</strong></span> <span class='ocrx_word' id='word_1_106' title='bbox 905 1120 1064 1160; x_wconf 72' lang='lat' dir='ltr'><strong>effectum,</strong></span> 
     </span>
     <span class='ocr_line' id='line_1_21' title="bbox 329 1170 1066 1215; baseline 0.004 -13"><span class='ocrx_word' id='word_1_107' title='bbox 329 1170 389 1202; x_wconf 88' lang='lat' dir='ltr'><strong>hac</strong></span> <span class='ocrx_word' id='word_1_108' title='bbox 422 1171 490 1204; x_wconf 80' lang='lat' dir='ltr'><strong>vice</strong></span> <span class='ocrx_word' id='word_1_109' title='bbox 527 1171 710 1211; x_wconf 78' lang='lat' dir='ltr'>dumtaxat,</span> <span class='ocrx_word' id='word_1_110' title='bbox 738 1173 924 1215; x_wconf 55' lang='lat' dir='ltr'><strong>specialiter</strong></span> <span class='ocrx_word' id='word_1_111' title='bbox 953 1178 985 1205; x_wconf 84' lang='lat' dir='ltr'><strong>et</strong></span> <span class='ocrx_word' id='word_1_112' title='bbox 1014 1184 1066 1205; x_wconf 75' lang='lat' dir='ltr'><strong>cx—</strong></span> 
     </span>
     <span class='ocr_line' id='line_1_22' title="bbox 327 1224 1063 1268; baseline 0.004 -13"><span class='ocrx_word' id='word_1_113' title='bbox 327 1234 438 1267; x_wconf 84' lang='lat' dir='ltr'><strong>presse</strong></span> <span class='ocrx_word' id='word_1_114' title='bbox 464 1224 673 1267; x_wconf 71' lang='lat' dir='ltr'><strong>derogamus&#39;;</strong></span> <span class='ocrx_word' id='word_1_115' title='bbox 693 1226 875 1268; x_wconf 78' lang='lat' dir='ltr'><strong>ceterisque</strong></span> <span class='ocrx_word' id='word_1_116' title='bbox 896 1226 1063 1258; x_wconf 73' lang='lat' dir='ltr'><strong>contrariis</strong></span> 
     </span>
     <span class='ocr_line' id='line_1_23' title="bbox 328 1277 596 1320; baseline 0.011 -14"><span class='ocrx_word' id='word_1_117' title='bbox 328 1277 596 1320; x_wconf 79' lang='lat' dir='ltr'><strong>quibuscumque.</strong></span> 
     </span>
    </p>

    <p class='ocr_par' dir='ltr' id='par_1_5' title="bbox 324 1330 1065 1479">
     <span class='ocr_line' id='line_1_24' title="bbox 371 1330 1065 1374; baseline 0.006 -13"><span class='ocrx_word' id='word_1_118' title='bbox 371 1330 484 1362; x_wconf 82' lang='lat' dir='ltr'><strong>Datum</strong></span> <span class='ocrx_word' id='word_1_119' title='bbox 511 1330 640 1370; x_wconf 82' lang='lat' dir='ltr'><strong>Romae,</strong></span> <span class='ocrx_word' id='word_1_120' title='bbox 657 1331 743 1374; x_wconf 85' lang='lat' dir='ltr'><strong>apud</strong></span> <span class='ocrx_word' id='word_1_121' title='bbox 768 1331 796 1364; x_wconf 74' lang='lat' dir='ltr'><strong>S⁴</strong></span> <span class='ocrx_word' id='word_1_122' title='bbox 814 1332 945 1365; x_wconf 77' lang='lat' dir='ltr'><strong>Mariam</strong></span> <span class='ocrx_word' id='word_1_123' title='bbox 968 1333 1065 1366; x_wconf 82' lang='lat' dir='ltr'><strong>Maio-</strong></span> 
     </span>
     <span class='ocr_line' id='line_1_25' title="bbox 327 1383 1063 1424; baseline 0.007 -10"><span class='ocrx_word' id='word_1_124' title='bbox 327 1393 406 1423; x_wconf 74' lang='lat' dir='ltr'><strong>rem,</strong></span> <span class='ocrx_word' id='word_1_125' title='bbox 429 1383 488 1415; x_wconf 89' lang='lat' dir='ltr'><strong>suh</strong></span> <span class='ocrx_word' id='word_1_126' title='bbox 510 1385 631 1416; x_wconf 88' lang='lat' dir='ltr'><strong>annulo</strong></span> <span class='ocrx_word' id='word_1_127' title='bbox 660 1383 843 1424; x_wconf 78' lang='lat' dir='ltr'><strong>piscatoris,</strong></span> <span class='ocrx_word' id='word_1_128' title='bbox 874 1385 924 1418; x_wconf 89' lang='lat' dir='ltr'><strong>die</strong></span> <span class='ocrx_word' id='word_1_129' title='bbox 946 1396 953 1418; x_wconf 91' lang='lat'>1</span> <span class='ocrx_word' id='word_1_130' title='bbox 982 1385 1063 1419; x_wconf 89' lang='lat' dir='ltr'><strong>iunii</strong></span> 
     </span>
     <span class='ocr_line' id='line_1_26' title="bbox 324 1435 1008 1479; baseline 0.004 -11"><span class='ocrx_word' id='word_1_131' title='bbox 324 1444 470 1474; x_wconf 76' lang='lat' dir='ltr'>MDCLXIx‚</span> <span class='ocrx_word' id='word_1_132' title='bbox 497 1435 706 1479; x_wconf 76' lang='lat' dir='ltr'><strong>pontificatus</strong></span> <span class='ocrx_word' id='word_1_133' title='bbox 732 1437 835 1470; x_wconf 88' lang='lat' dir='ltr'><strong>nostri</strong></span> <span class='ocrx_word' id='word_1_134' title='bbox 862 1448 947 1470; x_wconf 84' lang='lat' dir='ltr'><strong>anno</strong></span> <span class='ocrx_word' id='word_1_135' title='bbox 974 1448 1008 1471; x_wconf 88' lang='lat'><strong>11.</strong></span> 
     </span>
    </p>

    <p class='ocr_par' dir='ltr' id='par_1_6' title="bbox 360 1495 935 1533">
     <span class='ocr_line' id='line_1_27' title="bbox 360 1495 935 1533; baseline 0.003 -11"><span class='ocrx_word' id='word_1_136' title='bbox 360 1495 419 1522; x_wconf 81' lang='lat' dir='ltr'><strong>Dat.</strong></span> <span class='ocrx_word' id='word_1_137' title='bbox 437 1496 480 1524; x_wconf 86' lang='lat' dir='ltr'><strong>die</strong></span> <span class='ocrx_word' id='word_1_138' title='bbox 499 1498 507 1523; x_wconf 84' lang='lat'>¹</span> <span class='ocrx_word' id='word_1_139' title='bbox 528 1497 595 1524; x_wconf 83' lang='lat' dir='ltr'><strong>iunii</strong></span> <span class='ocrx_word' id='word_1_140' title='bbox 614 1497 691 1532; x_wconf 77' lang='lat'><strong>1669,</strong></span> <span class='ocrx_word' id='word_1_141' title='bbox 708 1498 806 1533; x_wconf 79' lang='lat' dir='ltr'><strong>pontif.</strong></span> <span class='ocrx_word' id='word_1_142' title='bbox 826 1506 935 1526; x_wconf 86' lang='lat' dir='ltr'><strong>annon.</strong></span> 
     </span>
    </p>
   </div>
   <div class='ocr_carea' id='block_1_5' title="bbox 668 1640 728 1672">
    <p class='ocr_par' dir='ltr' id='par_1_7' title="bbox 668 1640 728 1672">
     <span class='ocr_line' id='line_1_28' title="bbox 668 1640 728 1672; baseline 0 0"><span class='ocrx_word' id='word_1_143' title='bbox 668 1640 728 1672; x_wconf 84' lang='lat' dir='ltr'><strong>CX.</strong></span> 
     </span>
    </p>
   </div>
   <div class='ocr_carea' id='block_1_6' title="bbox 325 1717 1065 2025">
    <p class='ocr_par' dir='ltr' id='par_1_8' title="bbox 325 1717 1065 2025">
     <span class='ocr_line' id='line_1_29' title="bbox 325 1717 1065 1763; baseline 0.007 -12"><span class='ocrx_word' id='word_1_144' title='bbox 325 1717 510 1752; x_wconf 62' lang='lat' dir='ltr'><strong>Det-tarano</strong></span> <span class='ocrx_word' id='word_1_145' title='bbox 535 1719 700 1753; x_wconf 76' lang='lat' dir='ltr'><strong>nullitatis</strong></span> <span class='ocrx_word' id='word_1_146' title='bbox 714 1722 995 1763; x_wconf 71' lang='lat' dir='ltr'><strong>capitulationum,</strong></span> <span class='ocrx_word' id='word_1_147' title='bbox 1019 1733 1065 1756; x_wconf 80' lang='lat' dir='ltr'><strong>se-</strong></span> 
     </span>
     <span class='ocr_line' id='line_1_30' title="bbox 371 1771 1065 1817; baseline 0.006 -13"><span class='ocrx_word' id='word_1_148' title='bbox 371 1771 409 1804; x_wconf 81' lang='lat' dir='ltr'><strong>de</strong></span> <span class='ocrx_word' id='word_1_149' title='bbox 422 1773 688 1815; x_wconf 73' lang='lat' dir='ltr'><strong>archiepiscopali</strong></span> <span class='ocrx_word' id='word_1_150' title='bbox 702 1773 942 1817; x_wconf 69' lang='lat' dir='ltr'><strong>Salisburqensi&#39;</strong></span> <span class='ocrx_word' id='word_1_151' title='bbox 953 1786 1065 1808; x_wconf 79' lang='lat' dir='ltr'><strong>vacan-</strong></span> 
     </span>
     <span class='ocr_line' id='line_1_31' title="bbox 373 1826 1065 1868; baseline 0.007 -12"><span class='ocrx_word' id='word_1_152' title='bbox 373 1828 410 1864; x_wconf 84' lang='lat' dir='ltr'><strong>te,</strong></span> <span class='ocrx_word' id='word_1_153' title='bbox 438 1835 458 1857; x_wconf 80' lang='lat' dir='ltr'><strong>a</strong></span> <span class='ocrx_word' id='word_1_154' title='bbox 483 1826 722 1868; x_wconf 77' lang='lat' dir='ltr'><strong>capitularibus</strong></span> <span class='ocrx_word' id='word_1_155' title='bbox 747 1827 850 1860; x_wconf 78' lang='lat' dir='ltr'><strong>dictae</strong></span> <span class='ocrx_word' id='word_1_156' title='bbox 870 1829 1065 1862; x_wconf 75' lang='lat' dir='ltr'><strong>ecclesiaei&#39;n</strong></span> 
     </span>
     <span class='ocr_line' id='line_1_32' title="bbox 370 1877 1065 1924; baseline 0.009 -16"><span class='ocrx_word' id='word_1_157' title='bbox 370 1877 609 1919; x_wconf 71' lang='lat' dir='ltr'><strong>praeiudicium</strong></span> <span class='ocrx_word' id='word_1_158' title='bbox 627 1879 866 1913; x_wconf 64' lang='lat' dir='ltr'><strong>iurisdictionis</strong></span> <span class='ocrx_word' id='word_1_159' title='bbox 890 1881 1065 1924; x_wconf 70' lang='lat' dir='ltr'><strong>archiepis-</strong></span> 
     </span>
     <span class='ocr_line' id='line_1_33' title="bbox 371 1930 1065 1977; baseline 0.007 -16"><span class='ocrx_word' id='word_1_160' title='bbox 371 1930 493 1972; x_wconf 75' lang='lat' dir='ltr'><strong>copalis</strong></span> <span class='ocrx_word' id='word_1_161' title='bbox 517 1935 546 1963; x_wconf 85' lang='lat' dir='ltr'><strong>et</strong></span> <span class='ocrx_word' id='word_1_162' title='bbox 570 1933 772 1964; x_wconf 72' lang='lat' dir='ltr'><strong>auctoritatis</strong></span> <span class='ocrx_word' id='word_1_163' title='bbox 796 1933 885 1965; x_wconf 70' lang='lat' dir='ltr'><strong>Sedis</strong></span> <span class='ocrx_word' id='word_1_164' title='bbox 902 1934 1065 1977; x_wconf 69' lang='lat' dir='ltr'><strong>Apostoll-</strong></span> 
     </span>
     <span class='ocr_line' id='line_1_34' title="bbox 372 1982 641 2025; baseline 0.004 -10"><span class='ocrx_word' id='word_1_165' title='bbox 372 1992 426 2015; x_wconf 84' lang='lat' dir='ltr'><strong>cae</strong></span> <span class='ocrx_word' id='word_1_166' title='bbox 449 1982 641 2025; x_wconf 44' lang='lat' dir='ltr'><strong>factarum&amp;</strong></span> 
     </span>
    </p>
   </div>
   <div class='ocr_carea' id='block_1_7' title="bbox 449 2064 948 2138">
    <p class='ocr_par' dir='ltr' id='par_1_9' title="bbox 449 2064 948 2138">
     <span class='ocr_line' id='line_1_35' title="bbox 541 2064 853 2099; baseline 0.01 -9"><span class='ocrx_word' id='word_1_167' title='bbox 541 2064 674 2091; x_wconf 79' lang='lat' dir='ltr'><strong>Clemens</strong></span> <span class='ocrx_word' id='word_1_168' title='bbox 699 2065 779 2099; x_wconf 83' lang='lat' dir='ltr'><strong>Papa</strong></span> <span class='ocrx_word' id='word_1_169' title='bbox 806 2066 853 2096; x_wconf 73' lang='lat' dir='ltr'><strong>IX,</strong></span> 
     </span>
     <span class='ocr_line' id='line_1_36' title="bbox 449 2105 948 2138; baseline 0.006 -7"><span class='ocrx_word' id='word_1_170' title='bbox 449 2105 486 2131; x_wconf 85' lang='lat' dir='ltr'><strong>ad</strong></span> <span class='ocrx_word' id='word_1_171' title='bbox 506 2109 682 2138; x_wconf 71' lang='lat' dir='ltr'><strong>perpetuam</strong></span> <span class='ocrx_word' id='word_1_172' title='bbox 702 2107 746 2132; x_wconf 86' lang='lat' dir='ltr'><strong>rei</strong></span> <span class='ocrx_word' id='word_1_173' title='bbox 768 2107 948 2134; x_wconf 79' lang='lat' dir='ltr'><strong>memoriam.</strong></span> 
     </span>
    </p>
   </div>
   <div class='ocr_carea' id='block_1_8' title="bbox 328 2175 1069 2692">
    <p class='ocr_par' dir='ltr' id='par_1_10' title="bbox 328 2175 1069 2590">
     <span class='ocr_line' id='line_1_37' title="bbox 372 2175 1066 2221; baseline 0.007 -15"><span class='ocrx_word' id='word_1_174' title='bbox 372 2175 386 2218; x_wconf 65' lang='grc' dir='ltr'><strong>ἓ</strong></span> <span class='ocrx_word' id='word_1_175' title='bbox 412 2175 442 2207; x_wconf 83' lang='grc'><strong>1.</strong></span> <span class='ocrx_word' id='word_1_176' title='bbox 470 2175 546 2207; x_wconf 91' lang='lat' dir='ltr'><strong>Cum</strong></span> <span class='ocrx_word' id='word_1_177' title='bbox 572 2175 669 2217; x_wconf 88' lang='lat' dir='ltr'><strong>(sicut</strong></span> <span class='ocrx_word' id='word_1_178' title='bbox 694 2177 787 2209; x_wconf 81' lang='lat' dir='ltr'><strong>nohis</strong></span> <span class='ocrx_word' id='word_1_179' title='bbox 805 2177 961 2221; x_wconf 88' lang='lat' dir='ltr'><strong>innotuit)</strong></span> <span class='ocrx_word' id='word_1_180' title='bbox 988 2179 1066 2211; x_wconf 74' lang='lat' dir='ltr'><strong>alias</strong></span> 
     </span>
     <span class='ocr_line' id='line_1_38' title="bbox 329 2227 1066 2273; baseline 0.007 -14"><span class='ocrx_word' id='word_1_181' title='bbox 329 2227 466 2260; x_wconf 82' lang='lat' dir='ltr'><strong>ecclesia</strong></span> <span class='ocrx_word' id='word_1_182' title='bbox 479 2227 735 2270; x_wconf 77' lang='lat' dir='ltr'><strong>Salishurgensis</strong></span> <span class='ocrx_word' id='word_1_183' title='bbox 751 2240 810 2273; x_wconf 83' lang='lat' dir='ltr'><strong>per</strong></span> <span class='ocrx_word' id='word_1_184' title='bbox 823 2230 945 2263; x_wconf 87' lang='lat' dir='ltr'><strong>obitum</strong></span> <span class='ocrx_word' id='word_1_185' title='bbox 963 2232 1066 2264; x_wconf 77' lang='lat' dir='ltr'><strong>honae</strong></span> 
     </span>
     <span class='ocr_line' id='line_1_39' title="bbox 329 2280 1063 2318; baseline 0.008 -6"><span class='ocrx_word' id='word_1_186' title='bbox 329 2280 505 2313; x_wconf 73' lang='lat' dir='ltr'><strong>memoriae</strong></span> <span class='ocrx_word' id='word_1_187' title='bbox 530 2281 720 2315; x_wconf 80' lang='lat' dir='ltr'><strong>Guidobaldi</strong></span> <span class='ocrx_word' id='word_1_188' title='bbox 736 2283 810 2315; x_wconf 88' lang='lat' dir='ltr'><strong>dum</strong></span> <span class='ocrx_word' id='word_1_189' title='bbox 828 2284 904 2316; x_wconf 81' lang='lat' dir='ltr'><strong>vixit</strong></span> <span class='ocrx_word' id='word_1_190' title='bbox 925 2285 956 2318; x_wconf 84' lang='lat' dir='ltr'><strong>S.</strong></span> <span class='ocrx_word' id='word_1_191' title='bbox 977 2285 1013 2317; x_wconf 79' lang='lat' dir='ltr'><strong>R.</strong></span> <span class='ocrx_word' id='word_1_192' title='bbox 1030 2285 1063 2317; x_wconf 87' lang='lat' dir='ltr'><strong>E.</strong></span> 
     </span>
     <span class='ocr_line' id='line_1_40' title="bbox 329 2333 1067 2379; baseline 0.008 -14"><span class='ocrx_word' id='word_1_193' title='bbox 329 2333 503 2366; x_wconf 84' lang='lat' dir='ltr'><strong>cardinalis</strong></span> <span class='ocrx_word' id='word_1_194' title='bbox 528 2335 567 2367; x_wconf 89' lang='lat' dir='ltr'><strong>de</strong></span> <span class='ocrx_word' id='word_1_195' title='bbox 593 2335 685 2367; x_wconf 91' lang='lat' dir='ltr'><strong>Thun</strong></span> <span class='ocrx_word' id='word_1_196' title='bbox 709 2337 895 2379; x_wconf 85' lang='lat' dir='ltr'><strong>nuncupati,</strong></span> <span class='ocrx_word' id='word_1_197' title='bbox 923 2338 1067 2371; x_wconf 84' lang='lat' dir='ltr'><strong>eiusdem</strong></span> 
     </span>
     <span class='ocr_line' id='line_1_41' title="bbox 329 2386 1067 2434; baseline 0.008 -16"><span class='ocrx_word' id='word_1_198' title='bbox 329 2386 486 2419; x_wconf 85' lang='lat' dir='ltr'><strong>ecclesiae</strong></span> <span class='ocrx_word' id='word_1_199' title='bbox 519 2386 776 2429; x_wconf 72' lang='lat' dir='ltr'><strong>Salisburgensis</strong></span> <span class='ocrx_word' id='word_1_200' title='bbox 808 2390 1067 2434; x_wconf 77' lang='lat' dir='ltr'><strong>archiepiscopi,</strong></span> 
     </span>
     <span class='ocr_line' id='line_1_42' title="bbox 328 2440 1069 2486; baseline 0.008 -14"><span class='ocrx_word' id='word_1_201' title='bbox 328 2440 444 2473; x_wconf 84' lang='lat' dir='ltr'><strong>solatio</strong></span> <span class='ocrx_word' id='word_1_202' title='bbox 469 2440 622 2473; x_wconf 85' lang='lat' dir='ltr'><strong>destituta</strong></span> <span class='ocrx_word' id='word_1_203' title='bbox 647 2442 795 2484; x_wconf 86' lang='lat' dir='ltr'><strong>pastoris,</strong></span> <span class='ocrx_word' id='word_1_204' title='bbox 823 2444 1018 2486; x_wconf 77' lang='lat' dir='ltr'><strong>capitulares</strong></span> <span class='ocrx_word' id='word_1_205' title='bbox 1037 2455 1069 2477; x_wconf 87' lang='lat' dir='ltr'><strong>e-</strong></span> 
     </span>
     <span class='ocr_line' id='line_1_43' title="bbox 329 2491 1066 2537; baseline 0.005 -12"><span class='ocrx_word' id='word_1_206' title='bbox 329 2491 453 2525; x_wconf 86' lang='lat' dir='ltr'><strong>iusdem</strong></span> <span class='ocrx_word' id='word_1_207' title='bbox 493 2493 664 2531; x_wconf 80' lang='lat' dir='ltr'><strong>ecclesiae,</strong></span> <span class='ocrx_word' id='word_1_208' title='bbox 697 2505 919 2528; x_wconf 68' lang='lat' dir='ltr'><strong>successorem</strong></span> <span class='ocrx_word' id='word_1_209' title='bbox 955 2497 1066 2537; x_wconf 70' lang='lat' dir='ltr'><strong>vigore</strong></span> 
     </span>
     <span class='ocr_line' id='line_1_44' title="bbox 330 2544 1067 2590; baseline 0.008 -13"><span class='ocrx_word' id='word_1_210' title='bbox 330 2544 447 2578; x_wconf 84' lang='lat' dir='ltr'><strong>indulti</strong></span> <span class='ocrx_word' id='word_1_211' title='bbox 466 2546 511 2578; x_wconf 84' lang='lat' dir='ltr'><strong>eis</strong></span> <span class='ocrx_word' id='word_1_212' title='bbox 531 2557 630 2590; x_wconf 87' lang='lat' dir='ltr'><strong>super</strong></span> <span class='ocrx_word' id='word_1_213' title='bbox 648 2547 709 2580; x_wconf 89' lang='lat' dir='ltr'><strong>hoc</strong></span> <span class='ocrx_word' id='word_1_214' title='bbox 726 2548 763 2580; x_wconf 84' lang='lat' dir='ltr'><strong>ad</strong></span> <span class='ocrx_word' id='word_1_215' title='bbox 784 2548 843 2580; x_wconf 79' lang='lat' dir='ltr'><strong>hac</strong></span> <span class='ocrx_word' id='word_1_216' title='bbox 860 2551 967 2581; x_wconf 75' lang='lat' dir='ltr'><strong>sancta</strong></span> <span class='ocrx_word' id='word_1_217' title='bbox 986 2549 1067 2583; x_wconf 78' lang='lat' dir='ltr'><strong>Sede</strong></span> 
     </span>
    </p>

    <p class='ocr_par' dir='ltr' id='par_1_11' title="bbox 368 2607 811 2642">
     <span class='ocr_line' id='line_1_45' title="bbox 368 2607 811 2642; baseline 0.005 -9"><span class='ocrx_word' id='word_1_218' title='bbox 368 2609 376 2633; x_wconf 82' lang='lat'>1</span> <span class='ocrx_word' id='word_1_219' title='bbox 396 2607 433 2633; x_wconf 84' lang='lat' dir='ltr'><strong>Ex</strong></span> <span class='ocrx_word' id='word_1_220' title='bbox 450 2608 558 2642; x_wconf 73' lang='lat' dir='ltr'><strong>Regu-st.</strong></span> <span class='ocrx_word' id='word_1_221' title='bbox 577 2607 601 2633; x_wconf 89' lang='lat' dir='ltr'><strong>iu</strong></span> <span class='ocrx_word' id='word_1_222' title='bbox 618 2608 716 2634; x_wconf 66' lang='lat' dir='ltr'><strong>Svcrrt.</strong></span> <span class='ocrx_word' id='word_1_223' title='bbox 736 2608 811 2635; x_wconf 78' lang='lat' dir='ltr'><strong>Brev.</strong></span> 
     </span>
    </p>

    <p class='ocr_par' dir='ltr' id='par_1_12' title="bbox 421 2661 1033 2692">
     <span class='ocr_line' id='line_1_46' title="bbox 421 2661 1033 2692; baseline 0.01 -6"><span class='ocrx_word' id='word_1_224' title='bbox 421 2661 499 2690; x_wconf 80' lang='lat' dir='ltr'><strong>Bull.</strong></span> <span class='ocrx_word' id='word_1_225' title='bbox 521 2662 602 2687; x_wconf 74' lang='lat' dir='ltr'><strong>Rom.</strong></span> <span class='ocrx_word' id='word_1_226' title='bbox 636 2678 642 2679; x_wconf 31' lang='lat' dir='ltr'><em>ff</em></span> <span class='ocrx_word' id='word_1_227' title='bbox 676 2663 728 2687; x_wconf 62' lang='lat' dir='ltr'><strong>Vct.</strong></span> <span class='ocrx_word' id='word_1_228' title='bbox 747 2663 836 2689; x_wconf 70' lang='lat' dir='ltr'>XI&#39;H.</span> <span class='ocrx_word' id='word_1_229' title='bbox 983 2664 1033 2692; x_wconf 82' lang='lat'><strong>100</strong></span> 
     </span>
    </p>
   </div>
   <div class='ocr_carea' id='block_1_9' title="bbox 1085 2046 1092 2617">
    <p class='ocr_par' dir='ltr' id='par_1_13' title="bbox 1085 2046 1092 2617">
     <span class='ocr_line' id='line_1_47' title="bbox 1085 2046 1092 2617; baseline 0 0"><span class='ocrx_word' id='word_1_230' title='bbox 1085 2046 1092 2617; x_wconf 95' lang='lat' dir='ltr'><strong> </strong></span> 
     </span>
    </p>
   </div>
   <div class='ocr_carea' id='block_1_10' title="bbox 1750 218 1812 252">
    <p class='ocr_par' dir='ltr' id='par_1_14' title="bbox 1750 218 1812 252">
     <span class='ocr_line' id='line_1_48' title="bbox 1750 218 1812 252; baseline -0.016 0"><span class='ocrx_word' id='word_1_231' title='bbox 1750 218 1812 252; x_wconf 71' lang='lat'><strong>793</strong></span> 
     </span>
    </p>
   </div>
   <div class='ocr_carea' id='block_1_11' title="bbox 1106 274 1848 1057">
    <p class='ocr_par' dir='ltr' id='par_1_15' title="bbox 1106 274 1848 1057">
     <span class='ocr_line' id='line_1_49' title="bbox 1110 274 1848 319; baseline 0 -12"><span class='ocrx_word' id='word_1_232' title='bbox 1110 274 1260 307; x_wconf 85' lang='lat' dir='ltr'><strong>concessi</strong></span> <span class='ocrx_word' id='word_1_233' title='bbox 1285 275 1427 315; x_wconf 87' lang='lat' dir='ltr'><strong>electuri,</strong></span> <span class='ocrx_word' id='word_1_234' title='bbox 1449 276 1481 308; x_wconf 90' lang='lat' dir='ltr'><strong>in</strong></span> <span class='ocrx_word' id='word_1_235' title='bbox 1507 276 1658 319; x_wconf 83' lang='lat' dir='ltr'><strong>quasdam</strong></span> <span class='ocrx_word' id='word_1_236' title='bbox 1681 281 1716 309; x_wconf 90' lang='lat' dir='ltr'><strong>ut</strong></span> <span class='ocrx_word' id='word_1_237' title='bbox 1732 280 1848 308; x_wconf 85' lang='lat' dir='ltr'><strong>vocant</strong></span> 
     </span>
     <span class='ocr_line' id='line_1_50' title="bbox 1110 327 1845 372; baseline 0.004 -14"><span class='ocrx_word' id='word_1_238' title='bbox 1110 327 1358 370; x_wconf 74' lang='lat' dir='ltr'><strong>capitulationes</strong></span> <span class='ocrx_word' id='word_1_239' title='bbox 1383 328 1593 361; x_wconf 83' lang='lat' dir='ltr'><strong>convenerint</strong></span> <span class='ocrx_word' id='word_1_240' title='bbox 1624 339 1681 372; x_wconf 88' lang='lat' dir='ltr'><strong>per</strong></span> <span class='ocrx_word' id='word_1_241' title='bbox 1707 329 1845 361; x_wconf 73' lang='lat' dir='ltr'><strong>futurum</strong></span> 
     </span>
     <span class='ocr_line' id='line_1_51' title="bbox 1110 381 1848 424; baseline 0.003 -13"><span class='ocrx_word' id='word_1_242' title='bbox 1110 381 1261 419; x_wconf 79' lang='lat' dir='ltr'><strong>electum,</strong></span> <span class='ocrx_word' id='word_1_243' title='bbox 1289 381 1432 424; x_wconf 84' lang='lat' dir='ltr'><strong>quisquis</strong></span> <span class='ocrx_word' id='word_1_244' title='bbox 1459 382 1513 415; x_wconf 86' lang='lat' dir='ltr'><strong>illc</strong></span> <span class='ocrx_word' id='word_1_245' title='bbox 1540 382 1642 421; x_wconf 84' lang='lat' dir='ltr'><strong>soret,</strong></span> <span class='ocrx_word' id='word_1_246' title='bbox 1674 382 1848 414; x_wconf 79' lang='lat' dir='ltr'><strong>observan-</strong></span> 
     </span>
     <span class='ocr_line' id='line_1_52' title="bbox 1109 433 1847 477; baseline 0.003 -13"><span class='ocrx_word' id='word_1_247' title='bbox 1109 433 1174 468; x_wconf 75' lang='lat' dir='ltr'><strong>das,</strong></span> <span class='ocrx_word' id='word_1_248' title='bbox 1202 435 1345 466; x_wconf 78' lang='lat' dir='ltr'><strong>volentes</strong></span> <span class='ocrx_word' id='word_1_249' title='bbox 1370 435 1519 467; x_wconf 80' lang='lat' dir='ltr'><strong>eumdem</strong></span> <span class='ocrx_word' id='word_1_250' title='bbox 1545 436 1680 467; x_wconf 86' lang='lat' dir='ltr'><strong>electum</strong></span> <span class='ocrx_word' id='word_1_251' title='bbox 1699 435 1737 467; x_wconf 86' lang='lat' dir='ltr'><strong>ad</strong></span> <span class='ocrx_word' id='word_1_252' title='bbox 1756 444 1847 477; x_wconf 83' lang='lat' dir='ltr'><strong>prae-</strong></span> 
     </span>
     <span class='ocr_line' id='line_1_53' title="bbox 1109 486 1847 530; baseline 0.004 -15"><span class='ocrx_word' id='word_1_253' title='bbox 1109 486 1256 517; x_wconf 86' lang='lat' dir='ltr'><strong>standum</strong></span> <span class='ocrx_word' id='word_1_254' title='bbox 1282 486 1498 519; x_wconf 55' lang='lat' dir='ltr'><strong>iuramentum</strong></span> <span class='ocrx_word' id='word_1_255' title='bbox 1524 488 1562 519; x_wconf 90' lang='lat' dir='ltr'><strong>de</strong></span> <span class='ocrx_word' id='word_1_256' title='bbox 1587 487 1745 519; x_wconf 87' lang='lat' dir='ltr'><strong>eiusmodi</strong></span> <span class='ocrx_word' id='word_1_257' title='bbox 1767 487 1847 530; x_wconf 83' lang='lat' dir='ltr'><strong>capi-</strong></span> 
     </span>
     <span class='ocr_line' id='line_1_54' title="bbox 1109 538 1845 581; baseline 0.004 -12"><span class='ocrx_word' id='word_1_258' title='bbox 1109 538 1318 570; x_wconf 87' lang='lat' dir='ltr'><strong>tulationibus</strong></span> <span class='ocrx_word' id='word_1_259' title='bbox 1341 540 1550 572; x_wconf 82' lang='lat' dir='ltr'><strong>observandis</strong></span> <span class='ocrx_word' id='word_1_260' title='bbox 1569 541 1747 581; x_wconf 68' lang='lat' dir='ltr'><strong>obligatum</strong></span> <span class='ocrx_word' id='word_1_261' title='bbox 1766 550 1845 579; x_wconf 79' lang='lat' dir='ltr'><strong>esse,</strong></span> 
     </span>
     <span class='ocr_line' id='line_1_55' title="bbox 1108 592 1846 632; baseline 0.005 -11"><span class='ocrx_word' id='word_1_262' title='bbox 1108 595 1203 632; x_wconf 84' lang='lat' dir='ltr'><strong>prout</strong></span> <span class='ocrx_word' id='word_1_263' title='bbox 1217 592 1434 624; x_wconf 80' lang='lat' dir='ltr'><strong>venerabilem</strong></span> <span class='ocrx_word' id='word_1_264' title='bbox 1450 593 1580 625; x_wconf 74' lang='lat' dir='ltr'><strong>fratrem</strong></span> <span class='ocrx_word' id='word_1_265' title='bbox 1600 593 1846 625; x_wconf 71' lang='lat' dir='ltr'><strong>lllaximilianum</strong></span> 
     </span>
     <span class='ocr_line' id='line_1_56' title="bbox 1107 642 1846 687; baseline 0.004 -14"><span class='ocrx_word' id='word_1_266' title='bbox 1107 642 1334 685; x_wconf 83' lang='lat' dir='ltr'><strong>Gandolphum</strong></span> <span class='ocrx_word' id='word_1_267' title='bbox 1370 644 1650 687; x_wconf 68' lang='lat' dir='ltr'><strong>archiepiscopum</strong></span> <span class='ocrx_word' id='word_1_268' title='bbox 1687 644 1846 677; x_wconf 81' lang='lat' dir='ltr'><strong>Salishur-</strong></span> 
     </span>
     <span class='ocr_line' id='line_1_57' title="bbox 1108 695 1845 736; baseline 0.005 -11"><span class='ocrx_word' id='word_1_269' title='bbox 1108 705 1242 736; x_wconf 75' lang='lat' dir='ltr'><strong>gensem</strong></span> <span class='ocrx_word' id='word_1_270' title='bbox 1268 695 1486 728; x_wconf 82' lang='lat' dir='ltr'><strong>iuramentum</strong></span> <span class='ocrx_word' id='word_1_271' title='bbox 1505 697 1688 729; x_wconf 87' lang='lat' dir='ltr'><strong>huiusmodi</strong></span> <span class='ocrx_word' id='word_1_272' title='bbox 1707 697 1744 728; x_wconf 88' lang='lat' dir='ltr'><strong>de</strong></span> <span class='ocrx_word' id='word_1_273' title='bbox 1763 697 1845 729; x_wconf 83' lang='lat' dir='ltr'><strong>sacto</strong></span> 
     </span>
     <span class='ocr_line' id='line_1_58' title="bbox 1108 747 1844 791; baseline 0.004 -13"><span class='ocrx_word' id='word_1_274' title='bbox 1108 747 1307 790; x_wconf 84' lang='lat' dir='ltr'><strong>praestitisse</strong></span> <span class='ocrx_word' id='word_1_275' title='bbox 1345 749 1548 791; x_wconf 79' lang='lat' dir='ltr'><strong>acccpimus3</strong></span> <span class='ocrx_word' id='word_1_276' title='bbox 1585 749 1617 780; x_wconf 93' lang='lat' dir='ltr'><strong>in</strong></span> <span class='ocrx_word' id='word_1_277' title='bbox 1653 749 1743 781; x_wconf 75' lang='lat' dir='ltr'><strong>dictis</strong></span> <span class='ocrx_word' id='word_1_278' title='bbox 1770 759 1844 781; x_wconf 83' lang='lat' dir='ltr'><strong>vcro</strong></span> 
     </span>
     <span class='ocr_line' id='line_1_59' title="bbox 1108 800 1844 844; baseline 0.004 -13"><span class='ocrx_word' id='word_1_279' title='bbox 1108 800 1396 842; x_wconf 81' lang='lat' dir='ltr'><strong>capitulationibus</strong></span> <span class='ocrx_word' id='word_1_280' title='bbox 1430 801 1609 834; x_wconf 90' lang='lat' dir='ltr'><strong>iurisdictio</strong></span> <span class='ocrx_word' id='word_1_281' title='bbox 1640 807 1671 834; x_wconf 85' lang='lat' dir='ltr'><strong>et</strong></span> <span class='ocrx_word' id='word_1_282' title='bbox 1702 806 1844 844; x_wconf 77' lang='lat' dir='ltr'><strong>potestas</strong></span> 
     </span>
     <span class='ocr_line' id='line_1_60' title="bbox 1108 852 1844 897; baseline 0.003 -13"><span class='ocrx_word' id='word_1_283' title='bbox 1108 862 1144 884; x_wconf 87' lang='lat' dir='ltr'><strong>ac</strong></span> <span class='ocrx_word' id='word_1_284' title='bbox 1158 852 1228 885; x_wconf 84' lang='lat' dir='ltr'><strong>iura</strong></span> <span class='ocrx_word' id='word_1_285' title='bbox 1242 853 1541 897; x_wconf 73' lang='lat' dir='ltr'><strong>archiepiscopalia,</strong></span> <span class='ocrx_word' id='word_1_286' title='bbox 1553 859 1665 886; x_wconf 88' lang='lat' dir='ltr'><strong>contra</strong></span> <span class='ocrx_word' id='word_1_287' title='bbox 1680 864 1844 887; x_wconf 80' lang='lat' dir='ltr'><strong>sacrorum</strong></span> 
     </span>
     <span class='ocr_line' id='line_1_61' title="bbox 1108 907 1844 950; baseline 0.003 -13"><span class='ocrx_word' id='word_1_288' title='bbox 1108 916 1269 938; x_wconf 88' lang='lat' dir='ltr'><strong>canonum</strong></span> <span class='ocrx_word' id='word_1_289' title='bbox 1303 912 1333 939; x_wconf 86' lang='lat' dir='ltr'><strong>ct</strong></span> <span class='ocrx_word' id='word_1_290' title='bbox 1362 907 1627 939; x_wconf 84' lang='lat' dir='ltr'><strong>constitutionum</strong></span> <span class='ocrx_word' id='word_1_291' title='bbox 1653 907 1844 950; x_wconf 81' lang='lat' dir='ltr'><strong>apostolica-</strong></span> 
     </span>
     <span class='ocr_line' id='line_1_62' title="bbox 1106 959 1845 1002; baseline 0.003 -12"><span class='ocrx_word' id='word_1_292' title='bbox 1106 969 1177 991; x_wconf 88' lang='lat' dir='ltr'><strong>rum</strong></span> <span class='ocrx_word' id='word_1_293' title='bbox 1202 959 1461 1002; x_wconf 82' lang='lat' dir='ltr'><strong>dispositionem,</strong></span> <span class='ocrx_word' id='word_1_294' title='bbox 1487 959 1620 992; x_wconf 88' lang='lat' dir='ltr'><strong>nimium</strong></span> <span class='ocrx_word' id='word_1_295' title='bbox 1646 960 1845 993; x_wconf 69' lang='lat' dir='ltr'><strong>circumscri-</strong></span> 
     </span>
     <span class='ocr_line' id='line_1_63' title="bbox 1108 1013 1843 1057; baseline 0.003 -13"><span class='ocrx_word' id='word_1_296' title='bbox 1108 1013 1236 1051; x_wconf 82' lang='lat' dir='ltr'><strong>bantur,</strong></span> <span class='ocrx_word' id='word_1_297' title='bbox 1254 1013 1525 1057; x_wconf 77' lang='lat' dir='ltr'><strong>Apostolicaeque</strong></span> <span class='ocrx_word' id='word_1_298' title='bbox 1551 1014 1647 1046; x_wconf 79' lang='lat' dir='ltr'><strong>etiam</strong></span> <span class='ocrx_word' id='word_1_299' title='bbox 1664 1014 1754 1046; x_wconf 81' lang='lat' dir='ltr'><strong>Sedis</strong></span> <span class='ocrx_word' id='word_1_300' title='bbox 1774 1013 1843 1046; x_wconf 84' lang='lat' dir='ltr'><strong>iura</strong></span> 
     </span>
    </p>
   </div>
   <div class='ocr_carea' id='block_1_12' title="bbox 1107 1058 2040 1174">
    <p class='ocr_par' dir='ltr' id='par_1_16' title="bbox 1107 1058 2040 1174">
     <span class='ocr_line' id='line_1_64' title="bbox 1107 1058 2040 1121; baseline -0.003 -24"><span class='ocrx_word' id='word_1_301' title='bbox 1107 1058 1379 1099; x_wconf 68' lang='lat' dir='ltr'><strong>etauctoritatem</strong></span> <span class='ocrx_word' id='word_1_302' title='bbox 1400 1067 1483 1099; x_wconf 82' lang='lat' dir='ltr'><strong>laedi</strong></span> <span class='ocrx_word' id='word_1_303' title='bbox 1502 1072 1681 1109; x_wconf 71' lang='lat' dir='ltr'><strong>satagatur:</strong></span> <span class='ocrx_word' id='word_1_304' title='bbox 1702 1067 1778 1098; x_wconf 85' lang='lat' dir='ltr'><strong>hinc</strong></span> <span class='ocrx_word' id='word_1_305' title='bbox 1795 1070 2040 1121; x_wconf 51' lang='lat' dir='ltr'><strong>Ostn‘zfi’ff‘lssffi‘ffi?</strong></span> 
     </span>
     <span class='ocr_line' id='line_1_65' title="bbox 1107 1114 2039 1174; baseline 0.001 -23"><span class='ocrx_word' id='word_1_306' title='bbox 1107 1120 1191 1161; x_wconf 86' lang='lat' dir='ltr'><strong>quod</strong></span> <span class='ocrx_word' id='word_1_307' title='bbox 1217 1130 1286 1159; x_wconf 90' lang='lat' dir='ltr'><strong>nos,</strong></span> <span class='ocrx_word' id='word_1_308' title='bbox 1307 1120 1551 1153; x_wconf 82' lang='lat' dir='ltr'><strong>considerantes</strong></span> <span class='ocrx_word' id='word_1_309' title='bbox 1569 1119 1637 1152; x_wconf 88' lang='lat' dir='ltr'><strong>sine</strong></span> <span class='ocrx_word' id='word_1_310' title='bbox 1664 1120 1766 1152; x_wconf 82' lang='lat' dir='ltr'><strong>dictae</strong></span> <span class='ocrx_word' id='word_1_311' title='bbox 1788 1119 1843 1152; x_wconf 84' lang='lat' dir='ltr'><strong>Se·</strong></span> <span class='ocrx_word' id='word_1_312' title='bbox 1854 1114 2039 1174; x_wconf 47' lang='lat' dir='ltr'><strong>[iiifflfflsaii&#39;fil&#39;i‘i‘</strong></span> 
     </span>
    </p>
   </div>
   <div class='ocr_carea' id='block_1_13' title="bbox 1107 1172 2016 1215">
    <p class='ocr_par' dir='ltr' id='par_1_17' title="bbox 1107 1172 2016 1215">
     <span class='ocr_line' id='line_1_66' title="bbox 1107 1172 2016 1215; baseline 0.004 -12"><span class='ocrx_word' id='word_1_313' title='bbox 1107 1172 1155 1203; x_wconf 88' lang='lat' dir='ltr'><strong>dis</strong></span> <span class='ocrx_word' id='word_1_314' title='bbox 1181 1173 1385 1215; x_wconf 82' lang='lat' dir='ltr'><strong>Apostolicac</strong></span> <span class='ocrx_word' id='word_1_315' title='bbox 1406 1173 1591 1206; x_wconf 86' lang='lat' dir='ltr'><strong>auctoritate</strong></span> <span class='ocrx_word' id='word_1_316' title='bbox 1610 1173 1692 1205; x_wconf 86' lang='lat' dir='ltr'><strong>nihil</strong></span> <span class='ocrx_word' id='word_1_317' title='bbox 1711 1173 1924 1206; x_wconf 63' lang='lat' dir='ltr'><strong>omninogunsis</strong></span> <span class='ocrx_word' id='word_1_318' title='bbox 1938 1180 2016 1201; x_wconf 69' lang='lat' dir='ltr'><strong>irrita·-</strong></span> 
     </span>
    </p>
   </div>
   <div class='ocr_carea' id='block_1_14' title="bbox 1107 1226 1863 2646">
    <p class='ocr_par' dir='ltr' id='par_1_18' title="bbox 1107 1226 1863 2646">
     <span class='ocr_line' id='line_1_67' title="bbox 1107 1226 1863 1270; baseline 0.001 -13"><span class='ocrx_word' id='word_1_319' title='bbox 1107 1226 1139 1257; x_wconf 94' lang='lat' dir='ltr'><strong>in</strong></span> <span class='ocrx_word' id='word_1_320' title='bbox 1165 1226 1322 1259; x_wconf 82' lang='lat' dir='ltr'><strong>similibus</strong></span> <span class='ocrx_word' id='word_1_321' title='bbox 1349 1227 1492 1268; x_wconf 64' lang='lat' dir='ltr'><strong>negociis</strong></span> <span class='ocrx_word' id='word_1_322' title='bbox 1525 1226 1642 1270; x_wconf 85' lang='lat' dir='ltr'><strong>pacisci</strong></span> <span class='ocrx_word' id='word_1_323' title='bbox 1678 1226 1725 1258; x_wconf 83' lang='lat' dir='ltr'><strong>sas</strong></span> <span class='ocrx_word' id='word_1_324' title='bbox 1755 1229 1863 1265; x_wconf 66' lang='lat' dir='ltr'><strong>esse,⁴</strong></span> 
     </span>
     <span class='ocr_line' id='line_1_68' title="bbox 1107 1279 1842 1322; baseline 0.003 -12"><span class='ocrx_word' id='word_1_325' title='bbox 1107 1289 1146 1311; x_wconf 84' lang='lat' dir='ltr'><strong>ne</strong></span> <span class='ocrx_word' id='word_1_326' title='bbox 1162 1284 1268 1312; x_wconf 86' lang='lat' dir='ltr'><strong>autem</strong></span> <span class='ocrx_word' id='word_1_327' title='bbox 1286 1291 1322 1313; x_wconf 83' lang='lat' dir='ltr'><strong>ex</strong></span> <span class='ocrx_word' id='word_1_328' title='bbox 1340 1279 1627 1322; x_wconf 80' lang='lat' dir='ltr'><strong>capitulationibus</strong></span> <span class='ocrx_word' id='word_1_329' title='bbox 1649 1279 1842 1319; x_wconf 87' lang='lat' dir='ltr'><strong>huiusmodi,</strong></span> 
     </span>
     <span class='ocr_line' id='line_1_69' title="bbox 1107 1332 1844 1375; baseline 0.001 -11"><span class='ocrx_word' id='word_1_330' title='bbox 1107 1332 1183 1364; x_wconf 88' lang='lat' dir='ltr'><strong>licet</strong></span> <span class='ocrx_word' id='word_1_331' title='bbox 1207 1333 1248 1365; x_wconf 86' lang='lat' dir='ltr'><strong>ob</strong></span> <span class='ocrx_word' id='word_1_332' title='bbox 1274 1332 1424 1365; x_wconf 79' lang='lat' dir='ltr'><strong>licentiae</strong></span> <span class='ocrx_word' id='word_1_333' title='bbox 1458 1333 1657 1375; x_wconf 83' lang='lat' dir='ltr'><strong>apostolicae</strong></span> <span class='ocrx_word' id='word_1_334' title='bbox 1683 1333 1844 1365; x_wconf 80' lang='lat' dir='ltr'><strong>desectum</strong></span> 
     </span>
     <span class='ocr_line' id='line_1_70' title="bbox 1107 1384 1846 1428; baseline 0 -11"><span class='ocrx_word' id='word_1_335' title='bbox 1107 1385 1175 1428; x_wconf 82' lang='lat' dir='ltr'><strong>ipso</strong></span> <span class='ocrx_word' id='word_1_336' title='bbox 1201 1385 1270 1417; x_wconf 88' lang='lat' dir='ltr'><strong>iure</strong></span> <span class='ocrx_word' id='word_1_337' title='bbox 1288 1385 1385 1417; x_wconf 90' lang='lat' dir='ltr'><strong>nullis</strong></span> <span class='ocrx_word' id='word_1_338' title='bbox 1402 1390 1434 1417; x_wconf 88' lang='lat' dir='ltr'><strong>et</strong></span> <span class='ocrx_word' id='word_1_339' title='bbox 1452 1385 1612 1425; x_wconf 81' lang='lat' dir='ltr'><strong>invalidis,</strong></span> <span class='ocrx_word' id='word_1_340' title='bbox 1633 1384 1762 1428; x_wconf 82' lang='lat' dir='ltr'><strong>aliquod</strong></span> <span class='ocrx_word' id='word_1_341' title='bbox 1782 1385 1846 1417; x_wconf 88' lang='lat' dir='ltr'><strong>cui-</strong></span> 
     </span>
     <span class='ocr_line' id='line_1_71' title="bbox 1107 1437 1843 1480; baseline 0.001 -11"><span class='ocrx_word' id='word_1_342' title='bbox 1107 1448 1202 1480; x_wconf 83' lang='lat' dir='ltr'><strong>quam</strong></span> <span class='ocrx_word' id='word_1_343' title='bbox 1227 1437 1276 1469; x_wconf 84' lang='lat' dir='ltr'><strong>ius</strong></span> <span class='ocrx_word' id='word_1_344' title='bbox 1302 1437 1504 1480; x_wconf 82' lang='lat' dir='ltr'><strong>acquisitum,</strong></span> <span class='ocrx_word' id='word_1_345' title='bbox 1530 1442 1584 1470; x_wconf 84' lang='lat' dir='ltr'><strong>aut</strong></span> <span class='ocrx_word' id='word_1_346' title='bbox 1608 1437 1763 1470; x_wconf 79' lang='lat' dir='ltr'><strong>ecclesiae</strong></span> <span class='ocrx_word' id='word_1_347' title='bbox 1789 1437 1843 1470; x_wconf 83' lang='lat' dir='ltr'><strong>Sa-</strong></span> 
     </span>
     <span class='ocr_line' id='line_1_72' title="bbox 1108 1489 1844 1533; baseline 0 -11"><span class='ocrx_word' id='word_1_348' title='bbox 1108 1490 1300 1533; x_wconf 76' lang='lat' dir='ltr'><strong>lisburgensi</strong></span> <span class='ocrx_word' id='word_1_349' title='bbox 1326 1490 1511 1533; x_wconf 84' lang='lat' dir='ltr'><strong>praedictae</strong></span> <span class='ocrx_word' id='word_1_350' title='bbox 1538 1489 1686 1532; x_wconf 87' lang='lat' dir='ltr'><strong>illiusque</strong></span> <span class='ocrx_word' id='word_1_351' title='bbox 1718 1490 1844 1522; x_wconf 83' lang='lat' dir='ltr'><strong>archie-</strong></span> 
     </span>
     <span class='ocr_line' id='line_1_73' title="bbox 1107 1543 1843 1586; baseline -0.001 -11"><span class='ocrx_word' id='word_1_352' title='bbox 1107 1544 1240 1586; x_wconf 87' lang='lat' dir='ltr'><strong>piscopo</strong></span> <span class='ocrx_word' id='word_1_353' title='bbox 1265 1544 1314 1576; x_wconf 86' lang='lat' dir='ltr'><strong>vel</strong></span> <span class='ocrx_word' id='word_1_354' title='bbox 1340 1543 1482 1586; x_wconf 84' lang='lat' dir='ltr'><strong>capitulo</strong></span> <span class='ocrx_word' id='word_1_355' title='bbox 1509 1544 1745 1586; x_wconf 87' lang='lat' dir='ltr'><strong>qualecumque</strong></span> <span class='ocrx_word' id='word_1_356' title='bbox 1772 1553 1843 1584; x_wconf 81' lang='lat' dir='ltr'><strong>gra-</strong></span> 
     </span>
     <span class='ocr_line' id='line_1_74' title="bbox 1107 1596 1843 1639; baseline -0.001 -10"><span class='ocrx_word' id='word_1_357' title='bbox 1107 1607 1220 1630; x_wconf 85' lang='lat' dir='ltr'><strong>vamen</strong></span> <span class='ocrx_word' id='word_1_358' title='bbox 1245 1597 1378 1635; x_wconf 79' lang='lat' dir='ltr'><strong>illatum,</strong></span> <span class='ocrx_word' id='word_1_359' title='bbox 1401 1596 1683 1639; x_wconf 87' lang='lat' dir='ltr'><strong>iurisdictionique</strong></span> <span class='ocrx_word' id='word_1_360' title='bbox 1702 1601 1734 1628; x_wconf 89' lang='lat' dir='ltr'><strong>et</strong></span> <span class='ocrx_word' id='word_1_361' title='bbox 1750 1596 1843 1629; x_wconf 84' lang='lat' dir='ltr'><strong>liber-</strong></span> 
     </span>
     <span class='ocr_line' id='line_1_75' title="bbox 1108 1649 1844 1692; baseline 0 -11"><span class='ocrx_word' id='word_1_362' title='bbox 1108 1650 1163 1682; x_wconf 74' lang='lat' dir='ltr'><strong>tati</strong></span> <span class='ocrx_word' id='word_1_363' title='bbox 1189 1649 1425 1683; x_wconf 83' lang='lat' dir='ltr'><strong>ecclesiasticae</strong></span> <span class='ocrx_word' id='word_1_364' title='bbox 1447 1659 1578 1692; x_wconf 83' lang='lat' dir='ltr'><strong>quoquo</strong></span> <span class='ocrx_word' id='word_1_365' title='bbox 1602 1649 1698 1682; x_wconf 89' lang='lat' dir='ltr'><strong>modo</strong></span> <span class='ocrx_word' id='word_1_366' title='bbox 1716 1649 1844 1692; x_wconf 84' lang='lat' dir='ltr'><strong>praeiu-</strong></span> 
     </span>
     <span class='ocr_line' id='line_1_76' title="bbox 1107 1702 1842 1745; baseline -0.001 -10"><span class='ocrx_word' id='word_1_367' title='bbox 1107 1703 1256 1742; x_wconf 82' lang='lat' dir='ltr'><strong>dicatum,</strong></span> <span class='ocrx_word' id='word_1_368' title='bbox 1285 1707 1340 1735; x_wconf 90' lang='lat' dir='ltr'><strong>aut</strong></span> <span class='ocrx_word' id='word_1_369' title='bbox 1362 1703 1505 1735; x_wconf 87' lang='lat' dir='ltr'><strong>eiusdem</strong></span> <span class='ocrx_word' id='word_1_370' title='bbox 1525 1702 1730 1745; x_wconf 80' lang='lat' dir='ltr'><strong>Apostolicae</strong></span> <span class='ocrx_word' id='word_1_371' title='bbox 1751 1702 1842 1735; x_wconf 87' lang='lat' dir='ltr'><strong>Sedis</strong></span> 
     </span>
     <span class='ocr_line' id='line_1_77' title="bbox 1107 1755 1843 1798; baseline 0 -11"><span class='ocrx_word' id='word_1_372' title='bbox 1107 1755 1169 1788; x_wconf 91' lang='lat' dir='ltr'><strong>iuri</strong></span> <span class='ocrx_word' id='word_1_373' title='bbox 1199 1755 1373 1798; x_wconf 78' lang='lat' dir='ltr'><strong>quicquam</strong></span> <span class='ocrx_word' id='word_1_374' title='bbox 1408 1756 1587 1788; x_wconf 79' lang='lat' dir='ltr'><strong>detractum</strong></span> <span class='ocrx_word' id='word_1_375' title='bbox 1620 1755 1738 1795; x_wconf 87' lang='lat' dir='ltr'><strong>fuisse,</strong></span> <span class='ocrx_word' id='word_1_376' title='bbox 1771 1765 1843 1788; x_wconf 83' lang='lat' dir='ltr'><strong>csse</strong></span> 
     </span>
     <span class='ocr_line' id='line_1_78' title="bbox 1108 1808 1841 1851; baseline -0.003 -9"><span class='ocrx_word' id='word_1_377' title='bbox 1108 1810 1157 1842; x_wconf 87' lang='lat' dir='ltr'><strong>vel</strong></span> <span class='ocrx_word' id='word_1_378' title='bbox 1191 1809 1259 1841; x_wconf 83' lang='lat' dir='ltr'><strong>sore</strong></span> <span class='ocrx_word' id='word_1_379' title='bbox 1286 1819 1426 1851; x_wconf 88' lang='lat' dir='ltr'><strong>unquam</strong></span> <span class='ocrx_word' id='word_1_380' title='bbox 1463 1808 1654 1851; x_wconf 84' lang='lat' dir='ltr'><strong>praetendi,</strong></span> <span class='ocrx_word' id='word_1_381' title='bbox 1681 1808 1760 1848; x_wconf 86' lang='lat' dir='ltr'><strong>dici,</strong></span> <span class='ocrx_word' id='word_1_382' title='bbox 1792 1809 1841 1841; x_wconf 86' lang='lat' dir='ltr'><strong>vel</strong></span> 
     </span>
     <span class='ocr_line' id='line_1_79' title="bbox 1108 1861 1842 1905; baseline -0.003 -10"><span class='ocrx_word' id='word_1_383' title='bbox 1108 1862 1250 1901; x_wconf 86' lang='lat' dir='ltr'><strong>censeri,</strong></span> <span class='ocrx_word' id='word_1_384' title='bbox 1278 1872 1384 1905; x_wconf 85' lang='lat' dir='ltr'><strong>neque</strong></span> <span class='ocrx_word' id='word_1_385' title='bbox 1417 1861 1528 1904; x_wconf 80' lang='lat' dir='ltr'><strong>quovis</strong></span> <span class='ocrx_word' id='word_1_386' title='bbox 1560 1861 1716 1904; x_wconf 87' lang='lat' dir='ltr'><strong>temporis</strong></span> <span class='ocrx_word' id='word_1_387' title='bbox 1749 1870 1842 1894; x_wconf 89' lang='lat' dir='ltr'><strong>cursu</strong></span> 
     </span>
     <span class='ocr_line' id='line_1_80' title="bbox 1108 1914 1844 1958; baseline -0.003 -9"><span class='ocrx_word' id='word_1_388' title='bbox 1108 1921 1161 1949; x_wconf 88' lang='lat' dir='ltr'><strong>aut</strong></span> <span class='ocrx_word' id='word_1_389' title='bbox 1185 1926 1221 1947; x_wconf 82' lang='lat' dir='ltr'><strong>cx</strong></span> <span class='ocrx_word' id='word_1_390' title='bbox 1247 1925 1447 1958; x_wconf 83' lang='lat' dir='ltr'><strong>quacumque</strong></span> <span class='ocrx_word' id='word_1_391' title='bbox 1472 1915 1533 1947; x_wconf 76' lang='lat' dir='ltr'><strong>alia</strong></span> <span class='ocrx_word' id='word_1_392' title='bbox 1558 1914 1653 1947; x_wconf 84' lang='lat' dir='ltr'><strong>etiam</strong></span> <span class='ocrx_word' id='word_1_393' title='bbox 1674 1919 1844 1957; x_wconf 87' lang='lat' dir='ltr'><strong>quantum-</strong></span> 
     </span>
     <span class='ocr_line' id='line_1_81' title="bbox 1108 1966 1845 2009; baseline -0.001 -8"><span class='ocrx_word' id='word_1_394' title='bbox 1108 1969 1187 2001; x_wconf 82' lang='lat' dir='ltr'><strong>libet</strong></span> <span class='ocrx_word' id='word_1_395' title='bbox 1210 1967 1346 2000; x_wconf 72' lang='lat' dir='ltr'><strong>iuridica</strong></span> <span class='ocrx_word' id='word_1_396' title='bbox 1376 1969 1474 2000; x_wconf 74' lang='lat' dir='ltr'><strong>causa</strong></span> <span class='ocrx_word' id='word_1_397' title='bbox 1509 1966 1608 1999; x_wconf 83' lang='lat' dir='ltr'><strong>fuisse</strong></span> <span class='ocrx_word' id='word_1_398' title='bbox 1640 1977 1698 2009; x_wconf 88' lang='lat' dir='ltr'><strong>per</strong></span> <span class='ocrx_word' id='word_1_399' title='bbox 1731 1977 1788 1999; x_wconf 90' lang='lat' dir='ltr'><strong>nos</strong></span> <span class='ocrx_word' id='word_1_400' title='bbox 1813 1972 1845 2000; x_wconf 87' lang='lat' dir='ltr'><strong>et</strong></span> 
     </span>
     <span class='ocr_line' id='line_1_82' title="bbox 1108 2019 1845 2064; baseline -0.004 -10"><span class='ocrx_word' id='word_1_401' title='bbox 1108 2022 1223 2055; x_wconf 82' lang='lat' dir='ltr'><strong>Sedern</strong></span> <span class='ocrx_word' id='word_1_402' title='bbox 1249 2020 1466 2064; x_wconf 87' lang='lat' dir='ltr'><strong>Apostolicam</strong></span> <span class='ocrx_word' id='word_1_403' title='bbox 1493 2019 1586 2052; x_wconf 84' lang='lat' dir='ltr'><strong>tacite</strong></span> <span class='ocrx_word' id='word_1_404' title='bbox 1612 2025 1664 2051; x_wconf 85' lang='lat' dir='ltr'><strong>aut</strong></span> <span class='ocrx_word' id='word_1_405' title='bbox 1695 2030 1845 2062; x_wconf 78' lang='lat' dir='ltr'><strong>expresse</strong></span> 
     </span>
     <span class='ocr_line' id='line_1_83' title="bbox 1108 2072 1845 2118; baseline -0.004 -11"><span class='ocrx_word' id='word_1_406' title='bbox 1108 2074 1303 2118; x_wconf 81' lang='lat' dir='ltr'><strong>approbatas</strong></span> <span class='ocrx_word' id='word_1_407' title='bbox 1327 2072 1478 2115; x_wconf 76' lang='lat' dir='ltr'><strong>allegari,</strong></span> <span class='ocrx_word' id='word_1_408' title='bbox 1504 2078 1536 2105; x_wconf 86' lang='lat' dir='ltr'><strong>et</strong></span> <span class='ocrx_word' id='word_1_409' title='bbox 1556 2072 1793 2115; x_wconf 75' lang='lat' dir='ltr'><strong>beneplacitum</strong></span> <span class='ocrx_word' id='word_1_410' title='bbox 1814 2083 1845 2104; x_wconf 83' lang='lat' dir='ltr'><strong>a·</strong></span> 
     </span>
     <span class='ocr_line' id='line_1_84' title="bbox 1109 2125 1844 2171; baseline -0.004 -11"><span class='ocrx_word' id='word_1_411' title='bbox 1109 2128 1301 2171; x_wconf 84' lang='lat' dir='ltr'><strong>postolicum</strong></span> <span class='ocrx_word' id='word_1_412' title='bbox 1323 2127 1462 2169; x_wconf 85' lang='lat' dir='ltr'><strong>desuper</strong></span> <span class='ocrx_word' id='word_1_413' title='bbox 1487 2125 1658 2158; x_wconf 86' lang='lat' dir='ltr'><strong>accessisse</strong></span> <span class='ocrx_word' id='word_1_414' title='bbox 1684 2125 1844 2168; x_wconf 80' lang='lat' dir='ltr'><strong>praesumi</strong></span> 
     </span>
     <span class='ocr_line' id='line_1_85' title="bbox 1108 2178 1847 2223; baseline -0.003 -12"><span class='ocrx_word' id='word_1_415' title='bbox 1108 2190 1251 2223; x_wconf 85' lang='lat' dir='ltr'><strong>unquam</strong></span> <span class='ocrx_word' id='word_1_416' title='bbox 1287 2178 1411 2222; x_wconf 87' lang='lat' dir='ltr'><strong>possit,</strong></span> <span class='ocrx_word' id='word_1_417' title='bbox 1449 2189 1508 2221; x_wconf 89' lang='lat' dir='ltr'><strong>pro</strong></span> <span class='ocrx_word' id='word_1_418' title='bbox 1545 2178 1699 2221; x_wconf 84' lang='lat' dir='ltr'><strong>pastorali</strong></span> <span class='ocrx_word' id='word_1_419' title='bbox 1738 2179 1847 2210; x_wconf 70' lang='lat' dir='ltr'><strong>nostra</strong></span> 
     </span>
     <span class='ocr_line' id='line_1_86' title="bbox 1110 2230 1846 2275; baseline -0.003 -10"><span class='ocrx_word' id='word_1_420' title='bbox 1110 2232 1326 2266; x_wconf 85' lang='lat' dir='ltr'><strong>sollicitudine</strong></span> <span class='ocrx_word' id='word_1_421' title='bbox 1351 2230 1524 2275; x_wconf 81' lang='lat' dir='ltr'><strong>providere</strong></span> <span class='ocrx_word' id='word_1_422' title='bbox 1549 2232 1708 2270; x_wconf 87' lang='lat' dir='ltr'><strong>volentes,</strong></span> <span class='ocrx_word' id='word_1_423' title='bbox 1736 2242 1772 2264; x_wconf 85' lang='lat' dir='ltr'><strong>ac</strong></span> <span class='ocrx_word' id='word_1_424' title='bbox 1794 2241 1846 2263; x_wconf 88' lang='lat' dir='ltr'><strong>ea-</strong></span> 
     </span>
     <span class='ocr_line' id='line_1_87' title="bbox 1109 2284 1847 2328; baseline -0.003 -10"><span class='ocrx_word' id='word_1_425' title='bbox 1109 2286 1257 2318; x_wconf 90' lang='lat' dir='ltr'><strong>rumdem</strong></span> <span class='ocrx_word' id='word_1_426' title='bbox 1281 2285 1550 2328; x_wconf 83' lang='lat' dir='ltr'><strong>capitulationum</strong></span> <span class='ocrx_word' id='word_1_427' title='bbox 1575 2290 1722 2323; x_wconf 86' lang='lat' dir='ltr'><strong>tenores,</strong></span> <span class='ocrx_word' id='word_1_428' title='bbox 1750 2284 1847 2317; x_wconf 86' lang='lat' dir='ltr'><strong>etiam</strong></span> 
     </span>
     <span class='ocr_line' id='line_1_88' title="bbox 1111 2338 1848 2382; baseline -0.003 -10"><span class='ocrx_word' id='word_1_429' title='bbox 1111 2339 1261 2378; x_wconf 78' lang='lat' dir='ltr'><strong>veriores,</strong></span> <span class='ocrx_word' id='word_1_430' title='bbox 1280 2338 1510 2382; x_wconf 81' lang='lat' dir='ltr'><strong>praesentibus</strong></span> <span class='ocrx_word' id='word_1_431' title='bbox 1532 2349 1590 2381; x_wconf 91' lang='lat' dir='ltr'><strong>pro</strong></span> <span class='ocrx_word' id='word_1_432' title='bbox 1626 2338 1786 2382; x_wconf 74' lang='lat' dir='ltr'><strong>expressis</strong></span> <span class='ocrx_word' id='word_1_433' title='bbox 1812 2348 1848 2370; x_wconf 85' lang='lat' dir='ltr'><strong>ac</strong></span> 
     </span>
     <span class='ocr_line' id='line_1_89' title="bbox 1111 2390 1846 2431; baseline -0.001 -7"><span class='ocrx_word' id='word_1_434' title='bbox 1111 2391 1151 2424; x_wconf 85' lang='lat' dir='ltr'><strong>de</strong></span> <span class='ocrx_word' id='word_1_435' title='bbox 1176 2391 1275 2423; x_wconf 88' lang='lat' dir='ltr'><strong>verbo</strong></span> <span class='ocrx_word' id='word_1_436' title='bbox 1301 2391 1340 2423; x_wconf 91' lang='lat' dir='ltr'><strong>ad</strong></span> <span class='ocrx_word' id='word_1_437' title='bbox 1365 2391 1498 2423; x_wconf 86' lang='lat' dir='ltr'><strong>verbum</strong></span> <span class='ocrx_word' id='word_1_438' title='bbox 1524 2390 1652 2423; x_wconf 90' lang='lat' dir='ltr'><strong>insertis</strong></span> <span class='ocrx_word' id='word_1_439' title='bbox 1679 2391 1846 2431; x_wconf 84' lang='lat' dir='ltr'><strong>hahentes,</strong></span> 
     </span>
     <span class='ocr_line' id='line_1_90' title="bbox 1111 2443 1848 2487; baseline 0.001 -11"><span class='ocrx_word' id='word_1_440' title='bbox 1111 2450 1198 2477; x_wconf 90' lang='lat' dir='ltr'><strong>motu</strong></span> <span class='ocrx_word' id='word_1_441' title='bbox 1235 2444 1369 2487; x_wconf 87' lang='lat' dir='ltr'><strong>proprio</strong></span> <span class='ocrx_word' id='word_1_442' title='bbox 1395 2455 1431 2477; x_wconf 83' lang='lat' dir='ltr'><strong>ac</strong></span> <span class='ocrx_word' id='word_1_443' title='bbox 1456 2446 1544 2476; x_wconf 76' lang='lat' dir='ltr'><strong>certa</strong></span> <span class='ocrx_word' id='word_1_444' title='bbox 1568 2443 1703 2477; x_wconf 74' lang='lat' dir='ltr'><strong>scientia</strong></span> <span class='ocrx_word' id='word_1_445' title='bbox 1728 2450 1759 2477; x_wconf 85' lang='lat' dir='ltr'><strong>et</strong></span> <span class='ocrx_word' id='word_1_446' title='bbox 1783 2455 1848 2477; x_wconf 78' lang='lat' dir='ltr'><strong>ma-</strong></span> 
     </span>
     <span class='ocr_line' id='line_1_91' title="bbox 1113 2497 1848 2540; baseline 0 -11"><span class='ocrx_word' id='word_1_447' title='bbox 1113 2500 1183 2530; x_wconf 72' lang='lat' dir='ltr'><strong>tura</strong></span> <span class='ocrx_word' id='word_1_448' title='bbox 1208 2497 1442 2530; x_wconf 82' lang='lat' dir='ltr'><strong>deliberatione</strong></span> <span class='ocrx_word' id='word_1_449' title='bbox 1469 2497 1607 2537; x_wconf 83' lang='lat' dir='ltr'><strong>nostris,</strong></span> <span class='ocrx_word' id='word_1_450' title='bbox 1635 2498 1739 2540; x_wconf 78' lang='lat' dir='ltr'><strong>deque</strong></span> <span class='ocrx_word' id='word_1_451' title='bbox 1771 2507 1848 2539; x_wconf 83' lang='lat' dir='ltr'><strong>apo-</strong></span> 
     </span>
     <span class='ocr_line' id='line_1_92' title="bbox 1113 2549 1849 2593; baseline -0.001 -11"><span class='ocrx_word' id='word_1_452' title='bbox 1113 2550 1243 2582; x_wconf 84' lang='lat' dir='ltr'><strong>stolicae</strong></span> <span class='ocrx_word' id='word_1_453' title='bbox 1269 2549 1438 2593; x_wconf 83' lang='lat' dir='ltr'><strong>potcstatis</strong></span> <span class='ocrx_word' id='word_1_454' title='bbox 1464 2550 1679 2592; x_wconf 76' lang='lat' dir='ltr'><strong>plenitudine,</strong></span> <span class='ocrx_word' id='word_1_455' title='bbox 1697 2550 1849 2592; x_wconf 77' lang='lat' dir='ltr'><strong>capitula-</strong></span> 
     </span>
     <span class='ocr_line' id='line_1_93' title="bbox 1112 2602 1849 2646; baseline 0 -12"><span class='ocrx_word' id='word_1_456' title='bbox 1112 2602 1214 2635; x_wconf 86' lang='lat' dir='ltr'><strong>tiones</strong></span> <span class='ocrx_word' id='word_1_457' title='bbox 1239 2602 1420 2646; x_wconf 70' lang='lat' dir='ltr'><strong>praedictas</strong></span> <span class='ocrx_word' id='word_1_458' title='bbox 1442 2604 1559 2643; x_wconf 78' lang='lat' dir='ltr'><strong>nullas,</strong></span> <span class='ocrx_word' id='word_1_459' title='bbox 1579 2603 1685 2635; x_wconf 73' lang='lat' dir='ltr'><strong>irritas</strong></span> <span class='ocrx_word' id='word_1_460' title='bbox 1702 2613 1736 2634; x_wconf 76' lang='lat' dir='ltr'><strong>ac</strong></span> <span class='ocrx_word' id='word_1_461' title='bbox 1758 2613 1849 2645; x_wconf 83' lang='lat' dir='ltr'><strong>pior-</strong></span> 
     </span>
    </p>
   </div>
   <div class='ocr_carea' id='block_1_15' title="bbox 1859 227 2040 254">
    <p class='ocr_par' dir='ltr' id='par_1_19' title="bbox 1859 227 2040 254">
     <span class='ocr_line' id='line_1_94' title="bbox 1859 227 2040 254; baseline 0.006 -2"><span class='ocrx_word' id='word_1_462' title='bbox 1859 231 1905 253; x_wconf 77' lang='lat' dir='ltr'><strong>An.</strong></span> <span class='ocrx_word' id='word_1_463' title='bbox 1921 228 1949 254; x_wconf 89' lang='lat' dir='ltr'><strong>C.</strong></span> <span class='ocrx_word' id='word_1_464' title='bbox 1976 227 2040 253; x_wconf 57' lang='lat'><strong>1⁶69</strong></span> 
     </span>
    </p>
   </div>
  </div>
 </body>
</html>
