2247 3208
140 224 190 249 An.
209 223 237 249 C.
262 222 328 249 ¹866

334 270 533 308 iudicabunt,
550 269 719 302 honestam
733 269 872 311 aliquam
891 273 991 300 arteni
1010 267 1071 300 edi-

333 327 432 362 scant,
459 323 548 355 cuius
575 322 727 354 exercitio
754 321 948 354 otiositatem
975 326 1005 353 et
1025 331 1071 353 so-

333 375 479 408 litudinis
507 375 648 408 taedium
673 375 794 408 evitare
819 374 956 418 possint.

475 439 571 476 Caput
593 439 694 466 Lvffl
718 437 756 466 De
777 437 926 475 disciplinti

508 487 742 525 suscipiendorum
759 487 890 524 fratrum.

374 546 443 568 xxx.
482 534 570 567 Circa
606 534 778 567 novitiatus
812 539 842 566 et
872 532 1068 576 professoria

331 588 531 630 designanda
556 587 735 620 servabitur
753 586 838 629 quod
864 585 1015 618 statuitur
1035 585 1067 617 in

330 639 444 673 litteris
458 639 650 673 sanctissimi
666 639 787 672 domini
803 638 916 671 nostri.
933 639 970 670 Et
983 639 1067 671 circa

330 693 549 735 receptionem
583 697 614 724 et
644 691 868 724 educationem
901 696 1068 724 serventur

330 746 439 787 regula
457 750 489 777 et
505 744 755 777 constitutiones
773 744 979 787 apostolicae,
1001 754 1066 776 ma—

328 797 412 829 xime
431 798 559 830 decreta
575 802 705 830 sanctae
727 797 902 829 memoriae
920 797 1066 830 Clemen-

328 851 367 883 tis
381 851 455 891 Ylll,
474 856 506 883 et
522 850 722 894 recipiantur
743 850 854 883 novitii
873 850 1063 883 sufficientis

328 903 547 943 litteraturae,
575 904 637 936 hoc
661 908 725 943 est,
752 903 1063 946 gramimiticalibus,

327 963 367 997 ct,
393 957 419 989 si
445 956 513 995 fieri
539 957 661 1000 possit,
683 956 922 1000 philosophicis
948 957 1064 989 instru-

326 1010 384 1050 cti,
414 1016 489 1053 post
520 1010 693 1053 aliqualem
719 1010 750 1042 in
776 1010 886 1042 habitu
923 1009 1062 1043 seculari

326 1063 554 1106 probationem
567 1063 599 1095 in
618 1063 757 1106 propriis
773 1063 919 1096 domibus
939 1064 1062 1103 factam,

325 1126 398 1148 cum
424 1116 595 1149 sufficienti
620 1117 781 1160 pensione
807 1128 824 1149 a
845 1116 1062 1149 visitatoribus

325 1174 379 1201 aut
403 1169 475 1201 aliis
502 1169 723 1212 superioribus
746 1180 804 1212 pro
830 1170 953 1202 ratione
980 1170 1062 1202 loco-

325 1233 396 1254 rum
423 1222 680 1262 determinanda,
697 1227 727 1254 et
744 1233 761 1254 a
778 1222 984 1254 monasteriis
1001 1232 1061 1265 pro

324 1274 439 1317 quibus
466 1274 683 1317 suscipiuntur
719 1274 871 1308 solvenda
896 1274 944 1307 vel
977 1285 1061 1307 com-

324 1328 501 1371 pensanda.

367 1391 449 1414 xxm.
477 1381 688 1424 Recipiantur
711 1386 818 1414 autem
851 1392 868 1414 a
898 1381 1060 1414 visitatore

323 1434 510 1477 provinciae
536 1440 566 1467 et
590 1444 607 1465 a
630 1434 825 1467 novitiorum
849 1434 1010 1477 magistro,
1030 1439 1062 1467 et

323 1486 362 1520 ab
387 1487 465 1530 ipsis
489 1487 662 1519 examinati
688 1493 720 1520 et
743 1487 853 1520 idonei
871 1487 992 1520 inventi
1010 1498 1062 1520 ve-

323 1539 460 1572 stiantur
478 1545 509 1572 et
528 1539 715 1583 probentur,
734 1545 832 1583 atque
849 1539 882 1572 in
900 1540 959 1572 hac
977 1550 1062 1572 com-

322 1592 410 1624 muni
435 1592 636 1625 observantia
662 1592 705 1624 ita
730 1593 926 1634 educentur,
946 1597 987 1633 ut,
1009 1603 1061 1625 ex-

323 1647 417 1688 cepta
450 1646 519 1679 sola
551 1656 568 1678 a
592 1646 743 1678 carnibus
781 1645 996 1685 abstinentia,
1022 1646 1060 1678 ad

323 1699 430 1731 omnia
454 1703 583 1731 sanctae
607 1699 739 1741 segulae
765 1698 878 1742 capita,
897 1699 1061 1745 proutbic

322 1757 396 1785 sunt
420 1752 590 1792 denotata,
617 1762 688 1785 sese
721 1756 788 1785 toto
814 1752 896 1784 vitae
921 1752 1060 1785 decursu

324 1805 429 1838 teneri
454 1805 649 1848 intelligant.

366 1868 460 1891 xxxu.
493 1857 674 1890 Seminaria
705 1869 761 1891 seu
794 1858 989 1902 professoria
1019 1858 1061 1891 si-

322 1910 390 1943 mili
416 1910 541 1943 ratione
565 1910 605 1943 ad
622 1911 750 1953 pietatis
768 1916 800 1944 et
815 1911 982 1953 religionis
1008 1922 1061 1944 ex-

323 1964 480 1997 colendae
505 1975 588 2008 opus
614 1965 792 2008 erigantur,
810 1965 843 1997 in
869 1965 986 2008 quibus
1008 1975 1062 1998 no-

323 2017 406 2050 viter
433 2017 571 2061 professi
596 2028 668 2050 cum
700 2018 857 2061 pensione
893 2018 1060 2051 sufficienti

323 2076 378 2103 aut
401 2070 666 2114 compensatione
691 2076 852 2110 maneant,
879 2075 910 2103 et
934 2071 972 2103 ad
990 2081 1063 2114 per-

324 2123 496 2156 fectionem
520 2128 650 2156 sanctae
674 2124 805 2166 regulae
831 2128 862 2156 ct
895 2123 971 2156 dicti
1005 2123 1062 2156 Or-

324 2176 408 2209 dinis
432 2175 654 2209 Cisterciensis
678 2176 803 2220 praxim
827 2176 1060 2219 acquirendam

324 2229 369 2262 ita
401 2230 613 2270 erudiantur,
637 2235 673 2262 ut
708 2230 816 2263 nullus
852 2240 888 2262 ex
925 2229 989 2262 illis
1022 2230 1061 2262 ad

325 2282 443 2322 studia,
459 2283 509 2315 vel
530 2283 569 2315 ad
585 2282 727 2324 ordines,
746 2283 796 2315 vel
821 2282 858 2315 ad
881 2283 997 2325 gradus
1015 2293 1062 2315 as-

325 2341 478 2376 sumatur,
496 2335 549 2378 qui
571 2336 727 2378 probatae
750 2334 835 2368 vitae
858 2340 890 2367 et
905 2334 1063 2368 sufficien-

326 2389 387 2422 tiae
414 2388 596 2422 testimonia
619 2399 683 2421 non
709 2389 847 2422 dederit.

368 2453 476 2476 xxxin.
504 2441 583 2481 Quia
607 2442 706 2486 aliqui
740 2442 816 2476 dicti
841 2442 970 2475 Ordinis
997 2453 1064 2476 mo-

326 2496 432 2537 nachi,
457 2496 516 2529 sub
540 2501 708 2539 praetextu
729 2495 911 2528 stabilitatis
929 2496 1064 2538 promis-

326 2561 379 2582 sae
403 2550 478 2582 dum
508 2550 685 2582 solemnem
717 2554 865 2581 votorum
890 2548 1064 2591 professio-

327 2614 401 2637 nem
425 2603 601 2637 emiscrt'nt
617 2603 649 2634 in
675 2603 784 2646 aliquo
801 2607 889 2635 certo
909 2607 939 2635 et
957 2602 1063 2635 deter-

930 219 1118 243 Atssxxxnfin
1142 220 1183 242 Vll
1209 219 1256 241 Pr.

1114 266 1233 299 minato
1245 267 1452 307 monasterio,
1464 266 1679 310 praetendunt
1693 277 1725 299 se
1740 267 1846 306 etiam,

1113 329 1172 361 pro
1188 320 1303 353 maiori
1318 320 1589 353 monasteriorum
1606 320 1750 364 ipsorum
1766 331 1848 354 com-

1113 372 1233 411 modo,
1259 373 1346 404 bono
1383 377 1415 405 et
1449 369 1586 405 utilitate
1618 372 1846 414 OrdinIssaut

1112 425 1257 466 qualibet
1281 424 1342 457 alia
1366 425 1449 457 iusta
1474 430 1505 457 et
1530 426 1673 468 legitima
1699 427 1845 467 ratione,

1111 477 1135 509 si
1160 477 1221 520 ipsi
1240 483 1386 517 renuant,
1404 477 1436 510 in
1455 479 1515 511 alia
1530 479 1727 512 monasteria
1745 485 1847 513 trans-

1112 529 1187 561 ferri
1213 540 1278 562 non
1302 541 1416 573 posse,
1443 531 1501 563 nisi
1529 532 1569 563 ob
1595 542 1689 574 grave
1714 533 1845 577 aliquod

1110 581 1231 614 crimen
1251 583 1337 625 quod
1355 582 1387 614 in
1407 583 1519 616 eodem
1538 584 1609 616 loco
1630 584 1720 617 facile
1738 596 1846 618 emen-

1110 634 1177 666 dari
1212 645 1277 667 non
1312 636 1434 678 possit,
1459 637 1544 669 unde
1580 637 1779 679 experientia
1803 639 1846 671 ita

1109 688 1340 730 comprobante
1362 689 1481 721 multae
1504 699 1599 732 saepe
1618 690 1767 722 oriuntur
1784 691 1846 723 dis-

1108 739 1286 780 sensiones,
1312 741 1565 781 inobedientiae,
1585 742 1796 782 rebelliones,
1810 743 1846 776 li-

1110 797 1155 825 tes
1180 797 1211 825 et
1235 793 1437 826 incommoda
1463 794 1646 827 innumera:
1673 801 1846 829 renovatur

1108 845 1296 878 constitutio
1322 846 1367 878 Pii
1394 846 1416 878 ll
1442 847 1480 879 de
1512 857 1597 879 anno
1622 857 1757 888 nanxi,
1783 859 1844 892 qua

1108 897 1238 930 facultas
1261 899 1355 931 datur
1372 898 1591 932 visitatoribus
1615 904 1647 932 et
1671 901 1845 943 superiori-

1107 951 1164 982 bus
1188 950 1316 984 Ordinis
1343 962 1403 995 pro
1435 958 1580 996 tempore
1612 952 1842 993 existentibus,

1106 1009 1151 1043 ut,
1178 1003 1202 1036 si
1230 1004 1275 1036 eis
1300 1005 1343 1036 ita
1364 1005 1539 1047 expediens
1558 1005 1714 1046 videatur,
1733 1017 1844 1049 perso-

1106 1068 1161 1089 nas
1188 1057 1274 1100 ipsas
1299 1058 1337 1090 ad
1363 1058 1425 1090 alia
1452 1058 1594 1091 eiusdem
1618 1059 1747 1092 Ordinis
1775 1070 1843 1093 mo—

1106 1111 1247 1143 nasteria
1274 1112 1479 1151 transferant,
1502 1117 1533 1144 et
1557 1112 1635 1145 alias
1662 1113 1793 1146 idoneas
1810 1113 1842 1145 in

1105 1173 1213 1196 earum
1241 1165 1348 1196 locum
1374 1175 1473 1207 usque
1493 1165 1530 1197 ad
1550 1165 1761 1199 sufficientem
1785 1176 1844 1198 nu-

1105 1227 1227 1248 merum
1251 1217 1459 1256 substituant,
1478 1217 1510 1249 in
1536 1217 1732 1251 beneficium
1759 1219 1843 1251 novi-

1105 1269 1240 1302 tiatuum
1274 1275 1305 1302 et
1330 1270 1575 1302 seminariorum
1600 1271 1819 1304 communium
1834 1299 1841 1310 ,

1105 1329 1135 1355 et
1156 1323 1334 1356 faciliorem
1359 1323 1539 1366 praesentis
1556 1324 1794 1357 constitutionis
1812 1330 1843 1357 et

1104 1376 1344 1409 reformationis
1360 1377 1598 1417 executionem,
1618 1377 1661 1410 ita
1674 1382 1718 1418 ut,
1738 1378 1791 1421 qui
1810 1378 1841 1410 in

1104 1429 1182 1462 locis
1207 1429 1417 1462 novitiatuum
1435 1435 1467 1462 et
1482 1430 1731 1463 seminariorum
1756 1441 1844 1463 com-

1104 1482 1249 1515 munium
1275 1488 1306 1515 et
1330 1482 1362 1514 in
1388 1482 1459 1515 aliis
1482 1483 1699 1516 reformandis
1717 1494 1843 1517 monas-

1105 1535 1193 1569 teriis
1224 1535 1392 1568 noluerint
1431 1536 1463 1568 in
1488 1536 1637 1569 omnibus
1674 1536 1840 1580 praesenti

1103 1588 1327 1622 reformationi
1353 1599 1423 1621 sese
1455 1589 1655 1629 submittere,
1684 1594 1842 1632 cogantur

1103 1641 1160 1673 sub
1185 1644 1290 1685 poena
1323 1641 1463 1675 carceris
1495 1652 1565 1674 sese
1601 1642 1776 1675 transferre
1801 1643 1840 1675 ad

1103 1695 1165 1728 alia
1188 1695 1385 1728 monasteria
1409 1706 1468 1738 per
1490 1695 1690 1728 visitatorem
1713 1695 1841 1738 provin-

1103 1748 1219 1781 cialem
1244 1747 1289 1780 eis
1315 1748 1533 1791 designanda,
1563 1748 1673 1791 ibique
1698 1759 1841 1781 commo-

1103 1801 1183 1840 rari3
1211 1811 1292 1844 quae
1318 1801 1516 1834 monasteria
1543 1801 1740 1833 tenebuntur
1767 1801 1840 1834 illos

1102 1854 1261 1897 recipere,
1281 1859 1312 1887 et.
1333 1864 1387 1887 eos
1413 1860 1574 1898 tamquam
1599 1853 1682 1887 filios
1709 1859 1741 1886 et
1764 1865 1841 1898 pro-

1104 1907 1203 1940 fessos
1228 1907 1364 1948 habere,
1383 1909 1453 1941 solo
1469 1912 1603 1952 excepto
1621 1908 1691 1940 iure
1712 1908 1842 1941 electio-

1104 1960 1152 1992 nis
1178 1960 1338 2001 abbatum‚
1361 1961 1419 1993 sub
1438 1963 1541 2004 poena
1566 1961 1741 2001 interdicti,
1761 1961 1842 1994 aliis-

1104 2024 1165 2057 que
1191 2013 1333 2046 censuris
1350 2019 1471 2057 gontra
1507 2018 1682 2047 renuentes
1707 2019 1739 2047 et
1767 2014 1843 2048 huic

1104 2067 1300 2100 ordinationi
1325 2078 1396 2100 sese
1422 2072 1639 2111 opponentes.

1129 2130 1214 2160 Circa
1236 2133 1323 2170 caput
1345 2131 1417 2159 LXI
1439 2129 1477 2159 DJ
1501 2129 1640 2159 monachis
1659 2130 1817 2169 peregrinis

1308 2179 1427 2218 qualiter
1442 2179 1639 2216 suscipia-ztar.

1147 2240 1251 2263 xxxiv.
1278 2228 1419 2267 Quilibet
1449 2228 1594 2261 visitator
1618 2238 1676 2260 seu
1712 2238 1840 2271 praeses

1104 2282 1340 2326 provinciarum
1359 2281 1476 2314 habeat
1493 2281 1636 2323 sigillum
1656 2281 1842 2324 provinciae

1106 2336 1174 2369 eius
1199 2334 1374 2368 visitationi
1400 2334 1604 2374 commissae,
1631 2344 1691 2366 nec
1714 2338 1844 2377 praeter

1106 2389 1211 2432 ipsum
1243 2387 1346 2432 possit.
1381 2387 1551 2430 quisquam
1582 2387 1656 2419 dare
1681 2387 1843 2420 licentiam

1105 2441 1320 2475 conveniendi
1345 2439 1529 2484 superiores
1548 2440 1696 2480 maiores,
1715 2451 1775 2473 nec
1792 2451 1845 2473 ex-

1106 2500 1152 2527 tra
1178 2501 1314 2538 quattmr
1339 2494 1440 2527 dietas
1465 2504 1501 2526 ex
1528 2494 1723 2527 monasterio
1748 2493 1828 2537 profi

1106 2548 1261 2587 eiscendi·,
1279 2557 1358 2590 quae
1373 2546 1502 2579 lieentia
1519 2547 1552 2579 in
1570 2547 1694 2590 scriptis
1709 2547 1801 2580 detur
1814 2551 1846 2579 et

1106 2600 1286 2647 provinciae
1314 2600 1421 2643 sigillo
1443 2599 1616 2635 muniatur.

1747 209 1811 242 447
1859 218 1907 245 An.
1926 217 1954 245 c..
1975 218 2043 246 1666
