2247 3208
202 220 252 246 Αη,
269 218 297 245 C.
319 218 386 244 *1507

434 208 496 241 594),

394 266 489 299 nibus
516 264 684 303 ecclesiae,
712 263 914 296 manualibus
947 268 1053 295 tamen
1080 273 1131 295 ex-

395 318 518 361 ceptis,
555 328 590 349 ac
626 316 764 348 deducta
802 315 949 358 primitus
986 320 1018 347 et
1057 320 1130 347 ante

395 371 503 403 omnia
527 370 653 401 summa
674 368 886 411 quadraginta
906 368 1062 400 librarum
1084 373 1132 399 tu-

395 422 583 455 ronensium
608 432 666 465 pro
692 421 838 454 emendis
857 421 1068 464 quadraginta
1085 432 1132 454 so-

394 475 467 508 lidis
492 475 636 507 redditus
662 474 759 507 annui
786 475 825 507 ad
850 474 972 506 obitum
1003 484 1058 506 seu
1081 484 1131 506 an-

394 528 604 560 niversarium
643 527 719 560 dicti
764 527 910 560 canonici
945 526 1130 559 decedentis

394 580 596 613 fundandum
621 585 652 613 et
675 579 905 612 celebrandum
929 579 962 612 in
980 579 1064 612 dicta
1082 589 1132 611 ec-

394 633 500 673 clesia,
517 633 708 675 dignitatum
722 638 838 673 autem,
855 638 886 665 et
900 632 1129 665 canonicorum

393 695 459 717 non
485 685 759 718 distributivorum
784 691 816 718 et
834 685 1009 718 volantium
1027 684 1129 718 dicto-

393 748 481 777 rum,
509 749 543 770 ac
568 738 663 771 etiam
688 738 918 771 canonicorum
951 738 1129 771 distributi-

392 800 513 831 vorum,
540 792 595 835 qui
621 792 741 824 dictum
764 792 900 834 stagium
929 796 982 824 aut
1009 801 1127 824 annum

392 843 509 886 rigoris
534 854 600 876 non
625 843 788 885 fecissent,
810 843 953 876 redditus
971 843 1129 886 praeben-

393 896 450 929 dae
477 896 553 929 dicti
580 896 608 928 le
631 907 720 939 yros,
746 897 910 929 vacatione
936 896 1127 928 adveniente

391 956 451 991 per
475 954 626 989 mortem,
653 949 844 989 cessionem,
863 948 1128 990 resignationem,

391 1002 662 1045 permutationem
687 1008 740 1034 aut
771 1002 835 1035 alio
868 1001 981 1045 quovis
1013 1001 1128 1040 modo,

392 1065 428 1087 ac
442 1054 545 1094 etiam,
563 1055 588 1087 si
604 1056 642 1088 lis
657 1065 753 1098 super
770 1054 975 1098 possessione
991 1054 1127 1087 alicuius

392 1107 583 1150 dignitatum
608 1118 665 1140 seu
690 1108 945 1151 praebendarum
972 1113 1061 1140 mota
1088 1117 1129 1140 es-

392 1165 458 1200 set,
485 1160 590 1193 donec
622 1161 727 1204 sopita
766 1161 898 1201 fuisset,
925 1160 1129 1204 pertinerent

392 1224 449 1255 pro
476 1225 560 1247 anno
587 1220 741 1257 sequente
778 1214 979 1247 vacationem
1013 1214 1051 1246 ad
1084 1214 1128 1246 sa-

391 1266 511 1299 bricam
537 1267 667 1310 capituli
699 1267 890 1300 destinatam
926 1277 984 1310 pro
1018 1277 1128 1299 manu-

393 1318 535 1352 tentione
562 1325 593 1351 et
618 1320 730 1352 vestitu
766 1330 941 1362 puerorum
973 1319 1064 1352 chori
1098 1324 1128 1352 et

391 1372 596 1414 reparatione
612 1373 830 1412 ecclesiarum,
850 1373 991 1415 exceptis
1016 1382 1127 1414 procu-

390 1424 569 1456 rationibus
587 1425 891 1457 archidiaconorum
909 1424 1036 1456 ratione
1053 1424 1127 1456 visi-

390 1477 521 1509 tationis
548 1482 579 1510 et
604 1477 838 1510 distributionis
859 1477 1025 1516 ecclesiae,
1046 1487 1126 1519 quae

390 1530 429 1562 ad
443 1530 633 1562 canonicum
648 1530 889 1563 distributivum
903 1539 1126 1562 successorem

390 1583 565 1625 pertinent,
592 1593 649 1626 pro
675 1583 797 1615 ratione
823 1583 915 1621 lucri,
934 1588 965 1616 et
982 1582 1126 1615 deductis

390 1635 502 1678 viginti
525 1635 615 1668 libris
642 1635 867 1668 turonensibus
894 1646 952 1678 pro
980 1631 1125 1667 emendis

391 1689 502 1731 viginti
523 1688 634 1721 solidis
650 1689 794 1721 redditus
812 1688 909 1721 annui
925 1689 963 1721 ad
978 1688 1125 1720 effectum

390 1742 546 1774 fundandi
573 1752 686 1774 eorum
712 1741 834 1774 obitum
858 1752 915 1774 seu
943 1741 1126 1774 anniversa-

390 1795 488 1837 rium)
503 1794 563 1837 ipsi
583 1799 781 1836 exponentes
800 1794 1058 1837 (considerantes
1078 1804 1127 1825 va-

390 1848 495 1880 lorem
519 1847 704 1879 reddituum
735 1847 991 1889 praebendarum
1023 1848 1126 1879 eccle-

391 1900 456 1932 siae
481 1900 644 1942 praefatae
670 1901 804 1932 multum
825 1900 1034 1939 succrevisse,
1053 1900 1126 1932 ube-

391 1953 559 1996 rioresque
572 1953 668 1986 modo
679 1963 748 1985 esse
764 1953 894 1992 fructus,
911 1963 990 1995 quos
1000 1962 1126 1995 yrossos

391 2011 514 2045 vocant,
537 2016 631 2048 quam
659 2006 732 2038 dum
754 2010 869 2038 statuta
889 2006 1031 2047 praefata
1057 2015 1126 2037 cou-

392 2058 455 2090 dita
480 2059 621 2100 suerunt>
639 2059 671 2090 in
693 2069 805 2091 eorum
820 2058 962 2101 capitulo
981 2058 1126 2100 generali

392 2122 507 2143 novum
533 2117 684 2144 statutum
710 2112 892 2153 (reservato
925 2116 1030 2143 tamen
1063 2116 1126 2144 tam

392 2164 586 2196 venerabilis
611 2164 718 2196 fratris
743 2164 890 2196 moderni
910 2163 1053 2206 episcopi
1074 2163 1127 2196 Le-

393 2216 550 2249 xoviensis
577 2227 671 2259 quam
695 2216 797 2249 dictae
816 2216 905 2249 Sedis
922 2216 1125 2258 Apostoli-:ae

392 2268 609 2310 beneplacito)
628 2269 780 2308 fecerunt,
799 2273 833 2300 ut
849 2268 1058 2311 imposterum
1078 2268 1127 2300 de-

394 2322 550 2353 ducantur
575 2326 702 2353 centum
727 2321 828 2354 librae
857 2326 1050 2354 turonenses
1069 2330 1126 2363 pro

393 2374 620 2406 constituendo
655 2380 685 2406 et
717 2374 914 2406 celebrando
947 2374 1036 2406 obitu
1070 2384 1126 2406 seu

393 2426 614 2459 anniversario
647 2426 817 2459 cuiuslibet
848 2427 993 2460 canonici
1025 2427 1127 2459 eccle-

392 2479 458 2510 siae
478 2478 662 2511 huiusmodi
681 2489 738 2520 pro
760 2485 903 2521 tempore
923 2479 1124 2519 decedentis,

392 2535 424 2563 et
449 2531 526 2563 alias
552 2536 649 2573 prout
664 2531 697 2562 in
715 2531 879 2574 scripturis
898 2532 1037 2575 desuper
1050 2542 1127 2565 con-

391 2584 481 2618 t'ectis
506 2584 634 2618 uberius
661 2584 779 2618 dicitur
805 2585 975 2618 contineri.
1030 2577 1036 2583 ³

974 216 990 238 B
996 215 1152 239 [uantum
1176 215 1328 238 ROMANUM

1218 262 1233 303 ξ
1258 261 1289 293 2.
1317 260 1393 293 Cum
1415 266 1530 301 autem,
1549 262 1631 293 sicut
1649 261 1762 294 eadem
1780 262 1910 305 exposi-

1175 315 1218 347 tio
1236 315 1462 357 subiungebat,
1482 314 1558 347 dicti
1577 320 1776 357 exponentes
1794 325 1909 348 novum

1173 373 1326 400 statutum
1352 367 1538 399 huiusmodi
1557 377 1573 399 a
1592 368 1737 410 praefato
1756 368 1910 412 episcopo

1174 420 1357 454 confirmari
1383 420 1622 461 obtinuerunt¹,
1644 421 1789 464 illudque
1815 421 1911 454 etiam

1913 212 1965 239 An.
1983 213 2013 240 C.
2036 213 2102 240 tritt?

1939 273 2051 295 Confirmat
2062 277 2104 295 sta-

1921 302 1987 320 tutum
2019 302 2103 327 praeiu-

1920 329 2007 347 sertum.

1173 474 1342 516 apostolici
1358 473 1544 506 muniminis
1568 473 1747 516 patrocinio
1767 484 1921 509 commu-,

1172 527 1235 559 niri
1252 537 1455 569 summopere
1474 526 1676 560 desiderent:
1695 536 1765 568 nos,
1784 527 1910 570 specia-

1173 581 1237 613 lem
1258 580 1338 623 ipsis
1370 580 1607 623 exponentibus
1638 579 1772 623 gratiam
1805 580 1908 613 facere

1172 633 1330 673 volenteS,
1358 638 1389 665 et
1413 643 1525 665 eorum
1550 633 1727 675 singulares
1752 643 1909 676 personas

1172 697 1189 718 a
1205 685 1375 728 quibusvis
1392 685 1755 726 excommunicationis,
1772 696 1911 729 suspen-

1172 738 1274 771 sionis
1304 743 1336 771 et
1360 738 1554 778 interdicti,
1582 738 1721 782 aliisque
1755 738 1911 771 ecclesia-

1172 791 1262 824 sticis
1290 792 1477 832 sententiis,
1504 792 1654 825 censuris
1682 797 1714 824 et
1738 792 1869 835 poenis,
1892 803 1909 825 a

1172 844 1243 876 iure
1273 845 1324 877 vel
1354 845 1394 877 ab
1421 845 1564 883 homine,
1594 845 1707 888 quavis
1733 845 1909 878 occasione

1172 898 1222 930 vel
1240 900 1339 930 causa
1353 898 1441 937 latis,
1468 898 1494 930 si
1521 898 1640 941 quibus
1659 897 1908 941 quomodolibet

1171 951 1347 983 innodatae
1380 950 1543 990 existunt,
1571 950 1610 983 ad
1636 949 1784 983 effectum
1816 960 1907 993 prae-

1148 1004 1150 1009 ’
1171 1003 1310 1036 sentium
1323 1003 1488 1035 dumtaxat
1500 1003 1775 1045 consequendum,
1791 1002 1908 1035 harum

1170 1055 1253 1088 serie
1278 1056 1483 1088 absolventes
1506 1060 1538 1088 et
1562 1055 1727 1087 absolutas
1744 1055 1814 1088 fore
1833 1064 1908 1087 cen-

1171 1113 1291 1147 sentes,
1317 1107 1607 1151 supplicationibus
1634 1118 1749 1140 eorum
1774 1107 1906 1140 nomine

1171 1160 1263 1193 nobis
1281 1170 1388 1203 super
1413 1160 1476 1193 hoc
1501 1160 1666 1193 humiliter
1683 1160 1841 1203 porrectis
1860 1160 1907 1192 in-

1170 1213 1296 1252 clinati,
1324 1223 1439 1246 novum
1465 1217 1618 1245 statutum
1644 1212 1682 1245 ab
1708 1212 1831 1246 eisdem
1856 1223 1907 1245 ex-

1170 1266 1365 1309 ponentibus
1391 1266 1573 1306 conditum,
1609 1271 1641 1298 et
1673 1277 1691 1298 a
1726 1270 1906 1299 memorato

1170 1319 1322 1362 episcopo
1363 1319 1551 1351 Lexoviensi
1587 1318 1832 1359 confirmatum,
1873 1324 1908 1351 ut

1170 1372 1363 1414 praefertur,
1399 1372 1623 1414 confectasque
1657 1372 1797 1414 desuper
1827 1372 1907 1404 scri-

1170 1429 1291 1467 pturas,
1309 1435 1380 1457 cum
1405 1424 1557 1457 omnibus
1583 1429 1614 1456 et
1638 1424 1774 1466 singulis
1801 1424 1833 1456 in
1859 1423 1905 1456 eis

1170 1477 1338 1516 contentis,
1358 1477 1435 1510 alias
1453 1482 1561 1509 tamen
1584 1477 1680 1510 licitis
1699 1482 1731 1509 et
1748 1477 1903 1516 honestis,

1170 1530 1360 1562 auctoritate
1385 1530 1573 1572 apostolica,
1610 1534 1723 1562 tenore
1752 1539 1907 1572 praesen-

1170 1582 1258 1621 tium,
1285 1581 1511 1615 confirmamus
1531 1587 1563 1614 et
1582 1582 1810 1625 approbamus,
1830 1582 1906 1615 illis-

1170 1646 1232 1679 que
1273 1634 1468 1667 inviolabilis
1511 1634 1710 1677 apostolicae
1747 1634 1905 1667 firmitatis

1169 1689 1268 1721 robur
1293 1688 1476 1727 adiicimus,
1508 1699 1543 1720 ac
1569 1698 1680 1721 omnes
1706 1694 1737 1721 et
1760 1688 1904 1731 singulos

1170 1741 1247 1773 iuris
1272 1746 1303 1773 et
1327 1741 1400 1773 sacti
1426 1741 1588 1780 desectus,
1616 1741 1642 1773 si
1675 1740 1729 1784 qui
1763 1741 1906 1784 desuper

1170 1794 1415 1836 quomodolibet
1434 1793 1676 1833 intervenerint,
1702 1794 1901 1836 supplemus.

1227 1847 1241 1890 ἓ
1274 1847 1305 1880 3.
1342 1847 1563 1880 Decernentes
1588 1845 1675 1889 ipsas
1709 1851 1902 1889 praesentes

1169 1899 1293 1932 litteras
1319 1909 1451 1942 semper
1475 1898 1598 1937 firmas,
1632 1898 1753 1930 validas
1779 1903 1811 1930 et
1836 1897 1904 1931 effi-

1169 1963 1262 1986 caces
1296 1952 1436 1984 existere
1473 1956 1504 1984 et
1539 1951 1628 1990 fore,
1658 1961 1803 1994 suosque
1833 1951 1904 1994 ple-

1169 2006 1278 2038 narios
1311 2009 1343 2037 et
1376 2004 1522 2046 integros
1560 2003 1694 2036 effectus
1728 2003 1838 2036 sortiri
1872 2008 1903 2035 et

1169 2058 1345 2097 obtinere,
1383 2068 1419 2090 ac
1448 2057 1538 2097 illis,
1577 2057 1615 2089 ad
1654 2066 1736 2099 quos
1778 2059 1905 2098 spectat

1169 2116 1202 2143 et
1225 2121 1283 2153 pro
1309 2115 1456 2152 tempore
1481 2108 1663 2152 spectabit,
1694 2108 1727 2140 in
1752 2107 1903 2140 omnibus

1169 2169 1201 2196 et
1225 2173 1282 2205 per
1302 2162 1409 2195 onmia
1434 2161 1619 2204 plenissime
1650 2159 1838 2203 suffragari,
1874 2165 1907 2193 et

1169 2216 1208 2248 ab
1233 2215 1297 2248 illis
1323 2214 1501 2258 respective
1532 2213 1764 2246 inviolabiliter
1793 2213 1906 2245 obser-

1170 2269 1251 2309 vari,
1278 2269 1387 2311 sieque
1418 2268 1450 2300 in
1482 2266 1672 2310 praemissis
1707 2276 1768 2310 per
1806 2276 1905 2309 quos-

1170 2332 1310 2365 cumque
1328 2322 1453 2362 iudices
1469 2321 1652 2354 ordinarios
1672 2325 1705 2353 et
1721 2320 1901 2362 delegatos,

1170 2375 1267 2407 etiam
1285 2384 1456 2407 causarum
1479 2373 1590 2417 palatii
1616 2372 1788 2416 apostolici
1814 2371 1904 2404 audi-

1170 2434 1258 2460 tores
1279 2454 1286 2467 ,
1313 2427 1451 2460 iudicari
1477 2431 1509 2459 et
1534 2425 1661 2459 definiri
1688 2426 1808 2459 debere
1829 2451 1836 2463 ,
1867 2435 1903 2456 ac

1169 2479 1299 2512 irritum
1324 2484 1356 2512 et
1380 2479 1476 2512 inane
1511 2479 1536 2511 si
1562 2488 1657 2511 secus
1683 2488 1785 2521 super
1813 2476 1863 2509 his
1887 2486 1905 2508 a

1207 2595 1216 2619 1
1240 2592 1333 2628 Aptius
1350 2593 1406 2628 lege
1422 2592 1602 2619 obtinuerint
1617 2593 1653 2626 (R.
1670 2590 1717 2625 12).

1926 1872 1929 1875 Ι
1941 1846 2052 1867 Decretum
2070 1851 2096 1866 n·-

1914 1875 1988 1893 filans.

1915 2265 2039 2313 tangi-mun
2051 2266 2098 2288 sub·
