2247 3208
183 197 231 224 An.
255 196 282 223 c.
307 196 373 223 1665
418 186 482 221 370

220 259 248 279 Ad
266 262 284 285 ty
302 264 363 283 ogra-

180 287 232 311 phos
248 288 266 305 ot
304 286 363 305 [blie-

180 313 238 338 pnlas
261 312 306 332 illas
329 317 363 331 ext

180 339 247 358 tendit
260 341 282 358 ut
297 345 317 358 in
331 344 363 358 ru-

180 366 248 386 buca.

201 628 276 650 Libros
285 630 303 648 ot
313 632 362 647 scri-

182 659 252 678 pturas
300 660 363 680 quas-

180 687 270 707 cumque
307 686 362 700 curra

181 710 234 729 lianc
254 709 362 727 materiam

180 735 284 762 prohibet.

212 1783 304 1806 Ulterius
316 1785 368 1805 iudu-

186 1814 369 1833 c112nsib1reser-

188 1843 229 1860 val..

223 2209 333 2229 Decretum
350 2207 375 2227 ir-

191 2239 266 2256 titana.

420 246 435 287 g
460 243 490 276 2.
511 243 683 275 Pweteoea
702 241 914 284 typographis
935 252 971 273 ac
994 240 1113 273 biblio-

376 297 459 339 polis
474 305 625 338 expresse
641 294 860 337 prohibemus,
873 303 912 326 ne
927 293 1112 336 praedictos

377 350 476 382 libros
498 353 529 380 et
554 357 706 379 censuras
731 346 939 390 imprimere,
966 356 1004 378 ac
1029 345 1112 389 typis

375 402 543 440 mandare,
569 399 739 442 minusque
766 399 942 442 impressas
967 398 1110 431 vendere

375 443 514 487 audeant
528 464 562 485 ac
577 457 797 495 praesumant,
808 451 866 483 sub
881 451 994 484 eadem
1004 452 1111 494 poena

375 506 713 540 excommunicationis
731 506 814 538 latae
835 504 1014 538 sententiae
1040 505 1111 548 ipso

376 561 457 593 sacto
483 559 691 592 incurrenda.

418 613 432 655 ᾖ
455 612 487 645 3.
515 612 650 655 Insuper
674 611 781 651 libros,
808 611 983 654 scripturas
1002 616 1033 643 et
1050 610 1112 643 alia

375 676 492 709 opera,
526 665 556 697 in
589 665 706 708 quibus
736 665 919 708 praedictae
957 674 1111 697 censurae

374 719 622 762 quomodolibet
645 718 865 758 continentur,
890 717 1063 750 laudantur
1080 721 1112 749 et

375 772 610 811 defenduntur,
637 771 812 814 apostolica
836 770 1007 803 autoritate
1037 780 1113 813 pro-

374 824 531 864 hibemus,
548 835 584 857 ac
601 834 661 867 pro
686 823 794 856 vetitis
815 822 930 855 haberi
954 823 1110 861 volumus,

374 877 629 920 mandamusque
655 887 694 909 ne
719 876 858 919 amplius
890 875 962 908 illos
990 886 1026 907 ac
1058 874 1112 907 illa

375 932 484 972 legere
503 934 556 962 aut
579 940 678 972 penes
703 940 736 962 se
760 928 900 961 retinere
920 933 1111 971 praesumat,

376 983 431 1015 sed
456 983 602 1014 locorum
628 981 823 1021 Ordinariis,
850 986 905 1013 aut
931 979 1112 1012 haereticae

375 1035 540 1079 pravitatis
558 1034 804 1077 inquisitoribus
826 1034 855 1066 in
881 1033 960 1066 locis
986 1033 1019 1065 in
1043 1032 1113 1076 qui-

375 1088 435 1120 bus
461 1087 684 1120 sanctissimae
719 1085 936 1130 inquisitionis
971 1085 1113 1119 officium

376 1145 551 1180 exercetur,
570 1139 774 1182 consignent,
791 1139 850 1171 sub
869 1141 973 1182 poena
990 1148 1113 1172 excom-

375 1192 614 1232 municationis,
636 1197 671 1224 ut
688 1202 797 1235 supra,
812 1192 883 1235 ipso
908 1191 990 1224 sacto
1009 1190 1114 1224 incur-

376 1248 521 1286 rendae,
549 1246 705 1289 dictisque
731 1245 932 1285 Ordinariis,
957 1250 993 1277 ut
1017 1245 1113 1277 etiam

377 1305 529 1342 tanquam
563 1298 767 1341 Apostolicae
803 1297 894 1330 Sedis
931 1297 1112 1340 delegatis,

378 1363 504 1385 necnon
529 1351 706 1395 praedictis
736 1350 921 1383 haereticae
946 1350 1113 1394 pravitatis

379 1405 644 1448 inquisitoribus,
671 1404 813 1437 districte
838 1404 1055 1447 praecipimus
1082 1409 1115 1436 ut

379 1463 492 1490 contra
511 1462 789 1500 transgressores,
817 1456 1053 1497 inobedientes,
1079 1467 1115 1489 ac

378 1512 518 1544 rebelles
545 1510 718 1553 diligenter
744 1509 909 1553 inquirant
938 1520 974 1542 ac
1003 1519 1116 1553 proce-

380 1564 465 1603 dant,
484 1569 515 1596 et
532 1564 571 1596 ad
596 1563 850 1596 declarationem
867 1562 971 1595 dictae
990 1573 1117 1596 exeom-

378 1616 628 1656 municationis,
655 1621 687 1648 et
719 1616 759 1648 ad
789 1615 868 1648 alias
902 1626 1024 1659 poenas
1057 1626 1115 1659 pro

380 1670 536 1713 gravitate
551 1670 694 1713 ipsorum
712 1668 952 1702 inobedientiae
973 1674 1004 1701 et
1018 1673 1118 1701 trans·

380 1722 557 1766 gressionis
572 1733 631 1766 pro
643 1732 756 1754 eorum
770 1721 904 1754 arbitrio
916 1721 1115 1764 procedanr.

424 1778 438 1820 ἐ
468 1777 488 1808 4
522 1776 672 1809 Ceterum
704 1774 840 1807 ulterius
874 1774 913 1807 de
943 1774 1117 1818 praedictis

381 1829 523 1862 censuris
547 1828 711 1867 iudicium,
730 1828 834 1871 deque
860 1828 1066 1871 opinionibus
1086 1828 1119 1860 in

382 1883 475 1915 dictis
506 1882 595 1915 libris
629 1881 734 1914 Iacobi
767 1881 885 1913 Vei-nat
919 1885 952 1913 et
986 1881 1119 1914 Amadei

381 1935 558 1969 Grimensis
581 1935 751 1975 contentis,
777 1944 905 1967 necnon
930 1935 969 1967 de
995 1934 1066 1967 aliis
1088 1935 1119 1968 in

383 1990 505 2022 eisdem
532 1989 677 2022 censuris
708 1988 888 2031 expressis,
913 1988 977 2021 sive
1011 1989 1043 2021 in
1074 1989 1120 2022 eis

383 2047 658 2085 praememoratae
680 2041 853 2084 opiniones
878 2046 1040 2081 notentur,
1056 2042 1120 2075 sive

384 2106 461 2135 non,
489 2095 582 2128 nobis
600 2106 636 2127 ac
662 2099 792 2128 sanctae
816 2094 889 2127 Sedi
916 2094 1120 2138 Apostolicae

385 2158 600 2181 reservamus.

428 2202 445 2244 ‘g'
470 2201 501 2234 5.
528 2201 747 2234 Decernentes
773 2201 905 2245 insuper
936 2205 1122 2245 praesentes

387 2255 511 2287 litteras
536 2265 664 2297 semper
689 2258 722 2286 et
750 2260 908 2298 perpetuo
934 2254 1057 2287 validas
1092 2260 1124 2287 et

388 2307 533 2339 efficaces
559 2307 696 2339 existere
722 2312 754 2339 et
779 2307 860 2347 sore,
887 2317 1028 2349 suosque
1053 2307 1123 2349 ple-

388 2360 494 2392 narios
521 2365 553 2392 et
576 2360 719 2402 integros
739 2359 868 2392 effeetus
885 2359 993 2393 sortiri
1012 2364 1043 2392 et
1067 2360 1124 2393 ob-

388 2413 506 2454 tinere,
534 2413 645 2456 sicque
673 2422 732 2456 per
761 2423 977 2456 quoscumque
1003 2412 1124 2446 iudices

388 2465 569 2499 ordinarios
594 2470 625 2498 et
651 2465 827 2508 delegatos
846 2465 965 2508 ubique
991 2464 1124 2498 iudicari

429 2582 439 2607 1
464 2579 533 2606 Edit.
554 2579 632 2606 ltlain.
654 2578 716 2615 legit
733 2578 871 2614 procedat
891 2580 927 2615 (n.
944 2579 992 2614 T.).

961 194 1139 217 anLAmUM
1163 193 1313 218 ROMANUM

1155 244 1187 273 et
1211 240 1338 274 definiri
1364 241 1496 283 debere,
1515 243 1641 276 sublata
1661 243 1706 276 eis
1732 247 1889 276 eteorum

1154 292 1288 326 cuilibet
1304 294 1416 337 quavis
1441 295 1535 327 aliter
1553 295 1715 328 iudicandi
1734 300 1766 328 et
1790 295 1889 328 inter-

1155 346 1302 388 pretandi
1344 347 1494 379 facultate
1530 352 1561 379 et
1600 348 1821 387 auctoritate,
1856 358 1920 380 ac-

1153 399 1279 431 irritum
1312 403 1344 431 et
1374 399 1468 432 inane
1501 410 1572 432 esse
1605 400 1764 442 quidquid
1801 410 1890 432 secus

1153 461 1250 494 super
1275 451 1324 484 his
1342 462 1359 484 a
1377 462 1549 494 quoquam,
1566 452 1674 494 quavis
1692 452 1888 491 auctoritate,

1154 504 1292 537 scienter
1316 505 1365 537 vel
1398 504 1610 546 ignoranter,
1643 505 1815 548 contigerit
1846 511 1890 538 at-

1155 557 1282 589 tentari.

1198 609 1262 652 §6.
1285 609 1441 642 'volumus
1472 614 1579 642 autern
1605 615 1640 642 ut
1667 610 1890 653 praesentiunt

1155 662 1394 705 transumptis,
1432 662 1530 695 etiam
1568 662 1760 705 impressis,
1792 673 1889 696 manu

1154 715 1292 748 alicuius
1318 713 1448 748 notarii
1468 715 1591 758 publici
1625 716 1837 759 subscriptis,
1860 721 1888 748 ct

1154 768 1262 810 sigillo
1277 768 1412 804 alicuius
1429 779 1592 811 personae
1611 768 1643 800 in
1665 768 1822 810 dignitate
1840 779 1892 802 ec-

1154 821 1338 853 clesiastica
1367 821 1564 853 constitutae
1596 821 1749 860 munitis,
1776 821 1889 854 eadem

1154 872 1234 906 fides
1260 884 1396 916 prorsus
1434 873 1653 913 adhibeatur,
1690 883 1772 916 quae
1811 873 1890 917 ipsis

1155 926 1369 969 originalibus
1394 925 1511 958 litteris
1536 926 1764 966 adhiberetur,
1791 926 1817 958 si
1843 936 1892 959 es-

1155 984 1227 1011 sent
1251 979 1415 1011 exhibitae
1433 979 1481 1011 vel
1500 983 1663 1011 ostensae.

1199 1032 1213 1074 §
1239 1031 1269 1064 7.
1297 1031 1382 1064 Nulli
1408 1041 1484 1073 ergo
1511 1030 1641 1064 omnino
1667 1030 1835 1064 hominum
1860 1032 1891 1065 li-

1155 1089 1226 1117 ceat
1261 1084 1344 1116 hanc
1388 1089 1530 1116 nostram
1567 1083 1831 1117 constitutionem
1862 1091 1893 1117 et

1156 1137 1394 1170 ordinationem
1412 1137 1601 1180 infringere,
1618 1138 1667 1170 vel
1693 1137 1722 1170 ei
1753 1148 1834 1170 ausu
1852 1142 1893 1170 te-

1155 1190 1296 1223 merario
1321 1190 1503 1230 contraire;
1538 1190 1562 1222 si
1595 1190 1666 1233 quis
1698 1195 1805 1223 autem
1831 1191 1894 1224 hoc

1156 1248 1314 1277 attentare
1340 1243 1611 1287 praesumpserit,
1633 1243 1893 1286 indignationem

1157 1296 1388 1340 omnipotentis
1420 1296 1474 1329 Dei
1500 1307 1537 1329 ac
1560 1297 1728 1329 beatorum
1752 1296 1838 1329 Petri
1863 1302 1896 1329 et

1156 1349 1246 1383 Pauli
1268 1351 1491 1393 apostolorum
1505 1349 1574 1382 eius
1592 1360 1626 1382 se
1646 1349 1773 1382 noverit
1789 1350 1894 1382 incur-

1157 1413 1279 1435 surum.

1200 1456 1314 1488 Datum
1339 1455 1475 1495 Romae,
1503 1455 1590 1498 apud
1614 1454 1645 1488 S.
1673 1454 1806 1488 Mariam
1830 1454 1894 1488 Ma—

1157 1510 1282 1549 iorem,
1314 1519 1398 1541 anno
1437 1508 1671 1541 incarnationis
1707 1508 1894 1541 Dominicae

1157 1572 1292 1601 MDCva,
1318 1572 1361 1595 v11
1387 1561 1541 1594 kalendas
1575 1561 1661 1601 iulii,
1688 1559 1894 1604 pontificatus

1158 1615 1261 1648 nostri
1287 1625 1371 1647 anno
1395 1624 1438 1647 xl.

1194 1675 1252 1703 Dat.
1268 1675 1312 1703 die
1326 1675 1359 1704 25
1375 1674 1461 1702 iunii⁴
1483 1675 1563 1710 1665,
1581 1674 1677 1710 pontif.
1694 1682 1763 1702 anno
1778 1680 1815 1701 xi.

1494 1818 1558 1851 DX.

1163 1898 1310 1933 Concedit
1334 1898 1524 1941 facultatem
1548 1898 1794 1941 conqreyationi
1819 1897 1896 1932 Cas-

1205 1952 1329 1984 sinensi
1350 1951 1483 1986 Ordinis
1496 1951 1601 1984 sancti
1622 1950 1789 1983 Benedicti
1812 1950 1896 1982 alie-

1206 2005 1312 2038 nandi
1337 2006 1419 2037 bona
1443 2005 1578 2037 stabilia
1608 2014 1710 2046 usque
1738 2003 1781 2035 ad
1811 2013 1899 2035 sum-

1207 2069 1295 2090 mam
1319 2062 1442 2090 centum
1465 2057 1637 2099 sexaqinla
1661 2056 1802 2088 duorum
1823 2054 1899 2087 mil-

1209 2111 1292 2143 lium
1320 2113 1556 2152 nonyenlorum
1583 2119 1691 2141 novem
1722 2111 1896 2145 scutorum,

1205 2173 1264 2206 pro
1279 2163 1469 2195 liberatione
1486 2161 1758 2194 monasteriorum
1770 2159 1808 2192 ab
1828 2169 1900 2192 aere

1208 2216 1326 2249 alieno.

1164 2294 1333 2322 Venerabili
1352 2293 1439 2321 fratri
1463 2296 1565 2320 nostro
1585 2292 1740 2320 francisco
1765 2291 1902 2325 episcopo

1203 2339 1362 2366 Portuensi
1390 2339 1417 2365 S.
1449 2339 1481 2365 R.
1509 2338 1538 2364 Ε.
1568 2337 1715 2364 cardinali
1744 2336 1902 2363 Barbetiuo

1200 2386 1384 2417 nuncupato,
1394 2382 1638 2416 congregationis
1647 2379 1837 2408 cassinensis
1852 2379 1903 2407 Or-

1201 2427 1279 2455 dinis
1300 2427 1398 2454 sancti
1413 2425 1567 2453 Benedicti
1587 2425 1664 2459 apud
1683 2432 1737 2452 nos
1753 2427 1784 2451 et.
1800 2424 1903 2451 sedem

1200 2471 1401 2506 Apostolicam
1421 2470 1595 2504 protectori,

1360 2516 1525 2542 Alexander
1545 2515 1623 2548 Papa
1641 2513 1703 2540 vu.

1203 2578 1214 2605 1
1236 2577 1302 2605 Male
1318 2577 1351 2604 ad
1368 2584 1450 2612 marg.
1467 2575 1510 2602 ed.
1527 2574 1606 2602 ltlain.
1621 2574 1705 2602 habet
1719 2573 1789 2602 iulii
1806 2574 1842 2609 (a.
1854 2573 1904 2609 τ.).

1902 654 1945 667 runi
1962 648 2021 669 intes.

1898 194 1945 219 An.
1962 194 1991 219 C.
2015 192 2081 219 1Γ65

1953 624 2080 647 rintunuplo·
