2247 3208
187 241 234 266 λιι.
254 240 281 268 C.
306 241 373 268 1Γ69

224 1198 313 1219 Dubium
338 1204 365 1218 au

184 1225 324 1246 ecclesiastici
347 1231 366 1244 iu

184 1257 248 1275 regno
290 1252 365 1275 Arago-

185 1278 233 1298 niae
257 1284 302 1297 ean·
326 1278 367 1297 sul-

185 1307 233 1325 κιο
248 1304 346 1325 debeant.

224 2411 319 2435 Pontifex
342 2411 376 2432 de-

419 232 483 265 80AE

380 301 494 324 omnes
520 297 551 323 et
574 288 691 332 singuli
718 288 738 321 ii
764 293 952 322 tenerentur
977 293 1009 320 et
1033 288 1115 320 obli-

378 343 442 385 gati
469 348 595 383 essent,
621 342 674 384 qui
700 342 739 374 ad
764 342 958 374 solutionem
984 346 1015 374 et
1038 352 1116 374 con-

377 397 585 429 tributionem
612 395 746 427 subsidii
773 400 804 428 et
827 395 950 438 primae
973 395 1114 428 decimae

376 448 521 480 excusati
546 448 722 491 nuncupati
748 448 779 480 in
805 447 868 481 illis
894 448 1004 490 regnis
1025 452 1116 481 tene-

375 501 492 533 bantur
518 506 548 533 et
573 501 628 533 illa
653 501 832 541 solvebant,
853 501 994 534 decrevit
1011 506 1042 533 et
1063 502 1116 534 de-

378 555 520 587 claravit.
547 553 612 587 Nec
637 564 702 586 non
728 559 803 586 tunc
828 553 974 587 existenti
1001 565 1058 587 suo
1085 560 1116 587 et

376 608 467 640 Sedis
493 607 657 650 praefatae
684 607 715 640 in
741 607 926 640 memoratis
948 608 1116 651 IIispania-

376 670 448 692 rum
474 660 581 702 regnis
608 660 726 693 nuncio
752 661 791 692 ad
818 660 1035 693 omnimodam
1052 661 1116 703 pri-

375 713 590 745 modictarum
614 713 804 753 litterarum,
823 724 895 745 cum
914 713 1062 745 omnibus
1085 718 1115 745 et

376 766 511 808 singulis
537 766 743 798 facultatibus
768 772 799 798 et
824 766 956 805 indultis
989 765 1032 798 ibi
1065 776 1116 798 ex-

377 819 508 862 pressis,
525 819 756 858 executionem,
771 819 857 851 iuxta
873 824 978 851 tamen
994 819 1114 852 decreti

377 877 409 904 et
434 871 662 904 declarationis
688 872 872 904 huiusmodi
902 877 1062 909 tenorem,
1084 877 1115 904 ct

376 927 504 957 servata
516 925 594 958 alias
611 925 798 957 earumdem
811 925 992 957 litterarum
1004 925 1113 964 forma,

375 978 573 1020 procedendi
597 978 778 1010 facultatem
797 978 967 1016 concessit,
990 983 1021 1010 et
1038 978 1115 1010 alias

375 1036 469 1073 prout
506 1030 538 1062 in
574 1030 783 1063 ultimodictis
817 1029 989 1062 Alexandri
1027 1041 1115 1073 prac-

377 1083 556 1116 dccessoris
582 1083 696 1116 litteris
725 1083 851 1126 plenius
887 1083 982 1115 etiam
1015 1083 1116 1115 conti-

377 1141 485 1168 netur.

422 1190 436 1232 g
461 1189 491 1222 3.
519 1189 595 1222 Cum
621 1194 740 1229 autem,
777 1190 861 1222 sicut
892 1190 1026 1233 praefati
1060 1189 1116 1222 Ca-

378 1243 438 1275 roli
458 1243 541 1285 regis
558 1244 688 1276 nomine
706 1244 800 1276 nobis
815 1254 919 1286 nuper
933 1243 1115 1287 expositum

378 1296 456 1334 fuit,
484 1296 515 1328 in
540 1296 751 1329 ultimodictis
776 1296 950 1329 Alexandri
983 1297 1117 1339 praede-

379 1349 516 1382 cessoris
541 1349 657 1382 litteris
685 1360 859 1391 regnorum
885 1355 916 1381 et
939 1348 1117 1392 provincia-

377 1413 448 1434 rum
478 1413 619 1435 coronae
658 1402 837 1444 Aragoniae
875 1402 996 1435 mentio
1033 1402 1117 1435 facta

377 1465 442 1487 non
473 1454 584 1494 suerit,
620 1460 651 1487 ct
684 1454 891 1487 ecclesiastici
929 1455 1116 1487 corumdem

379 1518 554 1549 regnorum
580 1513 610 1540 et
634 1507 894 1550 provinciarum,
928 1507 981 1550 qui
1015 1512 1117 1539 ratam

380 1559 484 1592 dictae
515 1560 657 1593 decimae
689 1561 947 1603 octingentorum
978 1561 1116 1594 millium

381 1613 571 1644 ducatorum
586 1618 733 1645 monetae
745 1614 926 1656 Hispaniae,
938 1614 1020 1646 sicut
1030 1624 1118 1657 prae-

380 1665 537 1706 mittitur,
563 1666 731 1709 impositae
762 1667 906 1699 nondum
932 1667 1114 1707 solverunt,

380 1724 481 1751 ratam
496 1719 561 1751 sive
576 1719 760 1762 portionem
775 1720 918 1752 decimae
935 1720 1117 1753 huiusmodi

382 1781 436 1803 eos
463 1777 647 1814 tangentem
668 1772 754 1804 iuxta
773 1772 907 1805 formam
926 1773 1118 1805 ecclesiasti-

382 1824 427 1856 cis
453 1824 611 1857 <lictorum
637 1835 811 1867 regnorum
830 1825 985 1858 Castellae
1009 1831 1041 1858 et
1064 1826 1118 1858 Le-

383 1877 487 1918 gionis
512 1887 572 1920 per
588 1877 805 1910 ultimodictas
831 1877 1001 1910 Alexandri
1028 1888 1119 1920 prae-

383 1929 563 1961 decessoris
588 1930 711 1962 litteras
736 1929 970 1973 praescriptam
992 1932 1117 1964 solvere

381 1981 447 2014 sive
463 1983 670 2015 contribuere
686 1988 854 2015 recusent:
868 1993 933 2023 nos,
946 1984 1118 2026 specialem

382 2034 468 2067 dicto
494 2035 607 2068 Carolo
633 2035 699 2078 regi
727 2036 861 2078 gratiam
882 2036 1001 2076 facere,
1026 2046 1062 2068 ac
1086 2042 1120 2068 ut

381 2093 449 2119 rata
467 2088 647 2135 scirportio
670 2089 814 2121 decimae
833 2089 1019 2122 huiusmodi
1040 2099 1119 2121 non-

383 2140 457 2172 dum
492 2141 598 2173 soluta
628 2140 667 2173 ab
700 2141 928 2173 ecclesiasticis
961 2141 1119 2174 dictorum

382 2203 557 2235 regnorum
574 2198 606 2226 et
626 2193 867 2236 provinciarum
884 2204 1025 2226 coronae
1048 2194 1120 2226 Ara-

385 2247 500 2288 goniae
526 2246 649 2279 facilius
675 2246 766 2289 exigi,
794 2252 928 2291 taxaque
955 2252 987 2280 et
1011 2258 1121 2291 repar-

386 2298 557 2330 timentum
583 2304 801 2342 opportunum
827 2300 966 2343 desuper
990 2300 1121 2343 expedi-

387 2349 448 2382 tius
481 2351 577 2383 ctiam
614 2351 727 2384 confici
752 2353 898 2393 valeant,
926 2352 1119 2396 providere,

388 2413 516 2436 necnon
543 2404 794 2445 difficultatibus,
813 2416 895 2448 quae
922 2406 1007 2438 circa
1031 2417 1123 2449 prae-

193 2437 214 2457 cl
242 2444 263 2458 .ιι
287 2443 323 2459 eos
348 2441 378 2459 te·
425 2456 430 2461 .

195 2464 248 2488 uri.

389 2467 485 2489 nnssa
510 2457 586 2489 oriri
611 2463 751 2500 possent,
778 2458 918 2499 obviare,
951 2469 987 2492 ac
1020 2469 1124 2492 exem-

389 2510 535 2553 ptionem
559 2521 615 2542 seu
633 2511 856 2553 exceptionem
874 2513 1052 2555 praefatam
1069 2523 1124 2556 pa-

388 2564 466 2596 riter
489 2563 651 2596 moderari
676 2565 841 2605 volentes,
868 2571 955 2598 motu
976 2566 1122 2609 proprio,

391 2626 427 2649 ac
453 2627 488 2649 ex
514 2618 601 2649 certa
626 2616 759 2649 scientia
776 2622 807 2649 et
823 2620 946 2650 matura
964 2619 1125 2652 delibera-

969 240 1149 264 nette-tumn
1173 240 1322 265 ROMANUM

1158 287 1246 320 tione
1269 288 1413 327 nostris,
1439 290 1542 333 deque
1575 294 1771 335 apostolicae
1806 301 1896 338 pote-

1158 341 1248 374 statis
1274 341 1487 384 plenitudine,
1510 344 1613 387 quod,
1640 348 1896 390 eii—parochiales

1159 394 1325 435 ecclesias,
1353 406 1487 438 quarum
1513 402 1656 439 centum,
1684 404 1715 432 et
1737 401 1896 435 beneficia

1158 446 1316 489 simplicia
1339 447 1372 480 in
1397 448 1505 491 regnis
1531 455 1562 481 et
1586 451 1758 492 provinciis
1790 455 1899 488 dictae

1158 510 1299 533 coronae
1317 501 1499 543 Aragoniae
1517 503 1736 545 consistentia,
1755 517 1895 549 quorum

1158 552 1303 585 redditus
1324 554 1422 585 annui
1440 554 1691 598 vigintiquatuor
1709 558 1894 593 ducatorum

1159 604 1226 636 auri
1246 605 1284 638 de
1303 608 1432 638 camera
1449 617 1606 640 summam
1628 611 1808 653 respective
1830 623 1895 646 non

1159 658 1328 706 owed-unt,
1356 658 1592 702 obtinentibus,
1620 662 1658 694 ad
1684 663 1897 698 contributio-

1159 721 1232 742 ncm
1259 716 1289 743 et
1313 710 1508 745 solutionem
1535 719 1622 747 ratae
1648 725 1702 747 seu
1737 717 1895 759 portionis

1159 763 1301 796 decimae
1327 765 1522 805 lmiusn‘iodL
1548 766 1633 799 sicut
1656 769 1894 811 praemittitur,

1160 816 1303 849 nondum
1316 819 1448 858 solutae,
1465 824 1491 851 ct
1509 819 1613 852 adbuc
1629 821 1766 862 debitae,
1782 833 1895 856 omnes

1160 874 1188 899 ct
1215 868 1334 911 singuli
1361 870 1406 902 illi
1435 876 1604 905 teneantur
1620 874 1744 916 pariter
1765 880 1797 907 et
1817 875 1898 909 obli-

1159 921 1223 962 gaii
1249 922 1333 961 sint,
1355 924 1409 965 qui
1435 925 1472 956 ad
1499 926 1692 959 solutionem
1719 932 1750 960 et
1777 929 1896 961 contri-

1159 974 1328 1007 butionem
1361 977 1494 1009 subsidii
1530 984 1561 1011 et
1596 980 1717 1022 primae
1752 982 1895 1015 decimae

1159 1028 1304 1060 etrcusali
1328 1031 1505 1073 nuncupati
1532 1032 1564 1063 in
1590 1032 1712 1065 eisdem
1736 1034 1844 1077 regnis
1866 1041 1897 1067 et

1159 1081 1332 1122 provinciis
1363 1092 1502 1116 coronae
1534 1085 1714 1127 Aragoniae
1746 1092 1898 1120 tenentur

1159 1137 1189 1165 et
1215 1133 1269 1166 illa
1294 1135 1430 1175 solvunt,
1459 1141 1571 1170 tenore
1596 1138 1818 1181 praesentium
1843 1140 1898 1173 de-

1159 1187 1333 1228 cernimus,
1353 1188 1504 1223 similiter
1529 1196 1561 1223 et
1577 1190 1797 1233 declaramus3
1825 1193 1898 1226 tibi-

1160 1249 1222 1281 que
1255 1240 1294 1272 ad
1328 1242 1545 1275 omnimodam
1580 1244 1794 1286 praefatarum
1826 1246 1899 1279 Ale-

1160 1291 1272 1324 xandri
1309 1294 1571 1335 praedecessoris
1608 1296 1790 1329 litterarum
1827 1309 1897 1331 cum

1159 1346 1308 1378 omnibus
1333 1351 1365 1379 et
1389 1347 1522 1390 singulis
1551 1349 1756 1382 facultatibus
1787 1357 1819 1384 et
1850 1351 1899 1384 in-

1161 1398 1257 1431 dultis
1282 1398 1325 1431 ibi
1351 1401 1510 1442 expressis
1538 1402 1783 1443 executionem,
1813 1404 1898 1437 iuxta

1162 1457 1265 1484 tamen
1292 1453 1415 1485 decreti
1442 1459 1474 1486 et
1498 1454 1726 1488 declarationis
1749 1457 1783 1488 in
1807 1467 1900 1500 prae-

1160 1504 1304 1537 sentibus
1329 1506 1443 1538 litteris
1468 1517 1697 1550 expressorum
1729 1514 1896 1549 tenorem,

1161 1562 1193 1589 et
1211 1560 1336 1590 servata
1356 1559 1445 1597 alias,
1465 1559 1497 1590 in
1518 1559 1556 1592 iis
1574 1570 1655 1602 quae
1675 1562 1898 1603 praesentibus

1160 1619 1225 1641 non
1246 1610 1496 1651 contrariantur,
1520 1613 1705 1645 earumdem
1724 1613 1897 1646 Alexandri

1160 1662 1416 1704 praedecessoris
1441 1663 1623 1697 litterarum
1647 1666 1761 1707 forma,
1787 1677 1900 1710 proce-

1161 1715 1270 1756 dendi,
1296 1717 1472 1759 apostolica
1497 1718 1694 1759 auctoritate,
1711 1720 1900 1752 earumdem

1160 1773 1273 1801 tenore
1299 1771 1526 1812 praesentium,
1546 1772 1685 1815 plenam,
1712 1772 1848 1805 liberam
1869 1778 1901 1805 et

1160 1822 1300 1864 amplam
1322 1822 1504 1856 facultatem
1530 1829 1562 1857 et
1583 1824 1804 1858 auctoritatem
1821 1835 1899 1858 con-

1161 1875 1308 1907 cedimus
1334 1881 1365 1908 et
1389 1876 1606 1919 impartimur.

1204 1927 1273 1969 gli.
1307 1927 1376 1960 Non
1410 1929 1613 1962 obstantibus
1651 1931 1803 1974 praefatis
1828 1930 1901 1963 Ale-

1161 1981 1273 2013 xandri
1306 1982 1568 2024 praedecessoris
1605 1983 1743 2025 litteris,
1770 1994 1900 2017 necnon

1162 2034 1314 2066 omnibus
1336 2040 1366 2067 et
1384 2035 1518 2077 singulis
1534 2036 1610 2076 illis,
1629 2047 1711 2080 quae
1728 2037 1761 2069 in
1779 2037 1901 2070 eisdem

1903 247 1952 275 An.
1970 247 1998 275 C.
2023 247 2088 275 ¹069

1910 1941 2022 1962 Gonu-³:12
2033 1941 2096 1964 tottii.

1161 2087 1276 2120 litteris
1303 2098 1460 2121 concessa
1485 2094 1559 2121 sunt
1590 2100 1654 2122 non
1681 2091 1829 2130 obstare,
1852 2093 1914 2122 ce-'

1163 2140 1303 2183 terisque
1328 2141 1496 2173 contrariis
1522 2142 1792 2186 quibuscumque.

1206 2193 1319 2226 Datum
1343 2194 1484 2235 Romae,
1511 2196 1595 2238 apud
1625 2196 1656 2228 S.
1684 2196 1813 2228 Mariam
1839 2196 1902 2229 Ma-

1162 2246 1276 2285 iorem,
1299 2247 1359 2279 sub
1384 2249 1505 2280 annulo
1539 2248 1735 2288 piscatoris,
1776 2248 1829 2281 die
1864 2257 1901 2281 111

1163 2299 1232 2332 iulii
1264 2309 1427 2341 MDCLXIX,
1462 2301 1672 2343 pontificatus
1710 2301 1815 2334 nostri
1847 2311 1903 2333 an·

1164 2364 1206 2386 no
1228 2363 1276 2386 111.

1200 2415 1260 2442 Dat.
1278 2414 1321 2443 die
1336 2415 1352 2442 3
1371 2415 1429 2443 iulii
1448 2416 1524 2451 1669,
1545 2416 1640 2452 pontif.
1655 2423 1787 2460 annomul.

1436 2561 1646 2573 ,πῄ--
