<?xml version="1.0" encoding="UTF-8"?>
<!DOCTYPE html PUBLIC "-//W3C//DTD XHTML 1.0 Transitional//EN"
    "http://www.w3.org/TR/xhtml1/DTD/xhtml1-transitional.dtd">
<html xmlns="http://www.w3.org/1999/xhtml" xml:lang="en" lang="en">
 <head>
  <title>
</title>
<meta http-equiv="Content-Type" content="text/html;charset=utf-8" />
  <meta name='ocr-system' content='tesseract 3.04.00' />
  <meta name='ocr-capabilities' content='ocr_page ocr_carea ocr_par ocr_line ocrx_word'/>
</head>
<body>
  <div class='ocr_page' id='page_1' title='image "./bullarumdiplomat17cath_0085.png"; bbox 0 0 2247 3208; ppageno 0'>
   <div class='ocr_carea' id='block_1_1' title="bbox 107 237 293 266">
    <p class='ocr_par' dir='ltr' id='par_1_1' title="bbox 107 237 293 266">
     <span class='ocr_line' id='line_1_1' title="bbox 107 237 293 266; baseline 0.005 -2"><span class='ocrx_word' id='word_1_1' title='bbox 107 239 160 264; x_wconf 74' lang='grc' dir='ltr'>Μ.</span> <span class='ocrx_word' id='word_1_2' title='bbox 176 237 204 265; x_wconf 84' lang='lat' dir='ltr'>C.</span> <span class='ocrx_word' id='word_1_3' title='bbox 227 238 293 266; x_wconf 71' lang='lat'>1662</span> 
     </span>
    </p>
   </div>
   <div class='ocr_carea' id='block_1_2' title="bbox 132 1729 272 1756">
    <p class='ocr_par' dir='ltr' id='par_1_2' title="bbox 132 1729 272 1756">
     <span class='ocr_line' id='line_1_2' title="bbox 132 1729 272 1756; baseline 0.007 -6"><span class='ocrx_word' id='word_1_4' title='bbox 132 1729 272 1756; x_wconf 59' lang='lat' dir='ltr'>supplicatio,</span> 
     </span>
    </p>
   </div>
   <div class='ocr_carea' id='block_1_3' title="bbox 890 236 1811 328">
    <p class='ocr_par' dir='ltr' id='par_1_3' title="bbox 890 236 1811 328">
     <span class='ocr_line' id='line_1_3' title="bbox 890 236 1217 260; baseline 0 -1"><span class='ocrx_word' id='word_1_5' title='bbox 890 236 1077 260; x_wconf 60' lang='lat' dir='ltr'>⁴xmzxxxnnn</span> <span class='ocrx_word' id='word_1_6' title='bbox 1101 237 1145 260; x_wconf 80' lang='lat' dir='ltr'>vn</span> <span class='ocrx_word' id='word_1_7' title='bbox 1171 237 1217 260; x_wconf 67' lang='lat'>1³1³.</span> 
     </span>
     <span class='ocr_line' id='line_1_4' title="bbox 1058 282 1811 328; baseline -0.003 -11"><span class='ocrx_word' id='word_1_8' title='bbox 1058 285 1150 321; x_wconf 57' lang='lat' dir='ltr'>{dam</span> <span class='ocrx_word' id='word_1_9' title='bbox 1177 282 1328 316; x_wconf 74' lang='lat' dir='ltr'>stabilivit</span> <span class='ocrx_word' id='word_1_10' title='bbox 1356 282 1477 316; x_wconf 84' lang='lat' dir='ltr'>tenoris</span> <span class='ocrx_word' id='word_1_11' title='bbox 1505 283 1557 328; x_wconf 82' lang='lat' dir='ltr'>qui</span> <span class='ocrx_word' id='word_1_12' title='bbox 1584 283 1741 328; x_wconf 85' lang='lat' dir='ltr'>sequitur,</span> <span class='ocrx_word' id='word_1_13' title='bbox 1768 283 1811 315; x_wconf 72' lang='lat' dir='ltr'>ri—</span> 
     </span>
    </p>
   </div>
   <div class='ocr_carea' id='block_1_4' title="bbox 306 284 1042 328">
    <p class='ocr_par' dir='ltr' id='par_1_4' title="bbox 306 284 1042 328">
     <span class='ocr_line' id='line_1_5' title="bbox 306 284 1042 328; baseline -0.003 -10"><span class='ocrx_word' id='word_1_14' title='bbox 306 285 481 325; x_wconf 63' lang='lat' dir='ltr'>indutibus,</span> <span class='ocrx_word' id='word_1_15' title='bbox 496 284 678 328; x_wconf 71' lang='lat' dir='ltr'>privilegiis</span> <span class='ocrx_word' id='word_1_16' title='bbox 697 294 838 328; x_wconf 81' lang='lat' dir='ltr'>quoque,</span> <span class='ocrx_word' id='word_1_17' title='bbox 862 284 993 316; x_wconf 88' lang='lat' dir='ltr'>indultis</span> <span class='ocrx_word' id='word_1_18' title='bbox 1013 290 1042 317; x_wconf 85' lang='lat' dir='ltr'>et</span> 
     </span>
    </p>
   </div>
   <div class='ocr_carea' id='block_1_5' title="bbox 306 332 1214 382">
    <p class='ocr_par' dir='ltr' id='par_1_5' title="bbox 306 332 1214 382">
     <span class='ocr_line' id='line_1_6' title="bbox 306 332 1214 382; baseline -0.001 -10"><span class='ocrx_word' id='word_1_19' title='bbox 306 339 423 372; x_wconf 86' lang='lat' dir='ltr'>litteris</span> <span class='ocrx_word' id='word_1_20' title='bbox 449 338 639 382; x_wconf 81' lang='lat' dir='ltr'>apostolicis</span> <span class='ocrx_word' id='word_1_21' title='bbox 665 338 696 370; x_wconf 90' lang='lat' dir='ltr'>in</span> <span class='ocrx_word' id='word_1_22' title='bbox 723 338 923 371; x_wconf 81' lang='lat' dir='ltr'>contrarium</span> <span class='ocrx_word' id='word_1_23' title='bbox 948 332 1214 381; x_wconf 68' lang='lat' dir='ltr'>prae-ldotivot:</span> 
     </span>
    </p>
   </div>
   <div class='ocr_carea' id='block_1_6' title="bbox 305 391 1043 1178">
    <p class='ocr_par' dir='ltr' id='par_1_6' title="bbox 306 391 1043 912">
     <span class='ocr_line' id='line_1_7' title="bbox 306 391 1043 434; baseline -0.005 -9"><span class='ocrx_word' id='word_1_24' title='bbox 306 393 481 425; x_wconf 84' lang='lat' dir='ltr'>missoriun</span> <span class='ocrx_word' id='word_1_25' title='bbox 508 391 756 434; x_wconf 77' lang='lat' dir='ltr'>quomodolibet</span> <span class='ocrx_word' id='word_1_26' title='bbox 785 391 961 428; x_wconf 68' lang='lat' dir='ltr'>concessis..</span> <span class='ocrx_word' id='word_1_27' title='bbox 988 402 1043 433; x_wconf 82' lang='lat' dir='ltr'>ap-</span> 
     </span>
     <span class='ocr_line' id='line_1_8' title="bbox 306 444 1040 488; baseline -0.003 -11"><span class='ocrx_word' id='word_1_28' title='bbox 306 445 453 488; x_wconf 82' lang='lat' dir='ltr'>probatis</span> <span class='ocrx_word' id='word_1_29' title='bbox 479 450 508 476; x_wconf 80' lang='lat' dir='ltr'>et</span> <span class='ocrx_word' id='word_1_30' title='bbox 536 445 718 484; x_wconf 71' lang='lat' dir='ltr'>innovatis;</span> <span class='ocrx_word' id='word_1_31' title='bbox 745 444 859 487; x_wconf 86' lang='lat' dir='ltr'>quibus</span> <span class='ocrx_word' id='word_1_32' title='bbox 890 444 1040 476; x_wconf 87' lang='lat' dir='ltr'>omnibus</span> 
     </span>
     <span class='ocr_line' id='line_1_9' title="bbox 307 496 1040 540; baseline -0.001 -11"><span class='ocrx_word' id='word_1_33' title='bbox 307 503 339 529; x_wconf 78' lang='lat' dir='ltr'>et.</span> <span class='ocrx_word' id='word_1_34' title='bbox 356 497 501 538; x_wconf 69' lang='lat' dir='ltr'>singulis,</span> <span class='ocrx_word' id='word_1_35' title='bbox 517 497 647 531; x_wconf 85' lang='lat' dir='ltr'>illorum</span> <span class='ocrx_word' id='word_1_36' title='bbox 665 503 795 530; x_wconf 71' lang='lat' dir='ltr'>tenores</span> <span class='ocrx_word' id='word_1_37' title='bbox 813 496 1040 540; x_wconf 80' lang='lat' dir='ltr'>praesentibus</span> 
     </span>
     <span class='ocr_line' id='line_1_10' title="bbox 306 549 1040 594; baseline 0 -13"><span class='ocrx_word' id='word_1_38' title='bbox 306 562 366 594; x_wconf 83' lang='lat' dir='ltr'>pro</span> <span class='ocrx_word' id='word_1_39' title='bbox 400 552 497 594; x_wconf 80' lang='lat' dir='ltr'>plene</span> <span class='ocrx_word' id='word_1_40' title='bbox 524 556 553 583; x_wconf 83' lang='lat' dir='ltr'>et</span> <span class='ocrx_word' id='word_1_41' title='bbox 581 550 779 583; x_wconf 68' lang='lat' dir='ltr'>sufficienter</span> <span class='ocrx_word' id='word_1_42' title='bbox 808 549 972 593; x_wconf 83' lang='lat' dir='ltr'>expressis</span> <span class='ocrx_word' id='word_1_43' title='bbox 1006 560 1040 581; x_wconf 88' lang='lat' dir='ltr'>ac</span> 
     </span>
     <span class='ocr_line' id='line_1_11' title="bbox 307 602 1040 647; baseline -0.003 -12"><span class='ocrx_word' id='word_1_44' title='bbox 307 603 346 635; x_wconf 87' lang='grc'>(10</span> <span class='ocrx_word' id='word_1_45' title='bbox 372 604 471 647; x_wconf 75' lang='lat' dir='ltr'>rerbo</span> <span class='ocrx_word' id='word_1_46' title='bbox 498 604 536 635; x_wconf 81' lang='lat' dir='ltr'>ad</span> <span class='ocrx_word' id='word_1_47' title='bbox 562 603 696 635; x_wconf 85' lang='lat' dir='ltr'>verbum</span> <span class='ocrx_word' id='word_1_48' title='bbox 714 602 844 634; x_wconf 88' lang='lat' dir='ltr'>insertis</span> <span class='ocrx_word' id='word_1_49' title='bbox 871 602 1040 641; x_wconf 83' lang='lat' dir='ltr'>habentes,</span> 
     </span>
     <span class='ocr_line' id='line_1_12' title="bbox 306 655 1040 698; baseline -0.001 -10"><span class='ocrx_word' id='word_1_50' title='bbox 306 656 369 689; x_wconf 85' lang='lat' dir='ltr'>illis</span> <span class='ocrx_word' id='word_1_51' title='bbox 395 656 473 688; x_wconf 76' lang='lat' dir='ltr'>alias</span> <span class='ocrx_word' id='word_1_52' title='bbox 504 656 535 688; x_wconf 90' lang='lat' dir='ltr'>in</span> <span class='ocrx_word' id='word_1_53' title='bbox 559 666 617 688; x_wconf 92' lang='lat' dir='ltr'>suo</span> <span class='ocrx_word' id='word_1_54' title='bbox 649 655 769 687; x_wconf 79' lang='lat' dir='ltr'>robore</span> <span class='ocrx_word' id='word_1_55' title='bbox 803 655 1040 698; x_wconf 84' lang='lat' dir='ltr'>permansuris,</span> 
     </span>
     <span class='ocr_line' id='line_1_13' title="bbox 307 708 1041 753; baseline -0.001 -11"><span class='ocrx_word' id='word_1_56' title='bbox 307 711 344 743; x_wconf 91' lang='lat' dir='ltr'>ad</span> <span class='ocrx_word' id='word_1_57' title='bbox 379 710 634 753; x_wconf 82' lang='lat' dir='ltr'>praemissorum</span> <span class='ocrx_word' id='word_1_58' title='bbox 669 708 845 749; x_wconf 71' lang='lat' dir='ltr'>ellectum,</span> <span class='ocrx_word' id='word_1_59' title='bbox 880 709 939 741; x_wconf 86' lang='lat' dir='ltr'>hae</span> <span class='ocrx_word' id='word_1_60' title='bbox 972 708 1041 742; x_wconf 86' lang='lat' dir='ltr'>vice</span> 
     </span>
     <span class='ocr_line' id='line_1_14' title="bbox 307 763 1042 806; baseline -0.001 -10"><span class='ocrx_word' id='word_1_61' title='bbox 307 764 483 803; x_wconf 73' lang='lat' dir='ltr'>dumtaxat,</span> <span class='ocrx_word' id='word_1_62' title='bbox 503 763 692 806; x_wconf 70' lang='lat' dir='ltr'>specialiter</span> <span class='ocrx_word' id='word_1_63' title='bbox 716 768 748 794; x_wconf 87' lang='lat' dir='ltr'>et</span> <span class='ocrx_word' id='word_1_64' title='bbox 772 773 926 806; x_wconf 79' lang='lat' dir='ltr'>expresse</span> <span class='ocrx_word' id='word_1_65' title='bbox 947 763 1042 795; x_wconf 83' lang='lat' dir='ltr'>dero-</span> 
     </span>
     <span class='ocr_line' id='line_1_15' title="bbox 307 815 1042 859; baseline -0.001 -11"><span class='ocrx_word' id='word_1_66' title='bbox 307 826 430 859; x_wconf 80' lang='lat' dir='ltr'>gamus;</span> <span class='ocrx_word' id='word_1_67' title='bbox 448 816 631 859; x_wconf 83' lang='lat' dir='ltr'>ceterisque</span> <span class='ocrx_word' id='word_1_68' title='bbox 647 815 820 848; x_wconf 70' lang='lat' dir='ltr'>contrariis</span> <span class='ocrx_word' id='word_1_69' title='bbox 836 815 1042 858; x_wconf 85' lang='lat' dir='ltr'>quibuscum-</span> 
     </span>
     <span class='ocr_line' id='line_1_16' title="bbox 307 879 380 912; baseline 0.014 -12"><span class='ocrx_word' id='word_1_70' title='bbox 307 879 380 912; x_wconf 88' lang='lat' dir='ltr'>que.</span> 
     </span>
    </p>

    <p class='ocr_par' dir='ltr' id='par_1_7' title="bbox 305 920 1042 1113">
     <span class='ocr_line' id='line_1_17' title="bbox 348 920 1042 965; baseline 0 -12"><span class='ocrx_word' id='word_1_71' title='bbox 348 921 460 953; x_wconf 87' lang='lat' dir='ltr'>Datum</span> <span class='ocrx_word' id='word_1_72' title='bbox 487 921 621 961; x_wconf 82' lang='lat' dir='ltr'>Romae,</span> <span class='ocrx_word' id='word_1_73' title='bbox 649 921 733 965; x_wconf 85' lang='lat' dir='ltr'>apud</span> <span class='ocrx_word' id='word_1_74' title='bbox 764 920 794 954; x_wconf 82' lang='lat' dir='ltr'>S.</span> <span class='ocrx_word' id='word_1_75' title='bbox 823 920 953 953; x_wconf 86' lang='lat' dir='ltr'>Mariani</span> <span class='ocrx_word' id='word_1_76' title='bbox 979 920 1042 953; x_wconf 79' lang='lat' dir='ltr'>Ma-</span> 
     </span>
     <span class='ocr_line' id='line_1_18' title="bbox 305 974 1041 1014; baseline 0.001 -8"><span class='ocrx_word' id='word_1_77' title='bbox 305 974 430 1014; x_wconf 83' lang='lat' dir='ltr'>iorem,</span> <span class='ocrx_word' id='word_1_78' title='bbox 457 975 516 1007; x_wconf 86' lang='lat' dir='ltr'>sub</span> <span class='ocrx_word' id='word_1_79' title='bbox 550 976 669 1007; x_wconf 83' lang='lat' dir='ltr'>annulo</span> <span class='ocrx_word' id='word_1_80' title='bbox 702 974 902 1014; x_wconf 75' lang='lat' dir='ltr'>Piscatoris,</span> <span class='ocrx_word' id='word_1_81' title='bbox 935 974 985 1007; x_wconf 87' lang='lat' dir='ltr'>die</span> <span class='ocrx_word' id='word_1_82' title='bbox 1012 985 1041 1007; x_wconf 68' lang='lat' dir='ltr'><strong>n</strong></span> 
     </span>
     <span class='ocr_line' id='line_1_19' title="bbox 307 1027 1042 1071; baseline 0.001 -12"><span class='ocrx_word' id='word_1_83' title='bbox 307 1027 433 1070; x_wconf 77' lang='lat' dir='ltr'>augusti</span> <span class='ocrx_word' id='word_1_84' title='bbox 458 1037 598 1067; x_wconf 71' lang='lat' dir='ltr'>noemi,</span> <span class='ocrx_word' id='word_1_85' title='bbox 625 1027 831 1071; x_wconf 78' lang='lat' dir='ltr'>pontificatus</span> <span class='ocrx_word' id='word_1_86' title='bbox 856 1028 961 1060; x_wconf 87' lang='lat' dir='ltr'>nostri</span> <span class='ocrx_word' id='word_1_87' title='bbox 987 1034 1042 1060; x_wconf 56' lang='grc'>11114</span> 
     </span>
     <span class='ocr_line' id='line_1_20' title="bbox 307 1090 444 1113; baseline 0.015 -2"><span class='ocrx_word' id='word_1_88' title='bbox 307 1090 349 1112; x_wconf 92' lang='lat' dir='ltr'>no</span> <span class='ocrx_word' id='word_1_89' title='bbox 375 1090 444 1113; x_wconf 75' lang='lat' dir='ltr'>v111.</span> 
     </span>
    </p>

    <p class='ocr_par' dir='ltr' id='par_1_8' title="bbox 343 1141 995 1178">
     <span class='ocr_line' id='line_1_21' title="bbox 343 1141 995 1178; baseline 0 -10"><span class='ocrx_word' id='word_1_90' title='bbox 343 1141 401 1168; x_wconf 85' lang='lat' dir='ltr'>Dat.</span> <span class='ocrx_word' id='word_1_91' title='bbox 418 1141 460 1168; x_wconf 81' lang='lat' dir='ltr'>die</span> <span class='ocrx_word' id='word_1_92' title='bbox 477 1142 505 1169; x_wconf 88' lang='lat'>11</span> <span class='ocrx_word' id='word_1_93' title='bbox 523 1142 629 1178; x_wconf 83' lang='lat' dir='ltr'>augusti</span> <span class='ocrx_word' id='word_1_94' title='bbox 647 1142 724 1176; x_wconf 66' lang='lat'>1562,</span> <span class='ocrx_word' id='word_1_95' title='bbox 741 1142 834 1177; x_wconf 83' lang='lat' dir='ltr'>pontif.</span> <span class='ocrx_word' id='word_1_96' title='bbox 852 1150 921 1169; x_wconf 86' lang='lat' dir='ltr'>anno</span> <span class='ocrx_word' id='word_1_97' title='bbox 938 1148 995 1168; x_wconf 86' lang='lat' dir='ltr'>vni.</span> 
     </span>
    </p>
   </div>
   <div class='ocr_carea' id='block_1_7' title="bbox 637 1283 709 1317">
    <p class='ocr_par' dir='ltr' id='par_1_9' title="bbox 637 1283 709 1317">
     <span class='ocr_line' id='line_1_22' title="bbox 637 1283 709 1317; baseline -0.014 0"><span class='ocrx_word' id='word_1_98' title='bbox 637 1283 709 1317; x_wconf 87' lang='lat' dir='ltr'>CDI.</span> 
     </span>
    </p>
   </div>
   <div class='ocr_carea' id='block_1_8' title="bbox 308 1363 1042 1558">
    <p class='ocr_par' dir='ltr' id='par_1_10' title="bbox 308 1363 1042 1558">
     <span class='ocr_line' id='line_1_23' title="bbox 308 1363 1042 1407; baseline -0.001 -9"><span class='ocrx_word' id='word_1_99' title='bbox 308 1363 514 1406; x_wconf 77' lang='lat' dir='ltr'>Confirmatio</span> <span class='ocrx_word' id='word_1_100' title='bbox 527 1365 649 1406; x_wconf 80' lang='lat' dir='ltr'>formae</span> <span class='ocrx_word' id='word_1_101' title='bbox 663 1374 723 1407; x_wconf 76' lang='lat' dir='ltr'>pro</span> <span class='ocrx_word' id='word_1_102' title='bbox 737 1363 886 1397; x_wconf 75' lang='lat' dir='ltr'>electione</span> <span class='ocrx_word' id='word_1_103' title='bbox 898 1364 1042 1397; x_wconf 72' lang='lat' dir='ltr'>discreto-</span> 
     </span>
     <span class='ocr_line' id='line_1_24' title="bbox 349 1418 1042 1461; baseline 0.001 -11"><span class='ocrx_word' id='word_1_104' title='bbox 349 1429 424 1450; x_wconf 79' lang='lat' dir='ltr'>rum</span> <span class='ocrx_word' id='word_1_105' title='bbox 448 1418 604 1450; x_wconf 67' lang='lat' dir='ltr'>vocalium</span> <span class='ocrx_word' id='word_1_106' title='bbox 625 1418 764 1461; x_wconf 75' lang='lat' dir='ltr'>capituli</span> <span class='ocrx_word' id='word_1_107' title='bbox 787 1418 948 1461; x_wconf 69' lang='lat' dir='ltr'>qeneralis</span> <span class='ocrx_word' id='word_1_108' title='bbox 970 1419 1042 1452; x_wconf 82' lang='lat' dir='ltr'>Con-</span> 
     </span>
     <span class='ocr_line' id='line_1_25' title="bbox 348 1471 1038 1514; baseline 0.003 -12"><span class='ocrx_word' id='word_1_109' title='bbox 348 1471 547 1514; x_wconf 66' lang='lat' dir='ltr'>9regyali0nis</span> <span class='ocrx_word' id='word_1_110' title='bbox 575 1471 730 1503; x_wconf 75' lang='lat' dir='ltr'>secularis</span> <span class='ocrx_word' id='word_1_111' title='bbox 757 1471 947 1503; x_wconf 76' lang='lat' dir='ltr'>clericorum</span> <span class='ocrx_word' id='word_1_112' title='bbox 972 1471 1038 1504; x_wconf 87' lang='lat' dir='ltr'>Do-</span> 
     </span>
     <span class='ocr_line' id='line_1_26' title="bbox 350 1523 938 1558; baseline 0 -1"><span class='ocrx_word' id='word_1_113' title='bbox 350 1525 474 1557; x_wconf 79' lang='lat' dir='ltr'>ctrinae</span> <span class='ocrx_word' id='word_1_114' title='bbox 501 1525 708 1558; x_wconf 77' lang='lat' dir='ltr'>Christianae</span> <span class='ocrx_word' id='word_1_115' title='bbox 732 1525 768 1557; x_wconf 76' lang='lat' dir='ltr'>in</span> <span class='ocrx_word' id='word_1_116' title='bbox 794 1524 905 1558; x_wconf 78' lang='lat' dir='ltr'>Gallia</span> <span class='ocrx_word' id='word_1_117' title='bbox 920 1523 938 1557; x_wconf 87' lang='lat'>¹.</span> 
     </span>
    </p>
   </div>
   <div class='ocr_carea' id='block_1_9' title="bbox 445 1604 896 1676">
    <p class='ocr_par' dir='ltr' id='par_1_11' title="bbox 445 1604 896 1676">
     <span class='ocr_line' id='line_1_27' title="bbox 498 1604 842 1637; baseline -0.003 -6"><span class='ocrx_word' id='word_1_118' title='bbox 498 1604 663 1631; x_wconf 83' lang='lat' dir='ltr'>Alexander</span> <span class='ocrx_word' id='word_1_119' title='bbox 682 1605 760 1637; x_wconf 85' lang='lat' dir='ltr'>Papa</span> <span class='ocrx_word' id='word_1_120' title='bbox 779 1604 842 1636; x_wconf 78' lang='lat' dir='ltr'>vn,</span> 
     </span>
     <span class='ocr_line' id='line_1_28' title="bbox 445 1649 896 1676; baseline 0 0"><span class='ocrx_word' id='word_1_121' title='bbox 445 1651 480 1676; x_wconf 79' lang='lat' dir='ltr'>ad</span> <span class='ocrx_word' id='word_1_122' title='bbox 501 1650 631 1676; x_wconf 83' lang='lat' dir='ltr'>futuram</span> <span class='ocrx_word' id='word_1_123' title='bbox 651 1649 695 1676; x_wconf 82' lang='lat' dir='ltr'>rei</span> <span class='ocrx_word' id='word_1_124' title='bbox 716 1649 896 1676; x_wconf 81' lang='lat' dir='ltr'>memoriam.</span> 
     </span>
    </p>
   </div>
   <div class='ocr_carea' id='block_1_10' title="bbox 303 1720 1043 2552">
    <p class='ocr_par' dir='ltr' id='par_1_12' title="bbox 303 1720 1043 2552">
     <span class='ocr_line' id='line_1_29' title="bbox 348 1720 1040 1764; baseline 0 -10"><span class='ocrx_word' id='word_1_125' title='bbox 348 1721 363 1764; x_wconf 64' lang='grc' dir='ltr'>ξ</span> <span class='ocrx_word' id='word_1_126' title='bbox 380 1721 411 1754; x_wconf 78' lang='grc'>1.</span> <span class='ocrx_word' id='word_1_127' title='bbox 431 1720 557 1764; x_wconf 77' lang='lat' dir='ltr'>Exponi</span> <span class='ocrx_word' id='word_1_128' title='bbox 575 1721 670 1754; x_wconf 84' lang='lat' dir='ltr'>nobis</span> <span class='ocrx_word' id='word_1_129' title='bbox 685 1731 790 1764; x_wconf 87' lang='lat' dir='ltr'>nuper</span> <span class='ocrx_word' id='word_1_130' title='bbox 811 1721 887 1754; x_wconf 84' lang='lat' dir='ltr'>fecit</span> <span class='ocrx_word' id='word_1_131' title='bbox 904 1721 1040 1754; x_wconf 85' lang='lat' dir='ltr'>dilectus</span> 
     </span>
     <span class='ocr_line' id='line_1_30' title="bbox 303 1774 1042 1819; baseline 0.001 -12"><span class='ocrx_word' id='word_1_132' title='bbox 303 1774 387 1807; x_wconf 85' lang='lat' dir='ltr'>filius</span> <span class='ocrx_word' id='word_1_133' title='bbox 398 1774 590 1807; x_wconf 86' lang='lat' dir='ltr'>Franciscus</span> <span class='ocrx_word' id='word_1_134' title='bbox 606 1775 709 1814; x_wconf 71' lang='lat' dir='ltr'>Arias,</span> <span class='ocrx_word' id='word_1_135' title='bbox 728 1776 901 1819; x_wconf 71' lang='lat' dir='ltr'>presbyter</span> <span class='ocrx_word' id='word_1_136' title='bbox 915 1781 947 1808; x_wconf 89' lang='lat' dir='ltr'>et</span> <span class='ocrx_word' id='word_1_137' title='bbox 966 1787 1042 1819; x_wconf 81' lang='lat' dir='ltr'>pro-</span> 
     </span>
     <span class='ocr_line' id='line_1_31' title="bbox 305 1827 1041 1871; baseline 0.001 -11"><span class='ocrx_word' id='word_1_138' title='bbox 305 1832 438 1860; x_wconf 80' lang='lat' dir='ltr'>curator</span> <span class='ocrx_word' id='word_1_139' title='bbox 461 1828 625 1870; x_wconf 77' lang='lat' dir='ltr'>generalis</span> <span class='ocrx_word' id='word_1_140' title='bbox 651 1827 921 1871; x_wconf 44' lang='lat' dir='ltr'>Congregatisnis</span> <span class='ocrx_word' id='word_1_141' title='bbox 948 1839 1041 1861; x_wconf 83' lang='lat' dir='ltr'>secu-</span> 
     </span>
     <span class='ocr_line' id='line_1_32' title="bbox 304 1881 1038 1915; baseline 0 -1"><span class='ocrx_word' id='word_1_142' title='bbox 304 1881 382 1914; x_wconf 86' lang='lat' dir='ltr'>laris</span> <span class='ocrx_word' id='word_1_143' title='bbox 409 1881 604 1914; x_wconf 85' lang='lat' dir='ltr'>clericorum</span> <span class='ocrx_word' id='word_1_144' title='bbox 634 1881 806 1913; x_wconf 77' lang='lat' dir='ltr'>Doctrinae</span> <span class='ocrx_word' id='word_1_145' title='bbox 837 1881 1038 1915; x_wconf 70' lang='lat' dir='ltr'>Christianae</span> 
     </span>
     <span class='ocr_line' id='line_1_33' title="bbox 304 1933 1040 1977; baseline 0.001 -11"><span class='ocrx_word' id='word_1_146' title='bbox 304 1933 337 1966; x_wconf 90' lang='lat' dir='ltr'>in</span> <span class='ocrx_word' id='word_1_147' title='bbox 363 1933 474 1973; x_wconf 86' lang='lat' dir='ltr'>Gallia,</span> <span class='ocrx_word' id='word_1_148' title='bbox 502 1934 597 1977; x_wconf 86' lang='lat' dir='ltr'>quod,</span> <span class='ocrx_word' id='word_1_149' title='bbox 625 1945 695 1966; x_wconf 84' lang='lat' dir='ltr'>cum</span> <span class='ocrx_word' id='word_1_150' title='bbox 722 1943 781 1966; x_wconf 85' lang='lat' dir='ltr'>nos</span> <span class='ocrx_word' id='word_1_151' title='bbox 806 1944 867 1977; x_wconf 88' lang='lat' dir='ltr'>per</span> <span class='ocrx_word' id='word_1_152' title='bbox 886 1935 1040 1977; x_wconf 74' lang='lat' dir='ltr'>quasdam</span> 
     </span>
     <span class='ocr_line' id='line_1_34' title="bbox 303 1986 1039 2020; baseline 0 -1"><span class='ocrx_word' id='word_1_153' title='bbox 303 1992 434 2020; x_wconf 79' lang='lat' dir='ltr'>nostras</span> <span class='ocrx_word' id='word_1_154' title='bbox 467 1986 499 2018; x_wconf 88' lang='lat' dir='ltr'>in</span> <span class='ocrx_word' id='word_1_155' title='bbox 530 1986 626 2018; x_wconf 79' lang='lat' dir='ltr'>simili</span> <span class='ocrx_word' id='word_1_156' title='bbox 651 1987 755 2019; x_wconf 77' lang='lat' dir='ltr'>forma</span> <span class='ocrx_word' id='word_1_157' title='bbox 780 1986 890 2019; x_wconf 75' lang='lat' dir='ltr'>Brevis</span> <span class='ocrx_word' id='word_1_158' title='bbox 917 1986 1039 2019; x_wconf 79' lang='lat' dir='ltr'>litteras</span> 
     </span>
     <span class='ocr_line' id='line_1_35' title="bbox 305 2038 1041 2082; baseline 0.001 -11"><span class='ocrx_word' id='word_1_159' title='bbox 305 2039 437 2072; x_wconf 75' lang='lat' dir='ltr'>eorum²</span> <span class='ocrx_word' id='word_1_160' title='bbox 461 2049 631 2071; x_wconf 83' lang='lat' dir='ltr'>numerum</span> <span class='ocrx_word' id='word_1_161' title='bbox 649 2038 808 2071; x_wconf 75' lang='lat' dir='ltr'>vocalium</span> <span class='ocrx_word' id='word_1_162' title='bbox 829 2039 961 2082; x_wconf 87' lang='lat' dir='ltr'>capituli</span> <span class='ocrx_word' id='word_1_163' title='bbox 987 2050 1041 2082; x_wconf 73' lang='lat' dir='ltr'>ge-</span> 
     </span>
     <span class='ocr_line' id='line_1_36' title="bbox 304 2092 1041 2135; baseline 0.001 -11"><span class='ocrx_word' id='word_1_164' title='bbox 304 2092 426 2125; x_wconf 87' lang='lat' dir='ltr'>neralis</span> <span class='ocrx_word' id='word_1_165' title='bbox 441 2092 545 2125; x_wconf 82' lang='lat' dir='ltr'>dictae</span> <span class='ocrx_word' id='word_1_166' title='bbox 559 2092 829 2135; x_wconf 69' lang='lat' dir='ltr'>Congregationis</span> <span class='ocrx_word' id='word_1_167' title='bbox 845 2093 1041 2125; x_wconf 84' lang='lat' dir='ltr'>determina-</span> 
     </span>
     <span class='ocr_line' id='line_1_37' title="bbox 304 2145 1041 2189; baseline -0.001 -11"><span class='ocrx_word' id='word_1_168' title='bbox 304 2146 458 2185; x_wconf 76' lang='lat' dir='ltr'>verimus,</span> <span class='ocrx_word' id='word_1_169' title='bbox 474 2151 506 2177; x_wconf 84' lang='lat' dir='ltr'>et</span> <span class='ocrx_word' id='word_1_170' title='bbox 531 2145 618 2177; x_wconf 80' lang='lat' dir='ltr'>inter</span> <span class='ocrx_word' id='word_1_171' title='bbox 634 2145 708 2178; x_wconf 86' lang='lat' dir='ltr'>illos</span> <span class='ocrx_word' id='word_1_172' title='bbox 727 2146 806 2178; x_wconf 79' lang='lat' dir='ltr'>duos</span> <span class='ocrx_word' id='word_1_173' title='bbox 821 2157 881 2189; x_wconf 85' lang='lat' dir='ltr'>pro</span> <span class='ocrx_word' id='word_1_174' title='bbox 897 2146 1041 2189; x_wconf 82' lang='lat' dir='ltr'>qualibet</span> 
     </span>
     <span class='ocr_line' id='line_1_38' title="bbox 304 2198 1041 2243; baseline -0.001 -11"><span class='ocrx_word' id='word_1_175' title='bbox 304 2198 472 2243; x_wconf 74' lang='lat' dir='ltr'>provincia</span> <span class='ocrx_word' id='word_1_176' title='bbox 497 2198 600 2242; x_wconf 87' lang='lat' dir='ltr'>ipsius</span> <span class='ocrx_word' id='word_1_177' title='bbox 622 2198 892 2241; x_wconf 69' lang='lat' dir='ltr'>Congregatioflis</span> <span class='ocrx_word' id='word_1_178' title='bbox 919 2199 1041 2231; x_wconf 82' lang='lat' dir='ltr'>discre-</span> 
     </span>
     <span class='ocr_line' id='line_1_39' title="bbox 305 2251 1040 2294; baseline 0.001 -11"><span class='ocrx_word' id='word_1_179' title='bbox 305 2256 355 2284; x_wconf 86' lang='lat' dir='ltr'>tos</span> <span class='ocrx_word' id='word_1_180' title='bbox 382 2251 457 2294; x_wconf 75' lang='lat' dir='ltr'>eligi</span> <span class='ocrx_word' id='word_1_181' title='bbox 483 2251 699 2290; x_wconf 81' lang='lat' dir='ltr'>voluerimus,</span> <span class='ocrx_word' id='word_1_182' title='bbox 727 2262 785 2283; x_wconf 81' lang='lat' dir='ltr'>nee</span> <span class='ocrx_word' id='word_1_183' title='bbox 811 2253 908 2284; x_wconf 89' lang='lat' dir='ltr'>ullam</span> <span class='ocrx_word' id='word_1_184' title='bbox 934 2257 1040 2284; x_wconf 85' lang='lat' dir='ltr'>tamen</span> 
     </span>
     <span class='ocr_line' id='line_1_40' title="bbox 304 2304 1040 2348; baseline 0 -11"><span class='ocrx_word' id='word_1_185' title='bbox 304 2305 337 2337; x_wconf 92' lang='lat' dir='ltr'>in</span> <span class='ocrx_word' id='word_1_186' title='bbox 355 2304 478 2337; x_wconf 87' lang='lat' dir='ltr'>eisdem</span> <span class='ocrx_word' id='word_1_187' title='bbox 496 2304 614 2337; x_wconf 78' lang='lat' dir='ltr'>litteris</span> <span class='ocrx_word' id='word_1_188' title='bbox 632 2316 692 2348; x_wconf 84' lang='lat' dir='ltr'>pro</span> <span class='ocrx_word' id='word_1_189' title='bbox 715 2305 861 2337; x_wconf 78' lang='lat' dir='ltr'>facienda</span> <span class='ocrx_word' id='word_1_190' title='bbox 880 2304 1040 2337; x_wconf 83' lang='lat' dir='ltr'>dictorum</span> 
     </span>
     <span class='ocr_line' id='line_1_41' title="bbox 305 2357 1042 2401; baseline -0.003 -10"><span class='ocrx_word' id='word_1_191' title='bbox 305 2357 522 2391; x_wconf 83' lang='lat' dir='ltr'>discretorum</span> <span class='ocrx_word' id='word_1_192' title='bbox 534 2357 694 2391; x_wconf 71' lang='lat' dir='ltr'>electione</span> <span class='ocrx_word' id='word_1_193' title='bbox 710 2358 846 2390; x_wconf 86' lang='lat' dir='ltr'>sormam</span> <span class='ocrx_word' id='word_1_194' title='bbox 856 2358 1042 2401; x_wconf 79' lang='lat' dir='ltr'>praescrip-</span> 
     </span>
     <span class='ocr_line' id='line_1_42' title="bbox 304 2411 1040 2454; baseline 0 -10"><span class='ocrx_word' id='word_1_195' title='bbox 304 2411 460 2451; x_wconf 85' lang='lat' dir='ltr'>serimus,</span> <span class='ocrx_word' id='word_1_196' title='bbox 491 2411 605 2443; x_wconf 85' lang='lat' dir='ltr'>eadem</span> <span class='ocrx_word' id='word_1_197' title='bbox 630 2411 841 2454; x_wconf 71' lang='lat' dir='ltr'>congregatio</span> <span class='ocrx_word' id='word_1_198' title='bbox 867 2411 899 2443; x_wconf 87' lang='lat' dir='ltr'>in</span> <span class='ocrx_word' id='word_1_199' title='bbox 926 2411 1040 2444; x_wconf 85' lang='lat' dir='ltr'>ultimo</span> 
     </span>
     <span class='ocr_line' id='line_1_43' title="bbox 305 2464 1041 2508; baseline 0.001 -11"><span class='ocrx_word' id='word_1_200' title='bbox 305 2464 376 2497; x_wconf 88' lang='lat' dir='ltr'>eius</span> <span class='ocrx_word' id='word_1_201' title='bbox 401 2464 545 2508; x_wconf 81' lang='lat' dir='ltr'>capitulo</span> <span class='ocrx_word' id='word_1_202' title='bbox 571 2464 716 2506; x_wconf 77' lang='lat' dir='ltr'>generali</span> <span class='ocrx_word' id='word_1_203' title='bbox 747 2464 885 2497; x_wconf 78' lang='lat' dir='ltr'>sormam</span> <span class='ocrx_word' id='word_1_204' title='bbox 918 2464 948 2496; x_wconf 92' lang='lat' dir='ltr'>in</span> <span class='ocrx_word' id='word_1_205' title='bbox 976 2465 1041 2497; x_wconf 83' lang='lat' dir='ltr'>ele-</span> 
     </span>
     <span class='ocr_line' id='line_1_44' title="bbox 305 2517 1043 2552; baseline -0.001 -1"><span class='ocrx_word' id='word_1_206' title='bbox 305 2518 414 2552; x_wconf 83' lang='lat' dir='ltr'>ctione</span> <span class='ocrx_word' id='word_1_207' title='bbox 444 2517 661 2550; x_wconf 79' lang='lat' dir='ltr'>discretorum</span> <span class='ocrx_word' id='word_1_208' title='bbox 694 2517 880 2551; x_wconf 86' lang='lat' dir='ltr'>huiusmodi</span> <span class='ocrx_word' id='word_1_209' title='bbox 909 2528 1043 2551; x_wconf 68' lang='lat' dir='ltr'>serran-</span> 
     </span>
    </p>
   </div>
   <div class='ocr_carea' id='block_1_11' title="bbox 339 2588 923 2668">
    <p class='ocr_par' dir='ltr' id='par_1_13' title="bbox 339 2588 923 2668">
     <span class='ocr_line' id='line_1_45' title="bbox 340 2588 811 2624; baseline -0.004 -8"><span class='ocrx_word' id='word_1_210' title='bbox 340 2591 352 2616; x_wconf 86' lang='lat'><strong>1</strong></span> <span class='ocrx_word' id='word_1_211' title='bbox 375 2589 413 2615; x_wconf 81' lang='lat' dir='ltr'>Ex</span> <span class='ocrx_word' id='word_1_212' title='bbox 432 2589 539 2624; x_wconf 85' lang='lat' dir='ltr'>Regest.</span> <span class='ocrx_word' id='word_1_213' title='bbox 561 2589 589 2615; x_wconf 89' lang='lat' dir='ltr'>in</span> <span class='ocrx_word' id='word_1_214' title='bbox 608 2588 709 2615; x_wconf 88' lang='lat' dir='ltr'>Secret.</span> <span class='ocrx_word' id='word_1_215' title='bbox 731 2589 811 2614; x_wconf 83' lang='lat' dir='ltr'>Brev.</span> 
     </span>
     <span class='ocr_line' id='line_1_46' title="bbox 339 2631 923 2668; baseline -0.003 -8"><span class='ocrx_word' id='word_1_216' title='bbox 339 2633 357 2660; x_wconf 82' lang='lat'><strong>2</strong></span> <span class='ocrx_word' id='word_1_217' title='bbox 375 2633 477 2660; x_wconf 83' lang='lat' dir='ltr'>Forsan</span> <span class='ocrx_word' id='word_1_218' title='bbox 497 2641 546 2659; x_wconf 74' lang='lat' dir='ltr'>vox</span> <span class='ocrx_word' id='word_1_219' title='bbox 564 2641 664 2661; x_wconf 77' lang='lat' dir='ltr'>eorum</span> <span class='ocrx_word' id='word_1_220' title='bbox 684 2631 799 2659; x_wconf 83' lang='lat' dir='ltr'>delenda</span> <span class='ocrx_word' id='word_1_221' title='bbox 818 2632 857 2667; x_wconf 81' lang='lat' dir='ltr'>(n.</span> <span class='ocrx_word' id='word_1_222' title='bbox 875 2632 923 2668; x_wconf 86' lang='lat' dir='ltr'>T.).</span> 
     </span>
    </p>
   </div>
   <div class='ocr_carea' id='block_1_12' title="bbox 1055 981 1062 2652">
    <p class='ocr_par' dir='ltr' id='par_1_14' title="bbox 1055 981 1062 2652">
     <span class='ocr_line' id='line_1_47' title="bbox 1055 981 1062 2652; baseline 0 0"><span class='ocrx_word' id='word_1_223' title='bbox 1055 981 1062 2652; x_wconf 95' lang='lat' dir='ltr'> </span> 
     </span>
    </p>
   </div>
   <div class='ocr_carea' id='block_1_13' title="bbox 1075 391 1813 1925">
    <p class='ocr_par' dir='ltr' id='par_1_15' title="bbox 1075 391 1813 1925">
     <span class='ocr_line' id='line_1_48' title="bbox 1119 391 1811 436; baseline 0 -12"><span class='ocrx_word' id='word_1_224' title='bbox 1119 392 1133 433; x_wconf 70' lang='grc' dir='ltr'>,ξ</span> <span class='ocrx_word' id='word_1_225' title='bbox 1151 391 1180 424; x_wconf 67' lang='grc'>9..</span> <span class='ocrx_word' id='word_1_226' title='bbox 1204 405 1214 421; x_wconf 75' lang='grc' dir='ltr'>α</span> <span class='ocrx_word' id='word_1_227' title='bbox 1228 391 1342 425; x_wconf 80' lang='lat' dir='ltr'>Debito</span> <span class='ocrx_word' id='word_1_228' title='bbox 1362 398 1511 435; x_wconf 81' lang='lat' dir='ltr'>tompore</span> <span class='ocrx_word' id='word_1_229' title='bbox 1530 404 1546 425; x_wconf 85' lang='lat' dir='ltr'>a</span> <span class='ocrx_word' id='word_1_230' title='bbox 1566 397 1657 436; x_wconf 83' lang='lat' dir='ltr'>patre</span> <span class='ocrx_word' id='word_1_231' title='bbox 1676 391 1811 436; x_wconf 92' lang='lat' dir='ltr'>provin-</span> 
     </span>
     <span class='ocr_line' id='line_1_49' title="bbox 1077 443 1809 488; baseline 0.003 -12"><span class='ocrx_word' id='word_1_232' title='bbox 1077 443 1150 476; x_wconf 81' lang='lat' dir='ltr'>ciali</span> <span class='ocrx_word' id='word_1_233' title='bbox 1181 445 1383 487; x_wconf 54' lang='lat' dir='ltr'>designando</span> <span class='ocrx_word' id='word_1_234' title='bbox 1413 446 1642 488; x_wconf 82' lang='lat' dir='ltr'>unusquisque</span> <span class='ocrx_word' id='word_1_235' title='bbox 1668 444 1809 485; x_wconf 85' lang='lat' dir='ltr'>vocalis,</span> 
     </span>
     <span class='ocr_line' id='line_1_50' title="bbox 1076 496 1812 541; baseline 0.005 -14"><span class='ocrx_word' id='word_1_236' title='bbox 1076 496 1166 539; x_wconf 85' lang='lat' dir='ltr'>prius</span> <span class='ocrx_word' id='word_1_237' title='bbox 1200 497 1278 529; x_wconf 84' lang='lat' dir='ltr'>susis</span> <span class='ocrx_word' id='word_1_238' title='bbox 1311 498 1349 530; x_wconf 85' lang='lat' dir='ltr'>ad</span> <span class='ocrx_word' id='word_1_239' title='bbox 1382 498 1483 530; x_wconf 82' lang='lat' dir='ltr'>Deum</span> <span class='ocrx_word' id='word_1_240' title='bbox 1508 499 1670 541; x_wconf 83' lang='lat' dir='ltr'>precibus,</span> <span class='ocrx_word' id='word_1_241' title='bbox 1697 499 1812 531; x_wconf 82' lang='lat' dir='ltr'>scribit</span> 
     </span>
     <span class='ocr_line' id='line_1_51' title="bbox 1077 549 1811 591; baseline 0.007 -11"><span class='ocrx_word' id='word_1_242' title='bbox 1077 549 1107 581; x_wconf 86' lang='lat' dir='ltr'>in</span> <span class='ocrx_word' id='word_1_243' title='bbox 1134 551 1196 582; x_wconf 77' lang='lat' dir='ltr'>una</span> <span class='ocrx_word' id='word_1_244' title='bbox 1221 551 1380 583; x_wconf 69' lang='lat' dir='ltr'>schedula</span> <span class='ocrx_word' id='word_1_245' title='bbox 1406 551 1486 583; x_wconf 79' lang='lat' dir='ltr'>duos</span> <span class='ocrx_word' id='word_1_246' title='bbox 1511 552 1709 591; x_wconf 83' lang='lat' dir='ltr'>sacerdotes,</span> <span class='ocrx_word' id='word_1_247' title='bbox 1732 553 1811 585; x_wconf 85' lang='lat' dir='ltr'>alte-</span> 
     </span>
     <span class='ocr_line' id='line_1_52' title="bbox 1077 605 1808 645; baseline 0.004 -11"><span class='ocrx_word' id='word_1_248' title='bbox 1077 613 1146 635; x_wconf 87' lang='lat' dir='ltr'>rum</span> <span class='ocrx_word' id='word_1_249' title='bbox 1161 608 1333 643; x_wconf 82' lang='lat' dir='ltr'>rectorem,</span> <span class='ocrx_word' id='word_1_250' title='bbox 1351 609 1383 636; x_wconf 86' lang='lat' dir='ltr'>et</span> <span class='ocrx_word' id='word_1_251' title='bbox 1399 614 1464 636; x_wconf 89' lang='lat' dir='ltr'>non</span> <span class='ocrx_word' id='word_1_252' title='bbox 1480 610 1641 637; x_wconf 85' lang='lat' dir='ltr'>rectorem</span> <span class='ocrx_word' id='word_1_253' title='bbox 1659 605 1808 645; x_wconf 80' lang='lat' dir='ltr'>alterum,</span> 
     </span>
     <span class='ocr_line' id='line_1_53' title="bbox 1077 655 1810 698; baseline 0.004 -12"><span class='ocrx_word' id='word_1_254' title='bbox 1077 666 1159 698; x_wconf 84' lang='lat' dir='ltr'>quos</span> <span class='ocrx_word' id='word_1_255' title='bbox 1185 655 1328 698; x_wconf 78' lang='lat' dir='ltr'>aptiores</span> <span class='ocrx_word' id='word_1_256' title='bbox 1345 656 1461 689; x_wconf 89' lang='lat' dir='ltr'>adhoc</span> <span class='ocrx_word' id='word_1_257' title='bbox 1487 667 1606 689; x_wconf 90' lang='lat' dir='ltr'>munus</span> <span class='ocrx_word' id='word_1_258' title='bbox 1625 656 1656 688; x_wconf 93' lang='lat' dir='ltr'>in</span> <span class='ocrx_word' id='word_1_259' title='bbox 1674 657 1810 690; x_wconf 89' lang='lat' dir='ltr'>Domino</span> 
     </span>
     <span class='ocr_line' id='line_1_54' title="bbox 1076 709 1809 753; baseline 0.001 -12"><span class='ocrx_word' id='word_1_260' title='bbox 1076 709 1292 750; x_wconf 80' lang='lat' dir='ltr'>iudicaverit;</span> <span class='ocrx_word' id='word_1_261' title='bbox 1330 710 1506 743; x_wconf 79' lang='lat' dir='ltr'>schedulae</span> <span class='ocrx_word' id='word_1_262' title='bbox 1544 710 1740 753; x_wconf 76' lang='lat' dir='ltr'>colligentur</span> <span class='ocrx_word' id='word_1_263' title='bbox 1779 711 1809 743; x_wconf 91' lang='lat' dir='ltr'>in</span> 
     </span>
     <span class='ocr_line' id='line_1_55' title="bbox 1077 762 1810 805; baseline 0.005 -11"><span class='ocrx_word' id='word_1_264' title='bbox 1077 762 1266 796; x_wconf 79' lang='lat' dir='ltr'>fasciculum</span> <span class='ocrx_word' id='word_1_265' title='bbox 1302 774 1421 802; x_wconf 88' lang='lat' dir='ltr'>unum,</span> <span class='ocrx_word' id='word_1_266' title='bbox 1448 763 1554 805; x_wconf 70' lang='lat' dir='ltr'>sigillo</span> <span class='ocrx_word' id='word_1_267' title='bbox 1591 763 1706 796; x_wconf 87' lang='lat' dir='ltr'>domus</span> <span class='ocrx_word' id='word_1_268' title='bbox 1744 763 1810 797; x_wconf 83' lang='lat' dir='ltr'>sive</span> 
     </span>
     <span class='ocr_line' id='line_1_56' title="bbox 1076 816 1810 859; baseline 0 -11"><span class='ocrx_word' id='word_1_269' title='bbox 1076 816 1207 858; x_wconf 72' lang='lat' dir='ltr'>collegii</span> <span class='ocrx_word' id='word_1_270' title='bbox 1220 816 1424 859; x_wconf 69' lang='lat' dir='ltr'>signandum,</span> <span class='ocrx_word' id='word_1_271' title='bbox 1441 823 1472 849; x_wconf 87' lang='lat' dir='ltr'>et</span> <span class='ocrx_word' id='word_1_272' title='bbox 1489 828 1505 849; x_wconf 82' lang='lat' dir='ltr'>a</span> <span class='ocrx_word' id='word_1_273' title='bbox 1524 817 1651 850; x_wconf 86' lang='lat' dir='ltr'>duobus</span> <span class='ocrx_word' id='word_1_274' title='bbox 1670 816 1810 850; x_wconf 78' lang='lat' dir='ltr'>subditis</span> 
     </span>
     <span class='ocr_line' id='line_1_57' title="bbox 1077 869 1812 903; baseline 0.003 -2"><span class='ocrx_word' id='word_1_275' title='bbox 1077 869 1241 902; x_wconf 77' lang='lat' dir='ltr'>vocalibus</span> <span class='ocrx_word' id='word_1_276' title='bbox 1275 870 1469 903; x_wconf 85' lang='lat' dir='ltr'>mittendum</span> <span class='ocrx_word' id='word_1_277' title='bbox 1501 870 1540 903; x_wconf 87' lang='lat' dir='ltr'>ad</span> <span class='ocrx_word' id='word_1_278' title='bbox 1566 876 1729 903; x_wconf 87' lang='lat' dir='ltr'>rectorem</span> <span class='ocrx_word' id='word_1_279' title='bbox 1755 871 1812 903; x_wconf 87' lang='lat' dir='ltr'>do-</span> 
     </span>
     <span class='ocr_line' id='line_1_58' title="bbox 1077 923 1810 967; baseline 0.004 -14"><span class='ocrx_word' id='word_1_280' title='bbox 1077 933 1146 954; x_wconf 89' lang='lat' dir='ltr'>mus</span> <span class='ocrx_word' id='word_1_281' title='bbox 1172 923 1317 955; x_wconf 83' lang='lat' dir='ltr'>scrutinii</span> <span class='ocrx_word' id='word_1_282' title='bbox 1344 934 1440 967; x_wconf 83' lang='lat' dir='ltr'>quam</span> <span class='ocrx_word' id='word_1_283' title='bbox 1476 930 1570 967; x_wconf 85' lang='lat' dir='ltr'>pater</span> <span class='ocrx_word' id='word_1_284' title='bbox 1599 923 1810 966; x_wconf 80' lang='lat' dir='ltr'>provincialis</span> 
     </span>
     <span class='ocr_line' id='line_1_59' title="bbox 1077 975 1812 1020; baseline 0.001 -12"><span class='ocrx_word' id='word_1_285' title='bbox 1077 975 1313 1018; x_wconf 74' lang='lat' dir='ltr'>designaverh3</span> <span class='ocrx_word' id='word_1_286' title='bbox 1335 977 1389 1020; x_wconf 85' lang='lat' dir='ltr'>qui</span> <span class='ocrx_word' id='word_1_287' title='bbox 1415 977 1453 1009; x_wconf 83' lang='lat' dir='ltr'>de</span> <span class='ocrx_word' id='word_1_288' title='bbox 1480 977 1668 1020; x_wconf 81' lang='lat' dir='ltr'>receptione</span> <span class='ocrx_word' id='word_1_289' title='bbox 1690 976 1812 1020; x_wconf 87' lang='lat' dir='ltr'>episto-</span> 
     </span>
     <span class='ocr_line' id='line_1_60' title="bbox 1077 1030 1811 1063; baseline 0.001 -2"><span class='ocrx_word' id='word_1_290' title='bbox 1077 1031 1125 1062; x_wconf 83' lang='lat' dir='ltr'>lae</span> <span class='ocrx_word' id='word_1_291' title='bbox 1152 1035 1183 1062; x_wconf 86' lang='lat' dir='ltr'>et</span> <span class='ocrx_word' id='word_1_292' title='bbox 1207 1030 1350 1063; x_wconf 74' lang='lat' dir='ltr'>fasciculi</span> <span class='ocrx_word' id='word_1_293' title='bbox 1381 1030 1615 1063; x_wconf 79' lang='lat' dir='ltr'>schedularum</span> <span class='ocrx_word' id='word_1_294' title='bbox 1647 1035 1811 1063; x_wconf 82' lang='lat' dir='ltr'>rectorem</span> 
     </span>
     <span class='ocr_line' id='line_1_61' title="bbox 1077 1083 1810 1127; baseline 0.001 -12"><span class='ocrx_word' id='word_1_295' title='bbox 1077 1083 1190 1116; x_wconf 84' lang='lat' dir='ltr'>domus</span> <span class='ocrx_word' id='word_1_296' title='bbox 1208 1084 1402 1123; x_wconf 78' lang='lat' dir='ltr'>mittentem,</span> <span class='ocrx_word' id='word_1_297' title='bbox 1418 1084 1657 1127; x_wconf 85' lang='lat' dir='ltr'>quamprimum</span> <span class='ocrx_word' id='word_1_298' title='bbox 1675 1084 1810 1127; x_wconf 88' lang='lat' dir='ltr'>poterit,</span> 
     </span>
     <span class='ocr_line' id='line_1_62' title="bbox 1077 1137 1809 1176; baseline 0.001 -8"><span class='ocrx_word' id='word_1_299' title='bbox 1077 1142 1201 1169; x_wconf 84' lang='lat' dir='ltr'>certum</span> <span class='ocrx_word' id='word_1_300' title='bbox 1218 1137 1322 1176; x_wconf 77' lang='lat' dir='ltr'>saciet,</span> <span class='ocrx_word' id='word_1_301' title='bbox 1338 1142 1379 1176; x_wconf 86' lang='lat' dir='ltr'>ut,</span> <span class='ocrx_word' id='word_1_302' title='bbox 1403 1137 1428 1169; x_wconf 88' lang='lat' dir='ltr'>si</span> <span class='ocrx_word' id='word_1_303' title='bbox 1447 1137 1530 1170; x_wconf 83' lang='lat' dir='ltr'>forte</span> <span class='ocrx_word' id='word_1_304' title='bbox 1550 1142 1637 1170; x_wconf 85' lang='lat' dir='ltr'>esset</span> <span class='ocrx_word' id='word_1_305' title='bbox 1662 1137 1809 1176; x_wconf 84' lang='lat' dir='ltr'>amissus,</span> 
     </span>
     <span class='ocr_line' id='line_1_63' title="bbox 1076 1188 1811 1232; baseline 0.003 -12"><span class='ocrx_word' id='word_1_306' title='bbox 1076 1188 1193 1221; x_wconf 86' lang='lat' dir='ltr'>iterum</span> <span class='ocrx_word' id='word_1_307' title='bbox 1211 1195 1430 1231; x_wconf 76' lang='lat' dir='ltr'>congregetur</span> <span class='ocrx_word' id='word_1_308' title='bbox 1447 1189 1625 1232; x_wconf 83' lang='lat' dir='ltr'>capitulum</span> <span class='ocrx_word' id='word_1_309' title='bbox 1643 1190 1756 1222; x_wconf 90' lang='lat' dir='ltr'>domus</span> <span class='ocrx_word' id='word_1_310' title='bbox 1772 1190 1811 1223; x_wconf 87' lang='lat' dir='ltr'>ad</span> 
     </span>
     <span class='ocr_line' id='line_1_64' title="bbox 1077 1241 1811 1284; baseline 0.003 -11"><span class='ocrx_word' id='word_1_311' title='bbox 1077 1241 1263 1284; x_wconf 74' lang='lat' dir='ltr'>eligendum</span> <span class='ocrx_word' id='word_1_312' title='bbox 1282 1242 1320 1274; x_wconf 85' lang='lat' dir='ltr'>de</span> <span class='ocrx_word' id='word_1_313' title='bbox 1335 1252 1430 1275; x_wconf 81' lang='lat' dir='ltr'>novo.</span> <span class='ocrx_word' id='word_1_314' title='bbox 1446 1242 1523 1275; x_wconf 84' lang='lat' dir='ltr'>Cum</span> <span class='ocrx_word' id='word_1_315' title='bbox 1541 1248 1649 1276; x_wconf 89' lang='lat' dir='ltr'>autem</span> <span class='ocrx_word' id='word_1_316' title='bbox 1668 1243 1811 1276; x_wconf 88' lang='lat' dir='ltr'>omnium</span> 
     </span>
     <span class='ocr_line' id='line_1_65' title="bbox 1077 1296 1813 1339; baseline 0.001 -11"><span class='ocrx_word' id='word_1_317' title='bbox 1077 1296 1248 1328; x_wconf 86' lang='lat' dir='ltr'>domorum</span> <span class='ocrx_word' id='word_1_318' title='bbox 1281 1296 1455 1328; x_wconf 81' lang='lat' dir='ltr'>schedulas</span> <span class='ocrx_word' id='word_1_319' title='bbox 1488 1297 1650 1339; x_wconf 83' lang='lat' dir='ltr'>repererit</span> <span class='ocrx_word' id='word_1_320' title='bbox 1683 1296 1813 1339; x_wconf 84' lang='lat' dir='ltr'>praedi-</span> 
     </span>
     <span class='ocr_line' id='line_1_66' title="bbox 1076 1349 1810 1393; baseline 0.004 -13"><span class='ocrx_word' id='word_1_321' title='bbox 1076 1354 1146 1381; x_wconf 86' lang='lat' dir='ltr'>ctus</span> <span class='ocrx_word' id='word_1_322' title='bbox 1183 1355 1307 1389; x_wconf 83' lang='lat' dir='ltr'>rector,</span> <span class='ocrx_word' id='word_1_323' title='bbox 1335 1354 1535 1391; x_wconf 67' lang='lat' dir='ltr'>congregato</span> <span class='ocrx_word' id='word_1_324' title='bbox 1569 1360 1626 1383; x_wconf 90' lang='grc'>5110</span> <span class='ocrx_word' id='word_1_325' title='bbox 1654 1349 1810 1393; x_wconf 86' lang='lat' dir='ltr'>capitulo,</span> 
     </span>
     <span class='ocr_line' id='line_1_67' title="bbox 1076 1402 1811 1446; baseline 0.003 -12"><span class='ocrx_word' id='word_1_326' title='bbox 1076 1412 1130 1434; x_wconf 87' lang='lat' dir='ltr'>eas</span> <span class='ocrx_word' id='word_1_327' title='bbox 1163 1412 1277 1434; x_wconf 88' lang='lat' dir='ltr'>omnes</span> <span class='ocrx_word' id='word_1_328' title='bbox 1310 1402 1426 1435; x_wconf 81' lang='lat' dir='ltr'>miscet</span> <span class='ocrx_word' id='word_1_329' title='bbox 1461 1403 1570 1446; x_wconf 86' lang='lat' dir='ltr'>prius,</span> <span class='ocrx_word' id='word_1_330' title='bbox 1606 1403 1723 1436; x_wconf 84' lang='lat' dir='ltr'>deinde</span> <span class='ocrx_word' id='word_1_331' title='bbox 1757 1414 1811 1436; x_wconf 80' lang='lat' dir='ltr'>eas</span> 
     </span>
     <span class='ocr_line' id='line_1_68' title="bbox 1076 1455 1812 1498; baseline 0.004 -12"><span class='ocrx_word' id='word_1_332' title='bbox 1076 1465 1188 1487; x_wconf 87' lang='lat' dir='ltr'>omnes</span> <span class='ocrx_word' id='word_1_333' title='bbox 1214 1455 1320 1498; x_wconf 79' lang='lat' dir='ltr'>aperit</span> <span class='ocrx_word' id='word_1_334' title='bbox 1338 1466 1448 1488; x_wconf 84' lang='lat' dir='ltr'>coram</span> <span class='ocrx_word' id='word_1_335' title='bbox 1466 1456 1617 1488; x_wconf 55' lang='lat' dir='ltr'>omnibus</span> <span class='ocrx_word' id='word_1_336' title='bbox 1635 1456 1700 1489; x_wconf 90' lang='lat' dir='ltr'>suis</span> <span class='ocrx_word' id='word_1_337' title='bbox 1718 1467 1812 1489; x_wconf 82' lang='lat' dir='ltr'>voca-</span> 
     </span>
     <span class='ocr_line' id='line_1_69' title="bbox 1076 1508 1812 1553; baseline 0.003 -13"><span class='ocrx_word' id='word_1_338' title='bbox 1076 1508 1172 1547; x_wconf 87' lang='lat' dir='ltr'>libus,</span> <span class='ocrx_word' id='word_1_339' title='bbox 1193 1514 1224 1540; x_wconf 85' lang='lat' dir='ltr'>et</span> <span class='ocrx_word' id='word_1_340' title='bbox 1244 1508 1388 1540; x_wconf 87' lang='lat' dir='ltr'>omnium</span> <span class='ocrx_word' id='word_1_341' title='bbox 1406 1509 1538 1541; x_wconf 83' lang='lat' dir='ltr'>nomina</span> <span class='ocrx_word' id='word_1_342' title='bbox 1555 1509 1587 1541; x_wconf 91' lang='lat' dir='ltr'>in</span> <span class='ocrx_word' id='word_1_343' title='bbox 1609 1509 1672 1542; x_wconf 90' lang='lat' dir='ltr'>illis</span> <span class='ocrx_word' id='word_1_344' title='bbox 1691 1509 1812 1553; x_wconf 81' lang='lat' dir='ltr'>scripta</span> 
     </span>
     <span class='ocr_line' id='line_1_70' title="bbox 1075 1561 1811 1595; baseline 0.003 -2"><span class='ocrx_word' id='word_1_345' title='bbox 1075 1561 1171 1594; x_wconf 86' lang='lat' dir='ltr'>simul</span> <span class='ocrx_word' id='word_1_346' title='bbox 1189 1572 1261 1594; x_wconf 85' lang='lat' dir='ltr'>cum</span> <span class='ocrx_word' id='word_1_347' title='bbox 1280 1562 1405 1594; x_wconf 89' lang='lat' dir='ltr'>duobus</span> <span class='ocrx_word' id='word_1_348' title='bbox 1430 1563 1469 1594; x_wconf 86' lang='lat' dir='ltr'>ab</span> <span class='ocrx_word' id='word_1_349' title='bbox 1496 1562 1620 1595; x_wconf 85' lang='lat' dir='ltr'>eisdem</span> <span class='ocrx_word' id='word_1_350' title='bbox 1645 1562 1811 1595; x_wconf 81' lang='lat' dir='ltr'>vocalibus</span> 
     </span>
     <span class='ocr_line' id='line_1_71' title="bbox 1075 1614 1813 1655; baseline 0.001 -9"><span class='ocrx_word' id='word_1_351' title='bbox 1075 1614 1249 1647; x_wconf 82' lang='lat' dir='ltr'>nominatis</span> <span class='ocrx_word' id='word_1_352' title='bbox 1274 1614 1418 1648; x_wconf 81' lang='lat' dir='ltr'>fideliter</span> <span class='ocrx_word' id='word_1_353' title='bbox 1449 1620 1481 1648; x_wconf 83' lang='lat' dir='ltr'>et</span> <span class='ocrx_word' id='word_1_354' title='bbox 1512 1621 1623 1648; x_wconf 76' lang='lat' dir='ltr'>exacte</span> <span class='ocrx_word' id='word_1_355' title='bbox 1654 1620 1752 1655; x_wconf 82' lang='lat' dir='ltr'>notat,</span> <span class='ocrx_word' id='word_1_356' title='bbox 1781 1620 1813 1648; x_wconf 84' lang='lat' dir='ltr'>et</span> 
     </span>
     <span class='ocr_line' id='line_1_72' title="bbox 1076 1668 1813 1712; baseline 0 -11"><span class='ocrx_word' id='word_1_357' title='bbox 1076 1669 1156 1702; x_wconf 82' lang='lat' dir='ltr'>duos</span> <span class='ocrx_word' id='word_1_358' title='bbox 1175 1669 1248 1702; x_wconf 89' lang='lat' dir='ltr'>illos</span> <span class='ocrx_word' id='word_1_359' title='bbox 1264 1669 1319 1712; x_wconf 83' lang='lat' dir='ltr'>qui</span> <span class='ocrx_word' id='word_1_360' title='bbox 1344 1670 1438 1712; x_wconf 88' lang='lat' dir='ltr'>plura</span> <span class='ocrx_word' id='word_1_361' title='bbox 1462 1669 1637 1702; x_wconf 81' lang='lat' dir='ltr'>habuerint</span> <span class='ocrx_word' id='word_1_362' title='bbox 1659 1668 1813 1711; x_wconf 73' lang='lat' dir='ltr'>suffragia</span> 
     </span>
     <span class='ocr_line' id='line_1_73' title="bbox 1075 1722 1812 1766; baseline 0 -12"><span class='ocrx_word' id='word_1_363' title='bbox 1075 1722 1236 1755; x_wconf 85' lang='lat' dir='ltr'>discretos</span> <span class='ocrx_word' id='word_1_364' title='bbox 1255 1733 1327 1755; x_wconf 83' lang='lat' dir='ltr'>esse</span> <span class='ocrx_word' id='word_1_365' title='bbox 1346 1723 1510 1763; x_wconf 78' lang='lat' dir='ltr'>declarat3</span> <span class='ocrx_word' id='word_1_366' title='bbox 1531 1723 1706 1766; x_wconf 80' lang='lat' dir='ltr'>statimque</span> <span class='ocrx_word' id='word_1_367' title='bbox 1732 1722 1812 1755; x_wconf 86' lang='lat' dir='ltr'>scri-</span> 
     </span>
     <span class='ocr_line' id='line_1_74' title="bbox 1075 1774 1810 1819; baseline 0.001 -13"><span class='ocrx_word' id='word_1_368' title='bbox 1075 1774 1121 1806; x_wconf 85' lang='lat' dir='ltr'>bit</span> <span class='ocrx_word' id='word_1_369' title='bbox 1153 1775 1192 1807; x_wconf 83' lang='lat' dir='ltr'>ad</span> <span class='ocrx_word' id='word_1_370' title='bbox 1224 1780 1352 1818; x_wconf 87' lang='lat' dir='ltr'>patrem</span> <span class='ocrx_word' id='word_1_371' title='bbox 1383 1774 1639 1818; x_wconf 83' lang='lat' dir='ltr'>provincialem,</span> <span class='ocrx_word' id='word_1_372' title='bbox 1668 1775 1721 1819; x_wconf 87' lang='lat' dir='ltr'>qui</span> <span class='ocrx_word' id='word_1_373' title='bbox 1754 1785 1810 1808; x_wconf 84' lang='lat' dir='ltr'>eos</span> 
     </span>
     <span class='ocr_line' id='line_1_75' title="bbox 1075 1827 1813 1872; baseline 0.003 -13"><span class='ocrx_word' id='word_1_374' title='bbox 1075 1827 1247 1868; x_wconf 48' lang='lat' dir='ltr'>monebitfl</span> <span class='ocrx_word' id='word_1_375' title='bbox 1274 1834 1308 1861; x_wconf 91' lang='lat' dir='ltr'>ut</span> <span class='ocrx_word' id='word_1_376' title='bbox 1333 1834 1480 1872; x_wconf 81' lang='lat' dir='ltr'>tempore</span> <span class='ocrx_word' id='word_1_377' title='bbox 1507 1829 1617 1861; x_wconf 86' lang='lat' dir='ltr'>debito</span> <span class='ocrx_word' id='word_1_378' title='bbox 1636 1828 1744 1861; x_wconf 84' lang='lat' dir='ltr'>adsint</span> <span class='ocrx_word' id='word_1_379' title='bbox 1761 1839 1813 1861; x_wconf 87' lang='lat' dir='ltr'>ca-</span> 
     </span>
     <span class='ocr_line' id='line_1_76' title="bbox 1075 1881 1813 1925; baseline 0 -12"><span class='ocrx_word' id='word_1_380' title='bbox 1075 1881 1176 1923; x_wconf 83' lang='lat' dir='ltr'>pitulo</span> <span class='ocrx_word' id='word_1_381' title='bbox 1202 1882 1358 1924; x_wconf 78' lang='lat' dir='ltr'>generali,</span> <span class='ocrx_word' id='word_1_382' title='bbox 1378 1888 1506 1925; x_wconf 84' lang='lat' dir='ltr'>sumpto</span> <span class='ocrx_word' id='word_1_383' title='bbox 1533 1893 1550 1915; x_wconf 85' lang='lat' dir='ltr'>a</span> <span class='ocrx_word' id='word_1_384' title='bbox 1575 1882 1670 1915; x_wconf 90' lang='lat' dir='ltr'>domo</span> <span class='ocrx_word' id='word_1_385' title='bbox 1697 1881 1813 1914; x_wconf 84' lang='lat' dir='ltr'>scruti-</span> 
     </span>
    </p>
   </div>
   <div class='ocr_carea' id='block_1_14' title="bbox 1056 1933 1812 1969">
    <p class='ocr_par' dir='ltr' id='par_1_16' title="bbox 1056 1933 1812 1969">
     <span class='ocr_line' id='line_1_77' title="bbox 1056 1933 1812 1969; baseline 0.003 -4"><span class='ocrx_word' id='word_1_386' title='bbox 1056 1960 1057 1969; x_wconf 66' lang='grc'>,</span> <span class='ocrx_word' id='word_1_387' title='bbox 1075 1933 1118 1965; x_wconf 84' lang='grc'>1111</span> <span class='ocrx_word' id='word_1_388' title='bbox 1145 1945 1222 1967; x_wconf 83' lang='lat' dir='ltr'>suae</span> <span class='ocrx_word' id='word_1_389' title='bbox 1249 1935 1419 1968; x_wconf 84' lang='lat' dir='ltr'>electionis</span> <span class='ocrx_word' id='word_1_390' title='bbox 1446 1934 1632 1967; x_wconf 86' lang='lat' dir='ltr'>testimonio</span> <span class='ocrx_word' id='word_1_391' title='bbox 1647 1946 1665 1967; x_wconf 85' lang='lat' dir='ltr'>a</span> <span class='ocrx_word' id='word_1_392' title='bbox 1682 1940 1812 1967; x_wconf 81' lang='lat' dir='ltr'>rectore</span> 
     </span>
    </p>
   </div>
   <div class='ocr_carea' id='block_1_15' title="bbox 1075 1987 1813 2561">
    <p class='ocr_par' dir='ltr' id='par_1_17' title="bbox 1075 1987 1812 2192">
     <span class='ocr_line' id='line_1_78' title="bbox 1076 1987 1811 2031; baseline 0.001 -12"><span class='ocrx_word' id='word_1_393' title='bbox 1076 1992 1107 2019; x_wconf 86' lang='lat' dir='ltr'>et</span> <span class='ocrx_word' id='word_1_394' title='bbox 1125 1988 1304 2021; x_wconf 83' lang='lat' dir='ltr'>secretario</span> <span class='ocrx_word' id='word_1_395' title='bbox 1323 1988 1409 2021; x_wconf 90' lang='grc'>1111115</span> <span class='ocrx_word' id='word_1_396' title='bbox 1432 1988 1639 2031; x_wconf 60' lang='lat' dir='ltr'>subsignatm</span> <span class='ocrx_word' id='word_1_397' title='bbox 1659 1987 1686 2020; x_wconf 86' lang='lat' dir='ltr'>si</span> <span class='ocrx_word' id='word_1_398' title='bbox 1704 1993 1811 2020; x_wconf 84' lang='lat' dir='ltr'>autem</span> 
     </span>
     <span class='ocr_line' id='line_1_79' title="bbox 1076 2041 1812 2084; baseline 0 -11"><span class='ocrx_word' id='word_1_399' title='bbox 1076 2042 1241 2084; x_wconf 73' lang='lat' dir='ltr'>contingat</span> <span class='ocrx_word' id='word_1_400' title='bbox 1259 2042 1339 2074; x_wconf 89' lang='lat' dir='ltr'>duos</span> <span class='ocrx_word' id='word_1_401' title='bbox 1358 2047 1411 2074; x_wconf 83' lang='lat' dir='ltr'>aut</span> <span class='ocrx_word' id='word_1_402' title='bbox 1436 2043 1549 2084; x_wconf 85' lang='lat' dir='ltr'>plures</span> <span class='ocrx_word' id='word_1_403' title='bbox 1568 2042 1737 2084; x_wconf 86' lang='lat' dir='ltr'>aequalem</span> <span class='ocrx_word' id='word_1_404' title='bbox 1756 2041 1812 2073; x_wconf 80' lang='lat' dir='ltr'>ha-</span> 
     </span>
     <span class='ocr_line' id='line_1_80' title="bbox 1076 2094 1812 2138; baseline -0.001 -10"><span class='ocrx_word' id='word_1_405' title='bbox 1076 2097 1153 2128; x_wconf 81' lang='lat' dir='ltr'>bere</span> <span class='ocrx_word' id='word_1_406' title='bbox 1179 2094 1407 2137; x_wconf 69' lang='lat' dir='ltr'>sutl‘ragiorum</span> <span class='ocrx_word' id='word_1_407' title='bbox 1434 2105 1618 2134; x_wconf 83' lang='lat' dir='ltr'>numerum,</span> <span class='ocrx_word' id='word_1_408' title='bbox 1647 2094 1812 2138; x_wconf 77' lang='lat' dir='ltr'>antiquior</span> 
     </span>
     <span class='ocr_line' id='line_1_81' title="bbox 1075 2147 1808 2192; baseline 0.003 -14"><span class='ocrx_word' id='word_1_409' title='bbox 1075 2148 1280 2192; x_wconf 70' lang='lat' dir='ltr'>professione</span> <span class='ocrx_word' id='word_1_410' title='bbox 1305 2147 1418 2181; x_wconf 80' lang='lat' dir='ltr'>exiliis</span> <span class='ocrx_word' id='word_1_411' title='bbox 1435 2154 1588 2181; x_wconf 83' lang='lat' dir='ltr'>censetur</span> <span class='ocrx_word' id='word_1_412' title='bbox 1602 2148 1761 2180; x_wconf 84' lang='lat' dir='ltr'>discretus</span> <span class='ocrx_word' id='word_1_413' title='bbox 1779 2161 1808 2180; x_wconf 71' lang='grc'>1).</span> 
     </span>
    </p>

    <p class='ocr_par' dir='ltr' id='par_1_18' title="bbox 1075 2201 1813 2561">
     <span class='ocr_line' id='line_1_82' title="bbox 1118 2201 1811 2244; baseline 0.001 -11"><span class='ocrx_word' id='word_1_414' title='bbox 1118 2202 1132 2244; x_wconf 71' lang='grc' dir='ltr'>ξ</span> <span class='ocrx_word' id='word_1_415' title='bbox 1157 2201 1184 2234; x_wconf 65' lang='lat'>⁹2.</span> <span class='ocrx_word' id='word_1_416' title='bbox 1211 2201 1288 2234; x_wconf 84' lang='lat' dir='ltr'>Cum</span> <span class='ocrx_word' id='word_1_417' title='bbox 1314 2207 1430 2241; x_wconf 84' lang='lat' dir='ltr'>autem,</span> <span class='ocrx_word' id='word_1_418' title='bbox 1450 2201 1660 2234; x_wconf 84' lang='lat' dir='ltr'>sicuteadem</span> <span class='ocrx_word' id='word_1_419' title='bbox 1682 2201 1811 2244; x_wconf 74' lang='lat' dir='ltr'>exposi-</span> 
     </span>
     <span class='ocr_line' id='line_1_83' title="bbox 1076 2254 1811 2297; baseline -0.001 -10"><span class='ocrx_word' id='word_1_420' title='bbox 1076 2254 1118 2287; x_wconf 89' lang='lat' dir='ltr'>tio</span> <span class='ocrx_word' id='word_1_421' title='bbox 1140 2255 1367 2297; x_wconf 74' lang='lat' dir='ltr'>subiungebat,</span> <span class='ocrx_word' id='word_1_422' title='bbox 1397 2255 1501 2287; x_wconf 83' lang='lat' dir='ltr'>dictus</span> <span class='ocrx_word' id='word_1_423' title='bbox 1528 2254 1720 2287; x_wconf 81' lang='lat' dir='ltr'>Franciscus</span> <span class='ocrx_word' id='word_1_424' title='bbox 1747 2255 1811 2287; x_wconf 85' lang='lat' dir='ltr'>sor-</span> 
     </span>
     <span class='ocr_line' id='line_1_84' title="bbox 1075 2307 1810 2351; baseline 0 -11"><span class='ocrx_word' id='word_1_425' title='bbox 1075 2319 1159 2340; x_wconf 88' lang='lat' dir='ltr'>mam</span> <span class='ocrx_word' id='word_1_426' title='bbox 1175 2309 1363 2351; x_wconf 82' lang='lat' dir='ltr'>praefatam,</span> <span class='ocrx_word' id='word_1_427' title='bbox 1379 2318 1439 2351; x_wconf 86' lang='lat' dir='ltr'>pro</span> <span class='ocrx_word' id='word_1_428' title='bbox 1454 2307 1590 2341; x_wconf 83' lang='lat' dir='ltr'>firmiori</span> <span class='ocrx_word' id='word_1_429' title='bbox 1605 2314 1637 2340; x_wconf 87' lang='lat' dir='ltr'>et</span> <span class='ocrx_word' id='word_1_430' title='bbox 1650 2307 1810 2341; x_wconf 85' lang='lat' dir='ltr'>stabiliori</span> 
     </span>
     <span class='ocr_line' id='line_1_85' title="bbox 1075 2361 1812 2404; baseline 0.003 -12"><span class='ocrx_word' id='word_1_431' title='bbox 1075 2361 1161 2394; x_wconf 70' lang='lat' dir='ltr'>illius</span> <span class='ocrx_word' id='word_1_432' title='bbox 1185 2361 1415 2394; x_wconf 81' lang='lat' dir='ltr'>observatione</span> <span class='ocrx_word' id='word_1_433' title='bbox 1435 2367 1466 2394; x_wconf 86' lang='lat' dir='ltr'>et</span> <span class='ocrx_word' id='word_1_434' title='bbox 1490 2361 1712 2401; x_wconf 67' lang='lat' dir='ltr'>subsistentia,</span> <span class='ocrx_word' id='word_1_435' title='bbox 1733 2372 1812 2404; x_wconf 86' lang='lat' dir='ltr'>apo-</span> 
     </span>
     <span class='ocr_line' id='line_1_86' title="bbox 1075 2413 1813 2457; baseline 0 -11"><span class='ocrx_word' id='word_1_436' title='bbox 1075 2414 1208 2447; x_wconf 79' lang='lat' dir='ltr'>stolicae</span> <span class='ocrx_word' id='word_1_437' title='bbox 1235 2413 1493 2447; x_wconf 80' lang='lat' dir='ltr'>confirmationis</span> <span class='ocrx_word' id='word_1_438' title='bbox 1520 2420 1651 2446; x_wconf 82' lang='lat' dir='ltr'>nostrae</span> <span class='ocrx_word' id='word_1_439' title='bbox 1670 2414 1813 2457; x_wconf 85' lang='lat' dir='ltr'>patroci-</span> 
     </span>
     <span class='ocr_line' id='line_1_87' title="bbox 1075 2464 1809 2508; baseline -0.001 -10"><span class='ocrx_word' id='word_1_440' title='bbox 1075 2465 1128 2498; x_wconf 85' lang='lat' dir='ltr'>nio</span> <span class='ocrx_word' id='word_1_441' title='bbox 1154 2464 1348 2498; x_wconf 79' lang='lat' dir='ltr'>communiri</span> <span class='ocrx_word' id='word_1_442' title='bbox 1382 2475 1592 2508; x_wconf 81' lang='lat' dir='ltr'>summopere</span> <span class='ocrx_word' id='word_1_443' title='bbox 1623 2464 1809 2497; x_wconf 83' lang='lat' dir='ltr'>desideret:</span> 
     </span>
     <span class='ocr_line' id='line_1_88' title="bbox 1076 2517 1812 2561; baseline -0.001 -11"><span class='ocrx_word' id='word_1_444' title='bbox 1076 2528 1147 2558; x_wconf 85' lang='lat' dir='ltr'>nos,</span> <span class='ocrx_word' id='word_1_445' title='bbox 1176 2519 1283 2561; x_wconf 84' lang='lat' dir='ltr'>ipsum</span> <span class='ocrx_word' id='word_1_446' title='bbox 1308 2517 1517 2550; x_wconf 77' lang='lat' dir='ltr'>Francisoum</span> <span class='ocrx_word' id='word_1_447' title='bbox 1541 2517 1739 2560; x_wconf 79' lang='lat' dir='ltr'>specialibus</span> <span class='ocrx_word' id='word_1_448' title='bbox 1766 2518 1812 2549; x_wconf 81' lang='lat' dir='ltr'>sa-</span> 
     </span>
    </p>
   </div>
   <div class='ocr_carea' id='block_1_16' title="bbox 1074 2587 1812 2667">
    <p class='ocr_par' dir='ltr' id='par_1_19' title="bbox 1074 2587 1812 2667">
     <span class='ocr_line' id='line_1_89' title="bbox 1112 2587 1812 2623; baseline 0.003 -9"><span class='ocrx_word' id='word_1_449' title='bbox 1112 2591 1121 2615; x_wconf 97' lang='lat'>1</span> <span class='ocrx_word' id='word_1_450' title='bbox 1141 2588 1206 2615; x_wconf 79' lang='lat' dir='ltr'>Male</span> <span class='ocrx_word' id='word_1_451' title='bbox 1223 2588 1287 2616; x_wconf 83' lang='lat' dir='ltr'>edit.</span> <span class='ocrx_word' id='word_1_452' title='bbox 1302 2587 1382 2615; x_wconf 82' lang='lat' dir='ltr'>Main.</span> <span class='ocrx_word' id='word_1_453' title='bbox 1400 2588 1464 2623; x_wconf 83' lang='lat' dir='ltr'>legit</span> <span class='ocrx_word' id='word_1_454' title='bbox 1479 2588 1604 2616; x_wconf 73' lang='lat' dir='ltr'>mouerit</span> <span class='ocrx_word' id='word_1_455' title='bbox 1623 2596 1671 2623; x_wconf 84' lang='lat' dir='ltr'>pro</span> <span class='ocrx_word' id='word_1_456' title='bbox 1686 2587 1812 2616; x_wconf 70' lang='lat' dir='ltr'>monebit</span> 
     </span>
     <span class='ocr_line' id='line_1_90' title="bbox 1074 2633 1177 2667; baseline 0 -9"><span class='ocrx_word' id='word_1_457' title='bbox 1074 2634 1111 2667; x_wconf 72' lang='lat' dir='ltr'>(n.</span> <span class='ocrx_word' id='word_1_458' title='bbox 1128 2633 1177 2666; x_wconf 80' lang='lat' dir='ltr'>T.).</span> 
     </span>
    </p>
   </div>
   <div class='ocr_carea' id='block_1_17' title="bbox 1827 401 2011 528">
    <p class='ocr_par' dir='ltr' id='par_1_20' title="bbox 1836 401 2011 426">
     <span class='ocr_line' id='line_1_91' title="bbox 1836 401 2011 426; baseline -0.011 -5"><span class='ocrx_word' id='word_1_459' title='bbox 1836 401 1909 421; x_wconf 77' lang='lat' dir='ltr'>Forma</span> <span class='ocrx_word' id='word_1_460' title='bbox 1922 407 1958 426; x_wconf 68' lang='lat' dir='ltr'>pro</span> <span class='ocrx_word' id='word_1_461' title='bbox 1969 410 1972 420; x_wconf 90' lang='grc' dir='ltr'>ι</span> <span class='ocrx_word' id='word_1_462' title='bbox 1983 401 2011 420; x_wconf 83' lang='lat' dir='ltr'>l.=·</span> 
     </span>
    </p>

    <p class='ocr_par' dir='ltr' id='par_1_21' title="bbox 1827 428 2011 528">
     <span class='ocr_line' id='line_1_92' title="bbox 1827 428 2011 448; baseline -0.016 -1"><span class='ocrx_word' id='word_1_463' title='bbox 1827 430 1895 448; x_wconf 76' lang='grc'>0110110</span> <span class='ocrx_word' id='word_1_464' title='bbox 1911 428 2011 447; x_wconf 50' lang='lat' dir='ltr'>dnm-10-</span> 
     </span>
     <span class='ocr_line' id='line_1_93' title="bbox 1827 455 2009 474; baseline -0.005 0"><span class='ocrx_word' id='word_1_465' title='bbox 1827 460 1871 474; x_wconf 86' lang='lat' dir='ltr'>rum</span> <span class='ocrx_word' id='word_1_466' title='bbox 1906 455 2009 473; x_wconf 40' lang='lat' dir='ltr'>nummum</span> 
     </span>
     <span class='ocr_line' id='line_1_94' title="bbox 1827 481 2010 507; baseline -0.005 -6"><span class='ocrx_word' id='word_1_467' title='bbox 1827 481 1912 507; x_wconf 70' lang='lat' dir='ltr'>capituli</span> <span class='ocrx_word' id='word_1_468' title='bbox 1924 487 2010 505; x_wconf 63' lang='lat' dir='ltr'>gent-ra-</span> 
     </span>
     <span class='ocr_line' id='line_1_95' title="bbox 1827 508 1859 528; baseline -0.031 0"><span class='ocrx_word' id='word_1_469' title='bbox 1827 508 1859 528; x_wconf 80' lang='lat' dir='ltr'>lis.</span> 
     </span>
    </p>
   </div>
   <div class='ocr_carea' id='block_1_18' title="bbox 1826 2207 2011 2281">
    <p class='ocr_par' dir='ltr' id='par_1_22' title="bbox 1826 2207 2011 2281">
     <span class='ocr_line' id='line_1_96' title="bbox 1841 2207 2011 2231; baseline -0.035 -3"><span class='ocrx_word' id='word_1_470' title='bbox 1841 2207 1935 2228; x_wconf 76' lang='lat' dir='ltr'>Formam</span> <span class='ocrx_word' id='word_1_471' title='bbox 1948 2212 2011 2231; x_wconf 48' lang='lat' dir='ltr'>prr-u.</span> 
     </span>
     <span class='ocr_line' id='line_1_97' title="bbox 1826 2235 2011 2254; baseline -0.022 0"><span class='ocrx_word' id='word_1_472' title='bbox 1826 2235 1924 2254; x_wconf 55' lang='lat' dir='ltr'>inst-riam</span> <span class='ocrx_word' id='word_1_473' title='bbox 1937 2235 2011 2251; x_wconf 62' lang='grc'>01111111-</span> 
     </span>
     <span class='ocr_line' id='line_1_98' title="bbox 1827 2260 1985 2281; baseline -0.025 0"><span class='ocrx_word' id='word_1_474' title='bbox 1827 2263 1868 2281; x_wconf 70' lang='lat' dir='ltr'>mat</span> <span class='ocrx_word' id='word_1_475' title='bbox 1884 2260 1985 2280; x_wconf 53' lang='lat' dir='ltr'>ronna-i.</span> 
     </span>
    </p>
   </div>
  </div>
 </body>
</html>
