2247 3208
100 181 149 208 An.
167 180 195 208 C.
219 180 286 208 1665

104 1692 107 1695 Ι
118 1665 228 1686 Decretum
249 1665 275 1685 11-

91 1695 165 1713 ulan-¹.

163 2456 277 2487 Dymaeo>

93 2487 255 2505 eunti-ariorum.

291 238 350 268 ne,
383 227 491 270 quavis
522 226 689 259 occasione
728 227 777 258 101
810 227 903 257 causa
937 225 1027 264 latis,

290 281 315 313 si
348 280 462 323 quibus
495 279 737 322 quoi'nodolibct,
772 279 943 311 innodatae
977 289 1029 309 ex-

289 334 398 373 istunt,
425 334 464 366 ad
485 332 630 365 effectum
657 333 874 379 praesentium
906 332 1027 364 dumta-

289 391 340 418 xat
372 385 641 428 consequemlum,
672 385 784 417 harum
817 385 899 417 serie
924 384 1029 417 absol-

289 444 399 471 ventes
414 444 445 471 et
462 439 623 472 absolutas
649 438 715 471 sore
739 442 925 476 censentes,
952 447 1028 479 sup-

289 491 522 534 plicationibus
554 501 668 523 eorum
698 490 828 522 nornine
855 489 948 522 nobis
975 500 1028 521 su-

286 555 345 587 per
378 544 440 577 hoc
473 544 639 576 humiliter
659 542 826 586 ⁴porrectis
860 541 1026 581 inclinati,

286 597 506 640 praeinscrtas
531 595 780 630 constitutiones
797 595 828 627 in
848 605 1026 637 congrega-

286 650 372 683 tione
398 650 638 683 venerabilium
665 649 802 681 fratrum
834 653 1025 681 nostrorum

284 704 315 735 S.
348 703 384 736 R.
414 703 447 735 E.
480 702 697 735 cardinalium
724 701 866 743 negotiis
892 706 924 733 et
948 711 1026 733 con-

285 756 510 789 sultationibus
538 755 762 798 episcoporum
782 760 814 787 et
831 754 1025 797 regularium

283 809 470 852 praeposita
495 808 533 840 de
559 808 708 841 mandato
734 813 844 841 nostro
869 808 1027 840 examina-

285 867 330 893 tas
357 866 389 893 et
413 861 650 904 approbatione
677 866 708 893 et
732 860 975 893 confirmatione
994 871 1026 892 a-

284 914 444 957 postolica
476 914 588 956 dignas
622 913 801 953 iudicatas,
836 913 1024 946 auctoritate

285 966 469 1010 apostolica,
497 972 608 999 tenore
639 967 878 1009 praesentium,
912 976 1027 1009 appro—

283 1020 394 1052 bamus
424 1024 456 1052 et
480 1019 706 1052 confirmamus
724 1030 783 1061 pro
801 1019 1026 1061 congregatio-

284 1072 378 1105 nibus
400 1083 455 1105 seu
483 1072 802 1105 confraternitatibus
816 1072 873 1104 sub
892 1073 1024 1105 nomine

284 1122 420 1156 Scliolae
452 1123 570 1156 Christi
596 1128 628 1155 et
650 1123 707 1155 sub
734 1123 920 1155 earumdem
950 1133 1026 1155 con-

284 1175 490 1209 stitutionum
516 1176 742 1215 observantia,
769 1181 832 1208 tam
860 1176 1024 1218 bucusque

284 1230 401 1261 erectis
426 1240 523 1272 quam
550 1229 581 1261 111
608 1234 771 1272 posterum
804 1229 967 1271 erigendis
992 1229 1023 1260 iu

284 1282 442 1315 universis
456 1282 565 1325 regnis
579 1287 610 1314 et
624 1281 774 1314 dominiis
788 1281 1023 1324 Hispaniarum,

284 1345 321 1367 ac
345 1335 440 1367 ctiam
466 1335 498 1366 in
524 1336 607 1382 alm-a
632 1334 716 1366 Urbe
743 1337 874 1374 nostra;
902 1340 931 1366 et
966 1335 1025 1367 lm-

283 1387 421 1420 insmodi
447 1387 718 1430 congregationes
743 1398 797 1419 seu
817 1388 1025 1419 confraterni-

284 1445 365 1473 tates
391 1441 429 1473 de
456 1440 669 1483 indulgentiis
704 1440 865 1472 concessis
897 1441 1025 1483 praedi-

284 1498 353 1526 ctae
385 1493 631 1536 congregationi
669 1504 725 1525 seu
763 1494 1024 1526 coul'raternitati

284 1546 470 1579 Madritensi
495 1547 640 1579 eiusdem
663 1546 802 1578 nominis
821 1546 1024 1590 partecipare

287 1598 504 1642 indulgemus.

330 1652 345 1694 ἓ
370 1651 402 1685 3.
429 1652 649 1686 Decernentes
682 1664 796 1685 omues
823 1658 855 1685 et
879 1653 1024 1696 singulas

286 1706 537 1739 constitutiones
548 1707 769 1749 praeinsertas
783 1718 818 1739 ac
833 1712 1025 1750 praesentes

289 1759 413 1792 litteras
433 1770 564 1802 semper
584 1759 705 1799 firmas,
726 1760 847 1793 validas
864 1766 895 1793 et
920 1761 1026 1793 effica-

287 1823 340 1845 ces
368 1812 508 1845 existere
535 1818 566 1845 et
591 1814 672 1854 sore,
696 1823 839 1857 suosque
857 1814 1024 1857 plenarios

287 1872 319 1898 et
344 1866 491 1909 integros
518 1866 649 1899 effectus
669 1867 780 1899 sortiri
806 1872 838 1900 et
861 1868 1022 1907 obtinere,

287 1930 323 1951 ac
348 1919 424 1959 illis,
438 1920 477 1952 ad
503 1930 583 1963 quos
606 1924 732 1963 spectat
752 1925 783 1952 et
800 1931 859 1963 pro
879 1926 1024 1964 tempore

286 1973 463 2016 spectabit,
492 1973 682 2016 plenissime
714 1973 902 2016 suffragari,
930 1980 961 2007 et
986 1975 1025 2006 ab

286 2025 351 2057 illis
377 2027 559 2069 respective
586 2027 820 2059 inviolabiliter
848 2028 1023 2065 observari,

288 2079 398 2122 sicque
431 2080 464 2111 in
496 2080 685 2123 praemissis
718 2091 777 2123 per
802 2091 1025 2124 quoscumque

287 2131 411 2165 iudices
437 2133 621 2166 ordinarios
652 2139 682 2166 et
716 2135 902 2176 delegatos,
928 2135 1023 2167 etiam

287 2196 459 2219 causarum
492 2187 602 2230 palatii
636 2187 809 2230 apostolici
843 2188 1024 2229 auditores,

287 2237 423 2271 iudicari
448 2245 481 2271 et
505 2239 631 2272 1101111111
664 2241 805 2280 debere,
833 2251 869 2272 ac
898 2241 1025 2273 irritum

288 2296 317 2323 et
342 2291 438 2324 inane
458 2292 482 2324 si
503 2303 595 2324 secus
618 2303 717 2336 super
738 2293 788 2325 liis
814 2304 831 2325 a
852 2304 1026 2336 quoquam,

288 2344 398 2387 quemvis
417 2345 623 2385 auctoritate,
642 2345 785 2378 scienter
802 2347 852 2379 ’101
874 2346 1027 2388 ignoran-

289 2402 346 2432 ter,
374 2398 552 2440 contigerit
576 2398 741 2430 attentari.

332 2451 346 2493 ξ
370 2450 402 2483 4.
425 2450 495 2483 Non
522 2451 729 2483 obstantibus
760 2454 871 2484 nostra
896 2458 928 2485 et
953 2463 1027 2485 can-

289 2504 440 2536 cellaria-2»
467 2504 662 2547 apostolicae
680 2506 794 2547 regula
811 2506 849 2538 de
868 2516 933 2538 11011
953 2517 1027 2539 0011-

289 2557 443 2590 cedendis
461 2557 673 2600 indulgentiis
691 2558 731 2590 ad
749 2554 865 2599 instar,
892 2559 1024 2602 aliisque

883 176 1071 200 maximnm
1095 177 1138 199 111
1166 176 1213 198 rr.

1049 225 1050 228 ’
1072 223 1360 256 constitutionibus
1384 228 1416 255 et
1440 221 1702 255 ordinationibus
1734 232 1813 264 apo-

1072 276 1216 315 stolicis,
1253 275 1436 320 ceterisque
1477 275 1648 308 contrariis
1679 275 1812 318 quibus-

1071 339 1222 371 cumque.

1114 382 1129 423 ξ
1162 381 1193 413 5.
1228 381 1379 414 Volumus
1410 387 1519 413 autem
1552 387 1586 414 ut
1621 382 1809 415 earumdem

1070 434 1295 476 praesentium
1312 434 1495 466 litterarum
1514 435 1736 478 transumptis,
1753 446 1809 468 seu

1070 486 1237 529 exemplis,
1255 487 1353 519 etiam
1370 487 1549 529 impressis,
1563 498 1658 520 manu
1673 488 1808 521 alicuius

1069 539 1189 573 notarii
1214 539 1360 582 pubblici
1394 539 1599 582 subscriptis,
1636 546 1667 572 et
1699 541 1808 583 sigillo

1069 591 1201 624 alieuius
1226 603 1390 635 personae
1409 593 1441 624 in
1460 592 1683 625 ecclesiastica
1706 593 1810 636 digni-

1070 650 1133 677 tate
1149 645 1346 678 constitutae
1368 646 1517 685 munitis,
1537 647 1651 678 eadem
1672 657 1808 689 prorsus

1067 697 1148 730 111105
1176 699 1297 741 ubique
1324 700 1471 732 locorum
1497 705 1528 732 et
1552 700 1695 741 gentium
1716 701 1809 733 adbi-

1068 752 1192 790 beatur,
1207 762 1289 795 quae
1310 752 1457 795 ipsismet
1468 754 1699 795 praesentibus
1717 753 1810 785 adhi-

1067 804 1226 843 beretur,
1265 804 1291 835 si
1332 805 1440 836 forent
1477 805 1642 838 exhibitae
1684 807 1733 838 vel
1775 815 1810 838 o-

1068 863 1212 889 stensae.

1112 911 1226 943 Datum
1252 911 1391 952 Romae,
1421 913 1505 954 apud
1531 912 1562 945 S,
1591 912 1720 945 Mariam
1747 913 1807 945 Ma-

1068 964 1191 1003 iorem,
1230 966 1289 996 51111
1326 966 1447 998 annulo
1480 966 1674 1006 Piscatoris,
1708 966 1758 999 die
1792 977 1809 999 x

1068 1017 1180 1060 aprilis
1208 1028 1354 1057 nnctxv,
1389 1018 1594 1061 pontificatus
1626 1019 1728 1052 nostri
1754 1031 1810 1052 an-

1068 1082 1109 1104 no
1136 1071 1187 1104 κ’.

1104 1132 1161 1158 Dat.
1180 1132 1222 1159 die
1242 1134 1271 1159 tt}
1287 1133 1377 1167 aprilis
1400 1134 1475 1167 1665,
1493 1134 1588 1168 pontif.
1605 1142 1673 1162 anno
1691 1144 1715 1162 x.

1392 1285 1481 1317 tht.

1069 1363 1257 1397 Commissio
1284 1365 1402 1397 nuncio
1427 1365 1586 1398 Polom'ac
1610 1376 1707 1409 super
1730 1377 1806 1399 con*

1112 1421 1274 1450 vocatione
1298 1419 1374 1451 novi
1402 1419 1542 1462 capituli
1573 1420 1807 1452 monachorum

1112 1471 1337 1504 Rulltenoricm
1349 1472 1482 1505 Ordinis
1496 1473 1600 1505 suncti
1612 1473 1733 1505 Basilii
1745 1483 1809 1505 ma-

1111 1525 1168 1567 ym‘
1184 1535 1256 1557 cum
1274 1526 1467 1569 opportunis
1484 1525 1698 1568 facultalibus
1714 1527 1733 1558 ².

1068 1605 1182 1632 Dilecto
1192 1605 1262 1637 filio,
1272 1608 1374 1632 nostro
1391 1608 1421 1632 et
1430 1606 1618 1639 Apostolicae
1629 1606 1714 1633 sedis
1731 1604 1809 1640 apud

1104 1649 1291 1676 carissimum
1303 1651 1332 1676 in
1346 1651 1460 1677 Christo
1472 1650 1566 1677 filium
1577 1654 1712 1677 nostrum
1722 1652 1809 1678 Ioan-

1103 1700 1169 1720 nem
1181 1694 1354 1720 Casimirum
1370 1695 1509 1722 Potoniae
1527 1697 1558 1722 et
1574 1694 1696 1722 Sveeiae
1710 1700 1809 1728 regem

1103 1738 1255 1765 illustrem
1275 1739 1396 1771 nuncio,
1752 1747 1755 1750 ’

1262 1793 1427 1820 Alexander
1447 1793 1523 1826 Papa
1547 1793 1610 1819 vll.

1343 1855 1456 1882 Dilecto
1477 1855 1530 1888 fili,

1103 1900 1234 1926 salutem
1255 1902 1285 1926 et
1305 1900 1502 1932 apostolicam
1522 1897 1772 1926 benedictionem.

1113 1974 1303 2007 Sollicitudo
1328 1974 1501 2017 pastoralis
1527 1974 1640 2015 officii,
1667 1985 1731 2018 quo
1757 1986 1808 2007 ca-

1070 2029 1210 2061 tholicae
1228 2028 1390 2060 Ecclesiae
1410 2027 1560 2070 regimini
1575 2027 1682 2060 divina
1699 2028 1808 2071 dispo-

1069 2081 1184 2113 sitione
1211 2080 1453 2123 ltn‘aesidemus,
1488 2090 1546 2113 nos
1577 2081 1746 2120 admonet,
1772 2085 1808 2112 ut

1071 2138 1198 2166 exortas
1220 2133 1304 2165 inter
1322 2143 1540 2176 quoscumque
1559 2132 1804 2173 christifideles,

1070 2192 1102 2219 et
1134 2186 1326 2229 praesertim
1357 2186 1431 2218 illos
1465 2186 1518 2228 qui
1544 2197 1561 2218 a
1584 2186 1732 2218 fluctibus
1759 2197 1808 2218 se-

1070 2241 1131 2273 culi
1159 2241 1189 2272 111
1214 2240 1389 2282 religiosae
1415 2240 1498 2272 vitae
1531 2245 1660 2283 portum
1695 2240 1808 2273 consu-

1070 2299 1196 2336 gerunt,
1209 2294 1427 2326 dissensiones
1442 2294 1636 2337 opportunis
1654 2293 1808 2326 remediis

1070 2349 1204 2387 tollere,
1231 2353 1263 2379 et
1287 2357 1416 2389 pacem,
1443 2347 1513 2379 sine
1540 2357 1603 2389 qua
1627 2357 1692 2379 non
1722 2347 1806 2379 benc

1069 2400 1188 2433 colitur
1212 2400 1299 2443 pacis
1317 2401 1447 2440 Auctor,
1469 2401 1626 2433 reducere
1653 2405 1685 2432 et
1710 2399 1808 2432 stabi-

1069 2454 1127 2486 lire
1153 2459 1352 2495 satagamus,
1378 2453 1469 2492 sicut,
1492 2456 1619 2486 matura
1643 2454 1807 2485 consulta-

1105 2526 1116 2550 1
1140 2524 1177 2550 Ab
1198 2523 1330 2551 electione
1351 2530 1377 2549 XI
1396 2524 1435 2559 (R.
1451 2524 1501 2558 T.).

1104 2568 1118 2593 Ρ.
1136 2568 1170 2594 Ex
1188 2569 1296 2603 Regest.
1315 2568 1340 2593 in
1356 2568 1461 2595 Secret.
1478 2568 1616 2595 Brevium.

1715 164 1780 197 365
1826 175 1873 199 An.
1887 174 1915 199 C.
1941 173 2006 199 111115

1856 393 2004 418 'suanm-upto-

1820 426 1864 440 ruiu
1882 420 1941 440 littus.

1845 1982 1967 2003 Exordium.
