2247 3208
196 197 253 224 An.
275 197 302 225 c.
325 199 390 227 1667
438 189 503 224 544

982 201 1161 226 BULLARIUM
1185 201 1336 228 ROMANUM

391 249 531 281 duarum
555 247 705 280 similiter
729 248 1007 281 hebdomadarum
1032 260 1049 281 a
1071 260 1129 292 pu·
1149 247 1152 263 '
1172 249 1295 282 laribus
1322 251 1461 285 cuiusvis
1486 252 1627 294 Ordinis,
1647 254 1909 297 congregationis

390 301 563 334 blicatione
589 300 825 341 designationis
851 311 917 344 per,
941 300 1128 334 Ordinarios

387 354 436 385 rel
473 363 584 385 eorum
616 352 753 386 vicarios
791 364 846 386 seu
885 354 1038 387 officiales
1076 356 1127 388 vel

386 406 475 444 alios,
502 410 536 436 ut
560 405 750 447 praefertur,
771 406 934 439 faciendae
953 407 1127 440 decurren-

386 458 504 496 darum,
532 458 647 490 saltem
673 460 771 492 semel
790 458 998 500 visitaverint,
1017 460 1126 503 ibique

363 508 419 542 'ut
445 520 542 553 supra
577 510 750 551 oraverint,
778 515 809 544 et
833 514 947 554 quarta
977 518 1007 545 et
1038 515 1127 546 sexta

216 2471 312 2490 Libertas
328 2468 365 2488 cll-

182 2497 242 2521 anudi
260 2495 365 2515 consessa—

182 2529 243 2544 rtuiu,
263 2522 364 2541 vuisit-¹111·

182 2555 223 2575 quc
242 2549 337 2568 facultas.

385 562 466 595 seria
495 573 530 594 ac
550 562 681 596 sabbato
699 564 831 596 alterius
849 575 885 597 ex
912 565 1124 598 hebdomadis

384 614 574 648 huiusmodi
600 615 821 656 ieiunaverint,
847 617 1031 660 pariterque
1053 628 1126 660 pec-

385 672 454 699 cata
479 677 536 699 sua
560 667 722 707 confessi,
749 679 784 701 ac
809 668 841 701 in
877 669 927 702 die
963 670 1124 703 dominica

383 719 569 752 immediate
595 720 764 763 sequenti,
793 722 840 755 vel
872 722 933 754 alia
958 722 1008 755 die
1041 722 1124 755 intra

385 773 532 805 eamdem
551 772 797 813 hebdomadam,
817 774 1020 807 sanctissima
1039 785 1124 807 com-

382 824 535 858 munione
550 824 662 857 retecti
681 825 810 865 suerint,
830 831 862 859 et
878 827 1074 869 pauperibus
1092 838 1123 860 a-

381 877 505 920 liquam
530 877 790 920 eleemosynam,
815 884 850 911 ut
885 879 1119 922 praemittitur,

383 929 606 971 erogaverint3
633 930 852 973 plenissimam
879 931 1022 964 omnium
1048 943 1122 975 pec-

382 988 524 1014 catorum
548 992 677 1015 suorum
703 982 937 1025 indulgentiam
956 988 988 1016 et
1011 984 1122 1016 remis-

382 1034 516 1075 sionem,
531 1034 613 1067 sicut
626 1035 658 1067 in
675 1045 759 1067 anno
774 1035 905 1069 iubilaei
923 1035 1120 1070 visitantibus

381 1093 482 1120 certas
519 1088 670 1120 ccclesias
704 1088 787 1121 intra
820 1094 852 1121 et
884 1094 971 1122 extra
1002 1089 1119 1123 Urbem

380 1140 578 1184 praedictam
613 1140 744 1174 concedi
782 1142 968 1182 consuevit,
1004 1147 1119 1175 tenore

380 1193 610 1236 praesentium,
638 1194 845 1227 concedimus
871 1200 903 1227 et
928 1194 1115 1238 elargimur.

380 1245 570 1287 Navigantes
594 1257 671 1279 vero
690 1252 722 1280 et
744 1247 807 1280 iter
831 1253 971 1290 agentes,
994 1254 1029 1281 ut
1046 1259 1119 1282 cum

380 1298 521 1341 primum
546 1299 584 1331 ad
611 1310 668 1332 sua
692 1310 761 1332 sese
798 1300 963 1334 domicilia
987 1311 1119 1345 recepe-

379 1350 453 1391 rint,
470 1352 698 1396 suprascriptis
715 1354 862 1396 peractis,
881 1359 912 1386 et
930 1354 1054 1387 visitata
1072 1365 1118 1388 ec-

380 1404 481 1437 clesia
505 1405 683 1438 cathedrali
708 1407 758 1439 vel
783 1406 906 1439 maiore
940 1412 992 1439 aut
1024 1418 1118 1450 paro-

380 1457 476 1490 chiali
503 1458 564 1490 loci
589 1468 699 1491 eorum
718 1458 884 1499 domicilii,
904 1460 1051 1493 eamdem
1069 1460 1118 1493 in-

379 1510 580 1553 dulgentiam
606 1512 763 1555 consequi
788 1513 914 1555 possint
932 1518 963 1546 et
979 1514 1116 1546 valeant:

378 1563 581 1605 regularibus
598 1569 703 1597 autem
722 1565 869 1607 personis
885 1566 1053 1609 utriusque
1073 1577 1117 1599 se-

378 1627 445 1656 xus,
471 1617 566 1649 etiarn
591 1617 623 1649 in
649 1617 797 1650 claustris
823 1623 980 1661 perpetuo
999 1619 1118 1661 degen-

378 1669 475 1709 tibus,
502 1680 628 1703 necnon
654 1670 724 1703 aliis
749 1670 1025 1714 quibuscumque,
1052 1677 1115 1704 tam

378 1722 468 1756 laicis
493 1733 586 1765 quam
603 1723 839 1764 ecclesiasticis,
858 1723 1054 1757 secularibus
1065 1726 1115 1757 vel

377 1775 590 1818 regularibus,
617 1776 712 1808 etiam
737 1776 770 1809 in
795 1786 921 1809 carcere
947 1782 1000 1809 aut
1016 1777 1116 1820 capti-

377 1828 472 1860 vitate
499 1828 731 1869 existentibus,
757 1830 806 1861 vel
832 1829 938 1872 aliqua
967 1831 1114 1873 corporis

376 1881 562 1913 infirmitate
599 1892 654 1913 seu
681 1882 743 1914 alio
775 1892 977 1926 quocumque
1012 1883 1115 1925 impe·

378 1934 521 1967 dimento
547 1934 706 1974 detentis,
735 1934 789 1977 qui
828 1945 926 1978 supra
961 1945 1114 1978 expressa

375 1988 426 2019 vel
452 1997 564 2019 eorum
588 1987 696 2030 aliqua
721 1992 882 2030 praestare
901 1988 1112 2031 nequiverint,

376 2045 412 2072 ut
436 2040 490 2072 illa
515 2040 735 2072 confessarius
766 2051 801 2072 ex
837 2040 900 2073 iam
926 2041 1112 2084 approbatis

377 2103 393 2125 a
418 2094 563 2125 locorum
589 2092 765 2125 Ordinariis
791 2097 865 2126 ante
891 2094 1111 2137 praesentium

376 2146 640 2189 publicationem,
668 2156 724 2178 seu
750 2146 981 2188 approbandis,
1010 2147 1055 2179 eis
1080 2147 1112 2180 in

377 2199 437 2231 alia
461 2199 588 2241 pietatis
613 2209 711 2241 opera
737 2204 942 2240 commutare,
964 2200 1013 2232 vel
1030 2199 1062 2232 in
1082 2211 1113 2232 a-

376 2251 442 2284 liud
468 2251 647 2293 proximum
666 2256 790 2294 tempus
806 2262 980 2295 prorogare
998 2252 1110 2295 possit,

377 2314 478 2345 eaque
504 2302 671 2346 iniungere
698 2313 777 2346 quae
815 2303 874 2346 ipsi
907 2304 1111 2347 poenitentes

377 2356 503 2388 efficere
528 2361 688 2398 poterunt,
716 2356 835 2399 pariter
855 2357 1062 2390 concedimus
1081 2362 1112 2389 et

376 2407 593 2449 indulgemus.

420 2461 434 2503 ᾗ
459 2460 489 2492 9.,
514 2460 645 2503 Insuper
662 2461 809 2494 omnibus
827 2467 858 2494 ct
874 2461 1008 2504 singulis
1027 2462 1112 2494 chri-

376 2513 567 2545 stifidelibus
593 2513 758 2555 utriusque
791 2525 905 2553 sexus,
933 2519 996 2547 tam
1022 2515 1110 2548 laicis

377 2578 471 2609 quam
496 2565 733 2606 ecclesiasticis,
749 2567 946 2599 secularibus
966 2572 998 2600 et
1017 2577 1111 2610 regu-

1172 306 1203 335 et
1227 301 1374 343 instituti,
1401 308 1465 336 tam
1490 305 1523 337 in
1548 305 1631 338 Urbe
1652 307 1795 349 praefata
1814 317 1908 350 quam

1172 354 1259 383 extra
1283 361 1353 383 eam
1372 351 1490 395 ubique
1514 354 1659 386 locorum
1674 359 1709 386 ut
1728 355 1909 397 praefertur

1171 402 1373 445 degentibus,
1389 404 1552 437 licentiam
1577 407 1781 439 concedimus
1807 412 1839 440 et
1863 408 1907 440 sa-

1170 455 1330 496 cultatem,
1357 461 1392 489 ut
1416 457 1476 489 sibi
1502 457 1539 490 ad
1567 458 1653 490 bunc
1679 458 1826 492 effectum
1852 460 1907 493 eli-

1170 517 1244 549 gere
1269 508 1393 551 possint
1419 520 1653 553 quemcumque
1679 512 1905 554 presbyterum

1168 560 1413 601 confessarium,
1441 567 1504 594 tam
1529 557 1707 596 secularem
1733 574 1828 606 quam
1853 575 1907 597 cu-

1167 612 1263 645 iusvis
1289 612 1417 646 Ordinis
1443 619 1474 647 et
1498 614 1634 647 instituti
1655 617 1846 658 regularem,
1868 628 1904 650 ex

1167 666 1375 708 approbatis,
1402 672 1434 698 ut
1460 668 1683 710 praemittitur,
1712 680 1728 701 a
1761 670 1904 703 locorum

1922 207 1969 233 An.
1991 206 2019 234 C.
2039 207 2103 236 1667

1167 716 1354 758 Ordinariis,
1382 718 1434 761 qui
1461 729 1515 752 eos
1541 720 1579 752 ab
1606 721 1753 754 omnibus
1781 732 1904 755 excom-
1951 718 1954 721 ⁴

1166 770 1417 812 municationis,
1444 773 1666 816 suspensionis
1693 780 1724 807 et
1756 775 1825 808 aliis
1854 786 1904 809 ec-

1166 823 1353 857 clesiasticis
1380 826 1548 859 sententiis
1574 831 1605 859 et
1631 828 1818 867 censuris‚a
1835 828 1901 863 iure

1165 876 1212 908 vel
1238 876 1278 908 ab
1303 876 1454 918 homine,
1481 879 1590 921 quavis
1623 871 1719 912 causa
1751 881 1823 913 latis
1847 892 1900 915 seu

1164 927 1315 968 inflictis,
1342 939 1468 962 necnon
1494 931 1533 963 ab
1559 932 1708 964 omnibus
1735 933 1875 975 peccatis
1892 960 1899 973 ,

1165 980 1362 1021 excessibus,
1382 983 1569 1016 criminibus
1599 988 1627 1016 et
1648 985 1781 1024 delictis,
1800 996 1900 1029 quan-

1164 1032 1277 1065 tumvis
1302 1033 1452 1075 gravibus
1477 1040 1507 1067 et
1532 1036 1726 1075 enormibus,
1745 1038 1841 1070 etiam
1859 1039 1901 1071 lo·

1163 1095 1273 1119 corum
1302 1085 1503 1128 Ordinariis,
1537 1088 1604 1121 sive
1638 1089 1731 1122 nobis
1761 1095 1793 1123 et
1827 1090 1898 1124 Sedi

1163 1138 1369 1181 apostolicae,
1393 1140 1489 1173 etiam
1516 1139 1548 1173 in
1574 1141 1687 1174 litteris
1706 1142 1757 1175 die
1774 1142 1899 1177 Coenae

1163 1191 1288 1224 Domini
1321 1193 1384 1235 legi
1417 1193 1520 1226 solitis
1553 1195 1727 1234 contentis,
1758 1201 1789 1228 et
1820 1196 1898 1230 alias

1162 1254 1221 1287 per
1234 1255 1451 1289 quascumque
1471 1251 1596 1280 nostras
1613 1253 1667 1280 aut
1682 1247 1898 1283 Romanorum

1162 1296 1352 1330 Pontificum
1391 1299 1675 1342 praedecessorum
1715 1307 1897 1335 nostrorum

1162 1351 1415 1391 constitutiones,
1443 1363 1577 1395 quarum
1602 1358 1730 1387 tenores
1747 1365 1898 1398 praesen-

1161 1403 1245 1436 tibus
1263 1404 1375 1437 haberi
1393 1406 1539 1438 volumus
1556 1417 1615 1449 pro
1634 1407 1804 1450 expressis,
1818 1419 1897 1451 quo-

1160 1456 1396 1500 modocumque
1409 1459 1587 1498 reservatis,
1602 1459 1634 1491 in
1647 1459 1715 1492 soro
1729 1461 1897 1494 conscien-

1161 1508 1232 1549 tiae,
1254 1515 1285 1541 et
1310 1509 1369 1542 hac
1383 1509 1449 1543 vice
1475 1515 1606 1551 tantum,
1628 1512 1794 1546 absolvere
1812 1518 1844 1546 et
1861 1513 1897 1547 li-

1160 1560 1271 1594 berare
1296 1563 1437 1595 valeant:
1475 1567 1506 1595 et
1537 1563 1670 1606 insuper
1701 1570 1774 1597 vota
1799 1576 1896 1608 quae-

1160 1624 1294 1658 cumque
1321 1615 1502 1658 (religionis
1520 1621 1551 1649 et
1571 1616 1723 1649 castitatis
1740 1618 1895 1662 exceptis)

1160 1667 1190 1699 in
1205 1668 1266 1700 alia
1284 1668 1336 1711 pia
1352 1674 1383 1701 et
1400 1670 1551 1703 salutaria
1575 1680 1674 1714 opera
1688 1677 1895 1713 commutare,

1159 1720 1301 1753 iniuncta
1326 1726 1434 1754 tamen
1459 1722 1504 1755 eis
1529 1728 1561 1756 et
1583 1733 1695 1756 eorum
1713 1724 1894 1758 cuilibetin

1158 1774 1347 1816 supradictis
1372 1775 1519 1808 omnibus
1544 1776 1670 1809 casibus
1695 1777 1894 1819 poenitentia

1158 1827 1300 1867 salutari,
1328 1827 1462 1872 aliisque
1482 1828 1624 1862 eiusdem
1644 1829 1832 1863 confessarii
1850 1840 1894 1863 ar-

1157 1878 1252 1912 bitrio
1278 1880 1497 1923 iniungendis.

1200 1933 1215 1975 ἓ
1239 1932 1270 1965 3.
1298 1932 1509 1977 Quapropter,
1528 1939 1641 1968 tenore
1664 1936 1893 1978 praesentium,

1157 1984 1188 2016 in
1214 1985 1329 2018 virtute
1355 1991 1481 2019 sanetae
1507 1987 1722 2027 obedientiae,
1751 1988 1908 2022 districte:

1156 2038 1371 2081 praecipimus
1405 2045 1498 2082 atque
1531 2041 1719 2073 mandamus
1744 2041 1893 2074 omnibus

1157 2095 1187 2122 et
1205 2091 1462 2135 quibuscumque
1488 2093 1727 2126 venerabilibus
1744 2094 1894 2128 fratribus

1156 2144 1359 2186 patriarchis
1385 2145 1649 2188 archiepiscopis,
1675 2145 1837 2189 episcopis
1863 2153 1895 2180 et

1156 2196 1226 2228 aliis
1249 2197 1457 2229 ecclesiarum
1490 2198 1668 2241 praelatis,
1696 2209 1732 2231 ac
1761 2199 1893 2242 quibus-

1155 2259 1292 2292 cumque
1317 2249 1494 2282 Ordinariis
1518 2252 1675 2291 locorum,
1696 2251 1891 2296 ubicumque

1155 2301 1386 2341 existentibuS,
1413 2312 1587 2346 eorumque
1619 2303 1744 2337 vicariis
1770 2310 1801 2338 et
1824 2307 1891 2340 offi-

1155 2354 1306 2393 cialibus,
1338 2355 1405 2393 vel,
1431 2354 1467 2387 iis
1489 2355 1719 2396 deficientibus,
1745 2357 1808 2390 illis
1834 2359 1890 2402 qui

1155 2417 1262 2440 curam
1301 2407 1478 2440 animarum
1515 2414 1689 2449 exercent,
1729 2414 1781 2449 ut,
1818 2421 1889 2444 cum

1155 2460 1372 2503 praesentium
1395 2461 1577 2493 litterarum
1608 2466 1810 2505 transumpta
1838 2468 1892 2496 aut

1155 2514 1302 2555 exempla
1327 2512 1421 2545 etiam
1440 2513 1595 2556 impressa
1613 2515 1815 2556 acceperint,
1836 2516 1891 2549 illa

1154 2566 1260 2598 statim
1285 2566 1408 2609 absque
1434 2567 1500 2598 ulla
1524 2568 1633 2605 mora,
1672 2567 1889 2602 retardatione

1916 1946 2031 1966 {ubilat-nin
2041 1946 2085 1966 ulii·

1903 1978 1944 1998 que
1980 1973 2084 1998 pubttcari

1914 2000 1969 2019 ubet.
