2247 3208
249 211 297 237 An.
314 208 341 234 C.
367 207 431 233 ¹062>

272 632 358 654 linum.

267 1518 364 1547 vPontifex
373 1524 425 1538 011111-

245 1547 300 1563 υιικιῑ
308 1547 425 1564 emitteret*-

478 198 519 230 r1ss

443 255 530 287 tione
570 257 601 285 et
629 248 863 294 propagatione
888 248 941 289 pie
977 246 1172 279 salubriter<

443 317 504 349 que
545 304 691 336 instituta
729 299 992 338 controversias,
1032 297 1169 340 provido

442 356 660 401 prudentique
698 357 858 385 conventa
889 355 921 383 et
953 351 1084 382 decreta
1114 360 1172 382 110-

442 414 576 443 scuntur
607 417 679 439 esse
710 405 860 444 consilio,
887 408 922 435 ut
945 402 1068 435 firmius
1095 403 1171 434 sub-

442 462 557 493 sistant
581 465 613 492 et
644 459 786 491 exactius
811 461 995 495 serventur,
1015 456 1169 494 libenter,

441 523 514 545 cum
539 524 556 544 a
579 512 673 544 nobis
698 511 832 554 petitur,
870 507 1041 551 apostolici
1066 507 1172 539 muni-

441 565 536 598 minis
561 564 725 608 praesidio
751 562 1010 595 constabilimus.

485 618 499 660 ξ
522 619 552 650 1.
571 617 693 660 Exponi
712 616 873 658 siquidem
891 614 984 647 nobis
1004 624 1109 656 nuper
1126 613 1171 645 se-

442 675 558 703 cerunt
581 669 689 702 dilecti
723 668 779 700 filii
805 671 913 699 rector
938 665 1067 708 collegii
1093 665 1171 697 Ger-

440 722 557 755 manici
582 727 614 754 et
637 720 832 762 IIungarici,
865 729 902 751 ac
931 715 1080 761 deputati
1112 728 1169 749 seu

440 773 578 806 ministri
597 773 725 815 collegii
749 772 993 816 Neophygorum
1016 770 1055 802 de
1073 769 1168 809 Urbe,

440 827 537 870 quod,
560 836 633 858 cum
658 825 744 857 inter
768 825 881 857 eadem
907 823 1045 865 collegia
1070 833 1171 865 super

439 880 547 911 annua
578 878 738 920 pensione
773 877 861 910 mille
899 880 1067 907 scutorum
1099 876 1168 908 auri

440 931 550 974 (qnam
569 930 691 962 dudum
717 929 819 962 felicis
838 928 1074 960 reeordationis
1093 927 1170 960 Gre-

439 983 549 1025 gorius
574 983 660 1025 Papa
676 981 753 1020 XIII,
780 981 1018 1024 praedecessor
1041 985 1167 1020 noster,

440 1035 525 1067 dicto
545 1034 682 1076 collegio
701 1034 945 1076 Neophytorum
963 1042 1063 1075 super
1084 1032 1170 1065 sruc-

439 1088 538 1126 tibus,
564 1086 745 1118 redditibus
762 1091 794 1117 et
808 1085 1022 1128 proventibus
1040 1095 1170 1118 monas-

440 1140 513 1172 terii
544 1139 691 1171 abbatiae
724 1138 902 1181 nuncupati
931 1137 961 1170 S.
988 1137 1099 1170 Crucis
1129 1138 1168 1170 de

440 1192 593 1224 Avellana
623 1191 655 1223 in
687 1191 777 1223 Statu
808 1190 1017 1223 Urbinatensi
1047 1200 1169 1223 memo-

440 1250 510 1276 rato
536 1244 673 1286 collegio
699 1243 890 1276 Germanico
923 1248 955 1275 et
982 1243 1168 1286 Hungarico

440 1304 499 1340 per
529 1297 635 1340 ipsum
660 1296 852 1339 Gregorium
876 1296 1168 1339 praedecessorem

441 1349 533 1389 uniti,
559 1348 674 1381 adnexi
705 1354 738 1381 et
760 1347 962 1391 incorporati
986 1348 1019 1379 in
1051 1358 1170 1391 perpe-

442 1407 530 1434 tuum
554 1402 747 1441 reservavit,
775 1401 945 1434 constituit
970 1405 1001 1433 et
1026 1401 1170 1443 assigna-

440 1454 501 1496 vit)
527 1454 565 1487 lis
592 1465 650 1487 seu
678 1453 903 1486 controvtssaersia
928 1454 1101 1496 penderet,

483 1508 497 1549 ξ
521 1507 551 1539 ⁶2.
578 1508 786 1540 Venerabiles
813 1507 929 1539 fratres
948 1506 1052 1539 nostri
1070 1507 1170 1539 Fran-

352 1577 424 1615 “nm''
441 1560 545 1592 ciscus
570 1560 759 1592 Portuensis
785 1560 982 1592 Barberinus
1008 1564 1040 1592 et
1069 1560 1168 1592 11111113

440 1612 625 1645 Sabinensis
651 1613 797 1656 episcopi
825 1612 1014 1653 Saehettus,
1040 1621 1169 1646 necnon

440 1665 576 1697 dilectus
601 1664 685 1698 tilius
715 1670 828 1698 noster
857 1666 1050 1699 Benedictus
1083 1666 1168 1699 tituli

439 1716 469 1749 S
490 1717 671 1760 lIonuplirii
696 1719 879 1761 presbyter,
899 1718 929 1751 S.
950 1719 987 1751 R.
1011 1718 1045 1750 E.
1065 1720 1170 1752 cardi—

439 1771 538 1809 nales,
549 1769 767 1803 Odesealehus
779 1776 996 1814 nuncupatus,
1008 1772 1167 1804 dictorum

439 1822 651 1864 collegiorum
676 1823 762 1866 apud
796 1834 855 1855 nos
881 1828 912 1855 et
936 1823 1052 1856 Sedem
1084 1825 1169 1867 Apo-

439 1875 586 1907 stolicam
611 1880 816 1918 protectores
838 1880 870 1908 et
886 1875 1010 1908 indices
1036 1886 1169 1919 respec-

441 1926 514 1966 tive,
541 1927 659 1970 quibus
692 1929 948 1960 controversiam
979 1928 1167 1961 huiusmodi

440 1979 507 2011 sine
543 1980 682 2022 strepitu
716 1985 747 2012 et
770 1980 874 2022 ligura
908 1980 1019 2013 iudicii
1052 1981 1169 2014 amica-

439 2031 549 2063 biliter
572 2032 806 2065 terminandam
824 2034 1104 2073 eonnniseramus,
1129 2034 1167 2066 ad

439 2084 597 2116 sedandas
623 2085 708 2124 lites,
734 2096 794 2127 pro
819 2086 905 2118 bono
930 2087 1032 2129 pacis,
1052 2098 1087 2118 ae
1109 2098 1168 2129 per

439 2136 521 2168 viam
547 2137 774 2170 transactionis
800 2143 831 2170 et
855 2139 1063 2179 concordiae,
1091 2150 1169 2171 una-

439 2189 571 2221 nimiter
595 2195 793 2222 censuerunt
817 2192 959 2225 valorem
992 2192 1075 2223 scuti
1097 2193 1167 2224 auri

440 2240 471 2271 in
497 2240 566 2272 dies
592 2247 822 2283 augescentem
847 2253 919 2275 esse
944 2244 1167 2276 reducendum

440 2297 472 2324 ct
497 2293 669 2325 taxandum
687 2294 725 2325 ad
744 2294 901 2326 rationem
919 2294 1072 2327 iuliorum
1091 2307 1169 2339 qua-

442 2345 633 2385 tuordecim,
667 2346 747 2378 adeo
773 2346 863 2377 utin
894 2353 1062 2389 posterum
1094 2359 1169 2391 per-

440 2397 547 2440 petuis
562 2398 679 2430 suturis
694 2399 894 2441 temporibus
910 2401 1083 2442 collegium
1092 2402 1169 2434 Ger-

440 2449 601 2482 manicum
626 2455 776 2483 teneatur
800 2452 925 2484 solvere
944 2454 1167 2486 tantummodo

440 2513 547 2535 annua
570 2508 660 2535 scuta
679 2504 765 2536 1111110
794 2510 826 2536 et
847 2506 1084 2548 quadringenta
1100 2518 1169 2540 mo-

440 2561 533 2589 netae
573 2566 724 2589 romanae
761 2557 915 2590 iuliorum
959 2559 1071 2591 decem
1107 2571 1166 2603 pro

1015 197 1192 223 BULLARIUM
1216 198 1368 222 non-xxm

1205 246 1353 287 quolibet
1370 251 1475 285 scuto,
1494 248 1562 287 sed,
1583 251 1689 291 quoad
1707 252 1865 284 terminos
1883 263 1938 285 ea-

1205 301 1299 329 tenus
1331 298 1488 330 decursos
1514 304 1547 331 et
1570 306 1772 342 maturatos,
1801 305 1938 337 deberet

1204 350 1344 389 solvere,
1371 355 1406 381 ut
1423 355 1529 390 antea,
1548 353 1587 384 ad
1604 353 1763 387 rationem
1781 356 1935 389 iuliorum

1204 401 1391 444 quindecim
1416 413 1476 445 pro
1495 405 1644 446 quolibet
1660 411 1771 447 seut0;
1797 409 1935 452 insuper

1204 455 1400 486 mandarunt
1424 459 1460 486 ut
1484 455 1570 487 idem
1600 457 1773 499 collegium
1803 459 1934 493 Germa-

1203 506 1312 538 nicum
1348 517 1408 548 pro
1442 509 1507 539 111111
1537 508 1606 540 vice
1636 513 1762 542 tantum
1794 513 1939 546 solveret

1203 557 1382 601 Neophytis
1401 564 1493 591 scuta
1509 561 1749 604 quadringenta
1771 570 1935 605 monetae,

1204 610 1266 642 hoc
1293 610 1415 651 addito,
1442 616 1486 651 ut,
1514 617 1674 654 quatenus
1704 613 1811 656 ipsum
1839 617 1938 658 colle-

1204 662 1291 705 gium
1320 662 1548 696 Germanicum
1576 665 1607 697 in
1639 666 1784 699 futurum
1807 667 1848 699 sit
1870 679 1938 701 mo-

1203 724 1315 747 rosum
1332 726 1394 758 per
1410 727 1465 749 sex
1488 725 1619 750 menses
1642 718 1674 750 in
1698 720 1861 752 solutione
1880 722 1938 754 ali-

1203 768 1295 799 cuius
1317 769 1484 801 semestris
1510 770 1674 811 maturati,
1700 772 1793 803 eadat
1816 783 1833 804 a
1850 784 1937 805 eom-

1203 821 1300 853 modo
1326 821 1424 853 huius
1451 822 1573 854 decreti
1600 828 1632 855 et
1657 824 1877 864 concordiae3
1905 830 1937 858 et

1203 873 1294 913 311133,
1320 878 1420 916 prout
1444 874 1476 905 in
1502 876 1693 908 eorumdem
1722 877 1935 910 cardinalium

1204 926 1339 958 decreto
1358 927 1502 969 desuper
1525 927 1612 960 edito
1631 928 1830 962 continetur.

1246 978 1260 1020 ἓ
1284 978 1315 1011 3.
1343 978 1377 1010 In
1404 979 1496 1011 cuins
1525 980 1648 1012 decreti
1678 981 1934 1024 exequutionem

1203 1031 1342 1063 subinde
1360 1031 1606 1074 praedictorum
1633 1033 1849 1075 collegiorum
1877 1045 1935 1068 no-

1202 1083 1288 1115 mine
1315 1084 1516 1116 celebratum
1545 1084 1605 1115 suit
1632 1084 1800 1127 publicum
1830 1090 1935 1119 trans-

1202 1135 1339 1168 actionis
1373 1141 1405 1168 et
1436 1137 1631 1169 concordiae
1665 1137 1855 1170 huiusmodi
1885 1139 1934 1170 in-

1203 1193 1432 1228 strumentum,
1459 1188 1583 1221 tenoris
1613 1189 1667 1231 qui
1692 1190 1862 1232 sequitur,
1888 1190 1934 1222 vi-

1203 1241 1322 1274 delieet
1338 1252 1345 1273 1

1252 1306 1264 1325 11
1282 1295 1315 1327 111
1340 1295 1471 1327 1101111110
1493 1294 1619 1328 Domini
1638 1305 1744 1328 amen:
1763 1295 1932 1327 Praesenti

1201 1348 1334 1391 publico
1362 1347 1581 1381 instrumento
1611 1349 1736 1381 cunetis
1763 1349 1934 1381 evidenter

1202 1405 1312 1444 pateat
1336 1406 1368 1433 et
1392 1401 1434 1433 sit
1458 1406 1583 1441 notum,
1604 1402 1691 1444 quod
1716 1412 1800 1434 anno
1818 1413 1835 1434 a
1852 1402 1935 1433 nati-

1202 1455 1299 1486 vitate
1314 1454 1441 1488 Domini
1453 1453 1556 1487 nostri
1572 1454 1643 1486 Iesu
1654 1454 1774 1487 Christi
1788 1464 1932 1494 MDCLXH,

1202 1506 1382 1539 indictione
1410 1517 1460 1546 xv,
1482 1507 1533 1539 die
1550 1517 1627 1539 vero
1645 1517 1702 1540 vm
1720 1507 1807 1547 maii,
1826 1507 1935 1550 ponti-

1202 1559 1316 1592 ficatus
1342 1564 1451 1591 autem
1469 1559 1665 1592 sanctissimi
1683 1560 1715 1591 in
1733 1559 1862 1592 Christo
1879 1570 1934 1602 pa-

1204 1612 1261 1644 tris
1286 1616 1318 1644 et
1343 1611 1465 1645 domini
1487 1611 1591 1645 nostri
1620 1612 1656 1644 D.
1688 1611 1862 1644 Alexandri
1888 1612 1935 1644 di—

1202 1664 1276 1696 vina
1297 1664 1503 1706 providentia
1531 1664 1634 1706 Papae
1658 1664 1727 1704 Vll,
1751 1671 1834 1696 anno
1864 1663 1933 1696 eius

1203 1722 1328 1756 octavo,
1355 1715 1387 1749 in
1405 1716 1468 1749 mei
1501 1716 1589 1748 Simii
1611 1717 1720 1749 curiae
1746 1716 1936 1749 eminentis-

1203 1770 1274 1802 simi
1293 1775 1324 1801 et
1342 1769 1605 1801 reverendissimi
1624 1769 1746 1808 domini
1761 1769 1934 1801 cardinalis

1202 1821 1311 1855 vicarii
1330 1826 1362 1853 et
1375 1820 1497 1856 domini
1514 1821 1674 1854 Vincentii
1688 1821 1852 1854 Octaviani
1870 1833 1936 1854 ma-

1203 1875 1380 1917 gistrorum
1396 1874 1521 1906 viarum
1538 1878 1569 1906 et
1584 1875 1826 1917 neophytorum
1840 1874 1934 1907 Urbis

1202 1927 1331 1969 collegii
1350 1926 1553 1959 notariorum
1580 1926 1613 1958 in
1641 1926 1781 1959 solidum
1806 1932 1936 1968 rogato-

1202 1991 1273 2012 rum
1289 1985 1321 2012 et
1332 1979 1618 2021 infrascriptorum
1633 1979 1765 2011 testium
1779 1989 1935 2021 praesen-

1203 2033 1246 2064 tia
1262 2037 1454 2074 praesentes
1479 2037 1511 2063 et
1528 2030 1748 2074 personaliter
1765 2031 1933 2063 constituti

1202 2085 1377 2117 admodum
1392 2084 1593 2116 reverendus
1604 2088 1698 2127 pater
1711 2083 1848 2115 Ioannes
1860 2083 1935 2116 Ilie-

1203 2147 1355 2179 ronymus
1374 2136 1513 2168 Galenus
1530 2140 1728 2179 procurator
1744 2134 1936 2178 specialiter

1202 2190 1399 2223 constitutus
1417 2191 1458 2222 1111
1481 2191 1652 2222 admodum
1672 2190 1853 2222 reverendo
1879 2200 1936 2232 pa-

1202 2249 1250 2276 tre
1275 2244 1406 2287 Aloysio
1431 2243 1565 2286 Spinnla
1590 2248 1717 2275 rectore
1736 2243 1934 2275 venerabilis

1202 2296 1331 2339 collegii
1350 2296 1531 2329 Germanici
1551 2301 1582 2328 et
1599 2295 1775 2337 Ilungarici
1791 2295 1830 2328 de
1848 2295 1933 2327 Urbe

1202 2350 1241 2382 ad
1266 2349 1475 2392 infrascripta
1498 2349 1724 2392 peragendum
1750 2359 1788 2381 ex
1811 2348 1935 2380 instru-

1202 2402 1355 2435 mentoin
1366 2402 1444 2434 actis
1456 2402 1519 2435 mei
1530 2401 1619 2434 Simii
1634 2402 1694 2433 sub
1709 2400 1871 2433 hodierna
1881 2399 1933 2432 die

1202 2460 1345 2498 recepto,
1366 2455 1403 2487 ad
1425 2455 1522 2497 qnod,
1539 2460 1617 2495 ete,
1634 2464 1762 2486 necnon
1780 2452 1934 2485 illustris-

1201 2508 1302 2541 simus
1320 2514 1352 2541 et
1365 2507 1658 2540 reverendissimus
1674 2505 1823 2539 dominus
1835 2504 1934 2536 Fran-

1201 2561 1306 2593 ciscus
1332 2560 1428 2593 Maria
1454 2560 1610 2593 Antaldus
1633 2559 1709 2592 dicti
1736 2556 1933 2590 venerabilis

1953 207 2002 231 An.
2019 206 2047 232 C.
2068 206 2136 232 111ϋῖ

1971 996 2134 1017 instrumentum

1951 1023 2107 1043 transactionis.
