2247 3208
126 145 177 174 An.
198 147 227 173 C.
250 146 316 173 ¹667

313 203 496 237 quoquam,
529 193 641 236 quavis
670 193 882 231 auctoritate,
913 192 1079 224 scicntcr'

186 312 301 343 Dei-ogau«)

116 343 277 361 contrariorum,

142 2052 288 2075 J'tii'oemiiun.

311 247 365 279 vel
393 248 605 288 ignoranter,
642 246 819 288 contigerit
843 245 1009 277 attentari.

355 301 369 342 ξ
396 300 427 331 4.
457 299 525 332 Non
551 299 755 331 obstantibus
781 298 984 341 praemissis,
1022 308 1056 329 ac

315 351 599 385 constitutionibus
632 357 663 384 et
688 351 947 384 ordinationibus
981 360 1056 392 apo-

314 405 455 445 stolicis,
480 416 609 438 necnon
636 405 738 437 dictae
764 404 932 443 ecclesiae,
960 403 1055 435 etiam

315 459 507 497 iuramento,
529 457 772 490 confirmatione
798 456 983 500 apostolica,
1006 456 1054 487 vel

310 511 420 554 quavis
438 510 593 543 firmitate
612 510 673 543 alia
695 509 861 548 roboratis,
880 508 1005 540 statutis
1023 513 1055 540 et

313 564 614 603 consuetudinibus,
640 562 816 605 privilegiis
841 571 979 604 quoque,
1007 561 1055 592 in-

310 616 410 648 dultis
426 621 456 648 ct
477 615 591 648 litteris
605 614 788 657 apostolicis
813 614 844 645 in
859 612 1054 645 contrarium

310 669 562 711 praemissorum
594 667 834 710 quomodolibet
872 666 1052 705 concessis,

310 720 509 754 confirmatis
527 725 558 752 et
575 719 744 758 innovatis;
763 718 885 762 quibus
904 718 1053 751 omnibus

313 778 343 806 et
369 773 514 815 singulis,
532 773 663 805 illorum
683 777 809 804 tenores
830 771 1054 814 praesentibus

310 836 371 869 pro
397 827 493 868 plene
511 831 542 858 et
559 825 754 858 sufficienter
779 824 938 866 expressis
959 834 994 855 ac
1015 823 1053 856 de

310 879 408 911 verbo
430 879 469 911 ad
486 877 619 911 verbum
644 877 772 909 insertis
791 876 964 916 habentes,
990 876 1053 909 illis

312 931 391 964 alias
425 932 458 963 in
493 941 550 963 suo
590 930 706 963 robore
744 930 981 972 permansuris,
1015 929 1052 961 ad

311 985 563 1027 praemissorum
581 983 737 1023 effectum,
758 983 818 1015 hac
836 983 904 1015 vice
930 982 1054 1014 dumta-

311 1042 373 1076 xat,
399 1036 585 1079 specialiter
610 1041 642 1068 et
664 1046 818 1078 expresse
838 1035 1051 1077 derogamus3

313 1089 497 1132 ceterisque
524 1088 697 1122 contrariis
723 1088 995 1130 quibuscumque.

356 1141 469 1174 Datum
496 1142 635 1181 Romae,
669 1142 753 1184 apud
778 1141 809 1173 S.
837 1140 967 1173 Mariam
992 1140 1054 1172 Ma-

312 1195 432 1234 iorem,
459 1195 518 1227 sub
543 1195 664 1227 annulo
690 1194 878 1231 piscatoris,
906 1194 956 1226 die
980 1203 1052 1226 xxxi

312 1247 454 1280 octobris
471 1257 632 1287 MDCvan,
654 1246 859 1290 pontificatus
877 1246 980 1279 nostri
1000 1256 1054 1278 an-

312 1310 356 1333 no
383 1310 405 1333 1.

348 1360 406 1388 Dat.
425 1360 467 1387 die
483 1360 511 1388 31
536 1360 656 1388 octobris
679 1361 756 1393 ¹667,
773 1369 845 1388 anno
866 1368 884 1388 1.

617 1501 752 1534 XXXIII.

315 1579 528 1620 Constantio,
556 1580 593 1612 in
624 1591 690 1623 qua
724 1579 915 1622 iniunyz'lur
940 1579 1053 1622 fratri-

359 1633 416 1665 bus
442 1632 578 1666 Ordinis
609 1633 820 1665 eremitarum
849 1634 954 1665 sanclz'
986 1633 1052 1665 Au-

357 1686 485 1729 qustim'
502 1685 641 1728 officium
662 1690 689 1718 el
711 1686 844 1718 missam
865 1686 1050 1729 Conceplio-

357 1739 410 1771 nis
438 1739 475 1771 B.
505 1739 547 1771 M.
582 1738 616 1772 V.
644 1749 682 1771 eac
703 1744 871 1782 praecepto
895 1740 1049 1778 recitare,

358 1791 508 1835 idemque
523 1792 666 1835 officium
687 1793 729 1826 ad
753 1803 844 1825 usum
865 1791 945 1824 dicti
963 1792 1053 1825 Ordi-

358 1845 411 1877 nis
425 1846 556 1877 seorsim
575 1845 726 1888 imprimi
740 1856 831 1888 posse
855 1845 1048 1878 conceditur.

533 1925 666 1952 clemens
688 1926 765 1958 Papa
781 1925 836 1959 lx,

453 1970 490 1997 ad
510 1969 642 1997 futuram
662 1970 708 1996 rei
729 1970 910 1997 memoriam.

359 2040 464 2084 Exigit
474 2041 664 2074 commissae
676 2042 768 2074 nobis
782 2042 916 2075 caelitus
926 2041 1053 2084 dispen-

316 2094 451 2127 sationis
474 2096 556 2127 ratio
575 2100 609 2126 ut
633 2095 696 2138 piis
722 2095 949 2137 religiosorum
968 2095 1053 2127 viro-

317 2157 387 2179 rum
406 2148 556 2190 propriae
578 2147 767 2190 alienaeque
789 2148 884 2180 saluti
913 2148 1053 2181 laudabi-

316 2199 389 2231 liter
412 2199 678 2232 incumbendium
702 2199 784 2232 votis
809 2200 847 2232 ad
873 2201 1052 2243 augendam

316 2252 347 2283 in
366 2251 458 2283 terris
477 2251 726 2294 gloriosissimae
743 2252 883 2295 Virginis
897 2253 1052 2296 Deiparae

317 2303 453 2343 Mariae,
479 2314 560 2347 quae
585 2315 681 2348 super
714 2306 833 2338 choros
864 2307 1053 2348 angelorum

316 2358 454 2390 exaltata
490 2368 548 2400 pro
574 2359 695 2400 populo
732 2358 909 2392 christiano
942 2360 1054 2393 sedula

316 2411 477 2443 exoratrix
503 2412 587 2454 apud
614 2411 734 2453 Regem
756 2422 850 2454 quem
871 2413 983 2454 genuit
1007 2423 1055 2445 as-

318 2464 409 2497 sidue
434 2465 606 2498 intercedit
628 2492 635 2506 ‚
661 2466 902 2498 venerationem
921 2467 1055 2499 tenden-

322 2516 403 2550 tibus
427 2518 646 2551 favorabiliter
669 2529 859 2552 annuamus.

950 144 1091 168 CLEMENS
1115 145 1145 168 lx
1169 144 1217 168 PP.

1741 138 1804 172 597

1143 193 1156 233 ξ
1189 192 1220 224 ’1.
1256 191 1551 235 Supplicationibus
1588 194 1695 238 itaque
1733 196 1839 230 dilecti

1099 244 1155 277 filii
1182 245 1367 288 Ilieronynii
1394 247 1574 287 i'almsorii,
1600 248 1717 290 prioris
1743 260 1840 291 genc-

1098 297 1175 329 ralis
1195 297 1323 330 Ordinis
1350 298 1483 330 fratrum
1505 300 1710 333 eremitarum
1736 303 1837 334 sancti

1099 350 1275 391 Augustini,
1303 356 1366 383 tam
1389 362 1448 384 suo
1474 362 1568 394 quam
1594 353 1688 385 totius
1711 354 1838 387 Ordinis

1098 402 1257 444 praedicti
1284 403 1413 435 nomine
1440 404 1532 437 nobis
1557 415 1654 448 super
1683 407 1746 439 hoc
1778 407 1839 439 hu-

1098 454 1219 486 militer
1242 456 1400 497 porrectis
1425 456 1581 497 inclinati,
1600 463 1635 490 ut
1666 459 1697 491 in
1723 460 1838 493 eodem

1098 506 1217 538 Ordine
1243 507 1282 538 ab
1307 507 1455 539 omnibus
1481 508 1566 541 illius
1592 510 1756 551 fratribus,
1783 511 1838 555 qui

1099 559 1196 591 lioras
1222 560 1394 592 canonicas
1420 560 1554 593 recitare
1581 567 1740 603 tenentur,
1768 565 1838 597 offi-

1098 611 1181 643 cium
1207 617 1239 644 et
1262 612 1359 644 missa
1384 612 1611 656 Conceplionis
1637 617 1781 649 eiusdem
1799 617 1834 649 B.

1099 663 1137 696 M.
1165 664 1199 696 V.
1234 664 1457 697 Immaculatae
1493 677 1565 698 cum
1598 671 1706 701 octava
1737 669 1838 712 impo-

1098 722 1216 749 sterum
1245 717 1283 749 de
1304 724 1481 761 praecepto
1502 720 1665 760 recitetur,
1682 732 1753 754 cum
1774 723 1837 755 lec·

1098 769 1238 802 tionibus
1264 769 1295 801 in
1320 771 1481 803 octavario
1508 782 1641 804 romano
1667 784 1683 805 a
1702 783 1837 816 congre-

1097 821 1225 862 gatione
1243 823 1479 855 venerabilium
1498 824 1631 856 fratrum
1652 830 1834 858 nostrorum

1096 873 1127 906 S.
1149 873 1185 906 R.
1205 873 1240 906 E.
1260 875 1474 908 cardinalium
1493 876 1589 908 sacris
1607 877 1721 909 ritibus
1740 888 1834 921 prae-

1097 926 1274 969 positorum
1300 928 1479 970 approbato
1506 929 1676 969 contentis,
1695 935 1727 962 et
1749 941 1766 962 a
1784 931 1835 963 die

1097 982 1205 1012 octava
1237 981 1276 1012 ad
1314 981 1620 1024 decimamquintam
1653 983 1834 1016 decembris

1097 1032 1156 1064 rite
1182 1032 1355 1076 dispositis,
1383 1034 1570 1067 auctoritate
1588 1036 1779 1078 apostolica,
1796 1041 1837 1068 te·

1097 1096 1174 1118 nore
1201 1087 1432 1128 praesentium,
1460 1088 1652 1120 mandamus
1671 1094 1702 1120 et
1726 1089 1837 1122 decer-

1096 1138 1220 1178 nimus,
1249 1139 1397 1182 idemque
1423 1141 1566 1172 ossiciuni
1593 1141 1631 1174 ad
1649 1152 1741 1174 usum
1760 1141 1834 1174 dicti

1096 1189 1224 1222 Ordinis
1242 1191 1375 1224 seorsim
1394 1192 1432 1224 ab
1449 1193 1609 1225 octavario
1631 1203 1763 1226 romano
1778 1194 1836 1226 im-

1096 1244 1191 1285 primi
1218 1254 1313 1286 posse
1339 1245 1560 1277 concedimus.

1139 1296 1153 1338 §
1178 1296 1208 1328 2.
1235 1296 1304 1328 Non
1323 1297 1525 1329 obstantibus
1548 1297 1834 1331 constitutionibus

1096 1354 1126 1381 et
1150 1349 1407 1383 ordinationibus
1433 1351 1631 1393 apostolicis,
1652 1352 1834 1395 ceterisque

1096 1401 1267 1434 contrariis
1293 1403 1562 1447 quibuscumque.

1141 1455 1155 1497 ξ
1187 1454 1218 1487 3.
1254 1455 1408 1488 Volumus
1440 1462 1548 1490 autem
1580 1463 1614 1489 ut
1648 1458 1835 1491 earumdem

1096 1508 1315 1550 praesentium
1341 1509 1518 1542 litterarum
1541 1512 1759 1554 transumptis,
1778 1521 1836 1544 seu

1097 1561 1262 1603 exemplis,
1277 1561 1371 1594 etiam
1391 1562 1564 1605 impressis,
1580 1574 1677 1596 manu
1697 1564 1835 1597 alicuius

1097 1614 1211 1646 notarii
1229 1614 1350 1657 publici
1369 1616 1572 1659 subscriptis,
1593 1622 1624 1649 et
1640 1617 1747 1659 sigillo
1764 1627 1837 1660 per-

1096 1677 1192 1699 sonae
1218 1667 1249 1699 in
1276 1668 1492 1701 ecclesiastica
1526 1669 1682 1711 dignitate
1715 1669 1837 1702 consti-

1097 1724 1182 1751 tutae
1200 1719 1360 1758 munitis,
1389 1721 1501 1753 eadem
1528 1731 1659 1763 prorsus
1691 1720 1769 1754 fides
1801 1721 1835 1754 in

1095 1772 1215 1805 iudicio
1237 1778 1268 1805 et
1288 1779 1375 1805 extra
1401 1773 1610 1814 adhibeatur,
1634 1784 1716 1817 quae
1741 1784 1835 1817 prae-

1096 1828 1241 1859 sentibus
1266 1827 1344 1870 ipsis
1365 1827 1587 1868 adhiberetur,
1609 1828 1633 1860 si
1657 1828 1764 1861 forent
1781 1838 1835 1861 ex-

1097 1880 1218 1913 hibitae
1243 1881 1292 1913 vel
1319 1885 1478 1913 ostensae.

1139 1933 1253 1966 Datum
1271 1934 1402 1973 Romae,
1426 1933 1512 1976 apud
1530 1933 1560 1966 S.
1584 1933 1713 1966 Mariam
1739 1933 1834 1967 Maio-

1095 1997 1180 2026 rem,
1210 1987 1269 2019 sub
1297 1987 1417 2019 annulo
1447 1986 1639 2028 piscatoris,
1677 1986 1728 2019 die
1764 1997 1833 2020 xxxx

1095 2041 1237 2073 octobris
1253 2050 1419 2081 MDCvan,
1437 2039 1645 2083 pontificatus
1663 2039 1765 2073 nostri
1784 2049 1834 2074 an·

1096 2104 1137 2126 no
1156 2104 1177 2126 1.

1130 2156 1188 2183 Dat.
1209 2155 1252 2183 die
1271 2156 1300 2183 31
1325 2156 1442 2184 octobris
1464 2156 1542 2191 1667,
1564 2164 1634 2184 anno
1655 2162 1672 2183 1.

1399 2327 1530 2360 XXXIV.

1097 2413 1284 2457 Suppressio
1304 2414 1529 2457 reqularz'tatis
1544 2415 1732 2460 viceprioris
1746 2420 1774 2449 el
1787 2427 1836 2449 ca-

1141 2468 1328 2499 nom'corum
1349 2467 1554 2510 reyularium
1576 2469 1742 2512 prioratus
1762 2480 1835 2502 con-

1141 2519 1304 2553 ventualis
1328 2520 1359 2553 S.
1388 2520 1520 2564 Georqii
1545 2520 1678 2555 Ordinis
1703 2523 1835 2555 canoni-

1850 149 1899 177 Αη.
1916 151 1944 178 C.
1968 151 2033 180 ¹667

1877 212 2017 238 supplicatio.

1867 893 1967 915 Concedit
1977 895 2032 916 rnn-

1847 920 1904 941 tifex.

1917 1313 2032 1336 Contrariis

1845 1340 1940 1366 derogat.

1884 1471 2030 1497 Transummi's

1846 1498 1904 1519 credi
1915 1499 2009 1519 mandat.
