2247 3208
262 254 300 280 91
330 253 358 280 c.
383 253 448 281 isse
496 244 559 277 8530

455 303 652 335 restituimus
679 307 708 334 et
734 303 980 344 reintegramus.
1018 305 1190 338 Praeterea

453 356 668 388 nltimodictas
709 356 878 387 Alexandri
925 357 1188 398 praedecessoris

456 407 579 440 litteras
606 407 655 439 die
681 418 777 440 xxxin
803 408 913 450 aprilis
931 418 1036 442 ,uriom
1062 411 1189 452 expedi-

454 464 498 491 tas
524 470 596 491 cum
622 460 772 492 omnibus
799 466 827 492 et
847 461 981 503 singulis
999 462 1030 493 in
1050 462 1096 494 eis
1115 473 1190 495 con-

452 511 549 544 tentis
575 512 805 545 inviolabiliter
822 518 853 545 et
870 513 1060 547 inconcusse
1082 516 1187 547 obser-

451 565 526 605 vari,
562 566 750 598 auctoritate
788 571 820 598 et
853 572 964 600 tenore
1000 569 1184 611 praedictis,

451 618 668 661 praecipimus
694 624 725 651 et
744 619 945 652 mandamus.

494 670 508 712 ἓ
532 670 562 702 6.
590 670 807 704 Decernentes
837 673 965 705 easdem
995 679 1183 715 praesentes

450 723 572 756 litteras
598 734 726 766 semper
750 724 858 757 sirmas
878 751 885 765 ‚
918 726 1038 757 validas
1063 731 1095 758 et
1118 727 1184 758 effi-

449 787 540 809 caces
565 777 702 810 existere
721 782 752 809 et
770 778 847 817 sore,
863 788 1004 821 suosque
1019 779 1182 821 plenarios

448 834 480 862 et
504 829 646 872 integros
674 829 807 863 effectus
833 831 940 863 sortiri
967 837 999 864 et
1026 832 1181 872 obtinere,

447 893 483 916 ac
507 883 571 916 illis
597 883 636 916 ad
658 894 739 926 quos
765 889 888 926 spectat
912 890 944 917 et
959 895 1018 927 pro
1036 890 1182 927 tempore

447 936 716 979 quandocumque
742 936 910 979 spectabit,
928 936 959 968 in
985 938 1133 969 omnibus
1152 943 1183 969 et

447 999 507 1032 por
531 989 638 1022 omnia
658 989 848 1032 plenissime
867 988 1048 1031 suffragari,
1064 990 1182 1032 >sicque

447 1042 479 1073 in
505 1041 688 1084 praemissis
718 1052 777 1084 per
807 1053 1024 1085 quoscumque
1058 1042 1182 1074 iudices

447 1094 626 1127 ordinarios
653 1100 685 1127 et
709 1096 882 1137 delegatos,
903 1096 997 1128 etiam
1012 1106 1180 1127 causarum

447 1148 557 1190 palatii
590 1147 759 1190 apostolici
789 1148 968 1187 auditores,
991 1148 1125 1181 iudicari
1151 1155 1182 1181 et

447 1200 572 1233 definiri
600 1201 735 1240 debere,
762 1211 798 1233 ac
822 1201 949 1233 irritum
975 1207 1006 1234 et
1030 1202 1124 1234 inane
1155 1202 1180 1234 si

446 1264 539 1286 secus
560 1264 660 1297 super
686 1254 734 1286 bis
760 1265 776 1286 a
801 1264 974 1297 quoquam,
1000 1255 1111 1297 quavis
1131 1265 1181 1286 au-

446 1307 605 1347 ctoritate,
631 1307 774 1340 scienter
798 1308 848 1340 vel
869 1307 1080 1350 ignoranter,
1106 1318 1181 1340 con-

449 1359 556 1401 tigerit
576 1360 738 1393 attentari.

490 1413 504 1455 ἓ
530 1412 559 1444 7.
587 1412 657 1444 Non
685 1412 885 1445 obstantibus
910 1412 1060 1455 praefatis
1084 1412 1180 1445 Inno-

447 1465 542 1498 centii
563 1471 595 1498 et
611 1466 783 1498 Alexandri
801 1466 1038 1509 praedictorum
1055 1466 1180 1503 litteris,

446 1518 582 1562 aliisque
608 1518 892 1551 constitutionibus
917 1524 948 1551 et
972 1519 1181 1552 ordinationi-

445 1572 505 1604 bus
531 1572 727 1615 apostolicis,
757 1583 809 1612 ac,
835 1578 993 1615 quatenus
1019 1584 1099 1616 opus
1124 1574 1178 1612 sit,

446 1625 548 1658 dictae
574 1625 846 1667 Congregationis,
866 1626 976 1658 aliisve
1003 1627 1180 1669 quibusvis,

445 1677 542 1710 etiarn
568 1678 762 1718 iuramento,
789 1677 1035 1711 confirmatione
1056 1685 1181 1721 aposto-

442 1731 514 1770 lica,
533 1733 583 1764 vel
609 1731 720 1774 quavis
746 1730 897 1763 firmitate
923 1733 983 1764 alia
1007 1733 1179 1770 roboratis,

443 1783 570 1816 statutis
595 1789 625 1816 et
649 1784 940 1816 consuetudinibus
960 1811 966 1824 ,
1002 1785 1180 1828 privilegiis

443 1847 573 1879 quoque
589 1863 596 1876 ‚
625 1837 758 1869 indultis
784 1842 816 1869 et
841 1837 958 1869 litteris
990 1839 1178 1880 apostolicis

442 1890 475 1921 in
500 1890 696 1922 contrarium
721 1890 975 1932 praemissorum
1001 1892 1180 1934 quomodo-

441 1942 523 1974 libet
547 1942 720 1981 concessis,
736 1942 933 1975 confirmatis
953 1948 984 1976 et
1002 1944 1176 1984 innovatis;

443 1995 559 2038 quibus
595 1995 746 2028 omnibus
779 2000 811 2028 et
846 1996 984 2038 singulis
1005 2024 1012 2037 ,
1047 1997 1179 2030 illorum

441 2053 574 2080 tenores
592 2048 818 2090 praesentibus
833 2059 891 2091 pro
914 2050 1010 2091 plene
1037 2055 1069 2082 et
1093 2051 1179 2082 sufli-

441 2100 567 2132 cicnter
593 2101 754 2142 expressis
786 2112 821 2133 ac
856 2102 895 2133 ad
920 2103 1053 2135 verbum
1079 2103 1180 2136 inser-

441 2153 481 2185 tis
508 2153 684 2194 habentes,
708 2155 773 2187 illis
798 2153 877 2187 alias
904 2156 937 2188 in
969 2167 1027 2189 suo
1058 2158 1177 2190 robore

440 2207 672 2250 permansuris,
690 2208 728 2240 ad
743 2209 1001 2251 praemissorum
1019 2210 1176 2250 effectum,

440 2259 501 2291 hac
516 2259 581 2292 vice
594 2260 768 2299 dumtaxat,
782 2261 966 2304 specialiter
980 2268 1012 2295 et
1026 2274 1177 2307 expresse

441 2312 661 2355 derogamus3
689 2314 871 2358 ceterisque
905 2317 1074 2350 contrariis
1108 2317 1178 2361 qui-

440 2364 654 2408 buscumque.

485 2417 500 2460 ᾗ
517 2416 547 2449 8.
575 2418 730 2452 Volumus
749 2426 858 2453 autem
877 2426 912 2453 ut
928 2421 1070 2465 ipsarum
1086 2433 1177 2466 prae-

442 2470 585 2502 sentium
630 2471 809 2505 litterarum
846 2476 1081 2518 transumptis,
1122 2487 1177 2508 seu

441 2523 619 2566 exemplis,
645 2524 740 2557 etiam
767 2526 937 2569 impressis
954 2554 962 2568 ‚
996 2539 1092 2560 manu
1119 2529 1177 2562 ali-

442 2576 535 2608 cuius
561 2576 679 2608 notarii
700 2579 824 2620 publici
840 2581 1047 2624 subscriptis,
1073 2587 1105 2614 et
1136 2583 1177 2615 si-

441 2629 520 2672 gillo
536 2640 700 2674 personae
720 2631 751 2662 in
776 2634 998 2666 ecclesiastica
1016 2635 1174 2678 dignitate

286 682 395 702 Det-retum
414 684 439 703 ir-

257 709 329 729 ritum.

279 1414 435 1438 Contrariorum

252 1442 370 1469 derogatio.

286 2419 429 2446 'l'rauszliuplis

245 2445 298 2466 fides
315 2447 393 2467 danda.

1018 256 1203 282 *m'LLAmt'tt
1226 258 1378 285 Rom-xum

1978 265 2027 292 An.
2044 265 2074 293 C.
2095 265 2164 293 1669

1234 309 1433 341 constitutae
1459 311 1606 350 munitm,
1633 313 1748 346 eadem
1775 313 1910 357 prorsus
1936 314 1967 346 fi-

1232 361 1289 393 des
1310 361 1430 405 ubique
1446 364 1591 396 locorum
1610 369 1672 397 tam
1690 365 1721 398 in
1735 366 1854 400 iudicio
1873 379 1967 411 quam

1231 419 1317 445 extra
1342 414 1421 447 illud
1450 416 1630 455 habeatur,
1660 428 1742 460 quae
1767 419 1846 461 ipsis
1873 432 1968 463 prae-

1231 468 1378 501 sentibus
1401 469 1592 510 haberetur,
1620 470 1646 503 si
1673 471 1779 504 forent
1799 473 1965 507 exhibitae

1231 522 1278 552 vel
1298 526 1462 554 ostensae.

1271 573 1385 606 Datum
1411 575 1547 614 Romae,
1574 575 1662 618 apud
1688 576 1719 609 S.
1746 576 1877 610 Mariam
1902 578 1966 612 Ma-

1228 625 1344 665 iorem,
1372 628 1431 660 sub
1457 629 1579 661 annulo
1605 629 1794 670 piscatoris,
1815 630 1866 663 die
1887 641 1966 665 xxut

1228 679 1369 711 octobris
1412 690 1577 721 MDCLxxx,
1607 680 1818 724 pontificatus
1858 683 1965 716 nostri

1227 742 1313 764 anno
1341 742 1388 765 111.

1260 794 1320 820 Dat.
1338 794 1381 821 die
1396 795 1430 821 23
1446 795 1564 822 octobris
1582 796 1660 829 1669,
1677 796 1771 831 pontif.
1789 805 1859 824 anno
1874 803 1915 826 111.

1534 912 1649 945 CXXV.

1228 980 1438 1021 Confirmatio
1463 981 1576 1013 Brevis
1600 982 1702 1014 Paula·
1735 982 1761 1013 V
1789 992 1886 1025 super
1916 982 1962 1014 li-

1269 1033 1372 1064 cenzid
1398 1034 1546 1065 alumnis
1572 1034 1703 1076 colleyii
1728 1035 1874 1066 nationis
1899 1035 1956 1067 Sao

1270 1089 1376 1117 torum
1400 1086 1600 1118 Parisa‘em-is
1633 1096 1778 1118 concessa
1808 1086 1966 1118 celebrari

1267 1138 1411 1181 faciendi
1436 1139 1471 1170 in
1496 1139 1581 1171 dicto
1606 1139 1760 1181 cotteym,
1796 1143 1824 1171 el
1855 1139 1962 1170 susci-

1266 1191 1381 1234 piendi
1405 1191 1532 1224 ordines
1556 1202 1662 1224 sacros
1679 1192 1720 1224 ad
1735 1192 1869 1224 tilulum
1880 1202 1966 1234 puu-

1265 1245 1403 1288 perlalis
1419 1242 1438 1277 ¹.

1437 1315 1570 1342 Clemens
1590 1315 1671 1348 Papa
1695 1316 1751 1347 lx,

1365 1361 1401 1387 ad
1421 1360 1555 1386 futuram
1575 1361 1620 1386 rei
1639 1359 1822 1386 memoriam.

2027 1427 2158 1448 necerim-'nr

1268 1422 1282 1464 ξ
1307 1421 1337 1453 t.
1364 1421 1490 1453 Dudum
1515 1426 1707 1454 emanarunt
1738 1431 1756 1454 a
1786 1419 1888 1453 felicis
1913 1431 1988 1475 re·B
2022 1462 2026 1465 ι
2125 1457 2128 1460 ,

1992 1454 2033 1475 ulla
2047 1454 2107 1475 Pauli
2127 1455 2148 1477 ί.

1224 1474 1423 1507 cordationis
1449 1474 1547 1506 Paulo
1566 1474 1649 1517 Papa
1666 1474 1688 1505 V
1704 1473 1960 1517 praedecessore

1225 1532 1335 1559 nostro
1361 1527 1400 1559 ad
1426 1527 1568 1558 savorem
1594 1528 1798 1558 alumnorum
1827 1525 1959 1567 collegii

1224 1580 1366 1612 nationis
1392 1579 1560 1611 Scotorum
1575 1579 1766 1610 Parisiensis
1785 1578 1912 1610 litterae
1929 1577 1963 1610 in

1227 1631 1321 1664 simili
1348 1632 1451 1663 forma
1464 1631 1573 1664 Brevis
1588 1631 1711 1663 tenoris
1730 1630 1784 1673 qui
1804 1629 1961 1673 sequitur,

1224 1685 1390 1718 videlicet:

1273 1750 1285 1768 α
1312 1737 1440 1770 Paulus
1464 1737 1559 1779 Papa
1588 1736 1632 1776 V,
1659 1736 1702 1768 ad
1734 1737 1883 1778 futuram
1915 1734 1964 1767 rei

1224 1791 1425 1822 memoriam.
1452 1789 1595 1822 Dilectos
1620 1788 1703 1821 filios
1729 1790 1876 1821 alumnos
1899 1787 1958 1820 col-

1224 1843 1300 1885 legii
1325 1842 1465 1874 nationis
1487 1842 1656 1874 Scotorum
1676 1841 1867 1874 Parisicnsis
1892 1850 1949 1883 spe

1223 1896 1359 1928 cialibus
1396 1895 1556 1928 favoribus
1592 1900 1624 1927 et
1663 1894 1773 1936 gratiis
1805 1893 1961 1936 prosequi

1223 1949 1377 1987 volentes,
1392 1953 1424 1980 et
1442 1957 1553 1980 eorum
1572 1947 1751 1988 singulares
1768 1955 1924 1988 personas
1944 1955 1962 1977 a

1223 2000 1386 2043 quibusvis
1408 1998 1757 2037 excommunicationis,
1772 1997 1962 2040 suspensio-

1223 2054 1271 2086 nis
1297 2059 1328 2086 et
1358 2052 1539 2092 interdicti,
1566 2051 1701 2094 aliisque
1733 2049 1959 2084 ecclesiasticis

1221 2106 1402 2146 sententiis,
1420 2106 1565 2138 censuris
1584 2111 1617 2138 et
1640 2105 1764 2148 poenis,
1784 2115 1801 2136 a
1820 2104 1889 2136 iure
1908 2104 1958 2135 vel

1221 2160 1260 2191 ab
1286 2159 1426 2198 homine,
1453 2159 1562 2201 quavis
1594 2157 1761 2190 occasione
1787 2158 1836 2189 vel
1862 2158 1959 2188 causa

1222 2213 1303 2253 latis,
1325 2213 1351 2245 si
1377 2213 1493 2255 quibus
1512 2211 1760 2255 quomodolibet
1784 2210 1959 2242 innodatae

1221 2265 1370 2306 existunt,
1396 2266 1435 2298 ad
1461 2265 1607 2298 effectum
1627 2265 1850 2308 praesentium
1871 2263 1961 2295 dum-

1220 2324 1306 2350 taxat
1337 2318 1621 2360 consequendum,
1648 2318 1764 2349 harum
1795 2316 1880 2348 serie
1906 2315 1961 2346 ab·

1220 2372 1384 2404 solventes
1411 2377 1443 2404 et
1467 2369 1653 2404 absolutos2
1678 2371 1746 2403 sore
1772 2374 1946 2402 censentes

1219 2424 1512 2468 supplicationibus
1526 2424 1634 2457 dilecti
1648 2423 1704 2456 filii
1719 2422 1820 2456 nostri
1835 2421 1957 2454 Maliaci

1220 2477 1303 2509 tituli
1329 2477 1360 2510 S.
1377 2477 1561 2520 Honuphrii
1580 2475 1762 2520 presbyteri
1781 2472 1956 2507 cardinalis

1219 2528 1389 2562 Barberini
1415 2528 1601 2573 nuncupati,
1617 2527 1708 2571 regni
1729 2527 1854 2560 Scotiae
1872 2525 1958 2568 apud

1255 2602 1265 2627 1
1289 2600 1327 2627 Ex
1346 2600 1453 2636 Regest.
1473 2600 1500 2627 in
1519 2599 1619 2626 Secret.
1641 2599 1718 2625 Brev.

1253 2645 1270 2671 2
1289 2644 1484 2673 Cohaerentius
1498 2644 1557 2680 lege
1572 2644 1717 2670 absolutas
1732 2643 1769 2676 (n.
1780 2641 1830 2677 ⁴12).
