2247 3208
154 216 206 243 An.
223 215 253 242 C.
276 215 344 242 1664

180 856 223 878 Noc
237 857 280 877 ullo
295 862 338 877 um-

154 890 217 910 quam
245 886 338 908 tempore

153 912 178 930 uc
208 912 298 936 patratis
326 916 337 930 a

161 935 331 962 nir-linquentibus

153 963 231 990 inquiri
246 963 311 984 iubet.

939 216 1127 239 ALEXtNDEn
1150 216 1194 239 vn
1220 217 1267 240 1¹1³.

353 263 472 303 missis,
489 262 783 303 substitutionilms,
802 264 910 300 rebus,
927 264 1090 301 fructibus,

353 314 537 358 ceterisque
551 315 646 348 bonis
665 316 842 348 mobilibus
861 321 890 349 et
909 317 1089 356 stabilibus,

350 367 543 410 privilegiis,
564 368 674 410 gratiis
693 374 723 401 et
742 369 874 402 indultis
893 369 1091 413 apostolicis,

351 431 386 452 ac
411 420 545 461 iuribus,
572 427 601 454 et
620 422 690 454 aliis
715 422 878 465 praefatis,
905 423 1029 454 nullum
1059 432 1092 454 o-

350 474 463 507 mnino
488 475 722 517 praeiudicium
747 475 843 507 etiam
869 475 1036 506 minimum
1053 474 1092 506 il—

350 527 461 568 latum,
475 533 622 560 exortum
635 528 685 560 vel
697 527 872 567 inductum,
887 537 946 559 nec
958 526 1089 569 aliquod

352 580 400 612 ius
416 578 495 613 fisco
509 585 621 613 nostro
638 581 685 613 vel
703 587 850 613 camerae
864 584 992 612 nostrae
1014 589 1090 622 apo-

351 632 494 674 stolicae,
512 643 568 666 seu
583 633 773 676 cuicumque
791 631 893 671 alteri,
913 632 944 664 in
959 631 1023 664 illis
1038 633 1088 664 vel

351 685 389 718 ad
413 685 469 718 illa
493 685 694 728 acquisitum,
721 685 825 717 autin
851 685 930 717 alios
956 685 1110 717 transla-⁴

351 743 417 770 tum
442 738 552 778 fuisse,
569 748 630 770 nee
650 748 737 777 esse,
757 748 818 771 nee
840 749 982 781 unquam
1010 738 1088 777 sore,

351 792 555 824 decernimus
582 791 732 825 similiter
756 796 788 824 et
812 792 1026 825 declaramus.

393 845 407 887 ἓ
434 844 464 877 7.
491 843 643 877 Volentes
670 849 902 877 etstatuentes
927 845 1089 888 praefatos

350 906 462 930 omnes
478 901 510 930 et
524 896 669 939 singulos
684 897 773 930 nullo
787 907 928 940 unquam
942 902 1088 940 tempore

349 961 449 994 super
472 949 667 994 praemissis,
686 960 744 982 seu
770 961 882 983 eorum
900 950 1021 993 aliquo,
1039 950 1088 982 vel

349 1003 522 1046 aliquibus,
541 1003 636 1036 etiam
661 1003 714 1036 liic
740 1003 846 1035 minus
864 1004 959 1046 plene
981 1008 1013 1035 et
1029 1003 1089 1035 sus-

349 1055 499 1089 ficientes
537 1055 727 1099 specificatis
768 1061 798 1088 et
835 1056 995 1099 expressis
1013 1084 1019 1097 ,
1054 1066 1090 1089 ac

350 1110 447 1143 etiam
471 1109 600 1153 penitus
625 1109 776 1149 occultis,
809 1109 1003 1152 illorumque
1036 1110 1091 1143 de-

349 1162 593 1206 pendentibus,
618 1163 753 1196 annexis
789 1168 821 1195 ct
852 1163 1029 1203 connexis,
1056 1173 1091 1195 ac

350 1216 425 1248 inde
451 1216 597 1259 sequutis
618 1221 650 1248 et
670 1216 859 1259 sequuturis
884 1216 1091 1259 quibuscum-

351 1279 426 1312 que,
459 1279 635 1312 eorumque
661 1271 769 1309 causa,
794 1269 965 1302 occasione
991 1274 1024 1301 et.
1047 1279 1092 1301 ra-

351 1321 450 1361 tione,
475 1322 590 1364 quovis
615 1327 785 1365 praetextu
811 1327 841 1354 et
866 1322 1016 1365 quaesito
1041 1332 1092 1355 co-

349 1375 418 1408 lore
437 1379 490 1407 aut
506 1374 650 1417 ingenio,
672 1376 752 1419 capi,
771 1375 940 1413 carcerari,
959 1375 1092 1419 inquiri,

351 1479 437 1520 stari,
453 1479 659 1523 interrogari,
675 1481 724 1513 vel
741 1481 925 1522 examinari,
945 1486 999 1514 aut
1014 1481 1091 1514 alias

349 1533 383 1566 in
409 1543 522 1566 eorum
545 1533 708 1577 personis,
734 1534 850 1571 feudis,
868 1534 1089 1574 allodialibus,

350 1585 446 1618 bonis
460 1585 635 1618 mobilibus
654 1592 685 1619 et
702 1586 883 1628 stabilibus,
902 1586 1089 1631 privilegiis,

351 1638 462 1681 gratiis
488 1644 519 1671 et
544 1638 689 1680 indultis,
710 1639 831 1675 iuribus
848 1645 879 1672 et
899 1640 996 1673 rebus
1022 1641 1091 1684 qui-

349 1692 501 1733 buslibet,
519 1692 657 1735 aliisque
683 1703 779 1736 supra
804 1693 986 1736 expressis,
1017 1693 1092 1726 civi-

351 1745 436 1786 liter,
463 1745 675 1778 criminaliter
698 1747 748 1778 vel
774 1746 908 1787 mixtim,
934 1752 985 1778 aut
1012 1747 1090 1779 alias
1112 1746 1113 1752 ¹

352 1798 609 1840 quomodolibet,
628 1799 747 1831 directe
771 1800 818 1832 vel
845 1799 1010 1840 indirecte,
1035 1801 1112 1843 pus

352 1850 436 1883 blice
462 1852 512 1884 vel
538 1853 681 1892 occulte,
714 1853 910 1884 coniunctim
936 1854 985 1885 vel
1012 1845 1116 1900 diri-l¹

353 1904 425 1943 sim,
440 1905 631 1947 perturbari,
646 1906 822 1945 molestari,
838 1906 953 1946 vexari,
968 1906 1092 1949 inquie-

353 1957 423 1997 tari,
447 1962 501 1989 aut
524 1957 676 2000 impediri
701 1970 718 1990 a
743 1958 906 2001 quibusvis
932 1958 1091 1991 iudicibus

353 2015 384 2042 et
416 2011 567 2053 personis
603 2022 805 2054 quacumque
838 2012 1028 2045 auctoritate
1062 2017 1092 2044 et

353 2068 514 2106 potestate
534 2063 743 2106 fungentibus
763 2070 794 2096 et
811 2064 977 2103 functuris,
996 2065 1091 2097 etiam

353 2116 384 2149 S.
405 2116 442 2148 R.
465 2116 500 2149 E.
532 2117 761 2157 cardinalibus,
788 2123 819 2150 ct.
844 2128 935 2150 sacro
960 2117 1091 2150 illorum

354 2169 500 2212 collegio,
519 2179 614 2212 posse
633 2181 739 2214 neque
760 2171 890 2203 debere.
917 2171 955 2203 Et
978 2171 1092 2204 nibilo-

354 2222 460 2255 minus
486 2223 636 2256 omnibus
656 2228 687 2256 et
707 2224 844 2266 singulis
869 2224 995 2266 legatis,
1013 2224 1093 2257 rice-

354 2275 486 2317 legatis,
511 2272 794 2318 gubernato'rilms,
821 2276 993 2316 iudicibus,
1011 2277 1094 2309 bari-

356 2329 448 2371 gellis
468 2355 475 2368 ‚
511 2321 710 2372 capitaneis,
745 2329 927 2372 ceterisque
952 2329 1093 2362 iustitiae

355 2380 508 2413 ministris
544 2382 768 2424 praesentibus
805 2387 836 2414 et
876 2382 991 2414 suturis
1031 2388 1093 2415 tam

355 2434 444 2467 urbis
471 2440 502 2467 et
527 2435 663 2467 civitatis
682 2435 917 2467 Avenionensis
935 2446 971 2467 ae
996 2435 1094 2468 comi-

355 2491 440 2519 tatus
452 2487 641 2532 Venayssini
658 2488 889 2531 praefatorum,
907 2498 1002 2531 quam
1023 2489 1094 2520 uni-

356 2541 441 2574 versi
465 2541 570 2575 Status
594 2542 811 2575 Ecclesiastici
835 2541 929 2574 nobis
953 2542 1092 2575 mediate

356 2596 407 2628 vel
431 2594 618 2629 immediate
644 2595 791 2635 subiecti,
824 2594 918 2628 etiam
945 2594 1092 2629 eiusdem
1116 2627 1118 2639 ¹

1138 262 1168 295 S.
1187 263 1223 295 R.
1243 264 1278 296 E.
1298 263 1513 296 cardinalibus
1532 274 1706 306 eorumque
1722 264 1872 305 collegio,

1137 326 1172 347 ac
1191 315 1443 359 quibuscumque
1462 316 1531 349 aliis
1550 317 1697 359 personis
1716 317 1872 349 interesse

1136 368 1381 410 quomodolibet
1398 369 1590 401 habentibus
1605 375 1636 401 cl
1650 370 1771 402 habere
1787 381 1874 413 prae·

1135 420 1362 458 tendentibus,
1394 431 1433 453 nc
1471 421 1592 464 aliquid
1625 422 1657 454 in
1692 433 1870 465 personas,

1135 473 1238 513 feuda,
1258 474 1429 513 allodialia,
1446 485 1509 511 res,
1524 476 1573 507 rel
1590 476 1674 508 bona
1692 476 1824 509 mobilia
1843 483 1869 509 et

1133 525 1272 563 stabilia,
1291 526 1367 565 iura,
1386 526 1512 570 aliaque
1532 528 1714 570 supradicta
1728 529 1871 561 omnium

1133 583 1164 611 et
1197 578 1400 621 singulorum
1436 580 1680 623 praefatorum,
1710 587 1764 613 aut,
1794 583 1872 615 alias

1132 631 1309 675 quidquam
1334 633 1421 665 aliud
1450 633 1482 665 in
1516 644 1628 666 corum
1661 645 1715 667 seu
1744 635 1872 668 cuiusli-

1130 684 1186 716 bet
1211 694 1323 717 eorum
1340 684 1577 728 praeiudicium
1595 691 1704 719 contra
1724 692 1871 720 tenorem

1130 737 1351 780 praesentium
1370 738 1474 771 facere
1492 740 1541 771 vel
1561 744 1719 772 attentare
1739 751 1870 784 quoquo

1131 791 1227 823 modo
1253 791 1394 824 audeant
1420 802 1476 824 seu
1503 798 1733 835 praesumant,
1763 794 1871 825 distri-

1131 844 1211 876 ctius
1238 844 1425 877 inhibemus
1443 850 1474 877 ct
1498 846 1779 889 praes-ipi1nus‚ac
1805 847 1869 879 illis

1131 896 1280 929 omnibus
1307 903 1337 930 et
1361 897 1510 940 singulis,
1530 908 1657 931 necnon
1676 899 1771 931 ctiam
1793 899 1869 933 fisco

1131 954 1257 989 nostro,
1283 949 1449 993 ipsiusque
1472 949 1539 982 sisci
1558 952 1771 994 procuratori,
1799 964 1871 995 per-

1131 1008 1262 1045 petuum
1288 1003 1430 1047 desuper
1455 1003 1618 1036 silentium
1645 1005 1760 1037 harum
1786 1006 1869 1038 serie.

1131 1055 1333 1099 imponimus,
1360 1067 1460 1099 osque
1487 1057 1697 1090 occludimus.

1174 1107 1245 1152 §8
1281 1109 1325 1141 Ac
1357 1120 1574 1152 quascumque
1606 1110 1867 1152 informationes,

1133 1163 1368 1205 inquisitiones,
1386 1163 1570 1204 relationes,
1590 1164 1735 1197 examina
1754 1170 1782 1197 et
1798 1176 1869 1208 pro-

1132 1226 1257 1255 cessuS,
1283 1216 1383 1248 aliave
1409 1221 1486 1257 acta,
1513 1216 1577 1248 sive
1604 1217 1776 1257 iudicialia,
1804 1219 1867 1251 sive

1132 1268 1398 1308 extraiudicialia,
1419 1269 1444 1301 si
1463 1280 1544 1312 quae
1570 1275 1682 1302 contra
1706 1272 1867 1313 praefatos

1113 1331 1246 1367 *omnes
1270 1327 1299 1354 et
1326 1321 1483 1364 singulos,
1510 1323 1679 1355 occasione
1703 1324 1752 1356 rel
1775 1326 1869 1356 causa

1112 1374 1402 1422 ,praemissoruim
1428 1385 1483 1407 seu
1509 1375 1642 1408 alicuius
1675 1386 1805 1416 eorum,
1834 1387 1869 1409 ac

350 1427 516 1468 accusari,
548 1427 753 1470 denunciari,
788 1429 969 1472 querelari,
1005 1434 1114 1464 arse-l

1133 1428 1208 1461 inde
1222 1433 1430 1471 sequutorum
1445 1433 1476 1461 et
1489 1433 1737 1472 sequuturorum
1755 1440 1808 1462 seu
1821 1430 1870 1463 de·

1133 1481 1345 1525 pendentium
1369 1492 1662 1525 quorumcumque,
1686 1493 1743 1526 per
1774 1494 1869 1526 quos-

1133 1545 1269 1577 cumque
1294 1536 1430 1577 legatos,
1452 1534 1657 1578 vicelegatos‚
1684 1536 1870 1578 praesiden-

1133 1593 1188 1629 tes,
1215 1588 1459 1631 gubernatores,
1486 1588 1658 1628 auditores,
1693 1588 1813 1621 iudices
1839 1594 1869 1622 et.

1132 1640 1212 1673 alios
1237 1641 1399 1683 quoslibet
1416 1645 1543 1673 nostros
1557 1645 1588 1673 et
1601 1640 1691 1674 Sedis
1709 1641 1869 1684 praefatae

1132 1693 1285 1726 officiales
1303 1699 1333 1726 et
1350 1693 1523 1733 ministros,
1543 1704 1743 1737 quacumque
1763 1700 1870 1727 aucto-

1132 1746 1225 1779 ritate
1243 1752 1271 1779 et
1289 1751 1447 1790 potestate
1473 1746 1653 1789 fungentes,
1673 1747 1869 1790 ubicumque

1132 1805 1164 1832 et
1188 1800 1456 1843 quandocumque
1486 1800 1587 1839 sacta,
1614 1800 1749 1833 formata
1774 1806 1803 1833 et
1829 1801 1871 1833 sa-

1132 1853 1254 1885 bricata
1278 1853 1415 1893 suerint,
1442 1863 1620 1893 cassamus,
1654 1853 1814 1885 irritamus
1840 1859 1868 1885 et

1112 1909 1116 1914 '
1133 1906 1344 1945 annullamus,
1362 1905 1546 1948 viribusque
1564 1910 1596 1937 et
1609 1904 1722 1938 etl‘ectu
1742 1907 1869 1949 penitus

1133 1963 1165 1990 et
1189 1957 1320 1990 omnino
1344 1968 1523 1997 vacuamus,
1550 1968 1586 1990 ae
1610 1958 1649 1990 ab
1670 1960 1819 1991 omnibus
1841 1964 1871 1991 ct

1134 2011 1278 2054 singulis,
1310 2011 1348 2043 ad
1381 2022 1461 2054 quos
1486 2016 1607 2054 spectat
1643 2018 1674 2044 et
1706 2013 1866 2055 pertinet,

1133 2075 1188 2097 seu
1212 2064 1369 2107 spectabit
1393 2065 1504 2107 quovis
1528 2065 1625 2097 modo
1651 2065 1683 2097 in
1711 2066 1868 2107 futurum,

1134 2118 1172 2150 de
1198 2117 1301 2157 libris,
1328 2117 1412 2149 notis
1438 2122 1469 2149 et
1493 2118 1668 2160 seripturis,
1699 2119 1729 2150 in
1755 2119 1870 2161 quibus

1135 2170 1242 2213 aliqua
1267 2170 1396 2202 illorum
1421 2170 1541 2203 mentio
1567 2170 1646 2202 sacta
1677 2172 1867 2214 reperiatur,

1135 2223 1222 2256 omni
1247 2225 1337 2255 mora
1363 2228 1394 2255 et
1419 2223 1671 2256 contradictione
1697 2235 1752 2257 seu
1775 2225 1870 2267 tergi-

1134 2276 1313 2309 versatione
1331 2278 1464 2316 remota,
1485 2277 1652 2309 confestim
1672 2278 1797 2317 cassari,
1817 2278 1871 2310 de—

1136 2329 1193 2362 leri
1219 2334 1250 2361 et
1273 2329 1406 2369 aboleri,
1433 2334 1465 2361 et
1489 2340 1526 2362 ex
1551 2340 1635 2362 nune
1653 2341 1712 2372 pro
1730 2331 1870 2370 cassatis,

1136 2382 1260 2422 deletis,
1288 2382 1428 2422 abolitis,
1455 2383 1637 2422 annullatis,
1666 2383 1773 2423 irritis,
1799 2384 1872 2415 viri-

1136 2435 1258 2478 busque
1284 2440 1315 2468 et
1339 2434 1451 2467 effectu
1476 2435 1583 2467 vacuis
1608 2436 1735 2478 penitus
1756 2441 1787 2469 et
1805 2447 1871 2469 om-

1137 2489 1213 2520 nino
1232 2487 1344 2520 haberi
1370 2493 1400 2520 et
1424 2488 1548 2520 censeri
1573 2489 1718 2521 volumus
1736 2494 1764 2521 et
1783 2499 1871 2520 man-

1138 2541 1268 2580 damus,
1302 2541 1430 2584 illisque
1463 2542 1583 2573 nullam
1614 2552 1745 2584 prorsus
1778 2542 1871 2574 fidem

1138 2595 1170 2627 in
1203 2594 1319 2627 iudicio
1348 2595 1397 2628 vel
1431 2600 1519 2627 extra
1559 2595 1637 2627 illud
1674 2595 1869 2637 ubicumque

1761 206 1824 238 ⁶250
1870 213 1918 241 An.
1941 211 1969 240 C.
1994 213 2064 240 1365

1902 1119 1944 1139 Into
1954 1126 2064 1145 quoscum-

1881 1151 1921 1171 que
2059 1154 2062 1155 ⁷

1880 1174 1949 1192 oscis}
2004 1180 2064 1199 prun·-

1879 1204 1989 1220 missoruni
2018 1200 2064 1220 irri-

1882 1228 1918 1245 tat.
