2247 3208
159 235 209 262 nn.
233 234 258 261 C,
280 234 347 262 ΗΕΒ

978 234 1121 259 ctffiuzxs
1145 235 1174 258 tx
1200 235 1248 258 PP.

355 282 497 316 tionibus
522 293 632 316 eornm
653 282 782 315 nomine
805 282 898 316 nobis
915 293 1012 326 super
1030 284 1091 315 boc

356 337 521 369 humiliter
546 337 704 379 porrectis
732 337 892 376 inclinati,
926 336 1035 369 omnia
1059 340 1091 367 et

353 390 480 432 singula
505 394 752 422 memoratarum
781 389 876 421 trium
910 400 1091 431 congrega-

353 443 488 482 tionum,
513 448 548 474 ut
573 443 809 485 praemittitur,
844 452 1091 485 suppressmum

354 496 438 528 bona
464 496 620 538 (exceptis
652 496 832 538 sa‹:1·is),i11
865 496 953 527 Statu
988 495 1090 528 dictae

356 549 563 592 Reipublicae
595 549 790 581 Venetorum
828 547 1019 587 existentia,
1059 548 1089 579 in

353 706 568 748 expeditionis
600 711 711 738 eontra
735 705 850 737 Turcas
877 705 1089 747 supradictos,

353 760 533 802 apostolica
557 760 766 797 auctoritate,
798 764 910 791 tenore
941 769 1092 801 praesen-

353 812 444 850 tium,
469 814 628 854 perpetuo
657 811 865 854 applicamus.
887 812 929 843 Ae
953 811 1007 843 tibi
1034 821 1092 854 per

353 866 483 898 easdem
497 869 689 907 praesentes
707 864 937 896 committimus
957 869 988 896 ct,
1004 875 1092 896 man-

353 918 476 957 damus,
502 922 537 949 ut
560 928 618 960 per
643 923 672 949 te
699 917 802 960 ipsum
834 918 883 950 vel
918 927 976 960 per
1007 927 1092 949 com-

352 971 518 1004 missarios
551 982 568 1003 a
600 976 630 1003 te
663 970 849 1014 specialiter
886 971 1090 1014 deputandos

352 1183 585 1215 subiaceantet
598 1183 738 1215 subiecta
758 1188 854 1226 atque
873 1183 1091 1216 ecclesiastiea

351 1242 511 1278 perpetuo
536 1242 740 1275 remaneant,
773 1246 807 1268 ac
843 1236 882 1268 ad
915 1237 1113 1276 ecclesias,³

352 1290 548 1323 monasteria
573 1295 604 1323 et
635 1290 706 1322 loca
730 1290 782 1332 pia
808 1289 1003 1331 huiusmodi,
1037 1290 1091 1322 illa

353 1343 532 1385 respective
559 1347 723 1385 empturas
756 1348 785 1375 et
819 1348 985 1386 emptura,
1019 1353 1091 1375 cum

350 1448 514 1488 nitatibus,
540 1448 809 1491 exemptionibus,
834 1448 1023 1491 privilegiis,
1051 1449 1092 1481 iu-

351 1501 440 1534 ribus
467 1506 496 1533 et
522 1500 677 1541 indultis,
705 1512 777 1534 cum
803 1502 919 1545 quibus
942 1502 980 1534 ad
1016 1512 1093 1535 con-

352 1554 579 1596 gregationes,
611 1559 646 1587 ut
677 1555 877 1597 praefertur,
904 1553 1114 1598 suppressas}

352 1613 426 1639 ante
452 1607 718 1650 suppressionem
746 1607 934 1640 huiusmodi
968 1604 1114 1651 specta&

351 1661 429 1692 bant
453 1666 484 1693 et
508 1660 546 1693 ab
571 1660 636 1694 illis
660 1660 929 1704 possidebantur,
954 1660 1093 1704 parifor-

352 1714 449 1746 miter
473 1718 636 1757 perpetuo
656 1720 800 1757 spectare
824 1719 855 1747 et
875 1715 914 1747 ab
936 1714 998 1747 illis
1024 1725 1093 1758 pos-
1113 1734 1114 1738 =

353 1766 450 1799 sideri
481 1772 512 1799 et
545 1766 677 1800 retineri
707 1767 868 1807 debcant,
902 1767 1114 1810 auetoritate3

1112 1832 1114 1859 ῑ
1136 1830 1357 1863 quaecumque
1383 1831 1455 1852 cum
1481 1820 1753 1862 obligationibus,
1787 1822 1873 1853 clau-

354 1872 442 1915 prins
472 1873 702 1911 detrahendis,
739 1879 801 1906 tam
837 1884 897 1916 pro
930 1872 1114 1918 alimentis}

352 1821 463 1852 nostra
477 1820 657 1862 apostolica
670 1820 802 1859 vendas,
820 1820 969 1853 detractis
984 1825 1092 1853 tamen

352 1936 439 1958 nune
462 1926 638 1958 viventium
656 1926 886 1960 canonicorum
907 1931 939 1959 et
958 1927 1092 1959 fratrum

352 1989 409 2011 seu
435 1979 666 2022 religiosorum
691 1980 983 2022 congregationum
1017 1990 1113 2023 snp-¹

352 2041 538 2074 pressarum
562 2032 790 2075 praefatarum,
817 2032 904 2065 iuxta
929 2033 1114 2075 supradie-¹

353 2089 399 2117 tas
424 2090 551 2118 nostras
583 2085 721 2125 litteras,
748 2096 845 2128 quam
878 2096 936 2128 pro
962 2086 1092 2119 servitio

354 2143 386 2169 et
409 2138 656 2172 manutentione
676 2138 888 2171 eeclesiarum
905 2139 1092 2171 earumdem
1112 2167 1114 2179 ⁴

297 2223 303 2229 ,
353 2191 641 2233 congregationum
671 2196 764 2234 atque
795 2201 931 2224 onerum
956 2191 1020 2224 illis
1045 2203 1094 2224 re-

354 2243 496 2286 spective
511 2245 766 2277 incumbentium
781 2245 1037 2287 supportatione,
1056 2256 1092 2278 ae

354 2296 494 2339 pretium
528 2296 603 2330 inde
636 2298 803 2330 redactum
839 2298 958 2341 deponi
996 2299 1091 2331 facias

354 2359 454 2392 penes
476 2350 589 2382 aedem
613 2361 736 2383 Sacram
761 2352 809 2383 vel
835 2361 1009 2394 personam
1031 2351 1091 2383 tide
1112 2379 1113 2387 ,

355 2408 387 2434 et
412 2402 617 2435 facultatibus
641 2403 802 2441 idoneam,
829 2404 871 2436 ita
895 2410 930 2436 ut
950 2405 1023 2437 inde
1043 2414 1093 2437 ex-

354 2456 441 2488 trahi
465 2466 523 2489 seu
548 2457 687 2489 amoveri
712 2457 843 2490 minime
869 2457 995 2500 possit,
1030 2457 1091 2490 nisi

354 2520 425 2545 cum
439 2511 598 2544 mandatis
613 2512 745 2555 propria
757 2514 809 2544 tua
822 2522 920 2543 manu
934 2511 1093 2555 subscrip-

354 2563 403 2602 tis,
430 2574 504 2597 curn
529 2564 738 2607 expressione
763 2574 877 2597 causae
903 2570 935 2597 et
955 2573 1041 2605 usus,
1059 2565 1091 2596 in

354 2626 450 2658 quem
467 2617 604 2660 pecunia
625 2618 685 2650 erit
702 2618 874 2660 eroganda,
890 2617 941 2660 qui
959 2618 1091 2661 quidem

1771 224 1831 257 741

1134 294 1209 315 usus
1235 293 1300 315 non
1327 282 1366 315 sit
1390 282 1490 323 alius,
1517 293 1610 326 quam
1637 292 1695 326 pro
1728 282 1871 314 subsidio

1135 342 1166 369 et
1183 337 1396 370 sulwentionc
1412 347 1446 369 ac
1464 336 1670 380 expeditione
1686 335 1868 368 antedictis.

1178 390 1192 431 ,Ε
1215 390 1246 422 lt.
1274 390 1313 422 Ut.
1343 394 1446 422 antem
1483 389 1638 427 ecelesiis,
1666 388 1871 421 monasteriis
1910 400 1947 420 rw
1966 401 1984 411 ··
2024 408 2026 417 i

1883 427 1908 447 :inl
1925 434 1931 445 i
1938 434 1947 445 ι·

1135 448 1167 475 et
1190 443 1260 476 aliis
1285 444 1362 476 locis
1387 443 1448 486 piis
1473 443 1626 486 praelatis
1649 442 1805 485 pecuniae
1833 443 1869 474 ad
1883 456 1903 500 st

1135 497 1272 528 emenda
1285 497 1369 528 bona
1384 496 1566 528 huiusmodi
1585 495 1784 528 necessariae
1802 506 1871 537 sup-
1883 488 1986 527 ⁴iterato...
2003 487 2064 526 siwia

1112 585 1113 591 ἵ
1134 554 1258 591 petant,
1285 549 1476 587 rectoribus,
1497 549 1709 587 curatoribus,
1735 534 1976 581 adniiui-mi'sm'

354 601 536 633 subsidium
562 606 656 643 atque
682 601 927 633 subventionem
954 600 1090 632 civitatis
1112 594 1113 603 ¹

356 653 493 685 Candiae
521 657 551 685 et
572 653 664 695 regni
685 652 797 685 Cretae
819 653 1035 694 praefatorum
1056 663 1091 683 ac
1112 647 1113 653 ¹

1135 601 1334 636 stratoribus,
1361 601 1557 639 oeconomis,
1577 612 1613 633 ac
1638 601 1869 643 superioribus,

1135 663 1188 684 seu
1214 653 1479 695 procuratoribus
1511 654 1695 686 earumdem
1721 654 1872 686 ecclesia-

1136 716 1214 745 rum,
1234 706 1506 738 monasteriorum
1524 712 1551 738 et
1575 707 1721 738 locorum
1743 707 1869 749 piorum

1134 759 1327 802 respective,
1351 760 1399 792 vel
1426 760 1496 792 aliis
1516 761 1552 792 ad
1572 770 1653 802 quos
1673 771 1709 793 ea
1727 770 1778 792 res
1801 771 1871 803 spe-

1135 817 1197 844 ctat
1221 823 1274 844 seu
1301 823 1360 855 pro
1386 817 1533 855 tempore
1560 813 1727 856 spectabit,
1754 824 1869 845 census

1136 870 1166 897 et
1202 865 1278 897 alias
1309 866 1541 908 praestationes
1577 876 1630 898 seu
1664 866 1733 898 iura
1765 877 1870 898 annua

1135 918 1174 951 ad
1194 918 1277 961 ipsas
1295 918 1457 958 ecclesias,
1470 919 1665 951 monasteria
1684 924 1714 951 et
1731 920 1802 952 loca
1819 920 1870 962 pia

1111 993 1113 1004 ⁴
1134 970 1311 1013 respective
1337 975 1519 1014 spectantes
1544 976 1574 1003 et
1599 971 1790 1014 spectantia,
1817 972 1869 1014 qui

351 1024 436 1056 bona
462 1023 644 1058 huiusmodi
671 1024 909 1066 quamprimum
930 1024 1088 1063 ecclesiis,
1111 1016 1113 1026 ⁴

351 1077 556 1110 monasteriis
582 1082 613 1109 et
638 1076 708 1109 aliis
733 1076 810 1109 locis
836 1077 897 1119 piis
917 1077 1090 1114 dumtaxat,
1111 1069 1113 1080 '

352 1130 396 1162 ita
412 1135 445 1162 ut
472 1130 707 1162 ecclesiasticae
726 1129 944 1162 iurisdictioni
963 1140 1092 1173 semper
1112 1145 1113 1150 =

1135 1029 1240 1056 tamen
1260 1029 1289 1057 et
1311 1034 1405 1067 quae,
1422 1026 1471 1057 vel
1490 1035 1526 1057 ex
1545 1027 1657 1057 natura
1674 1030 1870 1063 contractns;

1135 1078 1183 1109 vel
1209 1088 1244 1109 ex
1271 1077 1485 1110 conventione
1503 1078 1535 1110 in
1553 1078 1631 1121 ipsis
1652 1079 1870 1111 contractibus

1135 1131 1293 1174 apposita,
1313 1131 1376 1163 sint
1394 1131 1591 1164 redimibiles
1609 1137 1641 1164 et
1662 1132 1869 1173 redimibilia,

1137 1189 1290 1226 quantum
1308 1194 1388 1226 opus
1407 1184 1510 1223 suerit,
1526 1185 1716 1228 meliorique
1733 1185 1802 1217 fieri
1820 1196 1872 1228 po-

1136 1237 1207 1269 terit
1231 1236 1429 1276 conditione,
1457 1237 1616 1271 vendendi
1643 1243 1674 1270 et
1691 1239 1869 1277 alienandi,

1135 1290 1183 1321 vel
1208 1290 1361 1332 pecunias
1388 1290 1425 1322 ad
1452 1300 1584 1322 censum
1609 1301 1665 1323 seu
1690 1291 1777 1324 alind
1802 1291 1872 1323 lici-

1112 1348 1200 1380 ,tum
1234 1343 1464 1376 interusurium
1497 1345 1545 1376 vel
1582 1344 1741 1377 interesse
1775 1355 1872 1388 super

353 1395 504 1428 omnibus
529 1401 559 1429 et
584 1396 721 1438 singulis
741 1396 957 1435 libertatibus,
976 1397 1092 1428 immu-

1135 1394 1358 1434 ecclesiarum,
1377 1394 1648 1427 monasteriorum
1670 1400 1702 1427 et
1724 1396 1871 1428 locorum

1135 1446 1263 1490 piorum
1283 1448 1500 1490 praefatorum
1520 1448 1698 1490 respective
1712 1449 1806 1480 bonis
1824 1458 1873 1480 ca-

1134 1500 1266 1543 piendi,
1294 1511 1330 1533 ac
1362 1500 1517 1544 pecunias
1549 1500 1624 1533 inde
1658 1507 1871 1544 proventuras

1135 1553 1167 1586 in
1200 1553 1397 1596 emptionem
1432 1554 1594 1586 bonorum
1630 1554 1792 1586 stabilium
1825 1554 1871 1586 eis

1135 1607 1314 1650 respective
1339 1617 1399 1650 per
1415 1612 1444 1639 te
1462 1617 1518 1639 seu
1543 1606 1781 1640 commissarios
1800 1613 1871 1640 tuos

1136 1664 1169 1691 ut
1194 1660 1376 1703 praefertur
1398 1660 1646 1693 vendendorum
1662 1687 1669 1699 ‚
1694 1665 1726 1693 et
1750 1671 1814 1693 non
1839 1661 1872 1693 in

1136 1713 1215 1746 alios
1240 1724 1325 1753 usus,
1346 1712 1443 1745 unico
1469 1717 1621 1746 contextu
1647 1713 1774 1756 integre
1799 1724 1874 1746 con-

1135 1766 1282 1799 vertendi
1298 1771 1329 1798 et
1342 1766 1507 1809 erogandi,
1520 1776 1647 1798 necnon
1658 1765 1873 1799 instrumenta

1135 1873 1213 1906 sulis
1240 1879 1271 1905 et
1295 1874 1427 1906 cautelis
1451 1873 1483 1905 in
1501 1873 1658 1906 similibus
1684 1874 1802 1917 apponi
1827 1884 1874 1906 so-

1136 1926 1210 1965 litis,
1229 1937 1286 1959 seu
1304 1925 1392 1959 aliis¹
1411 1925 1602 1959 necessariis
1621 1932 1652 1959 et
1670 1926 1873 1969 opportunis,

1135 1979 1339 2019 celebrandi,
1364 1990 1421 2012 seu
1445 1979 1601 2012 celebrari
1628 1979 1754 2022 aliaque
1780 1979 1874 2012 desu-

1135 2043 1194 2075 per
1229 2031 1412 2065 necessaria
1449 2037 1480 2065 et
1515 2037 1699 2075 opportuna
1735 2031 1872 2065 faciendi

1136 2091 1167 2118 et
1191 2086 1380 2129 exequendi,
1403 2095 1638 2128 quamcumque
1659 2086 1873 2118 necessariam

1136 2144 1232 2182 atque
1258 2144 1475 2182 opportunam
1501 2139 1681 2171 facultatem
1715 2144 1746 2171 et
1774 2140 1874 2172 licen-

1135 2193 1212 2225 tiam
1239 2191 1322 2225 dicta
1351 2192 1542 2224 auctoritate
1576 2192 1735 2224 concedas
1762 2197 1793 2224 et
1817 2193 1874 2224 im-

1135 2246 1300 2289 partiaris.

1180 2299 1194 2341 §
1208 2298 1238 2330 5.
1256 2298 1469 2330 Decernentes
1483 2297 1611 2330 easdem
1625 2303 1810 2341 praesentes
1829 2296 1875 2331 lit·
1886 2303 2069 2350 §tgffiffffireao-

1137 2358 1232 2391 teras,
1246 2351 1366 2388 sirmas,
1382 2351 1502 2383 validas
1520 2356 1552 2383 et
1575 2351 1719 2383 efficaces
1737 2351 1874 2384 existere

1137 2410 1168 2437 et
1192 2405 1258 2437 sore
1278 2432 1285 2444 ,
1310 2414 1414 2446 neque
1441 2405 1501 2436 sub
1526 2404 1688 2446 quibusvis
1723 2405 1875 2437 similium

1136 2457 1388 2501 applicationum
1406 2457 1677 2498 revocationibus,
1696 2458 1877 2501 suspensiu-

1137 2512 1239 2551 nibus,
1266 2510 1523 2552 limitationihus,
1547 2511 1681 2554 aliisque
1707 2510 1876 2544 contrariis

1173 2628 1180 2652 1
1207 2626 1305 2653 Forsan
1329 2626 1402 2652 (vlitis
1419 2635 1466 2661 pru
1484 2626 1553 2653 ruiis
1568 2625 1710 2660 legendum
1726 2626 1766 2659 (n.
1784 2626 1833 2656 τ.).

1882 233 1929 259 An.
1952 233 1979 260 C.
2001 234 2065 260 tce-<3
