2247 3208
201 236 385 266 An.C.1668
431 226 496 261 722

227 297 383 319 renorma,
438 284 452 327 g
478 283 509 315 1.
538 281 623 315 Alias
643 277 800 322 siquidem
820 276 1005 320 (postquam
1029 272 1128 306 felicis

201 325 315 346 innocentii
331 323 355 345 X.

394 333 628 370 recordationis
642 330 848 364 Innocentius
861 328 945 371 Papa
959 327 984 359 31
998 326 1129 370 praede-

396 399 504 421 cessor
521 391 631 419 noster
645 394 701 428 per
719 383 872 426 quasdam
892 391 964 413 suas
981 380 1013 412 in
1032 379 1128 412 simili

396 443 496 475 forma
514 439 624 472 Brevis
647 436 696 469 die
715 436 818 479 prima
834 433 968 467 ianuarii
990 442 1129 466 nncxtw

396 492 559 536 expeditas
573 491 707 528 litteras,
723 498 856 532 quarum
878 492 1024 520 tenorem
1042 495 1130 528 prae·
1150 500 1152 514 t

397 545 540 578 semibus
565 542 675 575 haberi
702 542 846 574 volumus
872 550 931 582 pro
957 548 1128 582 expresso,

396 601 567 635 statuerat,
603 595 832 633 mandaverat,
864 596 1074 637 praeceperat
1100 596 1153 623 etl

398 651 604 683 ordinaverat
629 654 663 680 ut
688 647 852 691 perpetuis
871 646 983 679 suturis
1008 651 1131 688 tempo-

397 703 484 735 ribus
509 701 718 744 congregatio
736 699 899 742 generalis
919 699 951 730 in
968 698 1132 742 praedicta

398 755 557 789 Societate
583 754 651 787 lesu
678 754 803 795 singulo
825 762 952 795 quoque
970 750 1131 784 novennio
1152 758 1154 800 Ξ

399 808 615 852 computando
649 817 776 850 semper
801 817 818 838 a
842 804 1059 838 celebratione
1084 804 1132 835 ul-

399 863 495 895 timae
533 859 793 903 congregationis
825 857 986 900 generalis
1018 855 1155 888 haberi=

400 920 431 948 et
453 914 608 947 celebrari
628 913 758 945 omnino
776 912 918 950 deberet,
938 910 980 942 ita
997 914 1028 941 ut
1047 909 1132 941 illius
1153 902 1155 933 l

400 967 577 1002 celebratio
612 967 700 998 nullo
734 965 850 1003 modo,
878 974 936 995 net:
962 974 996 995 ex
1025 962 1156 1004 qxiavis}

400 1022 501 1060 cansa,
526 1020 592 1052 sive.
619 1030 677 1062 per
703 1016 923 1060 praepositum
948 1005 1156 1060 generalem}

399 1084 459 1117 pro
481 1078 628 1114 tempore
655 1070 845 1103 existentem
869 1069 933 1100 sive
952 1078 1011 1110 per
1029 1077 1134 1110 quam-
1154 1061 1157 1073 ⁵

401 1136 539 1168 cumque
580 1123 866 1166 congregationem
906 1120 1135 1164 particularem
1155 1142 1158 1168 ζ

400 1180 448 1211 vel
475 1178 661 1220 generalem
688 1175 835 1218 impediri
858 1203 863 1214 ‚
897 1175 945 1207 vel
970 1175 1055 1206 ultra
1079 1183 1135 1205 no-
1156 1173 1158 1190 ²

400 1231 551 1264 venui-:zm
577 1229 762 1262 huiusmodi
789 1227 909 1261 diti'erri
935 1238 991 1260 seu
1021 1231 1159 1270 prom-4

402 1283 467 1327 gari
483 1289 608 1327 posset:
630 1288 737 1325 utque,
757 1281 1023 1325 quotiescumque
1043 1281 1136 1314 habe·
1157 1272 1160 1303 t'

402 1342 494 1370 retur
511 1342 541 1368 et
566 1337 784 1369 celebraretur
809 1334 1017 1377 congregatio
1042 1330 1160 1376 gene-l

402 1389 478 1422 ralis
503 1388 700 1427 huiusmodi,
729 1388 821 1420 toties
849 1387 922 1419 novi
948 1387 1136 1419 assistentes
1158 1404 1159 1407 =

404 1442 441 1474 ab
467 1442 531 1475 illis
556 1442 651 1485 plane
677 1441 816 1479 diversi,
842 1440 896 1483 qui
923 1440 1137 1483 praecedente

403 1494 565 1528 novennio
592 1493 808 1525 assistentium
833 1493 1020 1525 muneribus
1038 1492 1137 1525 functi

403 1548 556 1585 fuissent,
584 1547 659 1588 eligi
686 1557 741 1578 seu
768 1546 884 1578 assumi
912 1551 943 1578 et
968 1545 1136 1588 deputari:

448 1600 462 1643 ξ
488 1600 518 1632 ⁶2.
547 1601 590 1632 Ac
616 1600 756 1638 demum,
776 1604 810 1630 ut
827 1609 940 1630 omnes
967 1604 996 1630 et
1022 1599 1161 1640 singuli·

404 1653 547 1687 eiusdem
573 1651 739 1685 Societatis
764 1651 1004 1694 provinciales,
1038 1650 1139 1683 visita-

404 1712 504 1746 tores,
530 1705 725 1749 praepositi,
758 1710 917 1744 rectores,
953 1704 1138 1747 superiores

404 1760 522 1794 locales
548 1764 577 1792 et
612 1759 664 1791 alii
697 1758 849 1791 officiales
882 1757 1139 1790 iurisdictionem

405 1823 461 1845 seu
487 1811 747 1855 superioritatem
773 1810 942 1848 babentes,
964 1810 1142 1853 quomodo-

405 1865 484 1899 libet
514 1865 707 1908 nuncupati,
735 1864 877 1907 exceptis
902 1863 1061 1906 magistris
1088 1874 1142 1896 no-

405 1918 571 1956 vitiorum,
598 1917 629 1949 in
655 1927 768 1949 eorum
794 1916 973 1959 respective
1000 1916 1164 1949 muneri-¹

404 1972 475 2009 bus,
503 1969 794 2013 superioritatibus,
819 1968 1021 2008 ministeriis,
1048 1968 1165 2001 admi-‚

406 2024 651 2058 nistrationibus
666 2028 694 2055 ct
710 2023 822 2056 officiis
839 2022 1142 2066 quomodocumque
1163 2038 1165 2044 ·

406 2076 598 2120 nuncupatis
623 2086 681 2119 per
701 2075 875 2108 triennium
902 2075 1061 2106 dumtaxat
1087 2075 1166 2106 (lu-i

407 2140 479 2163 rare
505 2130 679 2168 deberent,
708 2134 808 2172 eaque
825 2155 832 2168 ,
860 2128 970 2170 elapso
1005 2126 1143 2160 triennio
1165 2142 1166 2153 π

407 2182 615 2221 huiusmodi,
643 2193 681 2214 eo
707 2182 778 2224 ipso
802 2186 951 2213 vacarent
976 2185 1006 2212 et
1029 2191 1143 2213 vacare
1165 2211 1166 2225 χ

409 2241 642 2273 censerentur,
678 2234 805 2277 ipsique
841 2233 879 2265 ad
919 2232 979 2265 alia
1016 2227 1166 2276 quaevis³

409 2288 554 2321 eiusdem
581 2287 747 2319 Societatis
775 2296 919 2326 munera,
938 2285 1144 2329 superiorita—
1164 2285 1167 2312 ἶ

409 2340 663 2380 tes,ministeria,
683 2338 979 2372 administrationes
996 2342 1027 2370 et
1041 2337 1144 2370 officia

409 2392 574 2436 praedicta
587 2391 825 2434 quomodolibet
840 2396 1034 2433 nuncupata,
1048 2390 1143 2422 etiam
1165 2401 1166 2404 ¹

409 2445 701 2488 viceprovincialis,
728 2454 781 2476 seu
807 2443 1069 2486 vicepraepositi,
1097 2443 1144 2475 vel

409 2497 632 2536 vicerectoris,
659 2497 844 2528 nullatenus
870 2495 945 2538 eligi
971 2506 1025 2528 seu
1057 2506 1145 2527 assu-

410 2551 452 2584 mi
473 2551 521 2583 vel
540 2549 687 2593 deputari
702 2550 857 2588 valerent,
873 2547 932 2580 nisi
948 2558 1005 2591 per
1026 2558 1143 2580 annum

410 2613 480 2636 cum
502 2601 634 2634 dimidio
659 2602 770 2633 saltem
788 2612 805 2633 a
825 2601 886 2633 sine
912 2600 986 2633 dicti
1012 2599 1142 2632 triennii
1164 2615 1166 2625 ι

976 226 1155 252 ΒῙῘιῑΑΒΙΠΜ
1178 223 1330 248 ROMANUM

1171 271 1424 314 computandum
1450 283 1466 303 a
1492 271 1665 314 praedictis
1691 270 1900 310 muneribus,

1171 323 1461 367 superioritatilms,
1487 323 1684 364 ministeriis,
1703 323 1901 356 administra-

1171 376 1312 409 tionibus
1344 381 1375 409 et
1409 375 1520 408 officiis
1552 376 1780 419 cess-avissent)
1813 387 1902 409 reco-

1171 430 1285 462 lendae
1311 429 1485 461 memoriae
1519 429 1698 461 Alexander
1726 429 1810 472 Papa
1834 429 1899 470 Vll,

1172 482 1292 526 pariter
1315 483 1548 526 praedecessor
1573 486 1702 521 noster,
1738 482 1833 514 certis
1866 492 1903 514 ex

1173 535 1275 567 causis
1294 540 1368 568 tunc
1383 534 1542 577 expressis
1565 534 1727 574 adductus,
1753 538 1903 566 statutum

1173 593 1201 620 et
1229 587 1464 620 ordinationem
1498 586 1573 619 dicti
1608 586 1787 619 Innocentii
1812 596 1905 629 prae-

1173 640 1349 673 decessoris
1375 640 1458 672 circa
1485 639 1675 672 triennalem
1702 644 1823 671 tantum
1851 639 1905 671 du-

1173 693 1328 726 rationem
1353 703 1533 731 munerum,
1559 691 1904 735 s=1pe1·i0ritatum‚mi-

1174 745 1391 785 nisteriorum,
1416 744 1734 778 administrationum
1747 750 1777 777 et
1791 744 1906 778 officio-

1174 809 1242 830 rum
1272 798 1530 840 praedictorum,
1562 807 1689 829 necnon
1722 797 1906 840 sesquianni

1175 852 1213 883 ab
1245 851 1308 883 illis
1340 851 1537 883 vacationem
1572 850 1755 883 huiusmodi
1793 849 1907 892 (lirina

1176 909 1281 936 tamen
1317 908 1349 936 et
1383 903 1493 935 illaesa
1518 914 1554 936 ac
1586 903 1617 935 in
1647 913 1705 935 suo
1730 902 1848 935 robore
1875 902 1906 935 in

1176 956 1310 999 reliquis
1335 956 1483 990 omnibus
1507 961 1693 988 remanente
1721 956 1906 989 earumdem

1175 1008 1353 1042 innocentii
1379 1009 1638 1052 praedecessoris
1655 1009 1830 1041 litterarum
1844 1008 1908 1041 dis-

1177 1061 1356 1104 positione)
1382 1066 1541 1104 perpetuo
1566 1061 1725 1093 revocavit
1756 1066 1787 1093 et
1817 1061 1910 1093 abro-

1177 1115 1273 1157 gavit,
1298 1119 1329 1146 et
1354 1114 1432 1146 alias
1452 1119 1549 1156 prout
1568 1113 1601 1145 in
1618 1113 1717 1156 ipsius
1738 1113 1911 1146 Alexandri

1177 1167 1436 1211 praedecessoris
1462 1166 1576 1200 litteris
1602 1167 1742 1209 desuper
1763 1166 1795 1199 in
1816 1166 1911 1200 simili

1179 1221 1281 1254 forma
1317 1220 1425 1253 Brevis
1459 1219 1509 1252 die
1546 1230 1555 1253 1
1594 1219 1729 1253 ianuarii
1769 1228 1913 1253 nnccxui

1178 1274 1344 1314 emanans,
1364 1284 1500 1317 quarum
1527 1278 1672 1306 tenorem
1689 1272 1914 1317 praesentibus

1179 1327 1290 1360 itidem
1311 1337 1371 1370 pro
1393 1336 1543 1369 expresso
1562 1337 1597 1358 ac
1615 1326 1654 1359 de
1671 1325 1770 1358 verbo
1789 1326 1829 1358 ad
1846 1335 1915 1358 ver-

1179 1381 1253 1413 bum
1278 1380 1399 1413 inserto
1431 1379 1544 1412 haberi
1578 1380 1744 1419 volumus,
1783 1378 1915 1411 uberius

1180 1433 1374 1466 continetur.

1224 1487 1238 1529 ἓ
1263 1485 1293 1519 3.
1322 1485 1396 1518 Cum
1419 1492 1536 1524 antem,
1564 1485 1644 1517 sicut
1669 1484 1804 1518 dilectus
1829 1483 1914 1517 silius

1181 1539 1313 1572 loannes
1338 1537 1454 1570 Paulus
1479 1537 1568 1570 Oliva
1588 1537 1790 1581 praepositus
1819 1547 1916 1579 gene-

1181 1592 1255 1624 ralis
1273 1591 1376 1624 dictae
1394 1590 1560 1623 Societatis
1575 1590 1667 1623 nobis
1685 1599 1787 1633 nuper
1799 1589 1915 1632 exponi

1182 1645 1278 1684 fecit„
1316 1649 1478 1687 postrema
1508 1643 1718 1686 congregatio
1755 1642 1914 1685 generalis

1183 1698 1326 1730 eiusdem
1342 1696 1520 1735 Societatis‚
1537 1706 1622 1728 anuo
1636 1705 1754 1728 innomi
1771 1695 1916 1728 celebra-

1184 1756 1222 1790 ta,
1238 1751 1323 1783 inter
1340 1750 1401 1782 alia
1418 1749 1562 1782 unanimi
1578 1750 1672 1792 plane
1689 1758 1848 1782 consensu
1864 1748 1918 1781 de-

1183 1803 1319 1836 creverit
1343 1802 1476 1835 infimis·
1496 1802 1647 1846 precibus
1667 1802 1705 1834 ab
1724 1802 1785 1833 hae
1807 1802 1915 1834 sancta

1183 1857 1263 1891 Sede
1289 1857 1462 1900 petendam
1479 1856 1546 1889 sore
1568 1856 1811 1898 abrogationem
1829 1865 1921 1898 prae-

1184 1912 1338 1945 dictarum
1365 1909 1543 1942 Innocentii
1573 1908 1834 1952 praedecessoris
1869 1908 1919 1941 lit-

1185 1970 1337 2003 terarum,
1366 1974 1429 1996 non
1455 1964 1560 1996 solum
1584 1962 1617 1994 in
1638 1964 1675 1994 ea
1693 1967 1783 2005 parte
1804 1962 1837 1994 in
1859 1972 1921 2004 qna

1913 222 1964 249 An.
1979 221 2007 249 C.
2028 221 2096 249 1068,

1956 387 1979 407 Et
2009 387 2095 408 Alexin-

1914 414 1945 434 dri
1963 414 2004 434 vn.

1950 1489 2030 1519 Motiva
2041 1490 2106 1509 muta·

1926 1518 1996 1536 tionis.

1185 2022 1378 2050 memoratus
1401 2015 1580 2049 ..tlemnder
1596 2015 1838 2059 praedecessor,
1862 2014 1921 2046 hu-
1951 2027 1960 2034 ·

1187 2069 1323 2102 iusmodi
1350 2068 1470 2101 decreti
1490 2067 1646 2107 conscius,
1665 2067 1752 2100 illam
1773 2065 1920 2105 subinde,

1186 2128 1219 2155 ut
1243 2120 1467 2165 praemittitur,
1495 2120 1670 2159 coneessit;
1696 2119 1754 2152 sed
1779 2118 1875 2151 etiam
1889 2118 1921 2151 in

1187 2176 1311 2219 reliqua
1325 2173 1580 2208 celebrationem
1595 2171 1856 2215 congregationis
1869 2182 1922 2214 ge-

1187 2228 1304 2261 neralis
1334 2227 1480 2271 quolibet
1509 2226 1669 2259 novennio
1699 2234 1923 2268 novorumque

1187 2281 1403 2314 assistentium
1435 2290 1452 2311 a
1482 2278 1749 2322 praecedentibus
1782 2277 1923 2311 diverso-

1188 2345 1257 2366 rum
1282 2333 1473 2366 electionem
1498 2342 1555 2364 seu
1580 2331 1822 2374 deputationem
1846 2340 1923 2362 con-

1187 2392 1350 2426 cernente,
1377 2385 1496 2429 quippe
1523 2395 1604 2428 quae
1630 2388 1661 2417 et
1685 2380 1924 2416 constitutioni-

1187 2441 1245 2472 bus
1263 2438 1430 2472 Societatis
1448 2437 1627 2481 praedictae
1645 2448 1662 2469 a
1679 2440 1788 2469 sancto
1802 2433 1923 2477 Ignatio

1187 2492 1272 2525 illiu·
1301 2491 1469 2524 fundatore
1495 2489 1599 2529 editis,
1613 2499 1690 2531 quas
1708 2487 1849 2531 quinque
1868 2485 1924 2518 Ro-

1223 2608 1232 2634 ¹
1256 2606 1295 2635 1⁴1
1311 2605 1389 2633 etiam
1406 2604 1468 2642 legit
1483 2603 1546 2631 edit.
1558 2602 1674 2630 Cherub.
1687 2609 1722 2636 tn.
1734 2601 1783 2636 T.)-
