2247 3208
83 211 133 237 An.
153 210 171 237 C
208 209 273 237 ¹667

103 1592 219 1620 [xpodno.

267 257 452 295 innovatis;
480 256 597 299 quibus
628 255 779 288 omnibus
805 259 836 287 et
861 255 1013 297 singulis,

868 207 1057 231 ALExAxufin

1082 208 1125 231 ru
1153 208 1199 230 rr.

1060 254 1296 298 archicpiscopi
1323 255 1694 297 Taurinensis‚vende1·c
1720 261 1798 295 dilc-

270 310 402 343 illorum
430 314 561 341 tenores
587 307 817 351 praesentibus
838 318 898 352 pro
918 309 1014 350 plene
1059 312 1110 339 cto
1130 306 1195 339 silio
1215 308 1323 340 comiti
1341 308 1451 342 Ioanni
1472 310 1632 353 Baptistae
1652 313 1795 355 Bcgia'mi

270 368 302 396 ct
343 362 546 394 sufficienter
578 361 744 404 expressis
774 371 808 392 ac
841 361 878 393 dc
915 360 1012 394 verbo
1058 371 1116 402 pro
1148 370 1181 393 se
1216 363 1265 394 vel
1298 365 1438 405 persona
1463 364 1501 395 ab
1527 374 1565 396 eo
1597 366 1796 399 nominanda

269 417 308 449 ad
336 416 468 448 verbum
494 415 628 447 insertis
652 415 825 453 habentes,
851 414 913 446 illis
932 413 1011 446 alias

269 470 304 502 in
333 478 391 501 suo
428 469 547 501 robore
582 467 827 510 permansuris,
855 467 894 498 ad
919 476 1013 508 prae-

272 522 450 554 missorum
477 520 628 552 effectum
644 546 649 559 ,
671 519 731 551 hac
749 519 817 551 vice
834 518 1010 557 dumtaxat,

271 575 463 618 specialiter
492 579 521 605 et
550 582 706 616 expresse
726 572 937 613 dercga1nus3
961 582 1012 603 ce—

273 627 419 670 terisque
446 625 619 659 contrariis
646 625 921 667 quibuscumque.

308 679 422 713 Datum
446 679 588 718 Romae,
619 678 704 721 apud
729 677 759 710 S.
789 677 918 710 Mariam
952 678 1012 710 Ma—

266 735 394 775 iorem,
421 733 479 766 sub
506 733 625 765 annulo
656 730 848 771 Pis-catoris,
881 731 932 764 die
961 741 1010 765 xx1

268 787 373 820 martii
403 795 570 825 noctxvm
596 784 801 829 pontificatus
828 785 928 817 nostri
955 796 1011 817 an-

272 850 314 873 no
338 850 394 873 xn.

308 901 365 929 Dat.
387 901 432 929 die
450 902 480 928 21
504 900 594 928 martii
613 900 690 935 ¹667,
708 900 802 936 pontif.
822 908 893 928 anno
909 907 954 928 xu.

577 1041 706 1074 DLXIII.

274 1123 481 1164 Confirmatio
504 1122 700 1165 venditionis
724 1121 812 1163 feudi
826 1121 1010 1163 Montafiae',

315 1179 441 1217 eiusque
453 1175 665 1206 investiturae
676 1174 791 1206 Caroli»
804 1174 1011 1206 Emmanuel&

316 1227 490 1260 Phatiberto
501 1226 686 1269 Hyacinthe
700 1227 737 1259 a'e
752 1226 913 1265 Siminina,
927 1237 1011 1259 mar-

315 1280 424 1313 chion&
447 1279 692 1319 Planilz'arum,
725 1280 935 1312 Taurinensis
958 1290 1011 1312 seu

315 1332 449 1366 alteri-us
484 1333 624 1365 civitatis
653 1333 702 1365 vel
738 1333 891 1372 dioecesis,
929 1343 1006 1365 con-

315 1396 417 1419 cessae
432 1384 453 1418 ¹.

464 1465 632 1493 Alexander
653 1465 733 1499 Papa
752 1465 813 1498 vn,

394 1512 430 1537 ad
450 1514 625 1545 perpetuam
644 1510 688 1537 rei
709 1510 889 1538 memoriam.

315 1582 329 1626 ἓ
353 1581 384 1614 1.
411 1581 534 1625 Exponi
560 1581 654 1614 nobis
687 1592 791 1625 nuper
824 1581 899 1614 fecit
931 1581 1010 1615 dile-

272 1639 340 1668 ctus
355 1634 437 1667 filius
454 1634 583 1668 Carolus
602 1634 790 1668 Emmanuel
810 1634 1009 1668 philibertus

271 1687 469 1731 Hyacinthus
495 1688 533 1720 de
559 1687 710 1728 Simiam,
734 1687 879 1721 marchio
906 1687 1010 1721 Plani-

272 1741 398 1781 tiarum,
425 1740 632 1774 Taurinensis
649 1751 704 1774 seu
723 1742 855 1774 alterius
873 1741 1009 1774 civitatis

271 1794 321 1826 vel
347 1793 518 1834 dioecesis,
538 1794 637 1837 quod,
657 1804 727 1826 cum
749 1794 828 1827 alias
855 1795 927 1837 (per
952 1805 1009 1827 nos

272 1851 404 1890 accepto
430 1846 566 1879 dilectos
590 1846 674 1879 filios
699 1847 886 1891 Philippum
919 1847 1010 1880 Sl‘on-

274 1900 414 1941 dratum,
429 1900 561 1933 fratrem
586 1900 720 1934 militem
744 1911 880 1943 magnae
905 1901 1008 1933 crucis

273 1953 443 1996 hospitalis
475 1953 505 1986 S.
540 1953 668 1986 Ioannis
701 1953 1007 1997 Hierosolymitani,

271 2016 495 2050 possessorem
515 2006 601 2039 feudi
618 2006 786 2039 Montanae
805 2006 1009 2039 Taurinensis

274 2059 449 2099 dioecesis,
475 2069 512 2091 ac
536 2060 708 2093 Herculem
740 2065 772 2093 et
801 2060 1007 2105 Franciscum

273 2110 463 2145 Sfondratos
486 2112 553 2145 eius
572 2113 695 2153 fratres,
711 2113 749 2145 ad
768 2113 1008 2146 successionem

275 2165 362 2198 feudi
401 2165 585 2199 huiusmodi
624 2171 700 2209 post
734 2166 827 2199 illum
862 2171 1007 2206 vocatos,

276 2217 460 2250 desiderare
485 2218 617 2251 seudum
638 2218 839 2257 huiusmodi,
861 2219 948 2262 quod
970 2219 1008 2251 ad

277 2269 434 2303 directum
459 2270 636 2303 dominium
666 2271 904 2314 archiepiscopi
929 2271 1010 2304 Tau-

277 2322 418 2356 rinensis
435 2333 493 2366 pro
512 2329 658 2367 tempore
682 2325 847 2358 existentis
873 2325 1008 2368 eiusque

276 2386 408 2409 mensae
433 2376 717 2420 archiepiscopalis
735 2383 881 2421 spectare
898 2383 931 2410 ct
943 2388 1010 2420 per-

276 2429 380 2463 tinere
395 2429 552 2470 noscitur,
569 2441 640 2463 cum
659 2440 790 2462 assensu
809 2437 840 2463 et
855 2432 1010 2474 benepla-

277 2482 341 2515 cito
358 2482 553 2516 venerabilis
567 2482 673 2515 fratris
686 2482 850 2516 Michaelis
861 2484 1009 2517 moderni

316 2597 325 2623 i
344 2596 382 2622 Ex
398 2596 503 2632 Regest.
520 2597 545 2623 in
562 2597 634 2623 Secr.
653 2596 728 2625 Brev.

1057 423 1114 445 seu
1140 424 1267 446 causam
1293 415 1332 447 ab
1353 425 1390 448 eo
1408 416 1566 457 habitura,
1592 418 1698 461 pretio
1721 430 1795 463 qua-

1057 470 1131 497 tuor
1166 466 1302 499 millium
1339 468 1509 511 duplarum
1536 470 1716 504 italicarum
1749 483 1794 505 rc-

1054 518 1257 552 investiendo
1284 520 1314 553 in
1341 525 1387 553 tot
1405 521 1497 554 bonis
1511 523 1695 565 stabilibus,
1711 536 1793 569 quae

1054 577 1178 605 starent
1202 578 1234 605 et
1257 579 1414 617 perpetrm
1441 581 1524 607 stare
1544 577 1703 610 deberent
1720 579 1793 611 sub-

1053 631 1164 668 rogata
1190 626 1221 658 in
1247 627 1352 660 locum
1378 627 1522 661 ciusdem
1557 630 1641 662 feudi
1679 631 1717 663 ad
1751 632 1794 664 sa-

1054 689 1164 712 vorem
1190 685 1375 712 vocatorum
1401 682 1438 713 ad
1465 682 1570 725 ipsum
1598 683 1729 716 seudum
1762 690 1794 717 et

1052 731 1344 774 primogenituram
1361 733 1607 767 Ssondratorum
1634 737 1793 778 praefato-

1053 794 1122 816 rum
1165 797 1181 818 a
1224 786 1326 819 felicis
1365 787 1598 820 recordationis
1635 788 1791 831 Gregorio

1053 837 1137 881 Papa
1153 838 1216 870 XIV
1230 839 1483 881 praedecessore
1498 846 1612 873 nostro
1630 852 1688 884 per
1703 852 1792 885 quas-

1052 891 1124 923 dam
1150 902 1223 923 suas
1245 892 1277 924 in
1305 892 1405 924 forma
1424 893 1533 926 Brevis
1551 893 1603 926 die
1624 905 1687 927 xxti
1715 895 1790 927 maii

1051 953 1149 976 MDxct
1176 954 1233 976 seu
1259 944 1322 977 alio
1348 945 1464 977 veriori
1496 951 1640 989 tempore
1666 958 1791 980 emana-

1052 1001 1098 1028 tas
1121 996 1254 1035 litteras,
1273 1003 1308 1030 ut
1321 998 1534 1038 asserebatur,
1554 998 1788 1041 confirmatam,

1051 1061 1088 1083 ac
1113 1060 1186 1082 cum
1212 1050 1282 1083 aliis
1307 1051 1408 1094 pactis
1433 1058 1465 1085 et
1483 1052 1722 1085 conditionibus
1742 1053 1791 1085 in-

1052 1108 1099 1135 ter
1123 1108 1230 1146 partes
1259 1105 1486 1145 stabiliendis;
1524 1116 1636 1138 verum
1670 1106 1731 1139 hac
1757 1106 1789 1139 in

1051 1166 1084 1187 re
1111 1155 1196 1187 dicto
1224 1157 1353 1199 quidem
1372 1157 1518 1190 Miclia'eli
1538 1158 1788 1202 archiepiscopo

1051 1209 1312 1242 constitutionem
1327 1211 1521 1243 recolendae
1540 1212 1714 1245 memoriae
1733 1212 1789 1244 Ur-

1051 1261 1125 1293 bani
1153 1262 1256 1304 Papae
1283 1263 1345 1294 wll
1377 1263 1640 1306 praedecessoris
1668 1265 1789 1307 pariter

1052 1316 1152 1348 nostri
1179 1326 1263 1348 rinno
1289 1326 1415 1349 uncxxv
1441 1317 1582 1357 editam,
1608 1328 1666 1360 per
1692 1310 1788 1360 uuam

1051 1368 1263 1401 alienationes
1289 1370 1446 1402 bonorum
1468 1369 1645 1403 feudalium
1671 1370 1710 1403 ad
1740 1381 1784 1403 ee-

1052 1421 1165 1454 clesias
1192 1422 1363 1454 inferiores
1395 1423 1609 1466 spectantium
1641 1423 1710 1456 sine
1743 1434 1790 1456 as-

1051 1484 1146 1507 sensu
1173 1474 1263 1507 Sedis
1281 1475 1484 1518 Apostolicae
1503 1476 1571 1509 fieri
1587 1476 1786 1519 prohibetur;

1051 1527 1202 1570 praefatis
1221 1538 1296 1560 vero
1317 1529 1355 1561 de
1374 1528 1553 1561 Ssondratis
1569 1529 1789 1564 investituram

1051 1585 1082 1612 et
1098 1580 1385 1623 primogenituram
1405 1581 1589 1615 huiusmodi
1608 1583 1787 1625 respective

1051 1633 1194 1675 obstare)
1224 1644 1280 1666 nos
1306 1645 1365 1677 per
1389 1635 1645 1678 chirographum
1679 1636 1730 1668 die
1756 1647 1784 1670 vt

1052 1686 1203 1719 februarii
1228 1697 1366 1721 uoccxvl
1393 1694 1573 1721 emanatum
1591 1716 1598 1729 ,
1629 1693 1660 1721 et
1692 1699 1788 1722 manu

1051 1742 1162 1772 nostra
1179 1740 1409 1784 subscriptum,
1426 1742 1516 1774 cuius
1532 1747 1625 1774 tenor
1642 1742 1724 1774 infra
1741 1742 1789 1775 in-

1051 1798 1186 1832 seretur,
1205 1798 1384 1826 memorato
1402 1794 1548 1827 Michaeli
1570 1794 1788 1838 archiepisco-

1052 1857 1092 1889 po
1118 1846 1302 1879 facultatem
1332 1847 1591 1880 concesserimus
1620 1847 1787 1880 tribuendi

1052 1899 1214 1932 licentiam
1241 1900 1392 1943 praefatis
1419 1900 1548 1943 quidem
1573 1900 1724 1944 Philippo
1751 1910 1787 1933 ac

1051 1953 1181 1985 Herculi
1200 1958 1229 1985 et
1248 1953 1419 1986 Francisco
1446 1953 1484 1985 de
1510 1953 1690 1986 Ssondratis
1711 1964 1788 1986 ven-

1052 2005 1148 2038 dendi
1174 2010 1206 2038 et
1231 2005 1393 2038 alienandi
1415 2006 1638 2049 supradictum
1657 2006 1786 2039 seudum

1052 2058 1242 2099 Montanae,
1286 2059 1370 2092 dicto
1408 2069 1484 2092 vero
1524 2059 1634 2092 comiti
1674 2059 1786 2092 Ioanni

1052 2111 1212 2155 Baptistae
1248 2112 1329 2145 illud
1367 2112 1496 2145 emendi
1529 2117 1562 2145 et
1596 2112 1785 2156 acquirendi

1051 2176 1123 2198 cum
1148 2165 1298 2197 omnibus
1324 2165 1387 2197 suis
1413 2165 1579 2205 membris,
1604 2165 1729 2197 iuribus
1756 2170 1788 2197 et

1050 2217 1258 2261 pertinentiis
1284 2228 1343 2261 pro
1362 2228 1395 2250 se
1411 2228 1466 2250 seu
1484 2220 1624 2261 persona
1641 2229 1699 2262 per
1714 2229 1786 2251 eum

1052 2270 1247 2303 nominanda
1273 2273 1321 2303 vel
1347 2281 1475 2303 causam
1493 2272 1532 2303 al)
1557 2281 1595 2303 eo
1623 2271 1785 2311 habitura,

1051 2323 1157 2367 pretio
1183 2324 1330 2367 praefato
1355 2335 1410 2356 seu
1435 2324 1498 2356 alio
1523 2324 1730 2362 stabiliendo,
1750 2335 1786 2357 ac

1051 2388 1123 2409 cum
1147 2377 1270 2420 pactis,
1306 2377 1456 2420 capitulis
1482 2383 1514 2410 et
1544 2377 1784 2410 conditionibus

1052 2431 1135 2463 inter
1160 2441 1215 2462 eos
1242 2429 1390 2462 stabilitis
1415 2440 1472 2462 seu
1498 2430 1701 2463 stabiliendis
1719 2457 1726 2469 ,
1758 2430 1785 2463 si

1053 2489 1158 2515 tamen
1173 2483 1351 2515 secundum
1363 2483 1462 2526 ipsius
1480 2483 1644 2517 Michaelis
1663 2485 1786 2517 archie-

1052 2535 1175 2579 piscopi
1201 2536 1453 2577 conscientiam,
1479 2548 1576 2580 quam
1599 2548 1698 2580 super
1722 2538 1785 2570 hoc

1029 2589 1255 2624 ‚oneravimus
1274 2616 1281 2624 .
1315 2595 1500 2623 contractus
1531 2591 1649 2624 huiusr
1663 2592 1715 2624 odi
1751 2591 1784 2623 in

1695 202 1759 236 495
1805 214 1856 240 Λη,
1875 213 1901 240 (7.
1927 214 1992 242 1667
