2247 3208
180 260 183 261 a
219 231 268 258 An.
287 229 315 257 C.
340 228 406 256 ¹a66

243 500 382 522 I'rnoemiuia.

241 1079 248 1100 1
260 1079 365 1099 ustulata).

229 2498 299 2521 Tanai*
313 2502 398 2517 concor-

451 217 515 251 etit

453 285 539 307 mero
564 273 704 315 fratrum
725 270 1041 314 Ait-qustinianormn
1062 267 1145 299 inibi

453 328 774 363 commoraturorum‚
799 322 939 364 aliisque
964 318 1142 353 articulis¹.

600 385 762 413 Alexander
782 385 863 418 Papa
882 384 945 417 VII,

549 431 585 457 ad
605 431 736 457 futuram
756 428 802 455 rei
822 428 1002 456 memoriam.

452 483 617 517 Militantis
643 481 803 515 Ecclesiae
835 480 985 523 regimini
1012 479 1143 524 superni

410 536 625 580 dispositione
651 534 778 568 consilii
803 533 1042 577 praesidentes,
1068 532 1143 572 illis,

410 600 490 633 quae
509 589 593 621 inter
610 587 838 621 christifideles
863 596 1092 630 quoscumque,
1114 591 1145 618 et

408 642 599 686 praesertim
623 641 696 674 illos
721 640 773 684 qui
792 651 809 673 e
826 640 972 672 fluctibus
991 638 1090 672 seculi
1111 639 1143 671 111

408 695 581 737 religiosae
600 694 681 726 vitae
698 698 829 737 portum
846 693 1070 735 confugerunt,
1088 702 1145 735 pa-

408 747 476 787 cis,
509 752 604 790 atque
638 746 783 780 amabilis
816 746 1010 779 concordiae
1036 744 1143 777 studio

408 799 542 844 provide
561 805 719 832 conventa
739 804 771 832 et
788 799 982 832 concordata
1003 808 1071 830 esse
1088 808 1145 830 no-

408 858 557 893 scuntur,
589 858 624 884 ut
649 851 775 885 stabilia
807 861 934 894 semper
966 856 997 883 et
1020 850 1144 884 illibata

408 906 594 950 persistant,
611 905 760 944 libenter,
781 905 855 937 dum
879 903 911 936 id
937 914 953 935 a
978 903 1070 935 nobis
1092 914 1145 946 pe—

409 959 505 999 titur,
532 958 701 1002 apostolici
725 956 913 990 muniminis
938 956 1143 998 adiungimus

409 1011 602 1045 firmitatem.

452 1064 523 1108 5⁶2.
557 1064 680 1107 Exponi
715 1062 875 1106 siquidem
913 1062 1005 1095 nobis
1043 1072 1145 1105 nuper

409 1117 557 1151 fecerunt
581 1116 690 1150 dilecti
727 1116 782 1149 filii
821 1116 933 1148 fratres
969 1119 1144 1148 conventus

408 1169 438 1202 S.
466 1169 655 1202 Franciscae
691 1168 852 1201 Romanae
890 1167 922 1200 in
961 1167 1010 1200 via
1042 1167 1146 1200 Felici

409 1225 593 1266 nuncupata
618 1222 656 1255 de
682 1222 765 1254 Urbe
798 1221 925 1254 Ordinis
956 1221 1008 1254 SS.
1043 1221 1144 1254 Trini-

410 1275 481 1307 tatis
505 1274 740 1317 redemptionis
765 1274 977 1317 captivorum,
1016 1284 1051 1306 ac
1084 1274 1145 1306 sra-

410 1332 473 1360 tres
497 1327 661 1360 reformati
685 1326 812 1359 Ordinis
845 1326 945 1359 sancti
978 1327 1144 1369 Augustini

409 1380 564 1423 degentes
596 1379 628 1412 in
654 1379 796 1422 hospitio
822 1379 870 1412 ss.
899 1379 1088 1423 ildephonsi
1115 1385 1146 1411 et

408 1432 567 1466 Guillelmi
594 1433 627 1465 in
653 1433 765 1465 eadem
791 1432 852 1472 via,
872 1432 971 1474 quod,
999 1443 1056 1475 pro
1082 1438 1146 1465 ter-

408 1486 569 1519 minandis
585 1484 811 1518 controversiis
830 1485 908 1518 alias
926 1485 1045 1517 exortis
1062 1485 1145 1517 circa

408 1544 525 1572 statum
551 1538 706 1582 praedicti
733 1538 887 1582 hospitii,
916 1543 948 1571 et
971 1549 1030 1581 pro
1058 1538 1144 1571 bono

408 1591 495 1635 pacis
522 1597 678 1635 perpetuo
697 1591 949 1631 conservandae,
969 1591 1050 1623 sicut
1070 1591 1146 1624 reli-

408 1645 514 1688 giosos
538 1645 623 1678 viros
652 1646 754 1685 decet,
772 1645 833 1688 ipsi
860 1645 972 1677 fratres
992 1650 1053 1677 tam
1071 1655 1145 1677 con-

407 1703 520 1730 ventus
537 1709 631 1741 quam
652 1698 784 1741 hospitii
810 1697 995 1730 huiusmodi
1020 1697 1070 1729 die
1088 1707 1144 1730 x'111

408 1751 562 1784 februarii
597 1751 743 1793 proxime
778 1750 942 1793 praeteriti
969 1750 1008 1783 ad
1033 1760 1144 1782 sonum

408 1804 618 1846 campanulae
644 1803 867 1846 capitulariter
892 1802 1077 1845 congregati
1094 1813 1146 1835 co-

408 1867 474 1889 ram
501 1857 619 1889 dilecto
644 1855 710 1889 filio
736 1856 1013 1898 Michaeleangelo
1039 1856 1144 1888 curiae

408 1909 601 1953 capitolinae
630 1910 755 1942 notario
774 1920 831 1952 per
848 1909 931 1941 viam
953 1909 1144 1941 concordiae

408 1967 440 1995 et
464 1962 681 2005 stipulationis
712 1962 797 1995 omni
830 1961 956 1994 meliori
989 1962 1086 1993 modo
1116 1967 1147 1994 et.

410 2016 520 2055 forma,
553 2020 615 2047 tam
645 2026 702 2047 suo
735 2025 828 2057 quam
862 2015 1041 2046 futurorum
1074 2024 1146 2046 con-

408 2074 522 2100 ventus
553 2074 583 2100 et
608 2067 742 2110 hospitii
769 2067 952 2099 huiusmodi
978 2066 1146 2108 religioso-

411 2130 479 2152 rum
493 2119 637 2159 nomine,
653 2125 887 2159 convenerunt,
906 2124 941 2151 ut
958 2119 1043 2150 inter
1060 2119 1145 2161 ipsos

410 2172 442 2204 in
466 2176 659 2215 perpetuum
684 2172 898 2204 observentur
922 2170 1145 2213 infrascriptae

410 2224 613 2257 conditiones
640 2230 671 2257 et
695 2229 809 2267 pacta,
842 2235 875 2256 ac
909 2223 993 2255 iuxta
1018 2223 1089 2255 illas
1116 2228 1147 2255 et

410 2277 465 2310 illa
491 2278 612 2310 licitum
637 2278 675 2310 sit
708 2277 867 2319 religiosis
904 2276 979 2309 dicti
1016 2276 1145 2318 hospitii

411 2341 448 2363 ea
473 2330 587 2369 facere,
608 2341 689 2373 quae
716 2330 924 2362 continentur
944 2329 976 2360 in
1005 2328 1146 2361 articulis

412 2393 467 2416 seu
494 2383 643 2426 capitulis
679 2383 800 2415 tenoris
827 2382 881 2425 qui
907 2381 1071 2424 sequitur,
1103 2381 1147 2413 vi-

412 2435 546 2469 delicet:

455 2499 476 2522 1.
504 2487 594 2526 Quod
621 2488 760 2520 debeant
784 2493 815 2520 et
840 2487 973 2529 obligati
1007 2487 1071 2519 sint
1096 2497 1148 2529 pa-

412 2547 476 2575 tres
503 2541 577 2574 dicti
603 2541 736 2583 hospitii
762 2540 792 2573 S.
821 2539 1009 2583 ildephonsi
1039 2540 1149 2573 demo-

446 2605 455 2633 1
477 2604 510 2629 Ex
528 2603 634 2638 llegest.
651 2603 677 2629 iu
693 2602 796 2629 Secret.
815 2602 891 2629 Brev.

977 221 1155 244 nummuli
1180 219 1330 243 hommum

1186 265 1243 299 lire
1262 271 1293 299 et
1313 264 1500 298 admovere¹
1521 265 1700 308 campanile
1718 265 1750 297 in
1768 274 1919 308 praesen-

1186 320 1301 352 tiarum
1325 319 1466 351 existens
1499 328 1596 361 supra
1632 322 1751 350 tectum
1776 317 1919 350 eiusdem

1186 369 1328 411 hospitii⁷
1354 374 1385 401 et
1409 378 1532 411 ponere
1556 378 1741 411 campanam
1766 367 1849 400 intra
1864 377 1919 399 an-

1186 422 1295 464 gulum
1320 422 1463 454 eiusdem
1497 420 1629 464 hospitii
1661 421 1718 452 sub
1743 425 1827 453 tecto
1852 419 1920 453 alti-

1186 474 1306 506 tudinis
1332 473 1521 507 cornicionis
1539 483 1556 506 e
1577 477 1750 515 conspectu
1775 473 1920 505 masche-

1185 527 1274 560 ronis
1311 527 1476 560 existentis
1501 527 1532 558 in
1558 527 1674 559 eodem
1710 525 1918 564 cornicione,

1186 590 1245 612 1100
1270 580 1301 611 111
1327 584 1489 622 posterum
1514 578 1639 622 possint
1661 583 1770 621 patres
1795 579 1919 621 erigere

1186 633 1379 676 campanile,
1399 642 1458 665 nec
1475 631 1615 664 retinere
1635 641 1805 673 campanas
1823 640 1920 672 supra

1187 686 1287 719 dictos
1319 691 1438 725 tectos,
1473 695 1531 717 1100
1556 684 1588 716 111
1613 683 1726 716 maiori
1751 683 1918 716 altitudine.

1186 739 1359 782 supradicti
1381 737 1587 777 cornicionis,
1607 741 1638 769 et
1654 736 1778 779 possint
1793 737 1919 779 pulsare

1186 793 1331 825 eamdem
1355 802 1544 835 campanam
1562 792 1593 823 in
1614 795 1788 833 posterum,
1806 789 1853 821 uti
1873 800 1920 821 us-

1186 855 1247 888 que
1272 845 1304 877 in
1329 849 1534 888 praesentem
1559 844 1683 886 pulsata
1708 842 1822 883 extitit,
1845 843 1917 885 quia

1186 897 1240 937 sic,
1265 903 1324 931 etc.

1230 961 1264 983 11.
1291 950 1379 989 Quod
1406 950 1482 983 dicti
1508 954 1615 992 patres
1644 949 1788 982 eiusdem
1812 950 1920 993 hospi-

1187 1003 1232 1035 tiii
1258 1013 1323 1035 non
1348 1003 1471 1046 possint
1505 1004 1570 1035 ullo
1606 1013 1750 1045 unquam
1773 1007 1918 1045 tempore

1185 1067 1245 1100 per
1270 1056 1389 1089 Urbem
1415 1056 1598 1089 mendicare
1623 1055 1762 1088 ostiatim
1787 1056 1920 1088 eleemo-

1186 1120 1313 1152 synam,
1340 1120 1374 1142 ex
1402 1114 1507 1152 pacto,
1532 1107 1607 1151 quia
1631 1108 1687 1149 sic,
1714 1113 1774 1141 etc.

1231 1173 1278 1196 111.
1301 1161 1391 1200 Quod
1409 1163 1522 1195 domus
1539 1161 1571 1194 in
1589 1161 1843 1204 praesentiarum
1864 1162 1920 1194 ha-

1186 1215 1284 1248 bitata
1310 1226 1326 1247 a
1352 1214 1484 1247 domino
1505 1215 1624 1247 Alonso
1650 1213 1688 1246 de
1713 1213 1822 1246 Ibarra
1845 1224 1920 1246 con-

1186 1279 1266 1301 nexa
1292 1267 1432 1301 oratorio
1457 1267 1600 1300 eiusdem
1626 1266 1757 1309 hospitii
1775 1277 1811 1299 ex
1829 1273 1919 1309 parte

1185 1332 1293 1354 versus
1311 1320 1478 1353 ecclesiam
1495 1320 1525 1353 S.
1549 1319 1745 1359 Franciscae,
1764 1330 1846 1362 quae
1865 1319 1920 1351 do-

1185 1384 1253 1407 mus
1279 1378 1399 1417 spectat
1423 1373 1460 1405 ad
1487 1373 1587 1406 dictos
1621 1377 1727 1414 patres
1762 1371 1919 1414 praedicti

1186 1426 1319 1470 hospitii
1344 1426 1374 1458 S.
1404 1425 1600 1468 ildephonsi,
1620 1430 1651 1457 et
1671 1424 1835 1467 quaelibet
1859 1424 1921 1457 alia

1186 1479 1312 1518 domus,
1332 1489 1411 1521 quae
1429 1477 1507 1522 ipsis
1526 1477 1670 1520 patribus
1683 1476 1797 1508 relicta
1814 1476 1920 1516 suerit,

1186 1533 1234 1564 vel
1260 1532 1299 1564 ab
1329 1531 1407 1574 ipsis
1440 1535 1547 1573 empta
1584 1538 1695 1562 versus
1730 1534 1920 1561 conventum

1185 1584 1215 1617 S.
1243 1584 1441 1623 Franciswe,
1460 1593 1524 1615 non
1541 1582 1665 1625 possint
1689 1582 1755 1614 ullo
1779 1591 1921 1624 unquam

1187 1643 1330 1681 tempore
1347 1637 1568 1679 incorporare,
1586 1639 1640 1667 aut
1658 1634 1792 1667 dilatare
1809 1644 1921 1666 eorum

1187 1690 1373 1734 hospitium,
1395 1689 1450 1722 sed
1476 1688 1548 1720 illas
1575 1688 1716 1720 retinere
1742 1687 1844 1719 solum
1863 1697 1921 1730 pro

1187 1755 1243 1776 usu
1270 1743 1390 1775 affictus
1424 1752 1483 1785 pro
1518 1751 1630 1774 eorum
1654 1739 1920 1777 substentatione,

1187 1809 1222 1830 ex
1250 1803 1353 1840 pacto,
1381 1795 1455 1838 quia
1481 1795 1537 1833 sic,
1560 1799 1619 1826 etc.

1231 1862 1272 1883 lv.
1303 1849 1390 1888 Quod
1416 1849 1447 1881 in
1472 1847 1694 1881 festivitatibus
1715 1846 1842 1879 Ordinis
1867 1845 1919 1878 SS.

1186 1903 1349 1936 Trinitatis
1364 1908 1395 1935 et
1411 1901 1492 1934 tituli
1506 1901 1536 1934 S.
1556 1900 1759 1939 Franciscae,
1776 1903 1806 1932 et
1824 1899 1856 1930 in
1871 1898 1922 1931 dic

1188 1958 1266 1990 sesto
1291 1956 1321 1989 S.
1350 1955 1539 1988 Catherinae
1561 1953 1694 1996 virginis
1718 1957 1749 1985 et
1772 1951 1921 1994 martyris

1188 2015 1219 2042 et
1242 2009 1272 2042 S.
1300 2008 1434 2051 Agnetis
1461 2007 1613 2046 seeundo,
1645 2011 1676 2038 et
1708 2005 1786 2036 seria
1810 2005 1922 2046 quarta

1187 2062 1336 2095 Cinerum
1363 2070 1424 2093 non
1454 2059 1579 2103 possint
1604 2057 1678 2090 dicti
1708 2062 1815 2099 patres
1832 2065 1922 2099 prae-

1188 2114 1262 2147 dicti
1300 2113 1432 2156 hospitii
1466 2111 1688 2144 administrare
1723 2113 1923 2141 sacramenta

1188 2168 1243 2200 ulli
1270 2176 1440 2210 personae,
1469 2175 1571 2207 neque
1597 2163 1809 2196 solemnizare
1836 2161 1923 2193 sesti-

1187 2222 1316 2253 ritatem
1342 2219 1493 2261 aliquam,
1520 2218 1577 2250 sub
1602 2218 1752 2259 expressa
1778 2213 1924 2257 prohibi-

1188 2274 1285 2312 tione,
1312 2283 1348 2305 ex
1374 2277 1480 2315 pacto,
1500 2270 1573 2313 quia
1598 2269 1651 2308 sic,
1674 2274 1734 2301 etc.

1232 2337 1261 2358 v.
1289 2324 1379 2362 Quod
1404 2329 1503 2356 status
1528 2322 1603 2355 dicti
1639 2320 1772 2364 hospitii
1797 2329 1925 2361 semper

1189 2385 1219 2412 et
1236 2383 1393 2422 perpetuo
1418 2381 1500 2409 stare
1527 2375 1642 2408 debeat
1659 2374 1691 2406 in
1708 2378 1791 2406 statu
1814 2371 1924 2415 hospi-

1190 2433 1236 2472 tii,
1261 2437 1295 2464 ut
1320 2431 1352 2464 in
1376 2429 1634 2474 praesentiarum
1659 2427 1839 2471 reperitur,
1866 2435 1925 2457 nec

1190 2489 1256 2520 ullo
1273 2496 1414 2528 unquam
1441 2490 1580 2526 tempore
1598 2482 1630 2514 in
1651 2481 1706 2513 illo
1728 2480 1851 2523 possint
1868 2479 1925 2512 ha-

1191 2539 1302 2577 hitare,
1321 2548 1380 2570 nec
1399 2537 1537 2569 debeant
1562 2534 1707 2567 habitare
1724 2533 1834 2576 plures
1851 2541 1926 2575 per—

1227 2600 1238 2626 1
1261 2598 1373 2625 Videtur
1393 2596 1534 2632 legendum
1549 2602 1678 2622 avnovere
1693 2596 1729 2627 (n.
1744 2594 1792 2628 T.).

1928 213 1977 240 An.
1993 211 2022 240 C.
2045 211 2111 239 160ss
