2247 3208
233 233 418 263 An.C.1665
463 224 527 258 358

424 279 635 314 admnonebit
665 289 738 310 eum
771 278 910 317 fratrem,
941 276 994 319 qui
1026 278 1075 309 rel
1104 277 1159 308 de-

421 333 488 366 bito
506 343 564 365 suo
582 342 646 364 non
672 330 888 374 responderit,
911 331 960 362 vel
978 329 1158 362 indebitum

421 386 597 429 quidquam
615 384 739 423 fecerit,
760 384 874 424 semel,
898 383 958 422 bis,
978 383 1156 426 tertioque:

420 449 484 480 quo
510 447 542 469 se
572 447 637 469 nen
669 436 864 469 emendante
898 440 952 468 aut
983 445 1020 467 ex
1051 445 1156 478 aequo

419 489 646 530 satisfaciente,
674 495 837 532 proponet
861 489 891 521 id
911 488 1155 531 congregationi

418 543 645 583 antianorum,
672 553 807 585 quorum
837 542 1030 585 prudentiae
1067 552 1155 573 com-

416 595 556 627 mittitur
588 600 623 627 ut
654 595 826 627 aestiment
859 594 961 637 qualis
993 594 1035 626 sit
1068 594 1156 626 defe-

418 652 508 687 ctus,
535 647 598 680 sive
630 658 794 687 excessus,
822 647 876 690 qui
902 647 930 680 ei
956 643 1152 689 imputatur,

418 699 617 742 duritiesque
644 700 739 732 etiam
757 699 1002 732 comm'onesacti
1019 700 1052 733 in
1069 701 1153 732 malo

418 753 665 795 perseverandi,
688 752 978 795 praescribentque
1000 762 1037 784 ea
1069 762 1151 794 quae

417 813 490 836 cum
522 815 560 837 eo
592 805 676 837 ultra
709 804 856 837 facienda
887 810 989 837 erant.
1017 804 1102 841 Quae
1127 804 1152 836 si

416 859 505 890 nullo
531 868 602 890 eum
630 858 732 890 fructu
758 857 997 890 emendationis
1016 867 1151 899 exequu-

416 910 496 943 tioni
521 910 672 943 mandata
697 915 800 950 erunt,
822 909 964 943 exclusio
993 909 1038 941 uti
1053 919 1151 951 supra

415 961 620 995 decernetur.
655 961 760 1004 anue
800 962 935 993 duarum
972 971 1008 993 ex
1046 960 1149 992 tribus

413 1014 561 1057 partibus
582 1015 707 1047 munita
731 1014 889 1056 suffragiis
903 1041 910 1054 ‚
937 1013 1149 1055 congregatio

413 1077 450 1099 ex
474 1067 725 1099 circumtantiis
756 1067 879 1109 negotii
911 1065 1076 1105 censebit,
1110 1076 1149 1098 an

412 1120 608 1162 publicanda
633 1119 673 1151 sit
690 1119 722 1151 in
741 1118 922 1159 schedula¹,
942 1130 990 1159 an,
1010 1119 1149 1151 evitandi

413 1172 557 1205 scandali
582 1174 694 1212 causa,
721 1172 812 1215 quasi
843 1172 882 1205 de
911 1182 946 1204 re
977 1172 1059 1204 sacta
1082 1181 1149 1204 non

412 1226 497 1258 ultra
523 1225 735 1257 tractandum.
766 1225 971 1268 Omninoque
1005 1224 1038 1257 id
1073 1224 1146 1264 fiet,

414 1278 501 1320 quod
526 1288 562 1311 ea
587 1278 746 1310 censebit.

245 1341 313 1362 cmv
328 1341 380 1371 xxi.
458 1330 536 1363 XXI.
554 1331 639 1363 Haec
654 1335 763 1363 sancta
776 1330 888 1363 schola
901 1330 1021 1373 poterit
1034 1330 1148 1362 frater-

217 1367 403 1423 figusstf‘gffissffig
414 1383 549 1416 nitatem
567 1394 640 1416 cum
661 1383 732 1415 aliis
751 1383 896 1416 eiusdem
920 1382 1055 1415 instituti
1074 1393 1148 1416 con-

217 1420 302 1440 mmm'
415 1436 565 1477 trahere,
591 1436 896 1478 communicareque
921 1446 994 1468 cum
1018 1435 1057 1468 iis
1083 1435 1148 1467 sru-

415 1493 484 1521 etus
509 1492 541 1521 et
565 1487 726 1530 sutfragia,
746 1488 784 1520 de
803 1498 868 1530 quo
894 1492 1000 1521 tamen
1025 1493 1145 1521 attente

414 1541 586 1574 admodum
611 1546 643 1573 et
667 1546 792 1573 mature
810 1540 1055 1574 consultabitur.

458 1594 587 1627 Fratres
611 1594 816 1634 scholarum,
845 1605 917 1626 cum
946 1594 1061 1636 quibus
1086 1594 1147 1626 sra-

415 1647 549 1679 ternitas
574 1647 807 1687 contrahetur,
834 1647 859 1680 si
891 1646 1090 1680 Obedentiae
1116 1653 1147 1680 et

414 1699 573 1742 deputatis
598 1710 630 1731 se
657 1701 737 1732 tales
764 1710 834 1732 esse
861 1700 1063 1732 documentis
1080 1700 1147 1732 ido-

414 1752 484 1784 neis
516 1752 740 1791 ostenderint,
769 1753 801 1784 in
835 1752 904 1785 ‘hac
936 1753 1146 1785 admittentur

413 1815 485 1837 cum
502 1808 576 1838 vera
601 1805 759 1837 charitate
781 1805 819 1837 ad
838 1805 945 1838 omnia
962 1806 1031 1838 eius
1057 1816 1147 1838 exer-

412 1857 498 1897 citia,
516 1858 681 1900 deponent
705 1857 813 1900 pallia,
833 1858 1096 1901 exercebuntque
1114 1862 1146 1890 et

417 1911 668 1950 exercebuntur,
693 1920 727 1942 ac
752 1910 869 1942 ceteris
895 1911 1146 1943 mortificationi-

413 1963 473 1996 bus
501 1963 723 2003 subiicientur,
750 1963 976 2005 profectusque
1002 1973 1111 1995 earum
1124 1961 1142 2002 ²,

413 2015 456 2047 ita
472 2016 517 2048 uti
535 2022 662 2048 nostrae
679 2017 811 2048 scholae
832 2017 977 2055 frati-um,
995 2027 1071 2048 cura
1089 2016 1145 2048 lia-

412 2068 551 2100 bebitur.
570 2068 733 2111 Nusquam
749 2073 857 2100 tamen
875 2068 940 2100 sive
955 2068 1056 2100 activa
1077 2068 1143 2100 sive

412 2120 542 2162 passiva,
569 2126 603 2152 ut
627 2120 724 2160 aiunt,
743 2131 818 2153 voce
845 2120 1143 2162 gaudebiliit.t]110d

411 2172 436 2203 si
462 2173 502 2205 ob
534 2183 720 2213 numerum,
748 2174 795 2205 vel
822 2173 900 2205 alias
927 2184 1054 2212 causas,
1086 2173 1144 2204 iin-

411 2225 633 2266 pedimentum
659 2236 716 2257 seu
742 2226 975 2257 inconveniens
997 2230 1144 2257 nascetur

412 2278 554 2317 scholae,
580 2278 655 2320 quid
682 2284 755 2310 tunc
773 2278 840 2309 sieri
867 2278 984 2310 debeat
1008 2287 1143 2319 congre-

411 2330 496 2372 gatio
529 2331 730 2363 antianorum
756 2331 921 2362 decernet.
960 2330 1007 2362 Ad
1039 2328 1144 2371 quae²

411 2382 516 2425 ipsum
540 2383 571 2415 in
595 2384 665 2415 aliis
682 2383 745 2416 illis
767 2383 888 2415 scholis
914 2393 985 2415 cum
1010 2388 1141 2415 nostrae

411 2435 565 2467 fratribus
590 2436 655 2468 fiet.

446 2516 457 2541 1
476 2514 576 2541 Forsan
591 2515 683 2540 schola
701 2523 747 2548 pro
764 2516 897 2542 schedula
910 2516 947 2548 (n.
961 2515 1013 2548 T.).

443 2559 460 2585 2
476 2559 585 2585 Videtur
598 2559 743 2593 legendum
755 2567 853 2585 eorum
870 2567 916 2593 pro
928 2567 1031 2585 carum
1044 2558 1081 2593 (n.
1094 2564 1108 2583 T
1121 2558 1139 2591 ).

443 2604 459 2630 3
473 2604 600 2639 Legeretn
619 2605 711 2637 Atque
726 2611 774 2637 pro
790 2604 835 2629 Ad
851 2612 922 2637 quae
940 2610 974 2637 μὴ.
992 2604 1041 2636 Τ.).

1008 230 1188 254 ΒΗΕΙΑΗΠΙΜ
1212 228 1364 253 ROMANUM

1947 229 1994 256 An.
2008 229 2037 256 C.
2059 229 2127 257 1665

1246 275 1276 308 Si
1302 286 1394 308 casus
1421 276 1536 319 aliquis
1561 278 1666 319 gravis
1699 277 1930 320 postulaverit,

1201 329 1327 361 litterae
1360 330 1399 362 ad
1425 330 1510 373 ipsas
1537 330 1721 372 dabuntur,
1748 332 1931 374 litterisque

1200 391 1311 413 earum
1336 382 1602 424 respondebitur.

1242 433 1439 467 Fraternitas
1458 435 1538 467 haec
1556 445 1613 477 per
1630 434 1781 478 suffragia
1805 441 1932 468 secreta

1197 485 1384 518 conseretur
1408 491 1439 518 et
1470 488 1654 519 resolvetur
1678 487 1711 519 in
1736 489 1831 530 plena
1855 498 1931 520 con-

1197 538 1387 580 gregatione
1413 539 1629 579 antianorum,
1656 550 1737 582 quae
1764 539 1789 572 si
1815 550 1832 571 a
1857 540 1931 572 duo-

1195 592 1254 623 bus
1271 592 1415 633 partibus
1433 592 1661 634 sull‘ragiorum
1678 593 1926 635 approbabitur,

1197 648 1271 676 tunc
1297 645 1428 677 scholae
1448 651 1650 687 proponetur
1662 651 1788 677 ¹secreto
1813 645 1928 677 iterum

1194 696 1237 728 ibi
1263 697 1484 737 discutienda;
1513 697 1571 737 eui,
1595 697 1619 729 si
1645 698 1766 730 suerint
1790 698 1871 730 duae
1889 708 1927 730 ex

1195 748 1294 781 tribus
1308 750 1453 791 partibus
1471 749 1709 792 suffragiorum,
1723 750 1864 782 admissa
1880 749 1927 782 in-

1195 801 1369 843 telligetur.

1237 853 1328 885 XXII.
1344 853 1502 891 Quoniam
1519 854 1709 896 contingere
1723 860 1859 898 possunt
1874 865 1926 887 ca·
1936 864 2110 913 ngfgnffipgh

1193 916 1246 937 sus
1260 906 1367 948 aliqui,
1383 907 1422 939 de
1437 906 1553 949 quibus
1570 906 1602 939 in
1621 907 1670 939 his
1687 907 1925 940 constitutioni·
1936 918 2120 964 gffiffiimffiugogi

1191 959 1250 990 bus
1264 969 1329 990 non
1344 959 1384 991 sit
1397 960 1568 1001 provisum,
1585 966 1640 992 aut
1654 960 1854 1002 experientia
1868 961 1925 993 do-
1936 975 1972 990 eas
1987 970 2120 1000 moderandi.

1192 1022 1265 1044 cere
1284 1009 1399 1053 *potest
1424 1018 1575 1055 oportere
1601 1012 1778 1056 quidquam
1796 1013 1829 1045 in
1853 999 1972 1056 pro·aut
1987 996 2093 1018 ‘'mm''

1191 1063 1267 1095 visis
1290 1074 1418 1107 quoque
1443 1064 1575 1104 variare,
1594 1065 1727 1097 scholae
1743 1071 1926 1098 reservatur

1192 1116 1324 1149 facultas
1350 1117 1563 1159 adiungendi,
1590 1117 1800 1157 reformandi,
1827 1118 1925 1150 corri-

1191 1169 1287 1211 gendi
1321 1175 1353 1202 et
1383 1170 1528 1203 variandi
1562 1181 1599 1204 ea
1630 1181 1711 1213 quae
1744 1171 1793 1203 his
1822 1172 1924 1204 conti-

1190 1227 1329 1261 nentur;
1357 1222 1399 1255 ita
1435 1228 1542 1256 tamen
1566 1228 1602 1255 ut
1628 1223 1760 1256 omnino
1793 1223 1923 1256 tractari

1189 1280 1263 1307 ante
1289 1274 1351 1307 alia
1375 1275 1491 1308 debeat
1510 1276 1543 1308 in
1563 1275 1817 1318 congregatione
1841 1275 1924 1308 Obe-

1189 1327 1328 1360 dientiae
1361 1337 1397 1360 ac
1428 1328 1675 1370 deputatorum,
1709 1337 1748 1359 an
1774 1327 1924 1370 expediat

1189 1380 1432 1422 congregationi
1452 1380 1657 1413 antianorum
1673 1380 1703 1413 id
1721 1390 1919 1423 proponere.

1188 1431 1278 1470 Quod
1304 1433 1329 1464 si
1356 1433 1509 1475 expedire
1534 1433 1637 1465 visum
1654 1432 1702 1472 sit,
1720 1437 1923 1475 proponetur

1188 1485 1243 1524 eis,
1262 1490 1294 1517 et
1317 1484 1349 1517 in
1374 1485 1624 1527 congregatione
1649 1485 1747 1527 plena
1771 1484 1920 1516 tractabi-

1189 1543 1261 1578 tur3
1287 1548 1347 1570 nec
1372 1542 1477 1570 tamen
1502 1538 1534 1570 in
1559 1540 1596 1570 ea
1621 1539 1813 1577 resolvetur,
1848 1538 1918 1577 sed,

1188 1595 1222 1622 ut
1247 1590 1425 1622 deliberate
1458 1590 1561 1632 magis
1587 1595 1618 1622 et
1642 1594 1763 1622 attente
1788 1589 1821 1622 id
1849 1589 1920 1629 fiat,

1188 1642 1228 1674 ad
1259 1642 1354 1675 aliam
1386 1642 1535 1675 similiter
1569 1644 1699 1685 plenam
1726 1642 1919 1674 remittetur.

1188 1694 1221 1726 In
1246 1705 1307 1738 qua
1333 1695 1394 1727 hoe
1417 1705 1476 1737 per
1500 1694 1651 1737 suffragia
1668 1694 1856 1737 exquiretur
1872 1704 1923 1725 se-

1187 1752 1286 1787 creta,
1304 1758 1343 1780 an
1361 1747 1485 1780 scilicet
1511 1746 1642 1779 variatio
1661 1746 1829 1789 expediat;
1847 1756 1923 1778 con-

1188 1800 1458 1843 currentibusque
1484 1810 1542 1842 pro
1568 1799 1796 1832 convenientia
1812 1808 1849 1831 ex
1867 1798 1922 1830 tri-

1187 1852 1237 1884 nis
1263 1852 1388 1885 duabus
1413 1852 1637 1895 suffragiorum
1663 1852 1820 1895 partibus,
1846 1862 1923 1894 pro-

1188 1911 1328 1949 ponetur
1348 1906 1497 1945 scholae,
1530 1916 1612 1948 quae
1644 1916 1709 1938 non
1735 1905 1830 1937 aliter
1853 1915 1922 1936 mu-

1188 1958 1342 1991 tationem
1384 1958 1567 1991 decrevisse
1607 1958 1789 1997 videbitur,
1826 1967 1920 2000 quam

1188 2012 1310 2044 duobus
1335 2011 1484 2043 similiter
1517 2021 1553 2044 ex
1587 2010 1686 2042 tribus
1717 2010 1862 2053 partibus
1887 2010 1920 2042 id

1186 2065 1380 2097 volentibus.
1397 2064 1487 2102 Quod
1505 2064 1529 2096 si
1542 2063 1717 2106 quidquam
1736 2063 1775 2095 sit
1792 2063 1830 2094 ad
1851 2063 1919 2094 sub-

1186 2117 1333 2149 stantiam
1365 2116 1501 2149 instituti
1538 2116 1727 2159 pertinens,
1755 2125 1819 2147 non
1846 2115 1917 2147 sine

1185 2169 1344 2201 Orffinarii
1374 2168 1505 2201 licentia
1530 2173 1560 2200 et
1592 2168 1826 2210 approbatione
1851 2167 1915 2200 [iet.

1187 2222 1361 2265 Requisitis
1389 2232 1463 2254 vero
1496 2221 1545 2253 liis
1581 2226 1634 2253 aut
1667 2231 1779 2253 eorum
1810 2221 1918 2263 aliquo

1186 2275 1365 2312 deficiente,
1398 2274 1479 2306 nihil
1505 2274 1621 2306 mutari
1648 2274 1786 2316 poterit3
1814 2274 1840 2306 si
1865 2283 1917 2305 res

1186 2328 1270 2361 enirn
1296 2328 1388 2360 valde
1415 2328 1587 2370 perspicua
1617 2327 1700 2367 erit,
1731 2337 1826 2359 nemo
1851 2335 1917 2358 non

1185 2391 1255 2413 eam
1281 2386 1456 2422 agnoscat·7
1480 2380 1504 2412 si
1530 2380 1690 2421 ambigua,
1714 2384 1839 2410 mutare
1861 2377 1917 2409 ali-

1184 2433 1260 2476 quid
1286 2443 1323 2464 ex
1348 2432 1633 2465 constitutionilnis
1653 2441 1731 2473 opus
1749 2441 1815 2462 non
1840 2429 1912 2462 erit.

1184 2486 1283 2517 Dubia
1303 2491 1410 2517 autem
1436 2495 1532 2527 super
1557 2483 1716 2516 sententia
1736 2482 1916 2514 seuobser-

1183 2539 1289 2571 vautia
1314 2548 1425 2570 earum
1450 2538 1595 2576 solvere,
1623 2536 1660 2567 ad
1686 2534 1913 2577 congregatio-

1182 2602 1257 2624 nem
1281 2591 1483 2623 antiauorum
1508 2587 1680 2632 spectabit.
