2247 3208
243 238 292 267 Ac..
311 239 340 267 e.
365 239 430 267 ¹667
478 229 541 263 5402

440 287 601 324 electoris,
623 285 779 327 genitoris
797 284 853 323 tui,
871 285 910 317 ab
932 284 1061 317 illorum
1079 283 1175 316 mani-

438 340 496 371 bus
521 337 678 370 vindicata
699 342 730 369 ct
759 342 946 380 recuperata
967 337 1114 377 suerunt;
1143 343 1173 369 tu

437 392 476 424 ad
502 390 701 423 Catholicam
727 390 929 432 Religionem
956 391 986 422 in
1013 390 1097 423 dicto
1124 390 1175 422 Pa-

436 443 593 482 latinatu,
625 442 679 485 qui
711 453 728 475 a
760 448 940 475 memorato
969 442 1174 475 Ferdinando

435 506 514 538 rege
539 495 644 528 eidem
671 495 883 528 Maximiliano
909 495 981 528 duci
1007 505 1117 527 cessus
1143 500 1175 527 ct

436 549 573 582 traditus
601 549 665 587 suit,
686 554 717 581 et
743 549 774 580 in
790 549 880 581 cuius
906 554 937 580 tu
963 548 1173 591 possessione

436 601 481 633 uti
507 601 606 644 ipsius
631 601 834 633 Maximillam
869 602 957 634 ducis
993 602 1110 634 haeres
1142 606 1174 633 et

436 665 606 687 successor
631 654 749 694 existis,
769 654 995 687 stabiliendam
1013 659 1106 697 atque
1125 665 1173 686 au-

435 707 573 748 gendam
609 707 784 749 plurimum
819 707 966 740 conferre
1002 717 1096 749 posse
1126 718 1174 739 cx-

435 758 570 799 istimas,
591 759 616 791 si
635 759 749 791 eadem
766 759 973 799 monasteria,
994 770 1172 801 corumque

434 812 538 851 bona,
563 811 714 844 videlicet
742 812 780 844 de
806 812 1036 844 Reichenbach
1070 812 1172 854 (cuius

434 865 594 897 bonorum
629 875 686 897 5011
722 865 906 897 reddituum
943 870 1030 897 certa
1065 864 1171 908 portio

435 917 561 950 dilectis
579 917 653 950 siliis
680 918 831 950 tratribus
851 923 1034 957 conventus,
1053 917 1107 960 qui
1125 923 1174 949 est

435 970 467 1002 in
483 970 609 1003 civitate
623 970 798 1012 Neoburgi,
815 970 942 1002 Ordinis
958 971 1087 1002 fratrum
1106 981 1173 1002 san-

435 1023 477 1055 cti
502 1023 665 1055 Francisci
681 1024 719 1055 de
746 1023 842 1056 Paula
859 1023 1065 1055 ⁴lliuimorum
1090 1033 1173 1055 nun-

434 1081 624 1118 cupatorum
661 1076 822 1118 assignata
858 1076 1033 1119 reperitur)
1067 1087 1102 1108 ac
1134 1076 1172 1108 de

433 1128 590 1169 Ensdortl',
607 1129 645 1161 de
660 1129 875 1161 Weissenlioe
890 1134 922 1161 01
939 1129 977 1161 de
997 1129 1173 1161 Michelt'elt

434 1181 519 1214 dicto
552 1181 664 1214 Ordini
700 1181 801 1214 sancti
841 1181 1006 1214 Benedicti
1039 1181 1171 1224 eiusque

433 1234 602 1266 monachis
637 1234 784 1266 eiusdem
822 1233 1008 1276 provinciae
1045 1233 1077 1265 in
1110 1244 1173 1276 qua

434 1298 472 1319 ea
498 1287 556 1319 sita
580 1292 666 1326 sunt,
687 1298 722 1319 ac
747 1288 785 1319 de
799 1286 1017 1319 Waldcrbacli
1036 1292 1067 1318 et
1087 1287 1173 1319 Wal-

433 1350 545 1372 sassen
558 1339 669 1372 Ordini
687 1339 893 1372 Cisterciensi
915 1338 1048 1381 0111511110.
1063 1338 1171 1370 abbati

434 1392 580 1434 generali
602 1397 633 1424 et
652 1393 831 1431 monachis,
851 1402 978 1424 necnon
997 1393 1035 1424 de
1053 1391 1172 1424 Schen-

434 1446 485 1484 131,
514 1455 571 1478 5011
597 1445 694 1477 Vallis
717 1444 898 1488 Speciosae,
916 1444 1026 1477 Ordini
1052 1444 1171 1476 Eremi-

434 1504 538 1531 tarum
553 1498 653 1530 sancti
664 1497 842 1540 Augustini,
855 1497 989 1540 eiusque
1010 1497 1168 1536 fratribus,

434 1561 470 1583 ac
491 1551 530 1583 de
545 1549 827 1593 SpeissartOrdini
846 1549 1169 1589 Ρ1·11011101151111101151,

435 1603 570 1645 eiusque
595 1603 758 1635 canonicis
777 1602 992 1644 regularibus,
1016 1603 1054 1634 de
1069 1602 1172 1634 Selin-

434 1660 580 1699 genpont
604 1666 680 1689 vero
699 1655 888 1688 monialium
909 1654 1170 1687 Cisterciensuun

435 1715 466 1742 et
483 1709 521 1741 de
543 1708 776 1751 Gnaderbergh
794 1708 984 1740 monialium
1005 1707 1036 1740 S.
1060 1708 1171 1749 Brigit-

434 1766 485 1794 tae
510 1762 664 1794 Ordinum
700 1761 884 1794 huiusmodi
919 1761 1114 1793 monasteria
1140 1761 1169 1792 in

435 1815 634 1848 erectionem
659 1815 753 1847 unius
778 1815 850 1847 novi
876 1814 1065 1847 monasterii
1091 1814 1170 1857 pari-

434 1873 484 1901 ter
508 1868 707 1907 monialium,
738 1867 824 1900 illius
844 1867 971 1899 Ordinis
989 1867 1042 1910 qui
1068 1867 1170 1909 magis

434 1922 603 1964 placuerit,
630 1921 661 1953 in
688 1921 809 1963 oppido
835 1921 960 1953 civitate
985 1926 1170 1963 nuncupato

434 1973 631 2016 Ambergae'
651 1973 799 2006 eiusdem
813 1973 1009 2006 palatinatus
1026 1974 1171 2016 superio-

435 2027 489 2066 ris,
516 2027 546 2058 in
572 2037 635 2069 quo
661 2026 723 2058 alia
757 2025 945 2058 monialium
975 2026 1171 2058 monasteria

434 2090 500 2112 non
523 2079 747 2122 reperiuntur,
774 2079 953 2122 respective
979 2080 1168 2119 tradantur,

436 2133 620 2165 tribuantur
645 2137 677 2164 et
701 2133 918 2174 assignentur,
942 2137 1039 2175 prout
1064 2132 1168 2172 tradi,

437 2186 534 2217 tribui
548 2191 580 2217 et
600 2185 756 2227 assignari
775 2195 981 2227 summopere
997 2185 1169 2223 desideras,

436 2239 526 2270 nullo
552 2244 659 2270 tamen
692 2237 748 2269 tibi
774 2238 913 2281 desuper
939 2238 1095 2280 acquisito
1121 2240 1170 2271 vel

436 2296 601 2323 reservato
633 2290 891 2333 iurepatronatus
920 2296 974 2322 aut
1006 2290 1069 2323 alio
1095 2301 1172 2333 quo-

437 2354 572 2386 cumque
588 2344 666 2379 iure,
683 2344 724 2375 ita
737 2349 772 2376 ut
788 2343 820 2375 in
834 2344 970 2376 Ordines
988 2345 1170 2387 praedictos

437 2406 614 2438 corumque
640 2406 794 2438 personas
819 2396 1006 2439 respective,
1037 2407 1172 2439 quarum

436 2451 552 2491 opera,
571 2448 634 2480 vita
651 2454 682 2480 et
699 2450 848 2491 exemplo
864 2448 943 2481 fides
960 2449 1117 2481 catholica
1140 2449 1172 2481 in

435 2501 499 2534 illis
512 2500 655 2543 partibus
666 2500 882 2533 benedicente
893 2501 1027 2534 Domino
1038 2502 1173 2534 stabiliri

436 2553 677 2597 propagarique
708 2552 818 2595 possit,
844 2553 944 2585 libere
972 2559 1148 2586 transeant.

476 2617 484 2640 1
507 2614 591 2649 Supra
611 2614 750 2649 legebatur
771 2614 948 2648 Balabo-yae
968 2615 995 2649 (a
1022 2618 1069 2650 1.).

1016 237 1194 260 nULLtntt'M
1220 237 1370 261 11011131·Ἀέ

1262 287 1276 327 ᾗ
1302 285 1332 317 02.
1356 286 1458 322 Quare
1479 285 1573 318 nobis
1592 286 1756 319 humiliter
1777 286 1952 330 supplicari

1219 338 1332 378 fecisti,
1356 344 1391 369 ut
1415 338 1446 370 in
1471 339 1655 381 praemissis
1681 346 1861 382 opportune
1884 351 1954 383 pro-

1218 390 1326 422 videre
1353 391 1391 423 de
1416 391 1615 432 benignitate
1641 393 1819 433 apostolica
1842 394 1953 434 digna-

1219 453 1337 475 remur.
1354 442 1415 474 Nos
1432 443 1538 484 igitur,
1564 443 1624 484 piis
1650 445 1876 488 religiosisque
1897 456 1953 477 nc-

1218 495 1351 528 bilitatis
1376 500 1446 527 tuae.
1465 495 1543 528 votis
1562 496 1748 529 huiusmodi
1775 498 1953 530 favorabili-

1219 554 1268 581 ter
1292 553 1443 590 quantum
1460 559 1531 580 cum
1552 548 1688 581 Domino
1715 559 1884 591 possumus
1899 561 1954 583 an-

1218 612 1328 640 nuere,
1355 600 1596 643 specialemque
1623 601 1691 640 tibi,
1717 602 1755 634 de
1781 601 1868 634 0111115
1886 603 1953 645 pie-

1218 658 1280 686 tate
1306 664 1342 685 ac
1366 654 1398 685 in
1424 664 1481 686 nos
1507 658 1539 685 et
1564 654 1647 686 hanc
1666 659 1808 686 sanctam
1836 654 1953 687 Sedem

1218 706 1389 739 devotione
1416 706 1590 749 plurimum
1616 707 1647 738 in
1668 707 1804 739 Domino
1821 707 1954 739 contidi-

1216 769 1306 799 mus,
1333 758 1466 801 gratiam
1492 759 1595 791 facere
1630 760 1789 798 volentes,
1815 765 1908 802 teque
1935 771 1953 793 a

1217 812 1382 855 quibusvis
1398 811 1749 851 excommunicationis,
1768 813 1954 854 suspensio-

1217 865 1265 896 nis
1293 869 1323 896 et
1348 864 1521 903 interdicti,
1553 864 1689 906 aliisque
1720 865 1951 897 ecclesiasticis

1216 917 1394 955 sententiis,
1416 916 1561 949 censuris
1587 921 1618 949 et
1638 917 1743 960 penis,
1764 927 1781 948 a
1803 917 1870 949 iure
1902 919 1951 950 vel

1216 970 1255 1002 ab
1286 970 1427 1009 homine,
1455 970 1564 1012 (pulvis
1589 970 1757 1003 occasione
1781 972 1830 1003 vel
1856 974 1953 1003 causa

1216 1022 1297 1061 latis,
1324 1023 1349 1054 si
1368 1022 1483 1064 quibus
1509 1023 1752 1065 quomodolibet
1780 1023 1952 1056 innodatus

1216 1075 1332 1113 existis,
1359 1076 1397 1107 ad
1423 1074 1570 1108 ell'ectum
1606 1075 1822 1119 praesentium
1855 1077 1950 1108 dum—

1217 1133 1300 1160 taxat
1331 1129 1616 1171 consequendum,
1644 1128 1756 1160 harum
1790 1129 1873 1161 serie
1900 1129 1954 1160 ab·

1216 1182 1375 1214 solventes
1401 1187 1432 1214 et
1456 1182 1639 1214 absolutum
1666 1182 1734 1214 sore
1755 1187 1928 1214 censentes
1945 1209 1952 1222 ,

1216 1234 1401 1266 huiusmodi
1420 1234 1715 1277 supplicationibus
1737 1234 1895 1273 inclinati,
1913 1235 1952 1267 de

1215 1287 1477 1329 congregationis
1502 1297 1519 1318 a
1543 1287 1636 1319 nobis
1661 1298 1759 1329 super
1776 1287 1837 1319 1100
1855 1297 1954 1329 nego-

1216 1341 1259 1372 tio
1285 1339 1469 1382 specialiter
1501 1341 1673 1382 deputatae
1705 1340 1861 1380 consilio,
1896 1340 1951 1372 tibi

1215 1398 1327 1425 tenore
1341 1393 1559 1435 praesentium
1580 1393 1720 1434 benigne
1735 1393 1951 1434 indulgemus,

1215 1451 1259 1486 ut,
1287 1449 1397 1478 nostra
1422 1451 1453 1478 et
1478 1446 1581 1478 dictae
1607 1446 1696 1478 Sedis
1729 1445 1949 1488 Apostolicae‚

1215 1498 1253 1530 ad
1280 1508 1374 1541 quain
1399 1498 1558 1530 l1(›n‹)r·.un
1577 1497 1734 1540 praedict«
1749 1509 1817 1529 rum
1844 1498 1952 1540 dispo-

1215 1550 1288 1582 sitio
1314 1550 1480 1593 pertinere
1507 1550 1717 1592 dignoscitur,
1742 1550 1949 1589 auctoritate,

1214 1603 1379 1646 [uaedicta
1404 1604 1442 1635 dc
1461 1603 1703 1643 Reiclienbach,
1726 1603 1764 1635 de
1787 1602 1949 1643 Ensdoril',

1215 1656 1252 1687 de
1278 1656 1496 1688 Weissenltoe
1523 1661 1554 1687 et
1579 1656 1618 1687 de
1637 1655 1814 1688 Miclielselt
1829 1665 1951 1688 memo-

1214 1714 1282 1740 rato
1307 1709 1417 1741 Ordini
1442 1708 1472 1741 S.
1494 1709 1658 1741 unnedica
1683 1709 1814 1751 eiusque
1840 1719 1950 1741 mona-

1214 1761 1283 1793 cliis
1300 1761 1443 1793 eiusdem
1462 1761 1646 1804 provinciae
1662 1761 1693 1793 in
1712 1772 1774 1804 qua
1788 1761 1847 1793 sita
1864 1766 1949 1800 sunt,

1214 1815 1252 1846 dc
1277 1814 1493 1846 Walderbacli
1524 1825 1600 1847 vero
1634 1820 1665 1847 et
1700 1815 1737 1847 de
1764 1815 1949 1847 Walsassen

1213 1866 1325 1898 Ordini
1351 1866 1552 1899 Cistcrcicnsi
1590 1866 1723 1909 eiusque
1755 1867 1864 1899 abbati
1896 1877 1950 1909 ge-

1213 1919 1314 1952 nerali
1341 1925 1372 1952 et
1396 1919 1576 1959 monachis,
1602 1920 1640 1952 de
1666 1919 1947 1959 Scliontalautcm‚

1213 1973 1278 2004 sive
1292 1972 1389 2004 Vallis
1406 1972 1590 2015 Speciosae,
1609 1972 1719 2005 Ordini
1735 1972 1948 2005 Eremitarum

1213 2026 1313 2057 sancti
1345 2026 1516 2068 Augustini
1553 2026 1684 2068 eiusque
1716 2026 1887 2066 fratribus,
1913 2036 1949 2057 ac

1213 2079 1251 2111 dc
1277 2078 1438 2121 Speissart
1460 2078 1571 2111 Ordini
1597 2078 1890 2111 praemontratensi
1916 2088 1949 2110 e-

1213 2131 1327 2174 iusque
1353 2131 1458 2163 abbati
1484 2131 1626 2173 generali
1654 2136 1686 2163 et
1709 2131 1873 2164 canonicis
1898 2141 1949 2163 re-

1214 2184 1395 2226 gularibus,
1430 2195 1557 2217 necnon
1587 2185 1625 2217 dc
1654 2184 1890 2228 Selingenpont
1918 2189 1949 2217 et

1215 2237 1253 2269 (10
1270 2236 1503 2279 Guaderbergli
1522 2238 1712 2270 monialium
1735 2237 1948 2271 monasteria¹

1215 2290 1398 2321 huiusmodi
1413 2290 1444 2321 in
1459 2291 1654 2323 erectionem
1672 2291 1744 2324 novi
1759 2291 1950 2323 monialium

1214 2342 1402 2375 monasterii
1437 2343 1469 2374 in
1501 2343 1585 2376 dicto
1617 2344 1737 2387 oppido
1768 2344 1948 2386 Ambergae

1214 2400 1248 2426 ut
1265 2395 1448 2437 praefertur
1466 2395 1655 2435 faciendam,
1674 2396 1861 2439 respective,
1877 2407 1950 2429 cum

1216 2449 1365 2481 omnibus
1391 2454 1423 2481 01
1446 2449 1582 2492 singulis
1609 2450 1753 2493 ipsorum
1770 2451 1949 2493 respective

1216 2502 1486 2534 monasteriorum
1501 2503 1603 2541 bonis,
1622 2502 1838 2545 pertinentiis,
1854 2515 1950 2535 mem-

1253 2573 1261 2598 1
1286 2571 1350 2598 Male
1367 2571 1430 2598 edit.
1448 2572 1526 2599 Main.
1548 2572 1611 2607 legit
1633 2573 1803 2601 monasterii
1825 2581 1873 2608 pro
1893 2582 1950 2600 mo-

1217 2617 1343 2643 nasteria
1363 2623 1401 2651 tn.
1421 2616 1469 2651 T.).

1960 235 2013 264 An.
2031 239 2058 264 C.
2083 237 2149 265 1007

1985 298 2087 320 Concedit
2096 300 2147 320 Pon·

1965 325 2012 345 11101(
2042 328 2105 351 1110111
2128 333 2148 347 in

1966 352 2060 372 rubrica.
