2247 3208
165 206 214 234 An.
232 205 260 233 C.
284 205 350 233 1661

952 207 1140 230 ALExANDEn
1163 207 1207 231 ΠΙ
1233 208 1280 230 Pr.

1772 199 1830 231 991

401 264 458 287 vu.
485 253 593 292 Quoad
618 255 776 288 lectorum
794 255 1005 289 creandorum
1025 266 1093 288 exa·
1113 264 1115 283 Ι
1136 255 1197 288 loci
1223 266 1280 287 seu
1305 261 1496 295 conventus,
1516 255 1606 288 cuius
1625 256 1754 288 nomine
1780 257 1870 288 novi—

358 317 432 340 men
458 318 523 340 non
547 308 644 340 modo
662 309 781 341 servari
800 309 918 342 debere
944 320 981 341 ea
1010 319 1091 352 quae

359 360 575 403 disponuntur
599 361 631 393 in
657 360 846 394 definitione
882 372 932 394 xvl
961 361 1092 404 capituli

358 414 520 455 generalis
544 414 667 446 romani
693 424 831 448 MDCXLIV
849 414 929 447 etin
953 414 1092 456 capitulo

357 467 502 509 generali
528 467 740 500 Cremonensi
764 478 860 507 nnec,
878 468 933 500 sed
956 466 1092 499 ulterius

357 520 597 564 praescriptum
614 521 680 561 suit,
696 521 784 564 quod
802 521 864 560 his,
879 520 932 563 qui
946 520 985 552 ad
1000 520 1094 552 lecto-

357 578 463 605 ratum
487 574 756 617 consequendum
781 571 983 606 examinandi
1003 576 1090 611 sunt,

358 625 476 658 dentur
493 625 554 658 tria
571 630 700 669 puncta,
716 636 772 657 seu
783 624 991 667 quaestiones
1007 629 1093 656 sorte

358 683 520 711 extractae
538 689 574 710 ex
589 678 723 710 diversis
740 677 927 709 tractatibus
944 676 1094 710 Summae

359 731 421 763 divi
448 731 589 763 Thomae
622 740 681 773 per
712 730 968 772 vigintiquatuor
997 730 1094 762 horas

359 789 450 823 ante,
478 793 577 826 super
601 782 718 826 quibus
744 782 919 816 lectionem
951 782 1017 815 sive
1043 793 1095 815 ex-

358 835 578 878 planationem
602 835 701 868 latino
734 835 888 868 idiomate
922 835 1026 868 facere
1052 840 1096 867 te-

358 893 496 920 neantur
513 898 621 920 coram
640 888 924 928 examinatoribus,
940 898 957 920 a
977 888 1093 930 quibus

358 941 588 974 conclusiones
616 952 653 974 ex
677 941 819 974 materiis
844 941 1023 984 explanatis
1042 941 1095 973 im-

358 995 550 1037 pugnandae
566 999 671 1035 erunt,
687 995 848 1027 solventes
864 994 925 1037 ipsi
943 993 1095 1027 obiectio·
1113 996 1115 1010 “’

358 1058 428 1080 nes.
462 1047 675 1090 Praeceptum
704 1052 810 1079 autem
846 1047 903 1078 suit
930 1047 1094 1090 praedicta

359 1099 486 1140 omnia,
513 1105 549 1132 ut
573 1110 673 1143 supra
698 1099 868 1142 disposita,
894 1100 938 1132 ita
962 1099 1092 1139 servari,

358 1159 403 1192 ut,
429 1152 536 1196 aliquo
561 1163 627 1185 non
656 1158 795 1192 servato,
831 1159 898 1185 tum
927 1152 1015 1196 quod
1041 1163 1096 1195 ge-

359 1211 445 1238 stum
470 1205 565 1239 suerit
588 1206 715 1238 irritum
740 1206 782 1238 sit
805 1211 837 1238 et
861 1206 967 1246 inane,
985 1211 1017 1238 et
1040 1216 1095 1248 pa-

359 1263 408 1291 ter
433 1258 570 1291 vicarius
603 1259 764 1301 generalis
789 1259 955 1292 subiaceat
978 1258 1094 1302 poenis

358 1310 506 1354 superius
533 1311 660 1343 taxatis.

401 1373 471 1396 v111.
498 1363 668 1396 Decretum
694 1364 762 1404 suit,
782 1364 868 1407 quod
893 1364 926 1396 in
951 1364 1095 1407 postula-

359 1416 446 1449 tione
469 1416 672 1449 conventuali
689 1417 838 1459 priorum
855 1417 894 1450 ad
919 1417 1095 1460 capitulum

359 1470 511 1511 generale
536 1470 701 1509 mittenda,
718 1480 800 1513 quae
817 1481 877 1513 per
900 1470 1097 1504 ballottatio-

358 1532 432 1554 nem
457 1522 526 1555 fieri
552 1523 658 1563 debet,
682 1524 855 1566 praecedat
880 1524 1057 1557 nominatio
1079 1512 1117 1576 a}

359 1575 505 1617 quolibet
530 1576 632 1608 vocali
657 1581 850 1615 conventus,
877 1577 990 1609 saltem
1017 1577 1096 1609 duo-

359 1638 441 1667 rum,
468 1638 549 1670 quae
575 1628 706 1671 quidem
723 1628 902 1661 nominatio
926 1640 986 1672 per
1010 1630 1096 1661 sclie-

359 1681 450 1713 dulas
467 1680 522 1713 fiat
538 1692 636 1713 manu
654 1681 749 1713 unius
768 1682 818 1714 vel
839 1681 978 1724 plurium
998 1682 1097 1726 scrip-

359 1739 417 1772 tas,
441 1738 476 1765 ut
499 1739 660 1766 secretum
685 1733 786 1776 magis
812 1739 966 1774 servetur,
992 1740 1023 1767 et
1048 1734 1095 1767 illi

361 1791 449 1826 tres,
484 1786 538 1828 qui
571 1798 588 1818 a
611 1787 758 1829 pluribus
791 1787 912 1819 suerint
940 1787 973 1819 in
1004 1788 1097 1820 sclie-

361 1838 444 1871 dulis
470 1839 650 1878 nominati,
677 1839 936 1872 imhussulentur
969 1845 1001 1872 et
1028 1841 1097 1873 bal-

359 1893 516 1925 lottentur
540 1892 572 1924 in
603 1893 726 1935 primo,
758 1894 901 1926 secundo
937 1899 967 1926 et
1000 1895 1096 1927 tertio

367 1946 440 1978 loco
459 1945 499 1978 ad
514 1946 752 1988 praescriptum
773 1951 959 1979 nostrarum
979 1948 1098 1980 consti—

360 1999 533 2031 tutionum.
1116 2002 1119 2024 ⁴

404 2062 444 2085 lx.
472 2052 583 2084 Modus
608 2051 787 2094 recipiendi
813 2051 950 2085 novitios
977 2053 1015 2085 ad
1041 2027 1119 2085 lia—l

358 2104 461 2136 bitum
491 2105 524 2136 in
554 2103 829 2149 Congregafione,
856 2105 1038 2147 assignatus
1064 2106 1119 2144 in,

361 2156 548 2190 definitione
574 2168 611 2190 xx
635 2157 767 2200 capituli
786 2157 946 2200 generalis
970 2159 1096 2190 romani
1117 2154 1119 2202 J

359 2219 508 2250 Mnchlv,
528 2209 659 2242 omnino
681 2210 741 2241 suit
766 2211 919 2243 reductus
943 2211 983 2243 ad
1008 2222 1098 2254 prae-

360 2261 514 2304 scriptum
539 2262 660 2295 decreti
685 2263 883 2295 sanctissimi
898 2262 1021 2296 domini
1039 2274 1097 2296 no-

360 2314 415 2346 stri
442 2315 615 2347 Alexandri
632 2315 737 2358 Papae
753 2315 875 2358 Yllpro
900 2315 1095 2359 recipiendis

359 2367 490 2399 novitiis
500 2367 533 2399 in
547 2367 801 2410 Congregatione
815 2371 927 2401 nostra
940 2370 1094 2402 emanati.

360 2420 590 2453 Attestationcs
616 2426 724 2453 autem
749 2425 781 2453 et
804 2421 979 2464 petitiones
1005 2432 1042 2454 ex
1067 2422 1095 2455 vi

360 2473 496 2515 praefati
530 2473 650 2505 decreti
681 2473 720 2506 ad
744 2478 870 2516 patrem
893 2474 1096 2507 visitatorem

359 2525 535 2558 mittendae
561 2527 599 2558 ad
625 2526 775 2558 eumdem
792 2536 857 2559 non
875 2527 1096 2560 transmittan-

361 2582 422 2617 tur,
440 2578 502 2611 nisi
527 2589 585 2622 per
608 2589 719 2611 manus
738 2584 837 2621 patris
863 2579 1094 2623 vieesgerentis

1137 307 1200 339 tius
1225 313 1420 350 acceptatur.

1178 371 1207 393 x.
1236 360 1405 403 Caputium
1431 361 1526 394 nimis
1551 362 1649 394 latum
1675 367 1707 394 et
1726 362 1869 394 manicae

1136 424 1311 456 capparum
1337 414 1431 446 nimis
1450 416 1532 447 latae
1551 416 1735 458 prohibitae
1748 416 1824 456 sint,
1840 422 1869 448 et

1137 466 1301 499 decretum
1330 467 1387 499 suit
1407 469 1494 510 quod
1520 469 1664 501 manicae
1689 480 1754 502 non
1779 480 1871 502 exce-

1137 518 1213 550 dant
1237 519 1269 550 in
1294 519 1549 553 circumferentia
1579 527 1719 564 quatuor
1743 523 1869 564 palmos

1135 581 1298 611 romanOS,
1314 576 1345 603 et
1369 572 1497 614 caputia
1511 573 1550 605 ad
1576 573 1701 606 cubitos
1720 584 1785 606 non
1802 584 1869 617 per-

1136 623 1273 666 tingant,
1292 624 1367 656 etin
1393 626 1547 658 anteriori
1565 631 1655 669 parte
1674 637 1788 658 zonam
1804 638 1869 659 non

1113 676 1333 721 ,cooperianc
1360 678 1419 709 sub
1452 678 1566 721 poenis
1598 679 1731 711 arbitrio
1768 680 1869 722 patris

1135 729 1244 762 vicarii
1270 730 1442 772 generalis.

1178 793 1220 815 XI.
1248 782 1321 814 Fuit
1345 783 1509 816 decretum
1527 784 1613 826 quod
1638 785 1788 825 lectores,
1818 785 1870 827 qui

1136 836 1277 869 lecturas
1296 836 1507 869 scholasticas
1526 842 1596 869 actu
1616 848 1680 870 non
1706 844 1870 877 exercent,

1137 894 1190 921 aut
1219 889 1519 932 praedicationibus
1554 900 1619 922 non
1644 896 1717 922 sunt
1743 891 1870 929 addicti,

1137 942 1225 974 iussu
1242 942 1361 985 prioris
1388 943 1504 975 docere
1524 948 1697 975 tencantur
1722 954 1872 985 gramma-

1138 995 1243 1028 ticalia
1266 996 1403 1028 clericos
1429 996 1655 1038 grammaticae
1687 997 1873 1028 instructio-

1137 1047 1231 1080 nibus
1256 1048 1449 1090 inddgentes,
1467 1049 1526 1081 sub
1552 1051 1658 1091 poena
1682 1049 1872 1092 privationis

1136 1102 1312 1134 lectoratus
1338 1101 1364 1133 si
1390 1102 1506 1134 docere
1531 1102 1761 1135 recusaverint.

1179 1165 1236 1188 ΧΗ.
1259 1154 1451 1187 Resolutum
1477 1160 1506 1187 01
1533 1155 1702 1187 decretum
1728 1156 1873 1188 111110111-

1137 1207 1226 1239 nium
1251 1211 1399 1239 actorum
1424 1207 1644 1249 capitulorum
1670 1209 1874 1250 generalium

1137 1266 1170 1293 et
1193 1260 1368 1299 dictarum,
1393 1259 1472 1291 item
1498 1260 1641 1292 omnium
1668 1261 1874 1293 decretorum

1137 1323 1301 1345 sacrarum
1323 1313 1616 1355 congregationum
1635 1313 1743 1346 curiae
1758 1314 1874 1346 Roma-

1136 1376 1210 1405 nae,
1236 1376 1366 1398 necnon
1385 1366 1529 1398 omnium
1546 1366 1728 1398 litteraruin
1747 1372 1876 1409 aposto-

1136 1418 1286 1458 licarum,
1314 1423 1377 1450 tam
1401 1418 1460 1450 sub
1478 1419 1612 1461 plumbo
1632 1429 1727 1461 quam
1746 1419 1806 1451 sub
1821 1429 1876 1451 an-

1115 1497 1118 1506 ,
1137 1471 1215 1503 111110
1229 1470 1413 1509 Piscatoris,
1429 1472 1697 1503 concernentium
1715 1471 1876 1503 interesse

1137 1523 1432 1566 Congregationis,
1459 1524 1537 1556 item
1570 1524 1716 1556 onmium
1753 1525 1876 1557 instru-

1115 1580 1117 1617 g
1138 1581 1333 1615 mentorum,
1349 1575 1477 1619 piarum
1503 1576 1768 1619 dispositionum,
1791 1578 1877 1619 lega-

1115 1622 1117 1661 ’ἒ
1139 1634 1245 1662 torum
1261 1656 1268 1669 ,
1300 1629 1538 1661 sententiarum
1564 1639 1621 1661 scu
1648 1630 1875 1678 decretorum,

1138 1682 1209 1714 iura
1246 1682 1390 1714 omnium
1426 1687 1455 1714 et
1493 1682 1699 1724 singulorum
1736 1693 1877 1715 conven-

1139 1741 1230 1767 tuum
1247 1734 1517 1777 Congregationis
1543 1734 1754 1777 tangentium,
1780 1735 1878 1777 origi-

1138 1789 1224 1821 nalia
1237 1793 1387 1820 accurate
1404 1793 1435 1820 et
1449 1788 1625 1830 diligenter
1639 1794 1877 1821 conserventur

1116 1868 1118 1875 .
1139 1841 1171 1873 in
1192 1841 1337 1874 archivio
1362 1840 1632 1883 Congrcgationis
1658 1841 1690 1872 in
1716 1846 1877 1873 conventu

1139 1894 1170 1926 S.
1197 1893 1314 1925 Mariae
1339 1893 1377 1925 de
1400 1893 1524 1935 Populo
1544 1892 1665 1925 Romae
1690 1893 1729 1925 ad
1749 1893 1781 1925 id
1803 1904 1876 1936 spe-

1140 1946 1266 1978 cialiter
1292 1946 1458 1988 deputato,
1484 1945 1516 1977 in
1541 1947 1613 1978 loco
1638 1947 1722 1978 bene
1751 1951 1819 1978 tuto
1846 1950 1877 1978 et

1140 2006 1268 2036 securo,
1283 2007 1356 2029 cum
1380 2002 1467 2029 crate
1490 1997 1595 2028 ferrea
1614 2002 1646 2029 ct
1661 1998 1756 2039 porta
1771 1996 1878 2029 valida

1140 2055 1172 2083 et
1195 2051 1279 2083 bene
1309 2049 1454 2090 firmata,
1481 2050 1583 2082 trihus
1614 2051 1756 2083 clavibus
1782 2052 1878 2083 obse·

1140 2104 1253 2143 randa,
1281 2113 1418 2146 quarum
1445 2114 1508 2135 una
1532 2114 1635 2146 penes
1660 2103 1803 2146 priorem
1831 2104 1879 2137 di-

1141 2157 1182 2189 cti
1218 2162 1420 2197 conventus,
1459 2157 1521 2188 alia
1552 2167 1652 2199 penes
1684 2163 1877 2200 procurato—

1140 2220 1208 2242 rem
1234 2210 1422 2252 generalem
1456 2220 1516 2252 pro
1542 2214 1711 2252 tempore,
1748 2215 1780 2242 ct
1815 2211 1878 2242 alia

1140 2272 1241 2305 penes
1267 2261 1458 2304 religiosum
1483 2262 1629 2294 eiusdem
1656 2268 1833 2294 conventus
1859 2274 1876 2294 a

1140 2315 1284 2357 capitulo
1310 2315 1455 2347 ciusdem
1484 2320 1662 2347 conventus
1688 2315 1876 2357 eligendum

1140 2373 1343 2408 remaneant,
1367 2373 1398 2400 et
1422 2368 1534 2411 copiae
1551 2368 1583 2400 in
1603 2369 1790 2400 authentica
1812 2369 1875 2400 sor-

1139 2423 1190 2454 ma
1215 2421 1358 2454 omnium
1375 2421 1617 2464 praedictarum
1638 2422 1874 2464 scripturarum

1140 2479 1376 2507 conserventur
1392 2474 1425 2506 in
1450 2474 1595 2507 archivio
1613 2476 1716 2507 altero
1734 2475 1876 2517 Congre-

1140 2528 1279 2570 gationis
1305 2529 1471 2571 assignato
1496 2528 1529 2560 in
1554 2533 1715 2561 conventu
1749 2528 1780 2561 S.
1812 2530 1874 2560 Au-

1139 2581 1261 2624 gustini
1286 2581 1472 2621 Cremonae,
1489 2592 1561 2614 cum
1588 2581 1796 2624 qualitatibus
1818 2591 1877 2624 pro

1881 208 1932 234 An.
1947 207 1974 235 C.
1997 208 2064 235 1664
