2247 3208
99 193 147 220 An.
170 194 199 221 C.
219 192 290 221 1666

295 237 501 274 nitentiariae
522 240 720 284 apostolieae
748 242 916 275 memorat
935 242 980 275 Pii
1000 243 1034 274 lv

295 294 574 338 praedecessoris,
590 295 649 327 sub
668 295 775 327 datum
795 294 925 333 Romae,
944 305 961 328 v
980 305 1036 328 no-

295 357 353 379 nas
371 347 451 387 iulii,
474 346 677 390 pontificatus
700 347 770 380 eius
796 359 879 381 anno
898 359 918 387 1,
937 348 1034 381 licere

296 400 340 432 uti
367 402 469 443 eappa
495 400 615 433 coloris
645 400 736 433 bruni
787 402 854 434 eius
882 401 1034 433 nimirum

297 452 349 495 qui
375 452 407 484 in
433 452 496 485 illis
529 453 675 496 partibus
712 454 805 496 vulgo
832 453 948 486 dieitur
973 453 1034 485 lnc-

297 505 365 547 riel,
392 516 456 538 non
483 511 587 539 autem
614 507 697 548 nigri
722 507 856 545 eoloris;
877 512 905 538 et
932 506 969 538 ad
989 512 1034 538 tc-

295 569 406 593 norem
427 560 647 602 praesentium
665 559 843 593 litterarum
869 559 1034 601 corrigen-

296 612 351 645 das
377 623 446 645 esse
471 613 617 654 regulam
635 617 663 645 et
683 611 929 644 constitutiones
958 611 1033 644 dieti

295 665 424 699 Ordinis
446 665 498 698 SS.
515 664 679 697 Trinitatis
696 665 871 708 respective
891 665 921 697 in
941 665 1032 705 loeis,

296 719 446 759 textibus,
464 718 613 761 capitulis
638 722 665 750 et
691 718 980 758 declarationibus,
1003 719 1033 751 in

297 771 415 816 quibus
443 776 596 803 tractatur
614 771 652 803 de
670 771 868 804 vestimentis
886 771 1030 804 fratrum.

339 825 353 868 ἓ,
378 825 408 857 4.
437 823 476 857 Ut
500 829 605 857 autem
644 824 829 857 earumdem
854 825 1033 858 litterarum

294 877 476 911 executioni
491 877 612 909 firmius
632 878 827 917 consulatur,
843 879 1032 911 auctoritate

293 930 459 975 praedicta
499 931 726 963 committimus
764 936 794 963 et
833 931 1032 974 iniungimus

292 984 469 1017 Ordinariis
483 984 640 1024 locorum,
655 988 698 1023 ut⁷
716 984 843 1027 quoties
861 995 921 1028 pro
942 991 1032 1028 parte

294 1037 397 1070 dictae
435 1036 603 1079 religionis
629 1037 888 1070 l‘raedicatorum
914 1038 1034 1071 suerint

292 1090 474 1133 respective
500 1089 660 1133 requisiti,
685 1101 739 1122 seu
765 1090 901 1133 quilibet
920 1101 1032 1124 eorum

295 1143 389 1176 suerit
413 1143 610 1186 requisitus,
644 1142 757 1175 fratres
795 1143 871 1176 dieti
905 1143 1032 1176 Ordinis

294 1197 346 1230 SS.
377 1196 556 1237 Trinitatis,
589 1196 642 1239 qni
675 1207 810 1240 cappam
835 1197 919 1240 nigri
945 1198 1033 1230 colo-

294 1250 348 1289 ris,
373 1260 427 1282 seu
454 1249 544 1289 alias,
571 1254 683 1282 eontra
708 1251 926 1293 praesentium
947 1250 1032 1284 litte·

294 1312 402 1335 rarum
428 1302 563 1335 sormam
590 1302 717 1335 deferre
742 1303 1031 1346 praesumpserint,

293 1355 332 1388 ad
358 1355 460 1399 ipsam
485 1355 712 1398 deponendam
729 1365 786 1398 per
810 1366 962 1388 censuras
981 1366 1033 1388 ec-

293 1408 502 1449 clesiasticas,
523 1408 652 1452 aliaque
671 1408 749 1441 iuris
775 1414 806 1442 et
830 1409 903 1441 sacti
928 1420 1033 1443 reme-

293 1462 353 1502 dia,
380 1462 467 1495 omni
493 1462 711 1505 appellatione
732 1462 909 1505 postposita
931 1462 1032 1505 (invo-

292 1520 364 1548 cato
390 1515 498 1555 etiam,
528 1520 686 1558 quatenus
711 1525 792 1558 opus
818 1515 879 1554 sit,
905 1515 1032 1547 brachii

293 1568 448 1601 secularis
474 1567 616 1611 auxilio),
636 1578 694 1611 per
718 1578 761 1607 se,
783 1569 830 1601 vel
857 1578 915 1611 per
940 1567 1032 1608 alios,

293 1621 377 1654 dicta
402 1621 591 1654 auctoritate
613 1626 730 1664 cogant
757 1626 788 1654 et
812 1622 1031 1665 compellant,

293 1675 381 1708 salv-<t
405 1679 512 1707 tamen
549 1685 677 1718 semper
710 1673 742 1706 in
767 1674 952 1718 praemissis
980 1686 1034 1707 au-

294 1727 444 1760 ctoritate
485 1727 749 1770 congregationis
790 1727 1033 1771 praedictorum

295 1780 520 1814 cardinalium.

340 1833 399 1878 55.
426 1833 648 1866 Decernentes
670 1834 756 1877 ipsas
775 1840 967 1877 praesentes
986 1835 1036 1868 lit-

296 1892 381 1919 teras
400 1897 531 1930 semper
552 1885 670 1926 sirmas,
699 1887 819 1920 validas
839 1893 870 1919 et
887 1887 1034 1922 efficaces

297 1939 439 1972 existere
465 1944 496 1971 et
521 1939 604 1979 sore,
631 1949 776 1983 suosque
809 1941 977 1983 plenarios
1003 1947 1035 1974 et

297 1992 443 2035 integros
465 1991 597 2024 effectus
624 1992 734 2025 sortiri
760 1998 792 2025 et
816 1993 979 2035 obtinere,
999 2005 1035 2027 ac

297 2046 337 2078 ab
356 2045 431 2085 illis,
457 2045 495 2077 ad
518 2055 600 2088 quos
619 2050 744 2088 spectat
759 2051 791 2079 et
808 2057 866 2089 pro
885 2052 1033 2090 tempore

298 2098 570 2142 quandocumque
600 2099 776 2141 spectabit,
803 2099 1035 2132 inviolabiliter

298 2151 476 2192 observari,
500 2156 531 2184 et
549 2151 633 2184 dieto
650 2151 759 2185 Ordini
774 2152 1034 2186 Praedicatorum

298 2204 331 2236 in
347 2204 496 2237 omnibus
514 2209 545 2237 et
564 2215 622 2247 per
639 2205 747 2237 omnia
764 2206 954 2249 plenissime
974 2207 1035 2239 suf-

299 2257 428 2299 fragari,
456 2257 563 2301 sicque
589 2258 620 2289 in
646 2258 828 2301 praemissis
858 2270 917 2303 per
942 2271 1035 2303 quos—

298 2320 432 2353 cumque
457 2310 579 2343 iudices
603 2311 782 2344 ordinarios
805 2317 836 2345 et
860 2313 1033 2356 delegatos,

298 2364 394 2396 etiam
418 2373 583 2396 causarum
614 2365 724 2407 palatii
757 2366 923 2408 apostolici
948 2367 1036 2400 audi-

298 2422 393 2457 tores,
419 2416 552 2450 iudicari
577 2422 608 2449 et
633 2417 757 2450 deliniri
782 2419 916 2461 debere,
936 2430 971 2452 ac
995 2421 1035 2452 ir-

298 2469 393 2502 ritum
419 2475 448 2503 et
474 2469 569 2503 inane
588 2470 612 2503 si
631 2481 720 2503 secus
740 2481 836 2515 super
858 2472 907 2505 liis
925 2484 941 2505 a
959 2484 1035 2516 quo-

300 2533 416 2564 quam,
450 2523 559 2566 quavis
584 2524 792 2563 auctoritate,
818 2524 955 2557 scienter
986 2527 1033 2559 vel

300 2574 496 2616 ignoranter,
525 2576 694 2620 contigerit
719 2578 878 2611 attentari.

138 834 283 861 Exequutoms

99 860 188 887 deputat

113 1840 240 1869 >Decretum
258 1840 284 1859 ir-

99 1869 173 1887 natans.

896 195 973 218 Atttx
983 196 1081 219 txtthn
1107 197 1148 219 Vll
1178 198 1223 221 ΓΡ.

1716 189 1778 222 4⁶33

1121 244 1135 286 ξ
1159 243 1189 276 6.
1213 243 1281 277 Non
1309 244 1517 279 obstantibus
1551 247 1581 279 in
1616 247 1814 279 contrarium

1078 298 1233 338 decim-tis,
1256 299 1351 332 etiam
1378 300 1511 343 speciali
1538 300 1747 344 expressione
1772 300 1815 333 di-

1078 351 1148 393 gnis
1165 378 1172 391 ,
1200 363 1235 384 ac
1260 353 1543 387 constitutionibus
1577 359 1609 386 et
1639 353 1816 387 ordinatio-

1078 404 1173 436 nibus
1212 406 1418 448 apostolicis,
1456 417 1580 440 necnon
1613 407 1687 440 dicti
1725 406 1816 439 Ordi-

1077 457 1125 489 nis
1159 457 1211 490 SS.
1248 457 1438 499 Trinitatis,
1464 460 1597 503 eiusque
1634 459 1816 503 provincia-

1076 519 1168 549 rum,
1204 510 1300 543 etiam
1328 511 1534 549 iuramento,
1569 512 1814 545 confirmatione

1078 564 1265 605 apostolica,
1292 565 1340 597 vel
1367 565 1476 608 quavis
1502 565 1651 597 firmitate
1677 565 1739 598 alia
1764 576 1816 598 ro-

1075 615 1222 654 boratis,
1265 618 1392 650 statutis
1432 623 1463 650 et
1502 619 1814 654 consuetudinibus.

1076 668 1253 710 privilegiis
1288 679 1417 712 quoque
1436 697 1443 710 ‚
1478 670 1610 702 indultis
1640 676 1671 703 et
1694 671 1812 703 litteris

1076 721 1267 763 apostolicis
1292 722 1324 754 in
1342 723 1537 755 contrarium
1564 724 1812 766 praemissorum

1076 775 1323 818 quomodolibet
1355 777 1531 816 concessis,
1558 775 1757 809 confirmatis
1781 783 1813 809 et

1826 199 1872 225 An.
1891 198 1917 224 C.
1943 198 2010 225 1666

1896 258 2012 282 Βυτομιιο

1827 287 1988 306 contrariorum.

1057 827 1258 869 -innovatis;
1286 829 1402 872 quibus
1427 829 1577 862 omnihus
1608 835 1640 862 et
1665 830 1811 873 singulis,

1075 880 1206 914 illorum
1232 887 1359 915 tenores
1389 883 1613 926 praesentibus
1638 893 1696 926 pro
1714 885 1813 926 plene

1076 939 1107 966 et
1132 935 1330 968 sufficienter
1362 937 1523 979 expressis
1549 941 1581 969 et
1599 937 1731 969 insertis
1758 937 1814 969 ha-

1076 988 1200 1028 bentes,
1218 988 1282 1021 illis
1297 989 1375 1022 alias
1391 990 1422 1021 in
1445 1000 1505 1021 suo
1527 989 1647 1022 robore
1662 999 1814 1032 perman-

1075 1041 1171 1080 suris,
1197 1041 1234 1073 ad
1268 1042 1522 1084 praemissorum
1552 1041 1720 1082 effectum,
1754 1043 1815 1075 hac

1075 1094 1143 1126 vice
1169 1094 1354 1135 dumtaxat,
1380 1095 1567 1137 specialiter
1599 1100 1631 1127 et
1661 1105 1815 1138 expresse

1076 1146 1273 1188 derogamus
1295 1158 1301 1187 ;
1329 1147 1513 1190 ceterisque
1546 1148 1718 1180 contrariis
1744 1148 1814 1191 qui-

1075 1200 1290 1244 buseunique.

1119 1252 1133 1295 ἓ
1167 1252 1196 1285 7.
1229 1253 1382 1286 Volumus
1415 1258 1521 1286 autem
1556 1257 1592 1285 ut
1627 1254 2009 1308 earumdemrmffrggggnmw-

1075 1305 1294 1348 praesentium
1318 1305 1497 1339 litterarum
1522 1306 1738 1350 transumptiS,
1757 1317 1813 1340 seu
1929 1303 1945 1308 ζ’

1075 1358 1241 1402 exemplis,
1269 1359 1363 1391 etiam
1381 1359 1553 1402 impressis,
1577 1370 1672 1391 manu
1697 1360 1813 1393 notarii

1075 1412 1195 1455 publici
1209 1412 1407 1455 subscriptis
1429 1418 1459 1444 et
1483 1412 1590 1455 sigillo
1610 1423 1767 1455 personae
1782 1413 1814 1446 in

1075 1465 1289 1498 ecclesiastica
1318 1465 1474 1508 dignitate
1499 1465 1690 1499 constitutae
1716 1467 1816 1499 muni-

1075 1518 1130 1558 tis,
1158 1517 1270 1550 eadem
1302 1528 1434 1561 prorsus
1467 1517 1546 1551 fides
1579 1519 1611 1551 in
1641 1519 1760 1552 iudicio
1785 1525 1817 1552 et

1076 1575 1164 1603 extra
1184 1570 1391 1611 adhibeatur,
1417 1582 1498 1614 quae
1523 1572 1748 1614 praesentibus
1773 1573 1816 1616 ip-

1075 1624 1117 1657 sis
1143 1624 1370 1665 adhiberetur,
1397 1624 1423 1657 si
1450 1625 1554 1658 forent
1578 1625 1741 1658 exhibitae
1766 1626 1815 1659 vel

1076 1683 1235 1711 ostensae.

1120 1731 1233 1764 Datum
1258 1731 1396 1771 Romae,
1425 1732 1510 1775 apud
1541 1732 1572 1765 S.
1600 1732 1729 1766 Mariam
1758 1733 1817 1766 Ma-

1077 1785 1176 1817 iorem
1193 1812 1200 1825 ,
1235 1785 1293 1817 sub
1319 1787 1438 1818 annulo
1462 1786 1631 1819 piscatoris
1647 1813 1654 1827 ,
1682 1786 1733 1820 die
1758 1798 1815 1821 vm

1078 1838 1232 1870 februarii
1276 1848 1415 1872 MDCvai
1440 1866 1447 1879 ‚
1486 1838 1690 1882 pontificatus
1715 1840 1815 1873 nostri

1077 1900 1162 1923 anno
1187 1901 1230 1924 m.

1112 1951 1170 1979 Dat.
1189 1951 1232 1979 die
1252 1951 1267 1979 8
1287 1951 1417 1979 februarii
1438 1953 1517 1986 1666,
1538 1953 1636 1988 pontis.
1657 1961 1727 1981 anno
1746 1960 1798 1987 xx„

1346 2145 1542 2179 CDXXXVII.

1078 2261 1288 2304 Confirmatio
1313 2261 1510 2295 diversorum
1530 2262 1748 2306 capitulormn
1767 2265 1810 2296 ior

1122 2319 1168 2348 ter
1202 2315 1320 2358 fratres
1356 2319 1528 2348 conventus
1559 2316 1592 2349 S.
1619 2316 1816 2349 Franciscoce

1120 2368 1288 2402 Romanae
1313 2367 1447 2402 Ordinis
1471 2368 1526 2402 SS.
1563 2369 1736 2402 Trinitatis
1760 2379 1811 2402 re-

1121 2422 1315 2464 demptionis
1354 2422 1554 2465 captivorum
1585 2426 1614 2455 et
1649 2422 1813 2465 Auyusei-

1120 2475 1237 2506 manos
1261 2475 1449 2517 reformatos
1481 2474 1617 2518 hospitii
1641 2475 1687 2508 Ss.
1724 2475 1812 2508 [lde-

1119 2527 1203 2569 fonsi
1227 2531 1254 2559 et
1281 2527 1454 2560 Guillelmi
1471 2527 1508 2560 de
1527 2527 1607 2561 Urbe
1619 2538 1715 2571 super
1727 2532 1816 2560 statu

1120 2579 1200 2612 dicti
1225 2580 1370 2625 hospitii,
1387 2581 1519 2625 eiusque
1533 2582 1683 2626 oratorii,
1702 2592 1739 2614 ac
1755 2592 1815 2616 ttu-
