2247 3208
202 221 251 248 An.
276 221 303 248 c.
324 222 391 249 1665
437 213 501 247 376

219 1341 329 1368 Eiponlie

395 271 593 304 sufficienter
615 270 778 313 expressis
806 275 837 302 et
856 270 983 302 insertis
1010 269 1131 301 haben-

392 328 452 362 tes,
470 323 534 355 illis
549 322 627 355 alias
639 322 670 353 in
684 332 741 353 suo
757 323 874 354 robore
900 322 1130 365 permansuris,

392 375 431 408 ad
446 374 699 418 praemissorum
713 373 869 415 effectum,
886 375 945 407 hac
959 374 1026 407 vice
1042 375 1130 407 duin-

392 432 489 466 taxat‚
508 426 692 469 specialiter
709 431 740 459 et
757 436 906 470 expresse
925 427 1127 469 derogamus3

391 479 572 522 ceterisque
598 479 769 512 contrariis
794 479 1064 523 quibuscumque.

420 532 547 572 ⁸Datum
573 531 711 572 Romae,
743 533 827 576 apud
853 533 883 566 S.
911 533 1040 566 Mariam
1067 533 1129 566 Ma-

390 585 510 625 iorem,
536 586 595 618 sub
625 587 746 619 annulo
772 586 953 626 piscatoris,
981 586 1031 619 die
1055 597 1127 620 xxiv

390 638 460 689 iulii
485 648 622 678 iinctxv,
638 638 844 682 pontificatus
868 639 967 672 nostri
983 649 1066 673 anno
1083 650 1124 672 xi.

425 701 484 729 Dat.
504 701 548 728 die
567 701 601 729 24
620 701 678 728 iulii
701 701 777 736 1665,
798 701 892 737 pontif.
914 709 982 730 anno
998 710 1035 729 xi.

714 843 804 876 Dxlt.

391 922 602 964 Confirmatio
631 922 749 955 decreti
772 923 1030 965 conqreyalionis
1054 923 1124 965 epi-

431 986 600 1018 scoporum
624 980 652 1008 et
676 976 882 1018 reyulari‘am
900 975 986 1007 circa
1000 985 1128 1018 praece-

430 1028 576 1061 dentiam
601 1030 686 1061 inter
708 1033 932 1072 procuratores
961 1028 1127 1071 (feneratos

431 1085 459 1113 et
479 1081 717 1114 commissarios
741 1082 851 1114 curiae
877 1081 1011 1115 Ordinis
1026 1081 1128 1113 Mino-

430 1143 506 1165 rum
522 1134 628 1166 sancti
648 1134 818 1167 Francisci
833 1134 871 1166 de
893 1132 1126 1167 Observantz‘ci¹.

582 1213 746 1241 Alexander
771 1214 850 1247 Papa
869 1214 932 1246 vu,

528 1258 564 1284 ad
584 1257 716 1285 futuram
735 1258 780 1285 rei
801 1258 983 1285 memoriam.

432 1328 447 1371 ἓ
472 1327 502 1360 1.
531 1327 616 1360 Alias
642 1337 700 1371 pr.)
726 1332 817 1371 parte
850 1327 956 1361 dilecti
982 1328 1037 1361 filii
1065 1328 1128 1360 An-

389 1381 484 1414 dreae
503 1381 542 1413 de
563 1381 711 1424 Artcaga‚
726 1381 945 1424 procuratoris
964 1381 1127 1423 generalis

387 1433 516 1467 Ordinis
542 1435 677 1467 fratrum
710 1434 868 1467 Minorum
902 1435 1002 1467 sancti
1028 1434 1127 1467 Fran-

387 1487 462 1520 cisci
481 1488 520 1520 de
540 1487 751 1520 Observantia
768 1493 1039 1530 nuncupatorum,
1053 1498 1127 1520 con-

387 1539 567 1583 gregationi
583 1540 825 1573 venerabilium
843 1540 977 1572 fratrum
999 1546 1127 1573 nostro-

387 1604 458 1626 rum
490 1593 521 1626 S.
551 1593 588 1626 R.
621 1593 656 1626 E.
684 1593 897 1626 cardinalium
929 1591 1070 1636 negotiis
1096 1599 1127 1627 et

387 1646 683 1680 consultationibus
704 1647 932 1690 episcoporum
950 1653 982 1680 et
998 1649 1127 1690 regula-

387 1700 469 1732 rium
494 1700 700 1743 praepositae
727 1701 885 1743 exposito,
905 1701 991 1744 quod
1019 1701 1049 1733 in
1076 1712 1126 1734 ca-

387 1752 491 1795 pitulo
517 1753 663 1795 generali
689 1752 765 1785 dicti
790 1752 918 1785 Ordinis
952 1753 1126 1786 novissime

387 1805 419 1837 in
444 1806 527 1838 alma
553 1805 638 1838 Urbe
663 1807 774 1838 nostra
799 1806 974 1846 celebrato,
993 1807 1127 1840 dilecto-

387 1867 456 1890 rum
481 1857 603 1900 pariter
634 1857 777 1891 filiorum
813 1859 1055 1892 Bartholomaei
1087 1860 1125 1892 de

386 1910 519 1944 Villalva
543 1916 575 1943 et
599 1911 734 1944 aliorum
761 1917 1050 1954 exprocuratorum
1073 1923 1126 1955 ge-

386 1963 545 1996 neralium
578 1963 708 1997 Ordinis
746 1964 931 1997 huiusmodi
968 1965 1124 1998 interesse

387 2016 575 2049 habentium
601 2017 742 2058 nomine,
761 2006 1056 2061 porrectus⁸frierat
1076 2029 1126 2051 ve-

387 2069 525 2102 nerabili
542 2069 630 2101 fratri
652 2074 764 2107 nostro
782 2070 954 2103 Francisco
972 2071 1124 2114 episcopo

387 2121 574 2162 Portuensi,
607 2122 748 2156 eiusdem
773 2123 803 2156 S.
836 2123 872 2156 R.
903 2124 937 2156 E.
969 2124 1123 2157 cardinali

387 2174 564 2208 Barberino
581 2181 777 2219 nuncupato,
797 2177 872 2208 dicti
893 2176 1020 2210 Ordinis
1040 2178 1124 2221 apud

386 2236 444 2258 nos
479 2232 512 2259 et
543 2227 660 2261 Sedeni
686 2229 905 2271 Apostolicam
936 2231 1122 2273 protectori,

386 2280 520 2322 supplex
547 2280 677 2314 libellus
704 2292 761 2324 pro
787 2282 962 2315 obtinenda
979 2284 1124 2316 cassatio-

386 2341 426 2363 ne
452 2332 622 2366 cuiusdam
636 2333 758 2367 decreti
772 2335 824 2367 die
840 2345 862 2368 11
876 2335 987 2378 aprilis
1005 2346 1125 2370 unctlx

387 2385 526 2417 emanati
552 2385 637 2418 circa
663 2387 926 2429 praecedentiam
947 2388 1032 2421 inter
1049 2400 1125 2432 pro-

387 2442 555 2470 curatores
581 2440 749 2480 generales
770 2445 802 2472 et
818 2441 1053 2474 commissarios
1071 2452 1124 2474 cu-

387 2490 453 2523 riae
464 2490 593 2524 Ordinis
608 2492 754 2534 praefad,
771 2494 857 2536 quod
873 2494 1010 2528 dilectus
1028 2495 1123 2528 etiam

422 2605 431 2631 1
457 2604 492 2631 Ex
515 2605 620 2641 Regest.
643 2606 670 2638 in
690 2606 791 2633 Secret.
814 2606 890 2635 Brev.

981 222 1158 245 nt'LtAiutlu
1185 223 1334 247 neuneu

1174 268 1257 302 silius
1272 269 1404 303 Rochus
1430 271 1469 304 de
1495 271 1656 313 Villarei0‚
1673 278 1750 306 tunc
1767 274 1912 307 commis-

1174 321 1278 354 sarius
1293 323 1399 356 curiae
1417 323 1611 365 huiusmodi,
1629 326 1668 358 ab
1684 327 1796 359 eodem
1813 327 1911 360 Fran-

1173 375 1261 408 cisco
1298 376 1455 410 cardinali
1489 382 1675 420 protectore
1719 380 1908 423 subreptitiev

1174 433 1375 469 extorserat;
1411 440 1516 473 eoque
1550 430 1661 464 libello
1694 442 1754 474 per
1790 433 1907 466 dictum

1173 482 1379 514 Frauciscum
1404 483 1601 516 cardinalem
1625 490 1843 527 protectorem
1870 487 1908 518 ad

1173 535 1307 568 dilectos
1334 535 1416 568 filios
1440 537 1618 570 modernos
1644 537 1826 571 ministrum
1854 549 1909 582 ge-

1172 589 1315 622 neralem
1350 595 1377 621 et
1414 588 1600 623 definitores
1632 592 1800 633 generales
1826 592 1909 624 eius-

1172 641 1245 674 dem
1271 641 1400 675 Ordinis
1435 643 1568 675 remisso
1593 653 1653 686 pro
1679 643 1909 677 informatione

1172 699 1203 726 et
1226 699 1311 734 voto,
1337 695 1405 738 ipse
1426 695 1621 728 Franciscus
1642 696 1816 729 cardinalis
1835 707 1909 740 pro-

1173 751 1275 780 tector
1299 753 1372 780 voto
1399 748 1581 782 huiusmodi
1607 748 1792 790 inhaerens,
1817 761 1909 793 prae-

1172 800 1271 832 fatum
1298 800 1462 833 decretum
1489 807 1696 835 revocaverat
1719 808 1752 835 et
1775 803 1906 846 penitus

1171 858 1354 886 cassaverat
1379 864 1439 897 per
1463 854 1550 887 aliud
1575 865 1669 887 suum
1695 856 1837 898 speciale
1855 857 1909 889 de-

1171 910 1294 938 cretum
1319 905 1370 938 die
1395 917 1451 939 xxx
1481 907 1609 949 augusti
1640 916 1778 941 Mnerxiv
1811 919 1907 952 expe-

1171 956 1272 989 ditum
1289 985 1296 998 ,
1323 958 1406 1000 quod
1432 959 1527 991 etiam
1553 959 1604 992 die
1628 970 1691 993 xvii
1724 961 1908 994 novembris·

1171 1010 1399 1053 subsequentis
1426 1022 1442 1043 a
1468 1011 1562 1044 nobis
1577 1022 1637 1054 per
1653 1018 1780 1045 nostras
1804 1013 1836 1046 in
1866 1015 1907 1047 si-

1171 1063 1238 1097 mili
1265 1064 1368 1096 forma
1387 1064 1494 1097 brevis
1512 1065 1637 1097 litteras
1664 1076 1737 1098 cum
1756 1072 1908 1110 opportu-

1171 1116 1219 1148 nis
1245 1116 1396 1149 clausulis
1433 1116 1656 1150 confirmatum
1687 1118 1807 1158 fuerat;
1834 1119 1906 1162 quia

1171 1179 1246 1201 vero
1272 1180 1339 1202 non
1363 1169 1533 1202 videbatur
1558 1169 1589 1202 in
1616 1170 1678 1203 hoc
1703 1170 1836 1203 decreto
1862 1176 1908 1203 te-

1172 1221 1278 1254 taliter
1295 1232 1450 1265 expressa
1469 1232 1531 1255 nec
1563 1222 1727 1255 declarata
1744 1223 1823 1256 haec
1840 1235 1907 1267 par-

1172 1274 1266 1307 ticula
1302 1275 1411 1307 ceteris
1432 1275 1584 1318 paribus,
1610 1281 1761 1309 contenta
1785 1276 1817 1309 in
1843 1281 1907 1309 sta-

1172 1331 1241 1359 tuto
1267 1327 1342 1360 dicti
1368 1327 1496 1360 Ordinis
1522 1338 1607 1360 anno
1625 1338 1722 1361 uncLi
1741 1328 1838 1368 edite,
1857 1340 1907 1361 cu-

1170 1380 1218 1412 ius
1244 1380 1438 1413 inviolabilis
1460 1381 1644 1414 observatio
1665 1391 1725 1424 per
1741 1382 1906 1414 decretum

1172 1433 1355 1465 huiusmodi
1392 1433 1577 1476 specialiter
1616 1433 1903 1476 praecipiebatur,

1170 1485 1317 1518 nonnulli
1343 1486 1401 1518 sub
1434 1485 1556 1518 frivolis
1588 1486 1807 1528 praetextibus
1833 1497 1908 1519 exe-

1170 1539 1333 1571 cutionem
1364 1544 1427 1571 tam
1459 1539 1569 1571 statuti
1601 1550 1696 1582 quam
1729 1539 1849 1572 decreti
1875 1543 1907 1571 et

1170 1592 1353 1625 litterarum
1379 1592 1566 1625 huiusmodi
1592 1592 1725 1624 eludere
1752 1602 1907 1635 procura-

1170 1646 1257 1684 bant,
1284 1645 1409 1677 tametsi
1435 1638 1499 1677 iam
1526 1645 1645 1677 dictum
1672 1645 1836 1677 decretum
1862 1645 1908 1677 in-

1171 1699 1328 1731 niteretur
1351 1698 1572 1731 informationi
1598 1704 1629 1731 et
1653 1704 1725 1731 voto
1750 1708 1907 1731 memora-

1171 1756 1275 1795 torum
1302 1751 1441 1783 ministri
1467 1751 1627 1794 generalis
1649 1756 1679 1783 et
1698 1750 1906 1783 definitorum

1170 1804 1392 1846 generalium,
1421 1804 1475 1847 qui
1511 1815 1665 1848 expresse
1700 1804 1851 1837 dixerunt
1875 1809 1907 1836 ct

1170 1858 1377 1890 declararunt
1416 1857 1679 1900 praecedentiam
1718 1858 1905 1899 competere

1170 1910 1433 1954 procuratoriluis
1459 1910 1665 1952 generalibus
1687 1909 1905 1942 habitualibus

1170 1975 1267 2007 super
1293 1963 1532 1997 commissarios
1565 1964 1696 2003 curiae,
1723 1963 1846 1995 etiamsi
1872 1963 1907 1995 hi

1169 2023 1242 2049 ante
1269 2017 1342 2050 illos
1367 2016 1461 2050 electi
1489 2017 1629 2056 fuerint,
1655 2016 1754 2059 idque
1780 2016 1905 2048 ratione

1169 2069 1333 2112 dignitatis
1369 2060 1501 2101 maioris
1527 2073 1559 2101 et
1582 2068 1760 2111 inaequalis
1780 2094 1787 2107 ,
1819 2067 1906 2099 iuxta

1169 2123 1346 2166 praefatum
1372 2127 1526 2155 statutum
1552 2132 1637 2154 anno
1655 2131 1752 2155 amem
1770 2121 1905 2159 editum,

1168 2176 1219 2208 cui
1251 2181 1414 2219 tamquam
1440 2175 1553 2208 ultimo
1579 2175 1721 2207 decisivo
1746 2174 1824 2207 stari
1851 2175 1907 2207 da-

1167 2230 1236 2269 bet;
1252 2226 1287 2261 ac
1302 2233 1479 2272 propterea
1494 2238 1554 2271 per
1572 2228 1722 2261 eumdem
1741 2228 1904 2260 Andream

1166 2287 1411 2325 procuratorem
1426 2282 1610 2323 generalem
1628 2285 1824 2313 memoratae
1842 2290 1906 2313 ear-

1917 227 1968 251 ΑιιΔ
1990 223 2018 252 C.
2038 225 2104 252 1665

1167 2335 1322 2368 dinalium
1354 2334 1614 2376 congregationis
1649 2333 1832 2377 supplicato
1869 2338 1904 2365 ut
1925 2349 1937 2357 ο

1165 2394 1276 2422 votum
1309 2388 1483 2421 definitorii
1520 2387 1682 2431 generalis
1718 2386 1905 2420 huiusmodi

1166 2442 1365 2485 approbaret
1390 2446 1421 2473 et
1446 2440 1666 2480 confirmaret,
1694 2440 1753 2479 vel,
1780 2440 1819 2472 ad
1846 2440 1905 2472 tol-

1167 2496 1298 2529 lendum
1323 2505 1452 2528 omnem
1478 2494 1652 2527 dubietatis
1669 2494 1857 2536 scrupulum
1874 2497 1906 2526 et

1166 2547 1269 2587 litem,
1295 2548 1333 2579 de
1359 2558 1441 2580 novo
1460 2547 1612 2586 declaret,
1632 2546 1811 2589 praefatam
1832 2556 1906 2589 par-

1168 2601 1298 2633 ticulam
1323 2601 1433 2639 ceteris
1455 2600 1599 2643 paribch
1622 2610 1704 2643 quae
1735 2599 1906 2632 dubitandi
