<?xml version="1.0" encoding="UTF-8"?>
<!DOCTYPE html PUBLIC "-//W3C//DTD XHTML 1.0 Transitional//EN"
    "http://www.w3.org/TR/xhtml1/DTD/xhtml1-transitional.dtd">
<html xmlns="http://www.w3.org/1999/xhtml" xml:lang="en" lang="en">
 <head>
  <title>
</title>
<meta http-equiv="Content-Type" content="text/html;charset=utf-8" />
  <meta name='ocr-system' content='tesseract 3.04.00' />
  <meta name='ocr-capabilities' content='ocr_page ocr_carea ocr_par ocr_line ocrx_word'/>
</head>
<body>
  <div class='ocr_page' id='page_1' title='image "./bullarumdiplomat17cath_0364.png"; bbox 0 0 2247 3208; ppageno 0'>
   <div class='ocr_carea' id='block_1_1' title="bbox 168 238 468 276">
    <p class='ocr_par' dir='ltr' id='par_1_1' title="bbox 168 238 468 276">
     <span class='ocr_line' id='line_1_1' title="bbox 168 238 468 276; baseline -0.017 -1"><span class='ocrx_word' id='word_1_1' title='bbox 168 249 218 276; x_wconf 75' lang='lat' dir='ltr'>An.</span> <span class='ocrx_word' id='word_1_2' title='bbox 241 248 267 275; x_wconf 85' lang='lat' dir='ltr'>c.</span> <span class='ocrx_word' id='word_1_3' title='bbox 293 247 359 274; x_wconf 75' lang='lat'>1664</span> <span class='ocrx_word' id='word_1_4' title='bbox 404 238 468 272; x_wconf 74' lang='lat' dir='ltr'>30ss</span> 
     </span>
    </p>
   </div>
   <div class='ocr_carea' id='block_1_2' title="bbox 195 415 293 437">
    <p class='ocr_par' dir='ltr' id='par_1_2' title="bbox 195 415 293 437">
     <span class='ocr_line' id='line_1_2' title="bbox 195 415 293 437; baseline -0.02 0"><span class='ocrx_word' id='word_1_5' title='bbox 195 416 249 437; x_wconf 70' lang='lat' dir='ltr'>[uio</span> <span class='ocrx_word' id='word_1_6' title='bbox 264 415 293 435; x_wconf 82' lang='lat' dir='ltr'>sil.</span> 
     </span>
    </p>
   </div>
   <div class='ocr_carea' id='block_1_3' title="bbox 360 288 1116 2558">
    <p class='ocr_par' dir='ltr' id='par_1_3' title="bbox 360 288 1116 2558">
     <span class='ocr_line' id='line_1_3' title="bbox 360 288 1100 334; baseline -0.011 -6"><span class='ocrx_word' id='word_1_7' title='bbox 360 295 487 332; x_wconf 81' lang='lat' dir='ltr'>vantia,</span> <span class='ocrx_word' id='word_1_8' title='bbox 518 304 554 325; x_wconf 84' lang='lat' dir='ltr'>ac</span> <span class='ocrx_word' id='word_1_9' title='bbox 580 291 684 324; x_wconf 83' lang='lat' dir='ltr'>maior</span> <span class='ocrx_word' id='word_1_10' title='bbox 709 290 799 334; x_wconf 86' lang='lat' dir='ltr'>quies</span> <span class='ocrx_word' id='word_1_11' title='bbox 825 293 857 322; x_wconf 87' lang='lat' dir='ltr'>et</span> <span class='ocrx_word' id='word_1_12' title='bbox 881 288 1100 332; x_wconf 83' lang='lat' dir='ltr'>tranquillitas</span> 
     </span>
     <span class='ocr_line' id='line_1_4' title="bbox 362 341 1100 389; baseline -0.008 -9"><span class='ocrx_word' id='word_1_13' title='bbox 362 347 589 389; x_wconf 74' lang='lat' dir='ltr'>religiosorum</span> <span class='ocrx_word' id='word_1_14' title='bbox 635 344 783 386; x_wconf 84' lang='lat' dir='ltr'>ipsorum</span> <span class='ocrx_word' id='word_1_15' title='bbox 827 341 1100 375; x_wconf 79' lang='lat' dir='ltr'>monasteriorum</span> 
     </span>
     <span class='ocr_line' id='line_1_5' title="bbox 363 394 1102 439; baseline -0.008 -7"><span class='ocrx_word' id='word_1_16' title='bbox 363 403 536 432; x_wconf 78' lang='lat' dir='ltr'>consecuta</span> <span class='ocrx_word' id='word_1_17' title='bbox 555 403 644 430; x_wconf 83' lang='lat' dir='ltr'>sunt:</span> <span class='ocrx_word' id='word_1_18' title='bbox 670 396 745 429; x_wconf 85' lang='lat' dir='ltr'>hino</span> <span class='ocrx_word' id='word_1_19' title='bbox 767 401 816 429; x_wconf 89' lang='lat' dir='ltr'>est</span> <span class='ocrx_word' id='word_1_20' title='bbox 833 395 918 439; x_wconf 86' lang='lat' dir='ltr'>quod</span> <span class='ocrx_word' id='word_1_21' title='bbox 944 405 1017 435; x_wconf 87' lang='lat' dir='ltr'>nos,</span> <span class='ocrx_word' id='word_1_22' title='bbox 1036 394 1102 438; x_wconf 89' lang='lat' dir='ltr'>spi-</span> 
     </span>
     <span class='ocr_line' id='line_1_6' title="bbox 363 448 1102 494; baseline -0.007 -9"><span class='ocrx_word' id='word_1_23' title='bbox 363 453 471 485; x_wconf 86' lang='lat' dir='ltr'>rituali</span> <span class='ocrx_word' id='word_1_24' title='bbox 499 450 739 494; x_wconf 74' lang='lat' dir='ltr'>temporalique</span> <span class='ocrx_word' id='word_1_25' title='bbox 764 449 954 482; x_wconf 81' lang='lat' dir='ltr'>monasterii</span> <span class='ocrx_word' id='word_1_26' title='bbox 979 448 1011 481; x_wconf 87' lang='lat' dir='ltr'>S.</span> <span class='ocrx_word' id='word_1_27' title='bbox 1039 448 1102 480; x_wconf 83' lang='lat' dir='ltr'>Ma-</span> 
     </span>
     <span class='ocr_line' id='line_1_7' title="bbox 364 500 1102 546; baseline -0.005 -9"><span class='ocrx_word' id='word_1_28' title='bbox 364 506 429 537; x_wconf 82' lang='lat' dir='ltr'>riae</span> <span class='ocrx_word' id='word_1_29' title='bbox 463 505 502 536; x_wconf 90' lang='lat' dir='ltr'>de</span> <span class='ocrx_word' id='word_1_30' title='bbox 534 503 707 546; x_wconf 72' lang='lat' dir='ltr'>Sagittario</span> <span class='ocrx_word' id='word_1_31' title='bbox 737 501 936 545; x_wconf 83' lang='lat' dir='ltr'>nuncupati,</span> <span class='ocrx_word' id='word_1_32' title='bbox 973 500 1102 534; x_wconf 80' lang='lat' dir='ltr'>Ordinis</span> 
     </span>
     <span class='ocr_line' id='line_1_8' title="bbox 365 553 1103 600; baseline -0.007 -12"><span class='ocrx_word' id='word_1_33' title='bbox 365 557 513 600; x_wconf 75' lang='lat' dir='ltr'>praefati,</span> <span class='ocrx_word' id='word_1_34' title='bbox 530 556 747 598; x_wconf 77' lang='lat' dir='ltr'>Anglonensis</span> <span class='ocrx_word' id='word_1_35' title='bbox 762 553 934 594; x_wconf 86' lang='lat' dir='ltr'>dioecesis,</span> <span class='ocrx_word' id='word_1_36' title='bbox 952 553 1036 597; x_wconf 83' lang='lat' dir='ltr'>quod</span> <span class='ocrx_word' id='word_1_37' title='bbox 1054 554 1103 594; x_wconf 85' lang='lat' dir='ltr'>(ut</span> 
     </span>
     <span class='ocr_line' id='line_1_9' title="bbox 366 605 1102 652; baseline -0.007 -10"><span class='ocrx_word' id='word_1_38' title='bbox 366 610 487 652; x_wconf 75' lang='lat' dir='ltr'>pariter</span> <span class='ocrx_word' id='word_1_39' title='bbox 512 608 709 651; x_wconf 75' lang='lat' dir='ltr'>accepimus)</span> <span class='ocrx_word' id='word_1_40' title='bbox 726 608 858 640; x_wconf 88' lang='lat' dir='ltr'>unicum</span> <span class='ocrx_word' id='word_1_41' title='bbox 878 607 909 639; x_wconf 91' lang='lat' dir='ltr'>in</span> <span class='ocrx_word' id='word_1_42' title='bbox 934 605 1102 649; x_wconf 76' lang='lat' dir='ltr'>provincia</span> 
     </span>
     <span class='ocr_line' id='line_1_10' title="bbox 364 659 1104 703; baseline -0.007 -8"><span class='ocrx_word' id='word_1_43' title='bbox 364 662 555 695; x_wconf 77' lang='lat' dir='ltr'>Basilicatae</span> <span class='ocrx_word' id='word_1_44' title='bbox 581 661 658 694; x_wconf 88' lang='lat' dir='ltr'>dicti</span> <span class='ocrx_word' id='word_1_45' title='bbox 683 661 790 703; x_wconf 78' lang='lat' dir='ltr'>regni,</span> <span class='ocrx_word' id='word_1_46' title='bbox 821 665 853 692; x_wconf 90' lang='lat' dir='ltr'>et</span> <span class='ocrx_word' id='word_1_47' title='bbox 877 665 943 691; x_wconf 92' lang='lat' dir='ltr'>tum</span> <span class='ocrx_word' id='word_1_48' title='bbox 970 659 1011 692; x_wconf 92' lang='lat' dir='ltr'>ob</span> <span class='ocrx_word' id='word_1_49' title='bbox 1036 669 1104 691; x_wconf 91' lang='lat' dir='ltr'>mo-</span> 
     </span>
     <span class='ocr_line' id='line_1_11' title="bbox 364 712 1104 754; baseline -0.007 -7"><span class='ocrx_word' id='word_1_50' title='bbox 364 716 546 747; x_wconf 85' lang='lat' dir='ltr'>nachorum</span> <span class='ocrx_word' id='word_1_51' title='bbox 572 713 820 752; x_wconf 78' lang='lat' dir='ltr'>multitudinem,</span> <span class='ocrx_word' id='word_1_52' title='bbox 850 717 916 744; x_wconf 91' lang='lat' dir='ltr'>tum</span> <span class='ocrx_word' id='word_1_53' title='bbox 943 712 984 744; x_wconf 90' lang='lat' dir='ltr'>ob</span> <span class='ocrx_word' id='word_1_54' title='bbox 1009 721 1104 754; x_wconf 79' lang='lat' dir='ltr'>regu-</span> 
     </span>
     <span class='ocr_line' id='line_1_12' title="bbox 366 765 1103 810; baseline -0.005 -10"><span class='ocrx_word' id='word_1_55' title='bbox 366 768 444 801; x_wconf 71' lang='lat' dir='ltr'>laris</span> <span class='ocrx_word' id='word_1_56' title='bbox 482 767 674 810; x_wconf 79' lang='lat' dir='ltr'>disciplinae</span> <span class='ocrx_word' id='word_1_57' title='bbox 711 766 855 808; x_wconf 71' lang='lat' dir='ltr'>vigorem</span> <span class='ocrx_word' id='word_1_58' title='bbox 892 765 1103 808; x_wconf 83' lang='lat' dir='ltr'>conspicuum</span> 
     </span>
     <span class='ocr_line' id='line_1_13' title="bbox 367 817 1104 860; baseline -0.004 -8"><span class='ocrx_word' id='word_1_59' title='bbox 367 821 487 860; x_wconf 70' lang='lat' dir='ltr'>existit,</span> <span class='ocrx_word' id='word_1_60' title='bbox 508 831 542 852; x_wconf 83' lang='lat' dir='ltr'>ac</span> <span class='ocrx_word' id='word_1_61' title='bbox 570 820 691 851; x_wconf 89' lang='lat' dir='ltr'>dudum</span> <span class='ocrx_word' id='word_1_62' title='bbox 711 830 728 851; x_wconf 81' lang='lat' dir='ltr'>a</span> <span class='ocrx_word' id='word_1_63' title='bbox 745 818 847 851; x_wconf 78' lang='lat' dir='ltr'>felicis</span> <span class='ocrx_word' id='word_1_64' title='bbox 867 817 1104 850; x_wconf 84' lang='lat' dir='ltr'>recordationis</span> 
     </span>
     <span class='ocr_line' id='line_1_14' title="bbox 366 872 1105 916; baseline -0.007 -9"><span class='ocrx_word' id='word_1_65' title='bbox 366 875 496 907; x_wconf 88' lang='lat' dir='ltr'>Urbano</span> <span class='ocrx_word' id='word_1_66' title='bbox 524 874 606 916; x_wconf 84' lang='lat' dir='ltr'>Papa</span> <span class='ocrx_word' id='word_1_67' title='bbox 624 872 688 905; x_wconf 64' lang='lat' dir='ltr'>YIII</span> <span class='ocrx_word' id='word_1_68' title='bbox 713 872 968 915; x_wconf 70' lang='lat' dir='ltr'>praedecessore</span> <span class='ocrx_word' id='word_1_69' title='bbox 995 876 1105 903; x_wconf 91' lang='lat' dir='ltr'>nostro</span> 
     </span>
     <span class='ocr_line' id='line_1_15' title="bbox 367 923 1105 970; baseline -0.007 -11"><span class='ocrx_word' id='word_1_70' title='bbox 367 938 427 970; x_wconf 82' lang='lat' dir='ltr'>per</span> <span class='ocrx_word' id='word_1_71' title='bbox 446 927 602 970; x_wconf 85' lang='lat' dir='ltr'>quasdam</span> <span class='ocrx_word' id='word_1_72' title='bbox 616 936 689 958; x_wconf 88' lang='lat' dir='ltr'>suas</span> <span class='ocrx_word' id='word_1_73' title='bbox 708 926 849 967; x_wconf 83' lang='lat' dir='ltr'>desuper</span> <span class='ocrx_word' id='word_1_74' title='bbox 869 924 1037 966; x_wconf 75' lang='lat' dir='ltr'>expeditas</span> <span class='ocrx_word' id='word_1_75' title='bbox 1055 923 1105 955; x_wconf 91' lang='lat' dir='ltr'>lit-</span> 
     </span>
     <span class='ocr_line' id='line_1_16' title="bbox 369 975 1104 1023; baseline -0.008 -10"><span class='ocrx_word' id='word_1_76' title='bbox 369 986 451 1013; x_wconf 87' lang='lat' dir='ltr'>teras</span> <span class='ocrx_word' id='word_1_77' title='bbox 476 979 662 1023; x_wconf 72' lang='lat' dir='ltr'>provinciae</span> <span class='ocrx_word' id='word_1_78' title='bbox 687 978 852 1011; x_wconf 73' lang='lat' dir='ltr'>Calabriae</span> <span class='ocrx_word' id='word_1_79' title='bbox 879 976 955 1009; x_wconf 86' lang='lat' dir='ltr'>dicti</span> <span class='ocrx_word' id='word_1_80' title='bbox 975 975 1104 1009; x_wconf 81' lang='lat' dir='ltr'>Ordinis</span> 
     </span>
     <span class='ocr_line' id='line_1_17' title="bbox 367 1029 1107 1073; baseline -0.007 -8"><span class='ocrx_word' id='word_1_81' title='bbox 367 1034 494 1066; x_wconf 84' lang='lat' dir='ltr'>unitum</span> <span class='ocrx_word' id='word_1_82' title='bbox 519 1033 600 1072; x_wconf 82' lang='lat' dir='ltr'>suit⁷</span> <span class='ocrx_word' id='word_1_83' title='bbox 632 1031 762 1064; x_wconf 82' lang='lat' dir='ltr'>utilitati</span> <span class='ocrx_word' id='word_1_84' title='bbox 787 1029 1007 1073; x_wconf 81' lang='lat' dir='ltr'>parisormiter</span> <span class='ocrx_word' id='word_1_85' title='bbox 1030 1039 1107 1072; x_wconf 88' lang='lat' dir='ltr'>pro-</span> 
     </span>
     <span class='ocr_line' id='line_1_18' title="bbox 367 1081 1107 1129; baseline -0.007 -12"><span class='ocrx_word' id='word_1_86' title='bbox 367 1092 513 1129; x_wconf 84' lang='lat' dir='ltr'>spectum</span> <span class='ocrx_word' id='word_1_87' title='bbox 539 1095 608 1117; x_wconf 81' lang='lat' dir='ltr'>csse</span> <span class='ocrx_word' id='word_1_88' title='bbox 636 1084 826 1126; x_wconf 81' lang='lat' dir='ltr'>cupientes,</span> <span class='ocrx_word' id='word_1_89' title='bbox 852 1092 981 1114; x_wconf 80' lang='lat' dir='ltr'>necnon</span> <span class='ocrx_word' id='word_1_90' title='bbox 1007 1081 1107 1113; x_wconf 86' lang='lat' dir='ltr'>dicta-</span> 
     </span>
     <span class='ocr_line' id='line_1_19' title="bbox 367 1135 1105 1180; baseline -0.007 -10"><span class='ocrx_word' id='word_1_91' title='bbox 367 1149 438 1171; x_wconf 88' lang='lat' dir='ltr'>rum</span> <span class='ocrx_word' id='word_1_92' title='bbox 474 1138 593 1171; x_wconf 83' lang='lat' dir='ltr'>Urbani</span> <span class='ocrx_word' id='word_1_93' title='bbox 629 1135 888 1180; x_wconf 75' lang='lat' dir='ltr'>praedecessoris</span> <span class='ocrx_word' id='word_1_94' title='bbox 925 1135 1105 1167; x_wconf 84' lang='lat' dir='ltr'>litterarum</span> 
     </span>
     <span class='ocr_line' id='line_1_20' title="bbox 367 1187 1107 1231; baseline -0.007 -8"><span class='ocrx_word' id='word_1_95' title='bbox 367 1197 540 1229; x_wconf 82' lang='lat' dir='ltr'>tenorem,</span> <span class='ocrx_word' id='word_1_96' title='bbox 573 1195 604 1222; x_wconf 87' lang='lat' dir='ltr'>ct</span> <span class='ocrx_word' id='word_1_97' title='bbox 634 1187 721 1222; x_wconf 84' lang='lat' dir='ltr'>alia¹</span> <span class='ocrx_word' id='word_1_98' title='bbox 750 1188 846 1221; x_wconf 84' lang='lat' dir='ltr'>etiam</span> <span class='ocrx_word' id='word_1_99' title='bbox 873 1187 1050 1231; x_wconf 75' lang='lat' dir='ltr'>specialem</span> <span class='ocrx_word' id='word_1_100' title='bbox 1076 1192 1107 1218; x_wconf 90' lang='lat' dir='ltr'>et</span> 
     </span>
     <span class='ocr_line' id='line_1_21' title="bbox 367 1240 1105 1283; baseline -0.007 -7"><span class='ocrx_word' id='word_1_101' title='bbox 367 1243 566 1276; x_wconf 82' lang='lat' dir='ltr'>individuam</span> <span class='ocrx_word' id='word_1_102' title='bbox 591 1242 789 1275; x_wconf 74' lang='lat' dir='ltr'>mentionem</span> <span class='ocrx_word' id='word_1_103' title='bbox 815 1246 847 1274; x_wconf 90' lang='lat' dir='ltr'>et</span> <span class='ocrx_word' id='word_1_104' title='bbox 864 1240 1105 1283; x_wconf 77' lang='lat' dir='ltr'>expressionem</span> 
     </span>
     <span class='ocr_line' id='line_1_22' title="bbox 369 1291 1107 1337; baseline -0.007 -11"><span class='ocrx_word' id='word_1_105' title='bbox 369 1293 587 1337; x_wconf 71' lang='lat' dir='ltr'>requirentia,</span> <span class='ocrx_word' id='word_1_106' title='bbox 614 1292 843 1336; x_wconf 83' lang='lat' dir='ltr'>praesentibus</span> <span class='ocrx_word' id='word_1_107' title='bbox 868 1302 928 1334; x_wconf 90' lang='lat' dir='ltr'>pro</span> <span class='ocrx_word' id='word_1_108' title='bbox 953 1291 1050 1334; x_wconf 84' lang='lat' dir='ltr'>plene</span> <span class='ocrx_word' id='word_1_109' title='bbox 1076 1294 1107 1321; x_wconf 87' lang='lat' dir='ltr'>et</span> 
     </span>
     <span class='ocr_line' id='line_1_23' title="bbox 370 1345 1107 1389; baseline -0.005 -11"><span class='ocrx_word' id='word_1_110' title='bbox 370 1347 569 1379; x_wconf 81' lang='lat' dir='ltr'>sufficienter</span> <span class='ocrx_word' id='word_1_111' title='bbox 603 1345 764 1389; x_wconf 74' lang='lat' dir='ltr'>expressis</span> <span class='ocrx_word' id='word_1_112' title='bbox 804 1345 985 1383; x_wconf 83' lang='lat' dir='ltr'>babentes,</span> <span class='ocrx_word' id='word_1_113' title='bbox 1018 1347 1107 1375; x_wconf 88' lang='lat' dir='ltr'>motu</span> 
     </span>
     <span class='ocr_line' id='line_1_24' title="bbox 370 1398 1109 1444; baseline -0.007 -11"><span class='ocrx_word' id='word_1_114' title='bbox 370 1401 517 1444; x_wconf 73' lang='lat' dir='ltr'>proprie,</span> <span class='ocrx_word' id='word_1_115' title='bbox 539 1411 574 1433; x_wconf 78' lang='lat' dir='ltr'>ac</span> <span class='ocrx_word' id='word_1_116' title='bbox 599 1411 635 1432; x_wconf 78' lang='lat' dir='ltr'>ex</span> <span class='ocrx_word' id='word_1_117' title='bbox 661 1402 746 1432; x_wconf 76' lang='lat' dir='ltr'>certa</span> <span class='ocrx_word' id='word_1_118' title='bbox 771 1398 905 1431; x_wconf 76' lang='lat' dir='ltr'>scientia</span> <span class='ocrx_word' id='word_1_119' title='bbox 929 1402 961 1430; x_wconf 85' lang='lat' dir='ltr'>et</span> <span class='ocrx_word' id='word_1_120' title='bbox 985 1399 1109 1429; x_wconf 75' lang='lat' dir='ltr'>matura</span> 
     </span>
     <span class='ocr_line' id='line_1_25' title="bbox 372 1450 1108 1494; baseline -0.007 -8"><span class='ocrx_word' id='word_1_121' title='bbox 372 1454 435 1486; x_wconf 78' lang='lat' dir='ltr'>dcli</span> <span class='ocrx_word' id='word_1_122' title='bbox 454 1453 607 1486; x_wconf 70' lang='lat' dir='ltr'>»eratione</span> <span class='ocrx_word' id='word_1_123' title='bbox 634 1452 763 1491; x_wconf 86' lang='lat' dir='ltr'>nostris,</span> <span class='ocrx_word' id='word_1_124' title='bbox 785 1452 890 1494; x_wconf 86' lang='lat' dir='ltr'>deque</span> <span class='ocrx_word' id='word_1_125' title='bbox 910 1450 1108 1493; x_wconf 85' lang='lat' dir='ltr'>apostolicae</span> 
     </span>
     <span class='ocr_line' id='line_1_26' title="bbox 371 1504 1110 1550; baseline -0.005 -12"><span class='ocrx_word' id='word_1_126' title='bbox 371 1507 542 1550; x_wconf 82' lang='lat' dir='ltr'>potestatis</span> <span class='ocrx_word' id='word_1_127' title='bbox 563 1505 776 1549; x_wconf 77' lang='lat' dir='ltr'>plenitudine,</span> <span class='ocrx_word' id='word_1_128' title='bbox 795 1504 976 1547; x_wconf 72' lang='lat' dir='ltr'>praefatum</span> <span class='ocrx_word' id='word_1_129' title='bbox 998 1513 1110 1535; x_wconf 82' lang='lat' dir='ltr'>mona-</span> 
     </span>
     <span class='ocr_line' id='line_1_27' title="bbox 372 1556 1110 1600; baseline -0.007 -8"><span class='ocrx_word' id='word_1_130' title='bbox 372 1560 506 1592; x_wconf 72' lang='lat' dir='ltr'>sterium</span> <span class='ocrx_word' id='word_1_131' title='bbox 533 1559 563 1591; x_wconf 98' lang='lat' dir='ltr'>S</span> <span class='ocrx_word' id='word_1_132' title='bbox 588 1559 704 1591; x_wconf 71' lang='lat' dir='ltr'>Mariae</span> <span class='ocrx_word' id='word_1_133' title='bbox 724 1558 768 1591; x_wconf 63' lang='lat' dir='ltr'>&gt;dc</span> <span class='ocrx_word' id='word_1_134' title='bbox 793 1556 965 1600; x_wconf 70' lang='lat' dir='ltr'>Sagittario</span> <span class='ocrx_word' id='word_1_135' title='bbox 986 1567 1003 1589; x_wconf 88' lang='lat' dir='ltr'>a</span> <span class='ocrx_word' id='word_1_136' title='bbox 1024 1556 1110 1588; x_wconf 73' lang='lat' dir='ltr'>dicta</span> 
     </span>
     <span class='ocr_line' id='line_1_28' title="bbox 372 1610 1107 1656; baseline -0.005 -11"><span class='ocrx_word' id='word_1_137' title='bbox 372 1613 538 1656; x_wconf 61' lang='lat' dir='ltr'>lzvrovincifi</span> <span class='ocrx_word' id='word_1_138' title='bbox 563 1612 729 1644; x_wconf 72' lang='lat' dir='ltr'>Calabriae</span> <span class='ocrx_word' id='word_1_139' title='bbox 755 1616 866 1644; x_wconf 88' lang='lat' dir='ltr'>tenore</span> <span class='ocrx_word' id='word_1_140' title='bbox 885 1610 1107 1653; x_wconf 84' lang='lat' dir='ltr'>praesentium</span> 
     </span>
     <span class='ocr_line' id='line_1_29' title="bbox 373 1664 1108 1710; baseline -0.005 -11"><span class='ocrx_word' id='word_1_141' title='bbox 373 1673 533 1710; x_wconf 74' lang='lat' dir='ltr'>perpetuo</span> <span class='ocrx_word' id='word_1_142' title='bbox 556 1676 744 1709; x_wconf 79' lang='lat' dir='ltr'>separamus</span> <span class='ocrx_word' id='word_1_143' title='bbox 770 1671 801 1697; x_wconf 91' lang='lat' dir='ltr'>et</span> <span class='ocrx_word' id='word_1_144' title='bbox 826 1664 1108 1703; x_wconf 82' lang='lat' dir='ltr'>dismembramus,</span> 
     </span>
     <span class='ocr_line' id='line_1_30' title="bbox 373 1716 1112 1762; baseline -0.001 -12"><span class='ocrx_word' id='word_1_145' title='bbox 373 1719 542 1762; x_wconf 77' lang='lat' dir='ltr'>ipsumque</span> <span class='ocrx_word' id='word_1_146' title='bbox 565 1718 805 1757; x_wconf 81' lang='lat' dir='ltr'>monasterium,</span> <span class='ocrx_word' id='word_1_147' title='bbox 824 1728 896 1749; x_wconf 87' lang='lat' dir='ltr'>cum</span> <span class='ocrx_word' id='word_1_148' title='bbox 913 1716 1062 1749; x_wconf 85' lang='lat' dir='ltr'>omnibus</span> <span class='ocrx_word' id='word_1_149' title='bbox 1080 1722 1112 1749; x_wconf 89' lang='lat' dir='ltr'>et</span> 
     </span>
     <span class='ocr_line' id='line_1_31' title="bbox 375 1769 1112 1814; baseline -0.005 -10"><span class='ocrx_word' id='word_1_150' title='bbox 375 1772 511 1812; x_wconf 60' lang='lat' dir='ltr'>singulis</span> <span class='ocrx_word' id='word_1_151' title='bbox 530 1771 597 1803; x_wconf 81' lang='lat' dir='ltr'>eius</span> <span class='ocrx_word' id='word_1_152' title='bbox 614 1770 763 1814; x_wconf 88' lang='lat' dir='ltr'>personis</span> <span class='ocrx_word' id='word_1_153' title='bbox 777 1781 813 1803; x_wconf 88' lang='lat' dir='ltr'>ac</span> <span class='ocrx_word' id='word_1_154' title='bbox 827 1769 921 1802; x_wconf 84' lang='lat' dir='ltr'>bonis</span> <span class='ocrx_word' id='word_1_155' title='bbox 942 1769 1010 1801; x_wconf 83' lang='lat' dir='ltr'>eius</span> <span class='ocrx_word' id='word_1_156' title='bbox 1024 1779 1112 1801; x_wconf 90' lang='lat' dir='ltr'>men-</span> 
     </span>
     <span class='ocr_line' id='line_1_32' title="bbox 376 1821 1111 1866; baseline -0.004 -9"><span class='ocrx_word' id='word_1_157' title='bbox 376 1837 427 1857; x_wconf 64' lang='lat' dir='ltr'>sa(-</span> <span class='ocrx_word' id='word_1_158' title='bbox 454 1824 696 1863; x_wconf 69' lang='lat' dir='ltr'>convmnimlis,</span> <span class='ocrx_word' id='word_1_159' title='bbox 730 1822 976 1866; x_wconf 74' lang='lat' dir='ltr'>congregationi</span> <span class='ocrx_word' id='word_1_160' title='bbox 1010 1821 1111 1854; x_wconf 87' lang='lat' dir='ltr'>sancti</span> 
     </span>
     <span class='ocr_line' id='line_1_33' title="bbox 376 1875 1112 1921; baseline -0.005 -10"><span class='ocrx_word' id='word_1_161' title='bbox 376 1879 533 1911; x_wconf 58' lang='lat' dir='ltr'>bernardi</span> <span class='ocrx_word' id='word_1_162' title='bbox 552 1884 584 1910; x_wconf 83' lang='lat' dir='ltr'>ct</span> <span class='ocrx_word' id='word_1_163' title='bbox 605 1877 791 1921; x_wconf 78' lang='lat' dir='ltr'>provinciae</span> <span class='ocrx_word' id='word_1_164' title='bbox 808 1875 940 1908; x_wconf 84' lang='lat' dir='ltr'>Tusciae</span> <span class='ocrx_word' id='word_1_165' title='bbox 957 1875 1112 1918; x_wconf 80' lang='lat' dir='ltr'>praefatis</span> 
     </span>
     <span class='ocr_line' id='line_1_34' title="bbox 376 1929 1114 1975; baseline -0.003 -12"><span class='ocrx_word' id='word_1_166' title='bbox 376 1932 486 1964; x_wconf 62' lang='lat' dir='ltr'>itidem</span> <span class='ocrx_word' id='word_1_167' title='bbox 513 1937 673 1975; x_wconf 74' lang='lat' dir='ltr'>perpetuo</span> <span class='ocrx_word' id='word_1_168' title='bbox 699 1931 840 1966; x_wconf 82' lang='lat' dir='ltr'>unimus.</span> <span class='ocrx_word' id='word_1_169' title='bbox 860 1929 1061 1963; x_wconf 77' lang='lat' dir='ltr'>annectimus</span> <span class='ocrx_word' id='word_1_170' title='bbox 1081 1934 1114 1961; x_wconf 87' lang='lat' dir='ltr'>et</span> 
     </span>
     <span class='ocr_line' id='line_1_35' title="bbox 377 1982 1111 2028; baseline -0.004 -11"><span class='ocrx_word' id='word_1_171' title='bbox 377 1986 642 2028; x_wconf 62' lang='lat' dir='ltr'>bicorpor-anuis3</span> <span class='ocrx_word' id='word_1_172' title='bbox 670 1988 706 2017; x_wconf 74' lang='lat' dir='ltr'>ea</span> <span class='ocrx_word' id='word_1_173' title='bbox 732 1989 841 2017; x_wconf 86' lang='lat' dir='ltr'>tamen</span> <span class='ocrx_word' id='word_1_174' title='bbox 866 1984 936 2026; x_wconf 73' lang='lat' dir='ltr'>lege</span> <span class='ocrx_word' id='word_1_175' title='bbox 968 1988 1003 2015; x_wconf 91' lang='lat' dir='ltr'>ut</span> <span class='ocrx_word' id='word_1_176' title='bbox 1026 1982 1111 2015; x_wconf 91' lang='lat' dir='ltr'>idem</span> 
     </span>
     <span class='ocr_line' id='line_1_36' title="bbox 378 2037 1113 2070; baseline -0.004 0"><span class='ocrx_word' id='word_1_177' title='bbox 378 2039 609 2070; x_wconf 80' lang='lat' dir='ltr'>monasterium</span> <span class='ocrx_word' id='word_1_178' title='bbox 650 2037 790 2070; x_wconf 86' lang='lat' dir='ltr'>debitam</span> <span class='ocrx_word' id='word_1_179' title='bbox 831 2047 969 2069; x_wconf 82' lang='lat' dir='ltr'>annuam</span> <span class='ocrx_word' id='word_1_180' title='bbox 1009 2041 1113 2067; x_wconf 82' lang='lat' dir='ltr'>taxam</span> 
     </span>
     <span class='ocr_line' id='line_1_37' title="bbox 378 2089 1114 2124; baseline -0.001 -3"><span class='ocrx_word' id='word_1_181' title='bbox 378 2092 653 2124; x_wconf 69' lang='lat' dir='ltr'>coutriluttionem</span> <span class='ocrx_word' id='word_1_182' title='bbox 672 2092 790 2124; x_wconf 86' lang='lat' dir='ltr'>dilecto</span> <span class='ocrx_word' id='word_1_183' title='bbox 811 2089 877 2122; x_wconf 84' lang='lat' dir='ltr'>silio</span> <span class='ocrx_word' id='word_1_184' title='bbox 906 2089 1065 2122; x_wconf 89' lang='lat' dir='ltr'>moderno</span> <span class='ocrx_word' id='word_1_185' title='bbox 1083 2093 1114 2121; x_wconf 90' lang='lat' dir='ltr'>et</span> 
     </span>
     <span class='ocr_line' id='line_1_38' title="bbox 379 2142 1113 2188; baseline -0.004 -11"><span class='ocrx_word' id='word_1_186' title='bbox 379 2156 437 2188; x_wconf 86' lang='lat' dir='ltr'>pro</span> <span class='ocrx_word' id='word_1_187' title='bbox 470 2151 616 2187; x_wconf 77' lang='lat' dir='ltr'>tempore</span> <span class='ocrx_word' id='word_1_188' title='bbox 649 2143 798 2177; x_wconf 73' lang='lat' dir='ltr'>existenti</span> <span class='ocrx_word' id='word_1_189' title='bbox 831 2143 939 2176; x_wconf 85' lang='lat' dir='ltr'>abbati</span> <span class='ocrx_word' id='word_1_190' title='bbox 973 2142 1113 2185; x_wconf 81' lang='lat' dir='ltr'>generali</span> 
     </span>
     <span class='ocr_line' id='line_1_39' title="bbox 380 2194 1113 2236; baseline -0.005 -6"><span class='ocrx_word' id='word_1_191' title='bbox 380 2198 456 2230; x_wconf 79' lang='lat' dir='ltr'>dicti</span> <span class='ocrx_word' id='word_1_192' title='bbox 481 2198 609 2230; x_wconf 83' lang='lat' dir='ltr'>Ordinis</span> <span class='ocrx_word' id='word_1_193' title='bbox 644 2199 769 2230; x_wconf 84' lang='lat' dir='ltr'>solvere</span> <span class='ocrx_word' id='word_1_194' title='bbox 796 2201 968 2236; x_wconf 86' lang='lat' dir='ltr'>teneatur,</span> <span class='ocrx_word' id='word_1_195' title='bbox 997 2194 1113 2228; x_wconf 85' lang='lat' dir='ltr'>electio</span> 
     </span>
     <span class='ocr_line' id='line_1_40' title="bbox 380 2250 1116 2293; baseline -0.003 -10"><span class='ocrx_word' id='word_1_196' title='bbox 380 2262 456 2283; x_wconf 66' lang='lat' dir='ltr'>vcro</span> <span class='ocrx_word' id='word_1_197' title='bbox 483 2251 607 2283; x_wconf 86' lang='lat' dir='ltr'>abbatis</span> <span class='ocrx_word' id='word_1_198' title='bbox 632 2251 814 2283; x_wconf 85' lang='lat' dir='ltr'>claustralis</span> <span class='ocrx_word' id='word_1_199' title='bbox 836 2250 936 2293; x_wconf 85' lang='lat' dir='ltr'>ipsius</span> <span class='ocrx_word' id='word_1_200' title='bbox 954 2254 1116 2282; x_wconf 84' lang='lat' dir='ltr'>monaste-</span> 
     </span>
     <span class='ocr_line' id='line_1_41' title="bbox 379 2302 1116 2346; baseline -0.004 -10"><span class='ocrx_word' id='word_1_201' title='bbox 379 2304 431 2343; x_wconf 82' lang='lat' dir='ltr'>rii,</span> <span class='ocrx_word' id='word_1_202' title='bbox 459 2315 539 2346; x_wconf 78' lang='lat' dir='ltr'>quac</span> <span class='ocrx_word' id='word_1_203' title='bbox 565 2316 580 2335; x_wconf 84' lang='lat' dir='ltr'>a</span> <span class='ocrx_word' id='word_1_204' title='bbox 607 2304 730 2336; x_wconf 90' lang='lat' dir='ltr'>dilectis</span> <span class='ocrx_word' id='word_1_205' title='bbox 754 2303 826 2336; x_wconf 81' lang='lat' dir='ltr'>liliis</span> <span class='ocrx_word' id='word_1_206' title='bbox 851 2302 1058 2346; x_wconf 82' lang='lat' dir='ltr'>praesidente</span> <span class='ocrx_word' id='word_1_207' title='bbox 1084 2307 1116 2333; x_wconf 84' lang='lat' dir='ltr'>et</span> 
     </span>
     <span class='ocr_line' id='line_1_42' title="bbox 382 2354 1116 2400; baseline -0.005 -10"><span class='ocrx_word' id='word_1_208' title='bbox 382 2358 605 2390; x_wconf 70' lang='lat' dir='ltr'>definitoribus</span> <span class='ocrx_word' id='word_1_209' title='bbox 631 2357 837 2400; x_wconf 84' lang='lat' dir='ltr'>supradictae</span> <span class='ocrx_word' id='word_1_210' title='bbox 855 2355 1041 2399; x_wconf 84' lang='lat' dir='ltr'>provinciae</span> <span class='ocrx_word' id='word_1_211' title='bbox 1060 2354 1116 2387; x_wconf 84' lang='lat' dir='ltr'>Ca-</span> 
     </span>
     <span class='ocr_line' id='line_1_43' title="bbox 382 2406 1115 2448; baseline -0.007 -4"><span class='ocrx_word' id='word_1_212' title='bbox 382 2410 502 2444; x_wconf 74' lang='lat' dir='ltr'>labriae</span> <span class='ocrx_word' id='word_1_213' title='bbox 529 2410 595 2442; x_wconf 69' lang='lat' dir='ltr'>lieri</span> <span class='ocrx_word' id='word_1_214' title='bbox 621 2411 753 2448; x_wconf 80' lang='lat' dir='ltr'>solebat,</span> <span class='ocrx_word' id='word_1_215' title='bbox 773 2411 810 2442; x_wconf 86' lang='lat' dir='ltr'>de</span> <span class='ocrx_word' id='word_1_216' title='bbox 828 2415 936 2442; x_wconf 87' lang='lat' dir='ltr'>cetero</span> <span class='ocrx_word' id='word_1_217' title='bbox 957 2419 974 2440; x_wconf 81' lang='lat' dir='ltr'>a</span> <span class='ocrx_word' id='word_1_218' title='bbox 991 2406 1115 2440; x_wconf 87' lang='lat' dir='ltr'>dilectis</span> 
     </span>
     <span class='ocr_line' id='line_1_44' title="bbox 382 2460 1115 2508; baseline -0.005 -12"><span class='ocrx_word' id='word_1_219' title='bbox 382 2464 507 2508; x_wconf 80' lang='lat' dir='ltr'>pariter</span> <span class='ocrx_word' id='word_1_220' title='bbox 526 2464 596 2496; x_wconf 86' lang='lat' dir='ltr'>tiliis</span> <span class='ocrx_word' id='word_1_221' title='bbox 614 2463 817 2507; x_wconf 75' lang='lat' dir='ltr'>praesidente</span> <span class='ocrx_word' id='word_1_222' title='bbox 837 2468 869 2495; x_wconf 88' lang='lat' dir='ltr'>et</span> <span class='ocrx_word' id='word_1_223' title='bbox 889 2460 1115 2493; x_wconf 60' lang='lat' dir='ltr'>definitoribus</span> 
     </span>
     <span class='ocr_line' id='line_1_45' title="bbox 383 2513 1116 2558; baseline -0.008 -8"><span class='ocrx_word' id='word_1_224' title='bbox 383 2522 581 2550; x_wconf 81' lang='lat' dir='ltr'>memoratae</span> <span class='ocrx_word' id='word_1_225' title='bbox 616 2515 877 2558; x_wconf 65' lang='lat' dir='ltr'>congregationis</span> <span class='ocrx_word' id='word_1_226' title='bbox 906 2513 1006 2546; x_wconf 85' lang='lat' dir='ltr'>sancti</span> <span class='ocrx_word' id='word_1_227' title='bbox 1040 2513 1116 2545; x_wconf 85' lang='lat' dir='ltr'>Ber-</span> 
     </span>
    </p>
   </div>
   <div class='ocr_carea' id='block_1_4' title="bbox 421 2627 1116 2666">
    <p class='ocr_par' dir='ltr' id='par_1_4' title="bbox 421 2627 1116 2666">
     <span class='ocr_line' id='line_1_46' title="bbox 421 2627 1116 2666; baseline -0.004 -8"><span class='ocrx_word' id='word_1_228' title='bbox 421 2634 430 2658; x_wconf 85' lang='lat'>1</span> <span class='ocrx_word' id='word_1_229' title='bbox 455 2632 519 2658; x_wconf 54' lang='lat' dir='ltr'>Made</span> <span class='ocrx_word' id='word_1_230' title='bbox 537 2631 577 2657; x_wconf 85' lang='lat' dir='ltr'>cd.</span> <span class='ocrx_word' id='word_1_231' title='bbox 597 2630 673 2657; x_wconf 49' lang='lat' dir='ltr'>alain.</span> <span class='ocrx_word' id='word_1_232' title='bbox 691 2629 753 2666; x_wconf 72' lang='lat' dir='ltr'>legit</span> <span class='ocrx_word' id='word_1_233' title='bbox 773 2629 863 2655; x_wconf 72' lang='lat' dir='ltr'>aliam</span> <span class='ocrx_word' id='word_1_234' title='bbox 882 2636 928 2664; x_wconf 86' lang='lat' dir='ltr'>pro</span> <span class='ocrx_word' id='word_1_235' title='bbox 944 2628 1006 2655; x_wconf 81' lang='lat' dir='ltr'>alia</span> <span class='ocrx_word' id='word_1_236' title='bbox 1024 2627 1116 2663; x_wconf 51' lang='lat' dir='ltr'>(RE.)-</span> 
     </span>
    </p>
   </div>
   <div class='ocr_carea' id='block_1_5' title="bbox 1120 287 1131 1437">
    <p class='ocr_par' dir='ltr' id='par_1_5' title="bbox 1120 287 1131 1437">
     <span class='ocr_line' id='line_1_47' title="bbox 1120 287 1131 1437; baseline 0 0"><span class='ocrx_word' id='word_1_237' title='bbox 1120 287 1131 1437; x_wconf 95' lang='lat' dir='ltr'> </span> 
     </span>
    </p>
   </div>
   <div class='ocr_carea' id='block_1_6' title="bbox 1120 287 1134 1809">
    <p class='ocr_par' dir='ltr' id='par_1_6' title="bbox 1120 287 1134 1809">
     <span class='ocr_line' id='line_1_48' title="bbox 1120 287 1134 1809; baseline 0 0"><span class='ocrx_word' id='word_1_238' title='bbox 1120 287 1134 1809; x_wconf 95' lang='lat' dir='ltr'> </span> 
     </span>
    </p>
   </div>
   <div class='ocr_carea' id='block_1_7' title="bbox 950 240 1305 267">
    <p class='ocr_par' dir='ltr' id='par_1_7' title="bbox 950 240 1305 267">
     <span class='ocr_line' id='line_1_49' title="bbox 950 240 1305 267; baseline -0.003 -2"><span class='ocrx_word' id='word_1_239' title='bbox 950 241 1130 267; x_wconf 71' lang='lat' dir='ltr'>BL&#39;LLARIUM</span> <span class='ocrx_word' id='word_1_240' title='bbox 1155 240 1305 264; x_wconf 68' lang='lat' dir='ltr'><strong>ROMANUM</strong></span> 
     </span>
    </p>
   </div>
   <div class='ocr_carea' id='block_1_8' title="bbox 1142 288 1894 2658">
    <p class='ocr_par' dir='ltr' id='par_1_8' title="bbox 1142 288 1879 479">
     <span class='ocr_line' id='line_1_50' title="bbox 1142 288 1879 332; baseline 0 -12"><span class='ocrx_word' id='word_1_241' title='bbox 1142 288 1235 321; x_wconf 86' lang='lat' dir='ltr'>nardi</span> <span class='ocrx_word' id='word_1_242' title='bbox 1260 298 1321 332; x_wconf 89' lang='lat' dir='ltr'>pro</span> <span class='ocrx_word' id='word_1_243' title='bbox 1347 292 1496 331; x_wconf 88' lang='lat' dir='ltr'>tempore</span> <span class='ocrx_word' id='word_1_244' title='bbox 1514 288 1726 321; x_wconf 71' lang='lat' dir='ltr'>existentibus</span> <span class='ocrx_word' id='word_1_245' title='bbox 1745 288 1784 321; x_wconf 90' lang='lat' dir='ltr'>de</span> <span class='ocrx_word' id='word_1_246' title='bbox 1805 297 1879 331; x_wconf 90' lang='lat' dir='ltr'>per-</span> 
     </span>
     <span class='ocr_line' id='line_1_51' title="bbox 1144 340 1879 374; baseline -0.003 0"><span class='ocrx_word' id='word_1_247' title='bbox 1144 341 1232 374; x_wconf 90' lang='lat' dir='ltr'>sonis</span> <span class='ocrx_word' id='word_1_248' title='bbox 1248 341 1483 374; x_wconf 87' lang='lat' dir='ltr'>monachorum</span> <span class='ocrx_word' id='word_1_249' title='bbox 1501 340 1714 373; x_wconf 84' lang='lat' dir='ltr'>nationalium</span> <span class='ocrx_word' id='word_1_250' title='bbox 1735 341 1879 373; x_wconf 87' lang='lat' dir='ltr'>eiusdem</span> 
     </span>
     <span class='ocr_line' id='line_1_52' title="bbox 1143 393 1876 434; baseline -0.001 -8"><span class='ocrx_word' id='word_1_251' title='bbox 1143 393 1356 434; x_wconf 83' lang='lat' dir='ltr'>monasterii,</span> <span class='ocrx_word' id='word_1_252' title='bbox 1389 393 1414 426; x_wconf 93' lang='lat' dir='ltr'>si</span> <span class='ocrx_word' id='word_1_253' title='bbox 1446 393 1566 426; x_wconf 85' lang='lat' dir='ltr'>ibidem</span> <span class='ocrx_word' id='word_1_254' title='bbox 1598 393 1706 426; x_wconf 90' lang='lat' dir='ltr'>idonei</span> <span class='ocrx_word' id='word_1_255' title='bbox 1741 394 1876 431; x_wconf 88' lang='lat' dir='ltr'>fuerint,</span> 
     </span>
     <span class='ocr_line' id='line_1_53' title="bbox 1144 446 1367 479; baseline 0 0"><span class='ocrx_word' id='word_1_256' title='bbox 1144 446 1214 479; x_wconf 84' lang='lat' dir='ltr'>fieri</span> <span class='ocrx_word' id='word_1_257' title='bbox 1240 447 1367 479; x_wconf 86' lang='lat' dir='ltr'>debeat.</span> 
     </span>
    </p>

    <p class='ocr_par' dir='ltr' id='par_1_9' title="bbox 1145 498 1892 2235">
     <span class='ocr_line' id='line_1_54' title="bbox 1189 498 1878 542; baseline 0.001 -12"><span class='ocrx_word' id='word_1_258' title='bbox 1189 499 1203 541; x_wconf 61' lang='grc' dir='ltr'>ξ</span> <span class='ocrx_word' id='word_1_259' title='bbox 1227 498 1257 531; x_wconf 75' lang='grc' dir='ltr'>Εζ.</span> <span class='ocrx_word' id='word_1_260' title='bbox 1285 499 1507 532; x_wconf 84' lang='lat' dir='ltr'>Decernentes</span> <span class='ocrx_word' id='word_1_261' title='bbox 1534 499 1664 532; x_wconf 84' lang='lat' dir='ltr'>easdem</span> <span class='ocrx_word' id='word_1_262' title='bbox 1686 504 1878 542; x_wconf 80' lang='lat' dir='ltr'>praesentes</span> 
     </span>
     <span class='ocr_line' id='line_1_55' title="bbox 1146 551 1881 595; baseline 0 -11"><span class='ocrx_word' id='word_1_263' title='bbox 1146 552 1269 585; x_wconf 84' lang='lat' dir='ltr'>litteras</span> <span class='ocrx_word' id='word_1_264' title='bbox 1295 562 1427 595; x_wconf 87' lang='lat' dir='ltr'>semper</span> <span class='ocrx_word' id='word_1_265' title='bbox 1450 551 1569 591; x_wconf 77' lang='lat' dir='ltr'>sirmas,</span> <span class='ocrx_word' id='word_1_266' title='bbox 1588 551 1708 584; x_wconf 84' lang='lat' dir='ltr'>validas</span> <span class='ocrx_word' id='word_1_267' title='bbox 1726 557 1758 584; x_wconf 88' lang='lat' dir='ltr'>et</span> <span class='ocrx_word' id='word_1_268' title='bbox 1774 551 1881 584; x_wconf 85' lang='lat' dir='ltr'>effica-</span> 
     </span>
     <span class='ocr_line' id='line_1_56' title="bbox 1145 604 1881 647; baseline -0.001 -10"><span class='ocrx_word' id='word_1_269' title='bbox 1145 615 1199 637; x_wconf 86' lang='lat' dir='ltr'>ces</span> <span class='ocrx_word' id='word_1_270' title='bbox 1226 605 1366 637; x_wconf 79' lang='lat' dir='ltr'>existere</span> <span class='ocrx_word' id='word_1_271' title='bbox 1393 609 1424 637; x_wconf 90' lang='lat' dir='ltr'>et</span> <span class='ocrx_word' id='word_1_272' title='bbox 1444 605 1523 644; x_wconf 88' lang='lat' dir='ltr'>sore,</span> <span class='ocrx_word' id='word_1_273' title='bbox 1547 614 1688 647; x_wconf 87' lang='lat' dir='ltr'>suosque</span> <span class='ocrx_word' id='word_1_274' title='bbox 1714 604 1881 647; x_wconf 84' lang='lat' dir='ltr'>plenarios</span> 
     </span>
     <span class='ocr_line' id='line_1_57' title="bbox 1147 656 1881 700; baseline -0.001 -10"><span class='ocrx_word' id='word_1_275' title='bbox 1147 663 1179 690; x_wconf 87' lang='lat' dir='ltr'>et</span> <span class='ocrx_word' id='word_1_276' title='bbox 1203 658 1348 700; x_wconf 70' lang='lat' dir='ltr'>integros</span> <span class='ocrx_word' id='word_1_277' title='bbox 1375 656 1507 690; x_wconf 74' lang='lat' dir='ltr'>effectus</span> <span class='ocrx_word' id='word_1_278' title='bbox 1529 657 1640 690; x_wconf 89' lang='lat' dir='ltr'>sortiri</span> <span class='ocrx_word' id='word_1_279' title='bbox 1665 661 1696 689; x_wconf 91' lang='lat' dir='ltr'>et</span> <span class='ocrx_word' id='word_1_280' title='bbox 1721 657 1881 697; x_wconf 90' lang='lat' dir='ltr'>obtinere,</span> 
     </span>
     <span class='ocr_line' id='line_1_58' title="bbox 1147 710 1884 753; baseline 0 -11"><span class='ocrx_word' id='word_1_281' title='bbox 1147 721 1183 742; x_wconf 84' lang='lat' dir='ltr'>ac</span> <span class='ocrx_word' id='word_1_282' title='bbox 1208 711 1247 743; x_wconf 87' lang='lat' dir='ltr'>ab</span> <span class='ocrx_word' id='word_1_283' title='bbox 1272 710 1346 749; x_wconf 90' lang='lat' dir='ltr'>illis,</span> <span class='ocrx_word' id='word_1_284' title='bbox 1365 710 1404 742; x_wconf 85' lang='lat' dir='ltr'>ad</span> <span class='ocrx_word' id='word_1_285' title='bbox 1423 720 1503 753; x_wconf 83' lang='lat' dir='ltr'>quos</span> <span class='ocrx_word' id='word_1_286' title='bbox 1521 715 1647 752; x_wconf 87' lang='lat' dir='ltr'>spectat</span> <span class='ocrx_word' id='word_1_287' title='bbox 1671 715 1702 742; x_wconf 87' lang='lat' dir='ltr'>et</span> <span class='ocrx_word' id='word_1_288' title='bbox 1726 720 1785 753; x_wconf 88' lang='lat' dir='ltr'>pro</span> <span class='ocrx_word' id='word_1_289' title='bbox 1803 715 1884 742; x_wconf 86' lang='lat' dir='ltr'>tem-</span> 
     </span>
     <span class='ocr_line' id='line_1_59' title="bbox 1147 762 1884 806; baseline 0 -11"><span class='ocrx_word' id='word_1_290' title='bbox 1147 773 1226 806; x_wconf 87' lang='lat' dir='ltr'>pore</span> <span class='ocrx_word' id='word_1_291' title='bbox 1252 762 1428 805; x_wconf 84' lang='lat' dir='ltr'>spectabit,</span> <span class='ocrx_word' id='word_1_292' title='bbox 1455 762 1688 795; x_wconf 85' lang='lat' dir='ltr'>inviolabilitcr</span> <span class='ocrx_word' id='word_1_293' title='bbox 1711 767 1743 795; x_wconf 90' lang='lat' dir='ltr'>et</span> <span class='ocrx_word' id='word_1_294' title='bbox 1772 762 1884 795; x_wconf 80' lang='lat' dir='ltr'>incon-</span> 
     </span>
     <span class='ocr_line' id='line_1_60' title="bbox 1147 815 1883 858; baseline 0 -10"><span class='ocrx_word' id='word_1_295' title='bbox 1147 826 1241 848; x_wconf 86' lang='lat' dir='ltr'>cusse</span> <span class='ocrx_word' id='word_1_296' title='bbox 1268 815 1446 853; x_wconf 83' lang='lat' dir='ltr'>observari,</span> <span class='ocrx_word' id='word_1_297' title='bbox 1467 826 1571 858; x_wconf 88' lang='lat' dir='ltr'>neque</span> <span class='ocrx_word' id='word_1_298' title='bbox 1598 815 1636 848; x_wconf 87' lang='lat' dir='ltr'>dc</span> <span class='ocrx_word' id='word_1_299' title='bbox 1662 815 1883 858; x_wconf 84' lang='lat' dir='ltr'>subreptionis</span> 
     </span>
     <span class='ocr_line' id='line_1_61' title="bbox 1146 867 1883 911; baseline -0.001 -11"><span class='ocrx_word' id='word_1_300' title='bbox 1146 869 1194 900; x_wconf 87' lang='lat' dir='ltr'>vel</span> <span class='ocrx_word' id='word_1_301' title='bbox 1220 868 1425 911; x_wconf 88' lang='lat' dir='ltr'>obreptionis</span> <span class='ocrx_word' id='word_1_302' title='bbox 1451 873 1507 900; x_wconf 87' lang='lat' dir='ltr'>aut</span> <span class='ocrx_word' id='word_1_303' title='bbox 1535 868 1690 900; x_wconf 77' lang='lat' dir='ltr'>nullitatis</span> <span class='ocrx_word' id='word_1_304' title='bbox 1715 867 1805 908; x_wconf 82' lang='lat' dir='ltr'>vitio,</span> <span class='ocrx_word' id='word_1_305' title='bbox 1828 878 1883 901; x_wconf 86' lang='lat' dir='ltr'>seu</span> 
     </span>
     <span class='ocr_line' id='line_1_62' title="bbox 1148 920 1885 953; baseline 0 -1"><span class='ocrx_word' id='word_1_306' title='bbox 1148 921 1338 953; x_wconf 87' lang='lat' dir='ltr'>intentionis</span> <span class='ocrx_word' id='word_1_307' title='bbox 1355 925 1485 952; x_wconf 79' lang='lat' dir='ltr'>nostrae</span> <span class='ocrx_word' id='word_1_308' title='bbox 1503 926 1558 952; x_wconf 85' lang='lat' dir='ltr'>aut</span> <span class='ocrx_word' id='word_1_309' title='bbox 1582 920 1738 953; x_wconf 85' lang='lat' dir='ltr'>interesse</span> <span class='ocrx_word' id='word_1_310' title='bbox 1765 921 1885 953; x_wconf 88' lang='lat' dir='ltr'>haben-</span> 
     </span>
     <span class='ocr_line' id='line_1_63' title="bbox 1149 973 1883 1016; baseline 0.003 -12"><span class='ocrx_word' id='word_1_311' title='bbox 1149 973 1226 1005; x_wconf 88' lang='lat' dir='ltr'>tium</span> <span class='ocrx_word' id='word_1_312' title='bbox 1251 983 1450 1011; x_wconf 81' lang='lat' dir='ltr'>consensus,</span> <span class='ocrx_word' id='word_1_313' title='bbox 1484 973 1587 1005; x_wconf 87' lang='lat' dir='ltr'>aliove</span> <span class='ocrx_word' id='word_1_314' title='bbox 1619 973 1764 1016; x_wconf 86' lang='lat' dir='ltr'>quolibet</span> <span class='ocrx_word' id='word_1_315' title='bbox 1788 974 1883 1006; x_wconf 87' lang='lat' dir='ltr'>etiam</span> 
     </span>
     <span class='ocr_line' id='line_1_64' title="bbox 1149 1025 1885 1068; baseline 0.003 -12"><span class='ocrx_word' id='word_1_316' title='bbox 1149 1025 1353 1057; x_wconf 80' lang='lat' dir='ltr'>substantiali</span> <span class='ocrx_word' id='word_1_317' title='bbox 1380 1026 1505 1058; x_wconf 79' lang='lat' dir='ltr'>defectu</span> <span class='ocrx_word' id='word_1_318' title='bbox 1532 1025 1646 1064; x_wconf 84' lang='lat' dir='ltr'>notari,</span> <span class='ocrx_word' id='word_1_319' title='bbox 1672 1025 1817 1068; x_wconf 82' lang='lat' dir='ltr'>infringi,</span> <span class='ocrx_word' id='word_1_320' title='bbox 1839 1036 1885 1058; x_wconf 89' lang='lat' dir='ltr'>re-</span> 
     </span>
     <span class='ocr_line' id='line_1_65' title="bbox 1149 1078 1883 1119; baseline 0.001 -9"><span class='ocrx_word' id='word_1_321' title='bbox 1149 1078 1289 1118; x_wconf 82' lang='lat' dir='ltr'>tractari,</span> <span class='ocrx_word' id='word_1_322' title='bbox 1311 1083 1367 1111; x_wconf 87' lang='lat' dir='ltr'>aut</span> <span class='ocrx_word' id='word_1_323' title='bbox 1389 1079 1423 1110; x_wconf 92' lang='lat' dir='ltr'>in</span> <span class='ocrx_word' id='word_1_324' title='bbox 1447 1078 1702 1111; x_wconf 83' lang='lat' dir='ltr'>controversiam</span> <span class='ocrx_word' id='word_1_325' title='bbox 1726 1078 1883 1119; x_wconf 85' lang='lat' dir='ltr'>revocari,</span> 
     </span>
     <span class='ocr_line' id='line_1_66' title="bbox 1149 1131 1886 1171; baseline 0.001 -8"><span class='ocrx_word' id='word_1_326' title='bbox 1149 1142 1205 1164; x_wconf 87' lang='lat' dir='ltr'>seu</span> <span class='ocrx_word' id='word_1_327' title='bbox 1230 1131 1269 1164; x_wconf 85' lang='lat' dir='ltr'>ad</span> <span class='ocrx_word' id='word_1_328' title='bbox 1294 1131 1451 1164; x_wconf 90' lang='lat' dir='ltr'>terminos</span> <span class='ocrx_word' id='word_1_329' title='bbox 1466 1131 1547 1163; x_wconf 91' lang='lat' dir='ltr'>iuris</span> <span class='ocrx_word' id='word_1_330' title='bbox 1570 1131 1691 1171; x_wconf 85' lang='lat' dir='ltr'>reduci,</span> <span class='ocrx_word' id='word_1_331' title='bbox 1708 1132 1758 1164; x_wconf 84' lang='lat' dir='ltr'>vel</span> <span class='ocrx_word' id='word_1_332' title='bbox 1777 1131 1886 1164; x_wconf 84' lang='lat' dir='ltr'>adver-</span> 
     </span>
     <span class='ocr_line' id='line_1_67' title="bbox 1150 1184 1885 1227; baseline -0.001 -10"><span class='ocrx_word' id='word_1_333' title='bbox 1150 1195 1203 1217; x_wconf 89' lang='lat' dir='ltr'>sus</span> <span class='ocrx_word' id='word_1_334' title='bbox 1218 1184 1290 1217; x_wconf 87' lang='lat' dir='ltr'>illas</span> <span class='ocrx_word' id='word_1_335' title='bbox 1309 1184 1499 1227; x_wconf 85' lang='lat' dir='ltr'>aperitionis</span> <span class='ocrx_word' id='word_1_336' title='bbox 1519 1184 1596 1223; x_wconf 82' lang='lat' dir='ltr'>oris,</span> <span class='ocrx_word' id='word_1_337' title='bbox 1618 1184 1834 1217; x_wconf 86' lang='lat' dir='ltr'>restitutionis</span> <span class='ocrx_word' id='word_1_338' title='bbox 1852 1184 1885 1216; x_wconf 92' lang='lat' dir='ltr'>in</span> 
     </span>
     <span class='ocr_line' id='line_1_68' title="bbox 1150 1236 1884 1280; baseline -0.003 -11"><span class='ocrx_word' id='word_1_339' title='bbox 1150 1238 1313 1280; x_wconf 77' lang='lat' dir='ltr'>integrum</span> <span class='ocrx_word' id='word_1_340' title='bbox 1331 1264 1338 1277; x_wconf 94' lang='lat'>‚</span> <span class='ocrx_word' id='word_1_341' title='bbox 1365 1237 1490 1269; x_wconf 84' lang='lat' dir='ltr'>aliudve</span> <span class='ocrx_word' id='word_1_342' title='bbox 1525 1237 1755 1280; x_wconf 81' lang='lat' dir='ltr'>quodcumque</span> <span class='ocrx_word' id='word_1_343' title='bbox 1780 1236 1860 1269; x_wconf 82' lang='lat' dir='ltr'>iuris</span> <span class='ocrx_word' id='word_1_344' title='bbox 1877 1263 1884 1276; x_wconf 96' lang='lat'>,</span> 
     </span>
     <span class='ocr_line' id='line_1_69' title="bbox 1151 1289 1883 1333; baseline -0.001 -10"><span class='ocrx_word' id='word_1_345' title='bbox 1151 1290 1224 1323; x_wconf 84' lang='lat' dir='ltr'>sacti</span> <span class='ocrx_word' id='word_1_346' title='bbox 1255 1291 1306 1323; x_wconf 87' lang='lat' dir='ltr'>vel</span> <span class='ocrx_word' id='word_1_347' title='bbox 1331 1290 1452 1333; x_wconf 81' lang='lat' dir='ltr'>gratiae</span> <span class='ocrx_word' id='word_1_348' title='bbox 1488 1290 1670 1322; x_wconf 88' lang='lat' dir='ltr'>remedium</span> <span class='ocrx_word' id='word_1_349' title='bbox 1693 1289 1883 1333; x_wconf 87' lang='lat' dir='ltr'>impetrari,</span> 
     </span>
     <span class='ocr_line' id='line_1_70' title="bbox 1151 1342 1887 1386; baseline -0.003 -10"><span class='ocrx_word' id='word_1_350' title='bbox 1151 1354 1206 1376; x_wconf 91' lang='lat' dir='ltr'>seu</span> <span class='ocrx_word' id='word_1_351' title='bbox 1231 1343 1412 1386; x_wconf 86' lang='lat' dir='ltr'>impetrato,</span> <span class='ocrx_word' id='word_1_352' title='bbox 1432 1348 1486 1375; x_wconf 80' lang='lat' dir='ltr'>aut</span> <span class='ocrx_word' id='word_1_353' title='bbox 1511 1343 1608 1375; x_wconf 83' lang='lat' dir='ltr'>etiam</span> <span class='ocrx_word' id='word_1_354' title='bbox 1632 1347 1733 1382; x_wconf 87' lang='lat' dir='ltr'>motu,</span> <span class='ocrx_word' id='word_1_355' title='bbox 1752 1342 1887 1374; x_wconf 70' lang='lat' dir='ltr'>scientia</span> 
     </span>
     <span class='ocr_line' id='line_1_71' title="bbox 1151 1395 1888 1440; baseline -0.004 -10"><span class='ocrx_word' id='word_1_356' title='bbox 1151 1402 1183 1430; x_wconf 87' lang='lat' dir='ltr'>et</span> <span class='ocrx_word' id='word_1_357' title='bbox 1207 1396 1377 1440; x_wconf 82' lang='lat' dir='ltr'>potestatis</span> <span class='ocrx_word' id='word_1_358' title='bbox 1408 1395 1613 1439; x_wconf 88' lang='lat' dir='ltr'>plenitudine</span> <span class='ocrx_word' id='word_1_359' title='bbox 1644 1395 1777 1438; x_wconf 83' lang='lat' dir='ltr'>paribus</span> <span class='ocrx_word' id='word_1_360' title='bbox 1814 1405 1888 1428; x_wconf 84' lang='lat' dir='ltr'>con-</span> 
     </span>
     <span class='ocr_line' id='line_1_72' title="bbox 1151 1448 1888 1493; baseline -0.004 -10"><span class='ocrx_word' id='word_1_361' title='bbox 1151 1460 1255 1490; x_wconf 83' lang='lat' dir='ltr'>cesso,</span> <span class='ocrx_word' id='word_1_362' title='bbox 1275 1449 1459 1493; x_wconf 84' lang='lat' dir='ltr'>quempiam</span> <span class='ocrx_word' id='word_1_363' title='bbox 1477 1449 1510 1482; x_wconf 92' lang='lat' dir='ltr'>in</span> <span class='ocrx_word' id='word_1_364' title='bbox 1531 1448 1651 1481; x_wconf 89' lang='lat' dir='ltr'>iudicio</span> <span class='ocrx_word' id='word_1_365' title='bbox 1672 1450 1720 1481; x_wconf 78' lang='lat' dir='ltr'>vel</span> <span class='ocrx_word' id='word_1_366' title='bbox 1745 1453 1835 1481; x_wconf 82' lang='lat' dir='ltr'>extra</span> <span class='ocrx_word' id='word_1_367' title='bbox 1852 1448 1888 1481; x_wconf 91' lang='lat' dir='ltr'>il-</span> 
     </span>
     <span class='ocr_line' id='line_1_73' title="bbox 1152 1502 1888 1545; baseline -0.003 -9"><span class='ocrx_word' id='word_1_368' title='bbox 1152 1504 1208 1536; x_wconf 92' lang='lat' dir='ltr'>lud</span> <span class='ocrx_word' id='word_1_369' title='bbox 1232 1504 1277 1536; x_wconf 91' lang='lat' dir='ltr'>uti</span> <span class='ocrx_word' id='word_1_370' title='bbox 1303 1514 1358 1536; x_wconf 88' lang='lat' dir='ltr'>seu</span> <span class='ocrx_word' id='word_1_371' title='bbox 1384 1513 1416 1535; x_wconf 90' lang='lat' dir='ltr'>se</span> <span class='ocrx_word' id='word_1_372' title='bbox 1440 1503 1549 1535; x_wconf 81' lang='lat' dir='ltr'>iuvare</span> <span class='ocrx_word' id='word_1_373' title='bbox 1575 1513 1692 1545; x_wconf 85' lang='lat' dir='ltr'>posse,</span> <span class='ocrx_word' id='word_1_374' title='bbox 1719 1502 1829 1545; x_wconf 85' lang='lat' dir='ltr'>sicque</span> <span class='ocrx_word' id='word_1_375' title='bbox 1855 1507 1888 1534; x_wconf 87' lang='lat' dir='ltr'>et</span> 
     </span>
     <span class='ocr_line' id='line_1_74' title="bbox 1153 1555 1888 1599; baseline -0.004 -9"><span class='ocrx_word' id='word_1_376' title='bbox 1153 1568 1218 1590; x_wconf 90' lang='lat' dir='ltr'>non</span> <span class='ocrx_word' id='word_1_377' title='bbox 1243 1556 1336 1589; x_wconf 85' lang='lat' dir='ltr'>aliter</span> <span class='ocrx_word' id='word_1_378' title='bbox 1360 1556 1392 1589; x_wconf 91' lang='lat' dir='ltr'>in</span> <span class='ocrx_word' id='word_1_379' title='bbox 1424 1555 1611 1599; x_wconf 84' lang='lat' dir='ltr'>praemissis</span> <span class='ocrx_word' id='word_1_380' title='bbox 1637 1565 1695 1598; x_wconf 89' lang='lat' dir='ltr'>per</span> <span class='ocrx_word' id='word_1_381' title='bbox 1720 1565 1888 1598; x_wconf 87' lang='lat' dir='ltr'>quoscum-</span> 
     </span>
     <span class='ocr_line' id='line_1_75' title="bbox 1154 1609 1885 1653; baseline -0.004 -11"><span class='ocrx_word' id='word_1_382' title='bbox 1154 1621 1213 1653; x_wconf 88' lang='lat' dir='ltr'>que</span> <span class='ocrx_word' id='word_1_383' title='bbox 1249 1609 1374 1642; x_wconf 78' lang='lat' dir='ltr'>iudices</span> <span class='ocrx_word' id='word_1_384' title='bbox 1410 1609 1591 1642; x_wconf 88' lang='lat' dir='ltr'>ordinarios</span> <span class='ocrx_word' id='word_1_385' title='bbox 1628 1613 1660 1641; x_wconf 86' lang='lat' dir='ltr'>et</span> <span class='ocrx_word' id='word_1_386' title='bbox 1696 1609 1885 1650; x_wconf 81' lang='lat' dir='ltr'>delegatos,</span> 
     </span>
     <span class='ocr_line' id='line_1_76' title="bbox 1154 1660 1888 1705; baseline -0.004 -10"><span class='ocrx_word' id='word_1_387' title='bbox 1154 1663 1248 1695; x_wconf 83' lang='lat' dir='ltr'>etiarn</span> <span class='ocrx_word' id='word_1_388' title='bbox 1273 1673 1438 1695; x_wconf 83' lang='lat' dir='ltr'>causarum</span> <span class='ocrx_word' id='word_1_389' title='bbox 1463 1661 1573 1705; x_wconf 82' lang='lat' dir='ltr'>palatii</span> <span class='ocrx_word' id='word_1_390' title='bbox 1602 1661 1773 1704; x_wconf 85' lang='lat' dir='ltr'>apostolici</span> <span class='ocrx_word' id='word_1_391' title='bbox 1798 1660 1888 1693; x_wconf 86' lang='lat' dir='ltr'>audi-</span> 
     </span>
     <span class='ocr_line' id='line_1_77' title="bbox 1154 1712 1887 1756; baseline -0.004 -8"><span class='ocrx_word' id='word_1_392' title='bbox 1154 1722 1262 1756; x_wconf 87' lang='lat' dir='ltr'>tores,</span> <span class='ocrx_word' id='word_1_393' title='bbox 1296 1726 1332 1748; x_wconf 89' lang='lat' dir='ltr'>ac</span> <span class='ocrx_word' id='word_1_394' title='bbox 1363 1715 1394 1747; x_wconf 81' lang='lat' dir='ltr'>S.</span> <span class='ocrx_word' id='word_1_395' title='bbox 1423 1715 1459 1747; x_wconf 83' lang='lat' dir='ltr'>R.</span> <span class='ocrx_word' id='word_1_396' title='bbox 1488 1715 1522 1747; x_wconf 86' lang='lat' dir='ltr'>E.</span> <span class='ocrx_word' id='word_1_397' title='bbox 1550 1714 1756 1753; x_wconf 80' lang='lat' dir='ltr'>cardinales,</span> <span class='ocrx_word' id='word_1_398' title='bbox 1791 1712 1887 1746; x_wconf 88' lang='lat' dir='ltr'>etiam</span> 
     </span>
     <span class='ocr_line' id='line_1_78' title="bbox 1154 1767 1886 1811; baseline -0.004 -10"><span class='ocrx_word' id='word_1_399' title='bbox 1154 1769 1193 1801; x_wconf 88' lang='lat' dir='ltr'>de</span> <span class='ocrx_word' id='word_1_400' title='bbox 1218 1769 1319 1801; x_wconf 87' lang='lat' dir='ltr'>latere</span> <span class='ocrx_word' id='word_1_401' title='bbox 1355 1769 1481 1811; x_wconf 79' lang='lat' dir='ltr'>legatos</span> <span class='ocrx_word' id='word_1_402' title='bbox 1498 1795 1505 1808; x_wconf 90' lang='lat'>‚</span> <span class='ocrx_word' id='word_1_403' title='bbox 1532 1773 1564 1800; x_wconf 89' lang='lat' dir='ltr'>et</span> <span class='ocrx_word' id='word_1_404' title='bbox 1594 1767 1673 1800; x_wconf 83' lang='lat' dir='ltr'>alios</span> <span class='ocrx_word' id='word_1_405' title='bbox 1700 1767 1886 1810; x_wconf 85' lang='lat' dir='ltr'>quoslibet,</span> 
     </span>
     <span class='ocr_line' id='line_1_79' title="bbox 1155 1820 1888 1865; baseline -0.004 -12"><span class='ocrx_word' id='word_1_406' title='bbox 1155 1832 1358 1865; x_wconf 88' lang='lat' dir='ltr'>quacumque</span> <span class='ocrx_word' id='word_1_407' title='bbox 1390 1820 1648 1864; x_wconf 75' lang='lat' dir='ltr'>praeeminentia</span> <span class='ocrx_word' id='word_1_408' title='bbox 1672 1825 1704 1853; x_wconf 91' lang='lat' dir='ltr'>et</span> <span class='ocrx_word' id='word_1_409' title='bbox 1727 1823 1888 1862; x_wconf 83' lang='lat' dir='ltr'>potestate</span> 
     </span>
     <span class='ocr_line' id='line_1_80' title="bbox 1155 1872 1891 1917; baseline -0.004 -10"><span class='ocrx_word' id='word_1_410' title='bbox 1155 1875 1326 1917; x_wconf 79' lang='lat' dir='ltr'>fungentes</span> <span class='ocrx_word' id='word_1_411' title='bbox 1360 1879 1393 1907; x_wconf 88' lang='lat' dir='ltr'>et</span> <span class='ocrx_word' id='word_1_412' title='bbox 1424 1875 1590 1907; x_wconf 72' lang='lat' dir='ltr'>iuncturos</span> <span class='ocrx_word' id='word_1_413' title='bbox 1607 1900 1614 1914; x_wconf 92' lang='lat'>,</span> <span class='ocrx_word' id='word_1_414' title='bbox 1642 1874 1767 1906; x_wconf 79' lang='lat' dir='ltr'>sublata</span> <span class='ocrx_word' id='word_1_415' title='bbox 1790 1872 1836 1905; x_wconf 90' lang='lat' dir='ltr'>eis</span> <span class='ocrx_word' id='word_1_416' title='bbox 1859 1876 1891 1904; x_wconf 86' lang='lat' dir='ltr'>et</span> 
     </span>
     <span class='ocr_line' id='line_1_81' title="bbox 1155 1924 1889 1971; baseline -0.007 -10"><span class='ocrx_word' id='word_1_417' title='bbox 1155 1938 1269 1962; x_wconf 86' lang='lat' dir='ltr'>eorum</span> <span class='ocrx_word' id='word_1_418' title='bbox 1294 1927 1425 1960; x_wconf 81' lang='lat' dir='ltr'>cuilibet</span> <span class='ocrx_word' id='word_1_419' title='bbox 1457 1927 1568 1971; x_wconf 83' lang='lat' dir='ltr'>quavis</span> <span class='ocrx_word' id='word_1_420' title='bbox 1601 1927 1696 1959; x_wconf 84' lang='lat' dir='ltr'>aliter</span> <span class='ocrx_word' id='word_1_421' title='bbox 1727 1924 1889 1958; x_wconf 82' lang='lat' dir='ltr'>iudicandi</span> 
     </span>
     <span class='ocr_line' id='line_1_82' title="bbox 1155 1978 1889 2024; baseline -0.007 -10"><span class='ocrx_word' id='word_1_422' title='bbox 1155 1987 1186 2014; x_wconf 88' lang='lat' dir='ltr'>et</span> <span class='ocrx_word' id='word_1_423' title='bbox 1209 1980 1460 2024; x_wconf 82' lang='lat' dir='ltr'>interpretandi·</span> <span class='ocrx_word' id='word_1_424' title='bbox 1472 1980 1622 2013; x_wconf 78' lang='lat' dir='ltr'>facultate</span> <span class='ocrx_word' id='word_1_425' title='bbox 1641 1985 1674 2012; x_wconf 89' lang='lat' dir='ltr'>et</span> <span class='ocrx_word' id='word_1_426' title='bbox 1689 1978 1889 2018; x_wconf 84' lang='lat' dir='ltr'>auctoritate,</span> 
     </span>
     <span class='ocr_line' id='line_1_83' title="bbox 1156 2031 1892 2071; baseline -0.008 -4"><span class='ocrx_word' id='word_1_427' title='bbox 1156 2034 1288 2067; x_wconf 84' lang='lat' dir='ltr'>iudicari</span> <span class='ocrx_word' id='word_1_428' title='bbox 1306 2039 1338 2067; x_wconf 88' lang='lat' dir='ltr'>et</span> <span class='ocrx_word' id='word_1_429' title='bbox 1362 2033 1488 2066; x_wconf 81' lang='lat' dir='ltr'>definiri</span> <span class='ocrx_word' id='word_1_430' title='bbox 1515 2033 1642 2071; x_wconf 84' lang='lat' dir='ltr'>debere,</span> <span class='ocrx_word' id='word_1_431' title='bbox 1661 2043 1697 2065; x_wconf 84' lang='lat' dir='ltr'>ac</span> <span class='ocrx_word' id='word_1_432' title='bbox 1714 2031 1839 2063; x_wconf 88' lang='lat' dir='ltr'>irritum</span> <span class='ocrx_word' id='word_1_433' title='bbox 1859 2034 1892 2062; x_wconf 90' lang='lat' dir='ltr'>et</span> 
     </span>
     <span class='ocr_line' id='line_1_84' title="bbox 1155 2085 1887 2129; baseline -0.007 -9"><span class='ocrx_word' id='word_1_434' title='bbox 1155 2088 1250 2120; x_wconf 81' lang='lat' dir='ltr'>inane</span> <span class='ocrx_word' id='word_1_435' title='bbox 1284 2089 1310 2120; x_wconf 92' lang='lat' dir='ltr'>si</span> <span class='ocrx_word' id='word_1_436' title='bbox 1347 2097 1437 2120; x_wconf 87' lang='lat' dir='ltr'>secus</span> <span class='ocrx_word' id='word_1_437' title='bbox 1469 2096 1564 2129; x_wconf 85' lang='lat' dir='ltr'>super</span> <span class='ocrx_word' id='word_1_438' title='bbox 1595 2085 1644 2117; x_wconf 90' lang='lat' dir='ltr'>his</span> <span class='ocrx_word' id='word_1_439' title='bbox 1671 2095 1688 2117; x_wconf 85' lang='lat' dir='ltr'>a</span> <span class='ocrx_word' id='word_1_440' title='bbox 1714 2094 1887 2127; x_wconf 82' lang='lat' dir='ltr'>quoquam,</span> 
     </span>
     <span class='ocr_line' id='line_1_85' title="bbox 1157 2137 1892 2184; baseline -0.007 -11"><span class='ocrx_word' id='word_1_441' title='bbox 1157 2140 1266 2184; x_wconf 82' lang='lat' dir='ltr'>quavis</span> <span class='ocrx_word' id='word_1_442' title='bbox 1293 2139 1495 2178; x_wconf 82' lang='lat' dir='ltr'>auctoritate,</span> <span class='ocrx_word' id='word_1_443' title='bbox 1514 2138 1655 2170; x_wconf 84' lang='lat' dir='ltr'>scienter</span> <span class='ocrx_word' id='word_1_444' title='bbox 1670 2138 1720 2170; x_wconf 88' lang='lat' dir='ltr'>vel</span> <span class='ocrx_word' id='word_1_445' title='bbox 1738 2137 1892 2179; x_wconf 78' lang='lat' dir='ltr'>ignoran-</span> 
     </span>
     <span class='ocr_line' id='line_1_86' title="bbox 1157 2191 1604 2235; baseline -0.009 -9"><span class='ocrx_word' id='word_1_446' title='bbox 1157 2200 1215 2233; x_wconf 85' lang='lat' dir='ltr'>ter,</span> <span class='ocrx_word' id='word_1_447' title='bbox 1241 2192 1414 2235; x_wconf 77' lang='lat' dir='ltr'>contigerit</span> <span class='ocrx_word' id='word_1_448' title='bbox 1439 2191 1604 2224; x_wconf 84' lang='lat' dir='ltr'>attentari.</span> 
     </span>
    </p>

    <p class='ocr_par' dir='ltr' id='par_1_10' title="bbox 1157 2241 1894 2658">
     <span class='ocr_line' id='line_1_87' title="bbox 1200 2241 1890 2289; baseline -0.009 -10"><span class='ocrx_word' id='word_1_449' title='bbox 1200 2248 1214 2289; x_wconf 67' lang='grc' dir='ltr'><strong>ἓ</strong></span> <span class='ocrx_word' id='word_1_450' title='bbox 1231 2246 1260 2279; x_wconf 85' lang='lat'>5.</span> <span class='ocrx_word' id='word_1_451' title='bbox 1279 2246 1349 2278; x_wconf 87' lang='lat' dir='ltr'>Non</span> <span class='ocrx_word' id='word_1_452' title='bbox 1368 2245 1574 2278; x_wconf 80' lang='lat' dir='ltr'>obstantibus</span> <span class='ocrx_word' id='word_1_453' title='bbox 1592 2243 1745 2287; x_wconf 76' lang='lat' dir='ltr'>praefatis</span> <span class='ocrx_word' id='word_1_454' title='bbox 1771 2241 1890 2274; x_wconf 83' lang='lat' dir='ltr'>Urbani</span> 
     </span>
     <span class='ocr_line' id='line_1_88' title="bbox 1157 2296 1893 2343; baseline -0.01 -11"><span class='ocrx_word' id='word_1_455' title='bbox 1157 2298 1423 2343; x_wconf 75' lang='lat' dir='ltr'>praedecessoris</span> <span class='ocrx_word' id='word_1_456' title='bbox 1461 2296 1595 2335; x_wconf 79' lang='lat' dir='ltr'>litteris,</span> <span class='ocrx_word' id='word_1_457' title='bbox 1629 2296 1764 2338; x_wconf 81' lang='lat' dir='ltr'>aliisque</span> <span class='ocrx_word' id='word_1_458' title='bbox 1797 2303 1893 2337; x_wconf 87' lang='lat' dir='ltr'>prae-</span> 
     </span>
     <span class='ocr_line' id='line_1_89' title="bbox 1158 2347 1894 2394; baseline -0.01 -9"><span class='ocrx_word' id='word_1_459' title='bbox 1158 2352 1275 2391; x_wconf 89' lang='lat' dir='ltr'>missis,</span> <span class='ocrx_word' id='word_1_460' title='bbox 1294 2363 1339 2391; x_wconf 83' lang='lat' dir='ltr'>ac,</span> <span class='ocrx_word' id='word_1_461' title='bbox 1356 2357 1513 2394; x_wconf 83' lang='lat' dir='ltr'>quatenus</span> <span class='ocrx_word' id='word_1_462' title='bbox 1532 2360 1611 2392; x_wconf 86' lang='lat' dir='ltr'>opus</span> <span class='ocrx_word' id='word_1_463' title='bbox 1629 2349 1678 2388; x_wconf 88' lang='lat' dir='ltr'>sit,</span> <span class='ocrx_word' id='word_1_464' title='bbox 1696 2349 1734 2381; x_wconf 87' lang='lat' dir='ltr'>de</span> <span class='ocrx_word' id='word_1_465' title='bbox 1752 2358 1815 2380; x_wconf 92' lang='lat' dir='ltr'>non</span> <span class='ocrx_word' id='word_1_466' title='bbox 1834 2347 1894 2379; x_wconf 90' lang='lat' dir='ltr'>tol-</span> 
     </span>
     <span class='ocr_line' id='line_1_90' title="bbox 1158 2399 1894 2447; baseline -0.011 -9"><span class='ocrx_word' id='word_1_467' title='bbox 1158 2406 1254 2438; x_wconf 90' lang='lat' dir='ltr'>lendo</span> <span class='ocrx_word' id='word_1_468' title='bbox 1280 2406 1349 2437; x_wconf 91' lang='lat' dir='ltr'>iure</span> <span class='ocrx_word' id='word_1_469' title='bbox 1375 2404 1530 2447; x_wconf 82' lang='lat' dir='ltr'>quaesito,</span> <span class='ocrx_word' id='word_1_470' title='bbox 1557 2402 1693 2445; x_wconf 86' lang='lat' dir='ltr'>aliisque</span> <span class='ocrx_word' id='word_1_471' title='bbox 1718 2399 1837 2433; x_wconf 86' lang='lat' dir='ltr'>nostris</span> <span class='ocrx_word' id='word_1_472' title='bbox 1863 2404 1894 2431; x_wconf 88' lang='lat' dir='ltr'>et</span> 
     </span>
     <span class='ocr_line' id='line_1_91' title="bbox 1158 2452 1892 2500; baseline -0.01 -9"><span class='ocrx_word' id='word_1_473' title='bbox 1158 2458 1369 2491; x_wconf 70' lang='lat' dir='ltr'>cancellariae</span> <span class='ocrx_word' id='word_1_474' title='bbox 1395 2457 1592 2500; x_wconf 85' lang='lat' dir='ltr'>apostolicae</span> <span class='ocrx_word' id='word_1_475' title='bbox 1614 2454 1741 2496; x_wconf 78' lang='lat' dir='ltr'>regulis,</span> <span class='ocrx_word' id='word_1_476' title='bbox 1766 2458 1798 2485; x_wconf 90' lang='lat' dir='ltr'>et</span> <span class='ocrx_word' id='word_1_477' title='bbox 1821 2452 1892 2485; x_wconf 89' lang='lat' dir='ltr'>aliis</span> 
     </span>
     <span class='ocr_line' id='line_1_92' title="bbox 1158 2507 1894 2548; baseline -0.011 -3"><span class='ocrx_word' id='word_1_478' title='bbox 1158 2511 1445 2545; x_wconf 88' lang='lat' dir='ltr'>constitutionibus</span> <span class='ocrx_word' id='word_1_479' title='bbox 1475 2516 1507 2543; x_wconf 90' lang='lat' dir='ltr'>et</span> <span class='ocrx_word' id='word_1_480' title='bbox 1531 2507 1790 2542; x_wconf 88' lang='lat' dir='ltr'>ordinationibus</span> <span class='ocrx_word' id='word_1_481' title='bbox 1817 2516 1894 2548; x_wconf 85' lang='lat' dir='ltr'>apo-</span> 
     </span>
     <span class='ocr_line' id='line_1_93' title="bbox 1158 2558 1893 2603; baseline -0.01 -6"><span class='ocrx_word' id='word_1_482' title='bbox 1158 2565 1295 2603; x_wconf 77' lang='lat' dir='ltr'>stolicis,</span> <span class='ocrx_word' id='word_1_483' title='bbox 1316 2564 1411 2596; x_wconf 86' lang='lat' dir='ltr'>etiam</span> <span class='ocrx_word' id='word_1_484' title='bbox 1431 2562 1672 2599; x_wconf 75' lang='lat' dir='ltr'>conciliaribus,</span> <span class='ocrx_word' id='word_1_485' title='bbox 1691 2570 1818 2592; x_wconf 84' lang='lat' dir='ltr'>necnon</span> <span class='ocrx_word' id='word_1_486' title='bbox 1836 2558 1893 2590; x_wconf 86' lang='lat' dir='ltr'>Or-</span> 
     </span>
     <span class='ocr_line' id='line_1_94' title="bbox 1159 2611 1892 2658; baseline -0.008 -9"><span class='ocrx_word' id='word_1_487' title='bbox 1159 2617 1242 2650; x_wconf 85' lang='lat' dir='ltr'>dinis</span> <span class='ocrx_word' id='word_1_488' title='bbox 1276 2622 1308 2649; x_wconf 88' lang='lat' dir='ltr'>et</span> <span class='ocrx_word' id='word_1_489' title='bbox 1338 2615 1603 2658; x_wconf 75' lang='lat' dir='ltr'>congregationis</span> <span class='ocrx_word' id='word_1_490' title='bbox 1636 2623 1671 2645; x_wconf 83' lang='lat' dir='ltr'>ac</span> <span class='ocrx_word' id='word_1_491' title='bbox 1702 2611 1892 2644; x_wconf 81' lang='lat' dir='ltr'>monasterii</span> 
     </span>
    </p>
   </div>
   <div class='ocr_carea' id='block_1_9' title="bbox 1882 239 2069 266">
    <p class='ocr_par' dir='ltr' id='par_1_11' title="bbox 1882 239 2069 266">
     <span class='ocr_line' id='line_1_95' title="bbox 1882 239 2069 266; baseline 0.005 -1"><span class='ocrx_word' id='word_1_492' title='bbox 1882 240 1930 265; x_wconf 80' lang='lat' dir='ltr'>An.</span> <span class='ocrx_word' id='word_1_493' title='bbox 1952 239 1981 266; x_wconf 84' lang='lat' dir='ltr'>C.</span> <span class='ocrx_word' id='word_1_494' title='bbox 2005 240 2069 266; x_wconf 65' lang='lat'>¹662</span> 
     </span>
    </p>
   </div>
   <div class='ocr_carea' id='block_1_10' title="bbox 1894 509 2074 556">
    <p class='ocr_par' dir='ltr' id='par_1_12' title="bbox 1894 509 2074 556">
     <span class='ocr_line' id='line_1_96' title="bbox 1905 509 2074 538; baseline 0.012 -9"><span class='ocrx_word' id='word_1_495' title='bbox 1905 509 2030 538; x_wconf 29' lang='lat' dir='ltr'>*Decretum</span> <span class='ocrx_word' id='word_1_496' title='bbox 2046 510 2074 531; x_wconf 82' lang='lat' dir='ltr'>ir-</span> 
     </span>
     <span class='ocr_line' id='line_1_97' title="bbox 1894 537 1967 556; baseline 0 0"><span class='ocrx_word' id='word_1_497' title='bbox 1894 537 1967 556; x_wconf 68' lang='lat' dir='ltr'>vitans.</span> 
     </span>
    </p>
   </div>
   <div class='ocr_carea' id='block_1_11' title="bbox 1904 2245 2086 2299">
    <p class='ocr_par' dir='ltr' id='par_1_13' title="bbox 1904 2245 2086 2299">
     <span class='ocr_line' id='line_1_98' title="bbox 1971 2245 2086 2267; baseline -0.009 0"><span class='ocrx_word' id='word_1_498' title='bbox 1971 2245 2086 2267; x_wconf 70' lang='lat' dir='ltr'>contrariu</span> 
     </span>
     <span class='ocr_line' id='line_1_99' title="bbox 1904 2276 1998 2299; baseline -0.011 -5"><span class='ocrx_word' id='word_1_499' title='bbox 1904 2276 1998 2299; x_wconf 70' lang='lat' dir='ltr'>derogat.</span> 
     </span>
    </p>
   </div>
  </div>
 </body>
</html>
