2247 3208
206 259 255 283 m..
278 258 306 283 c.
332 255 397 282 1608
445 246 510 277 esst

271 2003 400 2022 facultatem

220 2029 336 2055 reripzmidt
345 2029 400 2049 ordi·

405 304 545 337 ctionem
571 300 700 339 assumi,
720 299 815 341 eique
841 307 918 329 eura
936 297 1032 329 etiam
1050 296 1143 328 iuris-

405 354 585 388 dictionalis
606 352 774 385 immineat.
791 351 982 390 animarum,
1001 349 1026 381 si
1045 348 1141 381 alicui

403 412 544 440 vestrum
570 405 649 438 alias
675 404 830 436 canonice
849 403 1069 442 conferantur,
1087 406 1142 434 aut

405 460 539 503 quisque
564 462 708 491 vestrum
732 457 880 499 eligatur,
897 460 1138 499 praesentetur,

403 517 458 546 aut
482 512 561 544 alias
585 515 763 543 assumatur
787 509 826 542 ad
851 509 917 548 illa,
943 513 974 541 et
997 507 1141 540 institua-

403 572 455 598 tur
479 565 512 597 in
537 565 601 604 eis,
628 563 793 606 recipere,
818 567 861 602 et,
888 561 1060 594 dummodo
1085 561 1141 594 illa

403 618 510 651 omnia
542 618 620 660 (uno
646 616 795 659 excepto)
824 615 1033 658 personalem
1062 614 1141 646 resi-

404 670 544 704 dentiam
568 680 634 702 non
664 668 853 712 requirant,
878 668 1007 700 insimul
1033 667 1140 711 quoad

402 723 544 756 vixeritis
557 722 709 762 retinere,
722 731 850 754 necnon
864 721 971 760 etiam,
987 720 1139 763 quamdiu

402 777 496 809 nobis
522 775 733 808 inservieritis
759 779 893 813 tantum,
915 774 947 806 in
971 772 1139 805 beneficiis

402 828 643 868 ecclesiasticis,
669 828 763 861 etiam
788 827 915 866 curatis,
942 837 1007 859 non
1032 831 1139 859 tamen

402 881 671 926 parochialibus,
711 891 772 913 nec
808 879 926 913 curatis
962 881 1038 911 cura
1075 878 1140 912 ani-

403 945 528 968 marum
566 934 858 978 parochianorum,
896 942 955 975 per
989 942 1045 964 vos
1080 941 1138 974 pro

403 993 551 1031 tempore
580 987 759 1030 respective
785 985 924 1019 obtentis
940 1012 947 1025 ,
977 984 1075 1017 etiam
1099 984 1138 1016 de

403 1040 481 1079 iure,
509 1045 628 1073 statuto
643 1067 650 1080 ,
672 1039 871 1079 fundatione,
895 1039 944 1070 vel
969 1037 1139 1081 privilegio

403 1094 611 1137 personalem>
635 1092 847 1125 residentiam
877 1090 1138 1134 requirentibus,

404 1145 526 1179 etiamsi
544 1145 715 1188 dignitates
733 1145 766 1177 in
784 1143 1023 1177 cathedralibus
1043 1143 1139 1176 etiam

403 1198 662 1242 metropolitanis
686 1198 825 1231 maiores
839 1196 857 1235 ¹,
889 1207 925 1229 ac
958 1196 1137 1239 collegiatis

404 1252 549 1285 ecclesiis
574 1251 755 1284 huiusmodi
781 1250 979 1294 principales
1005 1248 1136 1290 fuerint,

403 1305 623 1349 personaliter
640 1303 783 1336 residere
801 1314 865 1336 non
884 1302 1066 1342 teneamini,
1080 1312 1140 1335 nec

392 1359 444 1391 ·ad
469 1353 502 1390 id
525 1367 584 1401 per
607 1358 750 1390 locorum
776 1355 981 1395 Ordinarios,
1009 1359 1064 1387 aut
1089 1365 1140 1387 ec-

405 1410 577 1443 clesiarum
602 1409 786 1442 earumdem
805 1408 953 1451 capitula,
972 1417 1029 1440 seu
1046 1417 1141 1450 quos-

404 1463 450 1496 vis
467 1462 546 1495 alios
572 1463 611 1495 ad
637 1461 847 1495 residendum
873 1460 1002 1493 interim
1022 1459 1055 1492 in
1078 1460 1141 1493 illis

405 1515 494 1548 inviti
527 1515 681 1558 compelli
713 1514 866 1558 possitis,
899 1523 1078 1556 omnesque
1110 1518 1143 1546 et

406 1569 550 1611 singulos
575 1572 755 1600 vestrorum
781 1565 1013 1599 beneficiorum
1030 1565 1143 1598 obten-

406 1626 512 1655 torum
530 1622 658 1661 fructus,
677 1620 822 1654 redditus
841 1624 871 1653 et
891 1624 1065 1663 proventus
1088 1619 1144 1651 du-

406 1679 496 1708 rante
533 1674 664 1707 servitio
700 1673 867 1717 praedicto
903 1683 976 1706 cum
1002 1674 1039 1705 ea
1063 1672 1144 1705 inte-

360 1772 363 1774 >
407 1728 520 1771 gritate
535 1727 828 1771 (distributionibus
842 1726 1039 1770 quotidianis
1057 1726 1145 1758 dum-

407 1786 492 1814 taxat
516 1780 680 1824 exceptis)
702 1791 774 1812 cum
808 1789 871 1823 qua
902 1779 976 1812 illos
1000 1778 1146 1822 percipe-

407 1835 503 1875 retis,
530 1835 555 1866 si
580 1834 613 1867 in
637 1834 760 1867 eisdem
792 1832 938 1866 ecclesiis
969 1832 1033 1864 sive
1064 1831 1144 1865 locis

409 1887 624 1931 personaliter
650 1886 846 1927 resideretis,
876 1885 1057 1929 percipere,
1084 1884 1146 1918 exi-

410 1950 484 1983 gere
510 1945 540 1973 et
564 1941 693 1979 levare;

454 1993 468 2036 §
493 1993 524 2025 6.
552 1993 595 2025 Ac
628 1992 774 2032 interim,
800 1992 849 2025 vel
874 1991 1092 2035 postmodum,
1120 1990 1145 2023 si

220 2061 337 2075 „macros
353 2061 400 2075 con·
410 2046 587 2086 volueritis,
608 2046 659 2079 hic
684 2046 716 2078 in
742 2045 883 2078 Romana
908 2044 997 2077 curia
1021 2044 1071 2077 vel
1096 2054 1147 2076 ex-

220 2082 288 2105 redd,

413 2104 461 2132 tra
486 2110 557 2135 earu
573 2110 590 2132 a
612 2109 823 2142 quocumque,
843 2109 938 2142 quem
958 2097 1144 2137 malueritis,

413 2153 572 2185 catholico
609 2153 749 2185 antistite
783 2152 917 2194 gratiam
950 2156 981 2184 et
1005 2161 1168 2192 commu-¹

412 2204 542 2237 nionem
567 2204 710 2237 eiusdem
739 2205 829 2237 Sedis
857 2204 1020 2244 habente,
1051 2211 1147 2247 quem

413 2257 568 2289 duxeritis
604 2258 813 2299 eligendum,
842 2257 881 2289 ad
913 2267 1027 2289 omnes
1052 2256 1148 2289 etiam

413 2320 522 2342 sacros
549 2316 580 2342 et
604 2311 846 2353 presbyteratus
873 2310 1016 2350 ordineS,
1035 2309 1148 2352 aliqui-

413 2362 472 2395 bus
497 2363 600 2395 tribus
630 2363 798 2396 dominicis
834 2364 884 2396 vel
922 2363 991 2396 aliis
1025 2362 1146 2395 festivis

415 2415 540 2454 diebus,
561 2415 656 2447 etiam
681 2421 770 2449 extra
788 2421 934 2459 tempora
959 2426 976 2448 a
1000 2415 1068 2448 iure
1089 2419 1149 2447 sta-

417 2472 495 2508 tuta,
523 2468 644 2510 proprii
670 2467 829 2501 Ordinarii
862 2474 915 2500 aut
940 2467 1077 2500 cuiusvis
1109 2467 1149 2500 al-

417 2520 516 2553 terius
532 2519 663 2553 licentia
679 2521 819 2563 desuper
836 2521 968 2553 minime
985 2519 1147 2564 requisita,

455 2637 468 2663 1
491 2635 556 2662 Male
571 2634 634 2662 edit.
652 2633 728 2660 Main.
747 2634 810 2670 legit
828 2635 948 2662 maioris
962 2636 1000 2669 (n.
1017 2635 1065 2669 τ.).

986 249 1166 273 BULLARIUM
1189 246 1338 273 ROMANUM

1186 295 1212 327 si
1237 295 1317 328 alias
1343 296 1382 328 ad
1407 296 1439 329 id
1471 297 1581 330 idonei
1617 299 1737 341 reperti
1773 298 1920 339 fueritis,

1185 358 1283 391 super
1308 359 1371 392 quo
1397 349 1546 382 antistitis
1563 351 1790 384 conscientiam
1811 362 1922 384 onera-

1184 410 1267 440 muS,
1283 402 1477 444 promoveri,
1492 407 1523 434 et
1536 403 1675 445 promoti
1693 403 1725 435 in
1742 404 1807 436 illis
1822 404 1921 436 etiam

1184 453 1216 485 in
1242 453 1350 486 altaris
1373 454 1553 488 ministerio
1578 455 1771 489 ministrare.

1227 507 1241 550 ἓ
1266 505 1296 539 7.
1322 505 1462 546 Necnon,
1490 507 1615 540 etiamsi
1642 508 1821 551 presbyteri
1848 509 1917 542 fue-

1184 559 1266 600 ritis,
1283 570 1318 592 ac
1343 559 1515 602 dignitates
1536 565 1568 593 et
1586 560 1689 594 officia
1705 561 1918 602 obtinueritis,

1183 614 1271 656 leges
1296 618 1328 646 et
1352 613 1422 646 iura
1455 614 1558 646 civilia
1597 614 1694 647 etiam
1726 615 1854 658 publice
1887 616 1920 648 in

1184 666 1305 698 scholis
1330 671 1360 699 et
1384 667 1649 700 universitatibus
1671 667 1851 700 studiorum
1871 679 1921 711 ge—

1183 720 1359 760 neralium,
1388 720 1426 752 ad
1453 720 1711 763 quinquennium
1738 721 1920 760 dumtaxat,

1183 772 1359 805 dummodo
1375 772 1576 814 trigesimum
1590 773 1706 805 aetatis
1720 783 1837 805 annum
1856 784 1922 806 non

1183 825 1401 865 excesseritis,
1420 825 1541 866 audire,
1561 830 1601 866 et,
1621 826 1647 858 si
1666 826 1792 859 habiles
1812 831 1843 858 et
1860 827 1923 858 suf-

1182 877 1329 910 ficientes
1355 878 1476 921 reperti
1503 878 1647 918 fueritis,
1674 878 1770 911 etiam
1795 878 1833 911 ad
1867 879 1923 911 ‹lo-

1183 935 1324 962 ctoratus
1349 931 1482 972 gradum
1507 931 1539 962 in
1565 931 1750 964 huiusmodi
1773 931 1920 964 facultate

1182 993 1239 1015 vos
1253 983 1436 1025 promoveri
1455 984 1567 1023 facere,
1583 983 1720 1026 ipsaque
1737 983 1807 1015 iura
1825 984 1921 1016 etiam

1184 1036 1312 1079 publice
1338 1037 1477 1078 docere,
1503 1042 1598 1079 atque
1630 1036 1747 1069 iudicis
1774 1037 1920 1069 advocati

1184 1093 1215 1120 et
1240 1088 1463 1131 procuratoris
1498 1088 1639 1122 officium
1665 1089 1698 1120 in
1730 1089 1835 1121 causis
1871 1099 1923 1121 ec-

1183 1141 1373 1174 clesiasticis
1399 1141 1545 1173 civilibus
1572 1146 1693 1173 tantum
1720 1151 1869 1173 exercere
1890 1141 1923 1174 li-

1182 1194 1261 1227 bere
1286 1199 1318 1226 et
1341 1194 1427 1226 licite
1452 1194 1585 1237 possitis
1603 1199 1635 1226 et
1654 1193 1796 1233 valeatis,
1817 1199 1922 1226 aucto-

1182 1247 1275 1280 ritate
1301 1252 1332 1280 et
1358 1252 1470 1279 tenore
1496 1247 1682 1290 praedictis,
1707 1247 1745 1279 de
1770 1246 1922 1290 specialis

1183 1301 1269 1333 dono
1296 1300 1416 1342 gratiae
1442 1300 1680 1343 dispensamus.

1226 1354 1240 1396 g
1265 1351 1296 1385 8.
1319 1353 1429 1385 Liceat
1453 1363 1582 1396 quoque
1614 1352 1705 1385 vobis
1732 1357 1763 1384 et
1787 1351 1922 1385 cuilibet

1181 1411 1324 1438 vestrum
1339 1405 1478 1448 aliquem
1493 1404 1646 1438 idoneum
1662 1410 1694 1437 et
1706 1405 1923 1448 approbatum

1184 1459 1223 1491 ab
1253 1458 1424 1491 Ordinario
1457 1458 1683 1501 presbyterum
1715 1459 1918 1497 secularem,

1183 1512 1233 1545 vel
1258 1511 1396 1544 cuiusvis
1425 1510 1553 1543 Ordinis
1577 1512 1778 1553 regularem,
1805 1510 1837 1542 in
1869 1521 1922 1543 ve-

1184 1569 1284 1597 strum
1310 1564 1430 1607 eligere
1456 1564 1686 1604 consessorem,
1703 1563 1767 1607 qui,
1785 1563 1849 1596 vita
1869 1573 1923 1595 cu-

1184 1617 1317 1650 iuslibet
1330 1622 1474 1650 vestrum
1487 1617 1614 1657 comite,
1628 1626 1682 1649 vos
1695 1621 1727 1649 et
1745 1616 1923 1659 quemlibet

1184 1677 1325 1704 vestrum
1351 1682 1367 1703 a
1386 1670 1550 1714 quibusvis
1569 1669 1922 1709 excommunicationis,

1186 1724 1407 1768 suspensionis
1426 1728 1457 1755 et
1481 1722 1653 1762 interdicti,
1669 1722 1805 1766 aliisque
1825 1723 1926 1755 eccle-

1186 1776 1321 1809 siasticis
1347 1775 1526 1815 sententiis,
1553 1774 1698 1808 censuris
1723 1780 1755 1807 et
1784 1775 1897 1818 poenis
1914 1801 1921 1808 .

1187 1841 1204 1862 a
1228 1829 1297 1862 iure
1328 1830 1379 1862 vel
1405 1829 1443 1862 ab
1469 1828 1611 1867 homine,
1627 1828 1737 1871 quavis
1755 1828 1925 1861 occasione

1187 1884 1237 1916 vel
1271 1885 1364 1915 causa
1391 1881 1474 1919 latis,
1494 1886 1525 1914 et
1556 1892 1615 1924 per
1640 1891 1694 1914 vos
1719 1880 1867 1921 incursis,
1894 1885 1926 1913 et

1188 1936 1303 1979 quibus
1328 1945 1384 1967 vos
1411 1934 1505 1967 etiam
1531 1934 1707 1977 apostolica
1732 1933 1924 1966 auctoritate

1188 1989 1355 2033 illaqueari
1388 1988 1579 2031 contigerit,
1606 1987 1730 2020 etiamsi
1762 1987 1925 2020 absolutio

1188 2043 1282 2076 nobis
1307 2049 1338 2075 et
1363 2042 1605 2075 successoribus
1630 2041 1748 2074 nostris
1773 2041 1926 2074 Romanis

1188 2096 1398 2129 Pontificibus
1435 2106 1495 2139 pro
1533 2100 1681 2138 tempore
1712 2094 1924 2127 existentibus

1189 2149 1374 2193 specialiter
1393 2150 1441 2181 vel
1468 2148 1663 2190 generaliter
1679 2151 1845 2179 reservata
1862 2146 1928 2179 exi-

1189 2207 1259 2241 stat,
1286 2207 1317 2234 et
1337 2210 1614 2244 quorumcumque
1639 2205 1789 2232 votorum
1814 2204 1846 2232 et
1869 2199 1927 2231 Ec-

1189 2255 1307 2287 clesiae
1330 2258 1576 2296 praeceptorum
1600 2251 1925 2295 transgressionibus,

1190 2306 1365 2340 homicidio
1386 2305 1515 2345 casuali,
1535 2315 1686 2337 manuum
1710 2304 1926 2337 violentarum

1190 2360 1222 2392 in
1247 2358 1373 2403 quasvis
1398 2368 1555 2402 personas
1574 2357 1669 2390 etiam
1691 2357 1926 2398 ecclesiasticas

1191 2414 1270 2456 (non
1295 2417 1401 2444 tamen
1426 2411 1596 2454 episcopos
1613 2411 1661 2444 vel
1683 2410 1761 2443 alios
1778 2410 1927 2453 superio-

1191 2476 1243 2498 res
1270 2465 1445 2509 praelatos)
1472 2465 1511 2497 de
1537 2463 1712 2507 praeterito
1743 2462 1927 2495 iniectioni-

1191 2519 1264 2560 bus,
1290 2529 1345 2551 seu
1370 2517 1498 2551 consilii
1524 2518 1575 2550 vel
1601 2516 1714 2550 favoris
1730 2516 1770 2549 ad
1787 2516 1818 2549 id
1836 2526 1928 2559 prae-

1192 2572 1383 2605 stationibus
1407 2598 1414 2611 ,
1456 2570 1652 2603 ieiuniorum
1695 2568 1926 2602 omissionibus

1193 2626 1271 2669 (non
1296 2630 1402 2657 tamen
1426 2623 1624 2657 recitationis
1649 2623 1806 2656 horarum
1830 2632 1927 2661 cano-

2221 0 2237 152 l

2231 154 2237 183 i

1928 250 1978 275 An.
1999 248 2028 275 C.
2044 248 2112 276 1663
2228 186 2240 360 Ι

2245 310 2247 334 l

2244 346 2247 363 i

2234 439 2247 511 ἴ

1998 1365 2115 1385 ιίσρηιῑῡτη

1933 1396 2017 1417 quoqne
2024 1391 2118 1416 eligendi

1932 1423 1958 1438 co
1974 1418 2092 1439 [assartum.
