2247 3208
176 248 225 275 An.
246 246 276 275 c.
294 248 361 276 1668
407 240 470 273 626
950 248 1129 272 nontamen
1154 248 1306 274 nomnen

367 298 474 340 gendi,
494 298 525 330 in
545 307 606 340 qua
624 301 698 329 tunc
718 296 816 335 eritis,
834 296 960 338 integre
977 297 1103 339 persol-
1145 296 1222 329 stria
1246 301 1279 330 et
1301 298 1410 332 labore
1444 283 1692 343 quomodolibet
1722 305 1754 334 et
1780 302 1882 335 unde·

365 350 483 383 vendas
500 375 507 388 ‚
532 351 657 381 servata
690 354 795 380 tamen
821 348 923 380 forma
947 348 1103 380 constitu·
1144 359 1295 395 cumque,
1314 350 1402 384 li‘cite
1417 356 1533 391 tamen,
1549 353 1711 396 acquisitis
1729 359 1761 387 et
1777 353 1881 397 acqui·

367 402 461 435 tionis
497 401 597 434 felicis
629 400 862 434 recordationis
893 399 1013 433 Urbani
1045 400 1102 432 Pa·
1122 427 1123 433 ,
1144 402 1264 442 rendis‚
1292 413 1327 436 ac
1352 403 1431 436 alias
1457 404 1551 436 etiam
1577 405 1615 437 de
1641 406 1830 438 muneribus
1848 411 1881 439 ct

1893 252 1943 279 An.
1965 251 1993 279 G.
2012 250 2078 278 1668

211 727 310 749 facultas
325 730 353 748 te·

171 755 247 776 standi.

365 465 426 498 pae
439 454 501 486 Vlll
517 454 778 496 praedecessoris
804 453 906 486 nostri
925 453 1033 496 quoad
1052 463 1103 485 ex-

366 518 492 540 cessum
517 506 698 539 medietatis
729 506 898 547 fructuum,
924 516 1101 547 reservare,

366 560 560 593 constituere
582 564 614 592 et
638 559 801 602 assignare
826 560 965 599 valeant,
993 564 1102 592 aucto-

366 613 460 646 ritate
486 618 518 645 et
544 617 652 645 tenore
690 612 863 655 praedictis
899 613 937 646 de
970 612 1102 655 speciali

367 666 469 709 gratia
494 666 714 708 indulgemus.

410 719 424 761 ἓ
450 717 502 751 10.
529 718 661 751 Necnon
686 719 782 751 etiam
807 720 910 756 vobis,
927 724 961 751 ut
983 719 1022 752 de
1040 729 1102 752 orn-

365 772 460 804 nibus
485 777 516 804 et
533 771 666 814 singulis
682 772 840 811 domibus,
856 772 1009 815 praediis,
1030 781 1103 814 pos-

366 824 577 865 sessionibus,
603 824 698 856 terris
724 830 755 856 et
780 824 879 864 locis,
906 834 942 869 ac
974 824 1103 857 iurisdi-

366 877 538 917 ctionibus,
557 877 740 920 ceterisque
761 877 855 910 bonis
880 876 1054 910 mobilibus
1072 881 1103 909 et

366 929 608 968 immobilibus,
636 940 717 972 quae
743 935 852 962 tamen
878 939 943 961 non
969 929 1033 961 sint
1057 929 1103 961 al-

366 983 442 1016 taris
477 993 534 1015 seu
577 983 724 1016 altarium
765 983 975 1035 ecclesiarum
1012 981 1102 1014 vobis

366 1036 607 1069 commissarum
625 1036 806 1068 ministerio
831 1046 888 1068 seu
910 1035 1004 1067 alicui
1030 1045 1103 1077 spe-

366 1088 438 1121 ciali
464 1089 652 1121 earumdem
677 1088 891 1121 ecclesiarum
913 1087 1019 1120 divino
1038 1088 1102 1120 cul-

366 1141 411 1173 tui
429 1151 486 1173 seu
503 1141 575 1173 usui
597 1142 757 1184 deputata,
774 1151 875 1184 seque
889 1140 1099 1180 moventibus,

365 1194 596 1236 cuiuscumque
623 1193 794 1236 qualitatis,
822 1193 1025 1236 quantitatis.
1051 1203 1103 1225 va-

365 1246 452 1285 loris
479 1246 609 1289 speciei,
636 1246 731 1289 pretii
758 1251 789 1278 et
814 1245 1011 1278 conditionis
1037 1245 1102 1277 exi-

365 1299 542 1339 stentibus,
569 1310 604 1331 ac
637 1299 762 1332 iuribus
792 1304 824 1331 et
856 1298 1036 1331 actionibus
1062 1298 1102 1331 ad

365 1363 421 1384 vos
447 1352 570 1384 ratione
585 1353 804 1393 ecclesiarum,
827 1352 922 1385 etiam
937 1351 1102 1384 cathedra-

364 1405 441 1439 lium
452 1410 482 1438 et
496 1405 825 1448 n‘ietropolitanarum,
837 1405 953 1448 quibus
969 1415 1024 1437 vos
1039 1404 1103 1437 sor-

365 1468 422 1491 san
440 1469 573 1501 praesse
593 1459 778 1501 contigerit,
797 1469 926 1491 necnon
946 1464 1102 1491 monaste-

365 1511 504 1550 riorum,
534 1511 753 1554 prioratuum,
783 1511 1099 1554 praepositurarum,

366 1564 558 1607 dignitatum
594 1570 625 1597 et
661 1564 797 1596 aliorum
823 1574 1101 1607 quorumcumque

364 1617 598 1650 beneficiorum
615 1617 915 1656 ecclesiasticorum,
930 1627 1003 1649 cum
1027 1619 1101 1649 cura

366 1677 397 1704 et
421 1670 490 1703 sine
517 1673 610 1711 cura,
638 1671 832 1703 secularium
857 1676 887 1703 et
914 1671 1100 1713 quorumvis

365 1723 521 1757 Ordinum
538 1723 745 1766 regularium,
763 1733 845 1766 quae
863 1723 958 1756 etiam
976 1734 1011 1755 ex
1031 1723 1101 1766 qui-

364 1777 472 1810 busvis
484 1776 745 1809 concessionibus
759 1782 790 1808 et
803 1776 1100 1819 dispensationibus

366 1829 550 1873 apostolicis
575 1829 608 1861 in
628 1829 769 1869 titulum,
798 1829 1034 1869 commendam,
1048 1830 1102 1862 ad-

365 1883 657 1922 ministrationem,
684 1894 719 1915 ac
744 1882 822 1915 alias
855 1883 1102 1926 quomodolibet

366 1935 581 1974 obtinueritis,
607 1935 759 1968 obtinetis
784 1940 816 1968 et
841 1935 1039 1975 obtinebitis,
1066 1901 1122 1983 ac!

366 1989 534 2026 fruetuum,
556 1988 741 2020 reddituum
760 1993 791 2020 et
816 1994 1032 2030 proventuum
1051 1998 1102 2021 ec-
1120 1987 1123 2015 4ἶ

366 2042 621 2074 clesiasticorum
636 2042 707 2073 loco
719 2040 910 2084 pensionum
924 2051 1102 2073 annuarum

367 2105 464 2138 super
489 2094 645 2126 similibus
670 2094 838 2134 fructibus,
865 2094 1044 2127 redditibus
1071 2082 1123 2143 etl

367 2147 573 2191 proventibus
594 2147 685 2180 vobis
706 2152 948 2179 reservatorum
974 2152 1005 2179 et
1029 2144 1123 2184 assi-i

367 2206 542 2243 gnatarum,
558 2211 593 2232 ac
606 2200 879 2232 reservandoruni
892 2205 924 2233 et
937 2200 1102 2242 assignan-

367 2252 489 2292 darum,
515 2263 594 2294 quos
619 2258 649 2284 et
673 2263 750 2294 quas
775 2252 1004 2295 perceperitis,
1032 2263 1104 2295 per-

368 2305 473 2347 cipitis
493 2310 521 2337 et
540 2304 729 2348 percipietis
753 2305 782 2336 in
805 2305 956 2346 futurum,
975 2315 1101 2338 necnon

368 2358 662 2390 emolumentorum
690 2368 966 2400 (piorumcumquc
988 2358 1103 2390 Roma-

368 2420 427 2442 nae
446 2409 552 2441 curiae
569 2410 759 2451 officiorum,
775 2415 806 2442 et
825 2410 903 2443 alias
925 2410 1102 2453 quomodo-

367 2461 448 2494 libet
485 2463 704 2504 spectantibus
730 2469 761 2495 et
784 2462 1041 2505 pertinentibus,
1067 2473 1103 2495 ac

368 2515 465 2548 etiarn
491 2515 530 2547 de
556 2514 646 2546 dictis
671 2515 889 2557 proventibus,
917 2515 1098 2555 fructibus,

367 2567 546 2601 redditibus
572 2571 603 2599 et
626 2567 835 2609 pensionibus
861 2568 995 2607 annuis,
1027 2578 1102 2601 nec-

368 2630 434 2654 non
458 2622 562 2652 vcstra
588 2624 617 2652 et
644 2618 813 2652 cuiuslibet
838 2626 978 2653 vestrum
1012 2620 1102 2654 indu-

1145 453 1258 487 officiis
1291 465 1374 498 quae
1409 457 1620 489 exercueritis
1646 463 1678 490 et
1702 468 1756 490 vos
1790 469 1881 494 exer-

1145 517 1218 539 cere
1233 507 1416 550 eontigerit,
1436 513 1466 541 et
1494 509 1554 542 alia
1576 509 1685 552 quavis¹
1707 511 1898 543 occasione·

1144 559 1192 592 vel
1224 562 1318 592 causa
1350 571 1407 593 seu
1440 561 1716 604 contemplatione
1749 562 1788 595 ad
1823 573 1879 595 vos

1144 614 1306 654 perventis
1333 619 1365 646 et
1389 614 1604 657 perventuris,
1631 614 1755 648 etiamsi
1781 615 1812 647 in
1829 626 1882 658 pe·

1144 665 1237 698 cunia
1261 669 1430 700 numerata
1455 672 1486 700 et
1517 667 1695 708 localibus,
1722 668 1878 710 gemmis,

1145 718 1280 762 aliisque
1301 720 1548 762 pretiosioribus
1574 721 1672 753 rebus
1690 721 1880 761 consistant,

1146 776 1208 803 tam
1234 772 1267 804 in
1292 773 1377 805 dicta
1402 774 1490 806 curia
1515 784 1611 816 quam
1637 779 1728 807 extra
1748 785 1828 814 eam,
1846 785 1881 806 u-

1144 824 1242 868 bique
1267 826 1433 865 locorum,
1463 827 1559 860 etiam
1591 838 1692 870 penes
1722 827 1880 861 beneficia

1144 877 1215 919 ipsa
1239 878 1450 911 existentibus
1471 879 1622 922 (quorum
1644 880 1788 913 omnium
1804 891 1882 923 qua-

1145 929 1250 962 litates
1276 935 1308 962 et
1331 941 1424 963 veros
1449 931 1544 964 etiam
1577 942 1702 965 annuos
1733 933 1878 973 valores,

1145 982 1270 1015 etiamsi
1289 983 1364 1016 talia
1389 984 1495 1017 forent
1512 995 1593 1027 quae
1612 986 1757 1028 generali
1774 987 1881 1029 appel-

1144 1035 1264 1068 latione
1289 1036 1451 1069 honorum
1469 1043 1501 1070 et
1524 1039 1796 1081 suppellectilium
1813 1050 1880 1072 non

1144 1088 1299 1129 venirent,
1325 1090 1381 1122 sed
1405 1090 1599 1132 specialibus
1623 1090 1810 1133 indigerent
1829 1102 1882 1124 vo-

1144 1141 1274 1182 cabulis,
1301 1144 1540 1186 praesentibus,
1565 1154 1599 1176 ac
1625 1145 1650 1177 si
1675 1144 1824 1188 specifice
1849 1150 1882 1178 et

1144 1194 1330 1237 singillatim
1356 1196 1620 1239 exprimerentur
1644 1201 1676 1230 et
1696 1197 1881 1231 denomina-

1144 1252 1265 1286 rentur,
1284 1258 1342 1290 pro
1368 1247 1568 1281 sufficienter
1585 1250 1749 1292 expressis
1767 1252 1803 1282 ac
1830 1250 1881 1283 de·

1144 1299 1271 1332 claratis
1296 1300 1410 1333 haberi
1435 1301 1598 1345 volumus)
1616 1312 1720 1345 usque
1743 1303 1780 1335 ad
1799 1313 1882 1335 sum-

1144 1362 1227 1384 mam
1252 1363 1306 1384 sex
1333 1353 1470 1386 millium
1506 1354 1699 1386 ducatorum
1736 1354 1805 1387 auri
1840 1355 1880 1387 de

1144 1406 1279 1443 camera,
1299 1416 1335 1438 ac
1358 1406 1455 1438 etiam
1474 1406 1512 1438 de
1530 1406 1607 1448 ipsis
1626 1407 1790 1447 fructibus,
1808 1407 1882 1440 red-

1145 1457 1265 1490 ditibus
1296 1463 1327 1490 et
1359 1459 1572 1501 proventibus
1605 1464 1636 1492 et
1667 1459 1880 1502 pensionibus

1144 1510 1260 1543 debitis
1274 1516 1305 1543 et
1326 1511 1493 1551 debendis,
1508 1514 1631 1544 servata
1648 1517 1755 1544 tamen
1778 1512 1881 1546 forma

1143 1563 1414 1595 constitutionum
1439 1563 1689 1606 apostolicarum
1718 1564 1782 1596 iam
1813 1564 1881 1597 edi-

1144 1621 1258 1656 tarum,
1286 1620 1317 1648 et
1341 1615 1367 1648 si
1392 1626 1470 1659 quas
1493 1616 1646 1660 deinceps
1664 1616 1715 1649 edi
1733 1617 1880 1660 contige-

1143 1668 1183 1700 rit
1207 1679 1303 1711 super
1327 1668 1481 1701 fructibus
1506 1669 1682 1709 inexactis‚
1709 1669 1807 1702 etiam
1825 1680 1881 1702 cu-

1143 1721 1302 1761 mulative,
1329 1732 1400 1753 cum
1436 1721 1601 1764 quibusvis
1626 1721 1696 1754 aliis
1721 1722 1880 1756 similibus

1144 1774 1193 1806 vel
1226 1773 1433 1806 dissimilibus
1466 1774 1670 1807 facultatibus
1704 1774 1823 1808 habitis
1849 1780 1881 1808 et

1144 1827 1312 1867 habendis,
1338 1832 1401 1859 tam
1426 1837 1485 1871 pro
1511 1827 1699 1860 decentibus
1725 1832 1756 1860 et
1777 1828 1880 1861 hone-

1144 1880 1199 1912 stis
1223 1878 1379 1922 impensis
1416 1880 1627 1919 funebribus,
1655 1877 1751 1923 quam
1783 1880 1879 1914 etiarn

1143 1944 1201 1976 pro
1227 1932 1490 1965 remuneratione
1523 1933 1669 1973 illorum,
1704 1933 1759 1976 qui
1791 1933 1880 1966 vobis

1144 1985 1324 2018 viventibus
1347 1984 1526 2024 servierint,
1543 1984 1640 2017 etiam
1659 1986 1744 2017 ultra
1760 1985 1879 2018 servitii

1145 2039 1315 2078 meritum,
1342 2048 1378 2070 ac
1403 2037 1435 2069 in
1467 2043 1651 2070 vestrorum
1686 2039 1881 2081 consangui-

1144 2102 1282 2125 neorum
1307 2096 1338 2124 et
1368 2090 1511 2123 affinium
1536 2100 1572 2122 ac
1603 2100 1879 2134 quorumcumque

1144 2145 1271 2188 piorum
1295 2145 1443 2177 locorum
1473 2144 1615 2175 savorem
1648 2148 1680 2175 et
1702 2153 1815 2185 usum,
1843 2155 1880 2177 ac

1145 2198 1221 2231 alias
1245 2206 1304 2240 pro
1331 2195 1464 2229 arbitrio
1481 2201 1512 2228 et
1527 2197 1692 2228 voluntate
1717 2196 1831 2229 vestris
1850 2202 1882 2230 et

1145 2249 1315 2283 cuiuslibet
1339 2254 1483 2281 vestrum
1504 2248 1672 2288 absolutis,
1698 2249 1821 2290 testari,
1849 2255 1881 2282 et

1145 2308 1335 2336 testamento
1352 2330 1359 2342 ,
1386 2301 1564 2341 codicillis,
1590 2301 1850 2335 fideicommissis
1870 2330 1877 2344 ,

1144 2355 1279 2399 legatis,
1315 2354 1547 2388 donationibus
1581 2360 1645 2387 tam
1678 2354 1765 2388 inter
1793 2355 1879 2389 vivos

1145 2419 1241 2452 quam
1266 2409 1364 2440 causa
1387 2407 1507 2447 mortis,
1527 2413 1559 2440 et
1581 2407 1651 2440 aliis
1672 2408 1881 2451 quibuscum-

1145 2472 1205 2505 que
1230 2460 1333 2493 modis
1352 2466 1384 2493 et
1400 2460 1511 2501 titulis,
1532 2461 1687 2504 scriptura
1709 2461 1804 2494 etiam
1822 2461 1880 2493 mi-

1145 2525 1203 2547 nus
1229 2514 1358 2547 solenni
1394 2524 1502 2547 coram
1535 2514 1662 2547 duobus
1695 2515 1744 2547 vel
1778 2514 1878 2548 tribus

1145 2567 1295 2606 testibus,
1321 2571 1375 2599 aut
1407 2566 1504 2599 ctiam
1535 2568 1647 2600 cedula
1680 2569 1749 2601 sola
1782 2578 1879 2600 manu

1143 2622 1246 2654 vestra
1272 2619 1390 2664 scripta
1415 2621 1464 2654 vel
1489 2621 1683 2665 subscripta,
1702 2627 1733 2655 et
1749 2621 1827 2655 alias
1847 2623 1879 2655 in
