2247 3208
221 249 268 273 An.
291 246 316 271 e',
344 243 407 270 1662

253 1465 365 1484 Decretum
381 1470 407 1483 tr·

303 2150 415 2176 Dei-agano

236 2178 394 2198 contrariorum.

453 233 494 266 56

419 290 549 324 veribus
576 290 607 319 et
631 282 741 327 gratiis
767 277 924 324 prosequi
950 278 1109 315 volentes,
1123 279 1154 307 et

420 356 436 377 a
462 339 625 386 quibusvis
645 329 991 369 excommunicationis
1013 338 1153 372 suspen-

419 394 520 429 sionis
530 399 561 426 et
578 388 749 428 interdicti,
765 386 901 429 aliisque
921 381 1150 416 ecelesiasticis

419 440 760 485 sententiis,censuris
787 444 819 472 et
842 437 967 481 poenis,
983 446 1000 468 a
1018 435 1086 467 iure
1101 436 1151 468 vel

418 502 457 533 ab
483 497 628 535 homine,
654 493 764 538 quavis
790 490 961 525 occasione
980 490 1030 522 vel
1056 490 1152 521 eausa

418 552 499 591 latis,
519 550 544 583 si
563 549 678 593 quibus
705 543 952 590 quomodolibet
974 542 1150 574 innodatus

419 603 535 644 existit,
553 603 591 635 ad
611 600 760 634 effectum
785 595 1008 641 praesentium
1028 595 1153 627 dumta-

418 662 472 690 xat
495 653 772 698 consequendum,
792 651 907 683 harum
934 648 1018 681 serie
1045 648 1153 680 absol-

419 714 533 743 ventes
567 713 598 740 et
629 706 816 739 absolutum
852 702 920 734 sore
953 705 1150 740 censentes,

422 758 714 805 suppliCationibus
725 755 792 789 eius
802 754 934 788 nomine
945 753 1038 786 nobis
1054 763 1153 796 super

420 817 482 849 hoe
507 813 674 847 humiliter
690 809 854 854 porrectis
879 807 1034 847 inclinati,
1057 817 1153 850 prae-

420 868 576 901 insertam
601 866 737 898 sormam
763 873 780 895 a
804 865 985 894 memorato
1011 859 1152 903 capitulo

420 919 564 963 generali
589 928 649 962 pro
674 915 833 949 electione
855 913 1072 947 discretorum
1098 922 1153 945 vo-

420 975 536 1007 calium
554 971 684 1016 capituli
700 968 862 1013 generalis
880 965 1151 1010 Congregationis

419 1027 583 1072 praefatae
609 1026 724 1058 saetam
742 1034 778 1055 ac
796 1021 973 1054 stabilitam
999 1025 1033 1052 ut
1057 1029 1153 1063 prae-

420 1082 538 1120 fertur,
571 1076 762 1112 auctoritato
795 1073 1003 1118 apostoliea,
1038 1077 1151 1105 tenore

419 1132 652 1177 praesentium,
676 1129 908 1163 confirmamus
935 1132 967 1159 et
990 1125 1153 1169 approba-

421 1198 500 1227 mus,
520 1185 632 1228 illique
658 1181 854 1216 inviolabilis
880 1179 1079 1224 apostolicae
1100 1177 1154 1210 fir-

421 1239 539 1273 mitatis
569 1239 669 1272 robur
701 1235 884 1275 adurimus,
912 1245 948 1267 ae
981 1243 1096 1266 omncs
1123 1237 1154 1265 ct

421 1294 567 1337 singulos
593 1292 672 1324 iuris
698 1295 730 1324 et
755 1289 827 1323 sacti
854 1289 1018 1327 desectus,
1045 1286 1071 1319 si
1098 1285 1153 1329 qui

423 1347 564 1390 desuper
603 1342 850 1388 quomodolibet
887 1339 1151 1380 intervenerint,

423 1400 623 1443 supplemus.

466 1452 480 1495 g
504 1451 535 1485 3.
558 1451 778 1483 Deeernentes
804 1447 935 1481 easdem
961 1451 1153 1491 praesentes

423 1506 547 1539 litteras
580 1514 712 1547 semper
743 1502 852 1535 firmas
877 1500 1000 1534 validas
1032 1505 1063 1533 et
1087 1498 1155 1532 esti-

424 1569 516 1591 caees
530 1558 667 1590 existere
683 1561 715 1589 et
728 1556 806 1596 sore,
826 1565 970 1598 suosque
988 1552 1154 1597 plenarios

425 1616 456 1644 et
479 1611 624 1652 integros
651 1608 782 1642 effeetus
805 1607 914 1641 sortiri
940 1612 972 1640 et
996 1606 1154 1646 obtinere,

425 1676 461 1697 ae
479 1665 517 1696 ab
535 1663 608 1703 illis,
627 1663 665 1695 ad
688 1673 768 1705 quos
794 1665 921 1705 spectat
946 1665 977 1693 et
1000 1670 1060 1704 pro
1076 1664 1156 1692 tem-

425 1728 504 1761 pore
531 1716 705 1759 spectabit,
733 1719 895 1758 perpetuo
926 1713 1157 1747 inviolabiliter

426 1769 617 1809 observari;
652 1769 763 1812 sicque
800 1768 833 1800 in
869 1766 1060 1811 praemissis
1097 1777 1158 1810 per

427 1834 650 1867 (pioscumque
675 1822 798 1855 indices
832 1820 1015 1854 ordinarios
1046 1825 1078 1853 et
1103 1820 1158 1853 de-

426 1877 560 1919 legatos,
579 1875 674 1908 etiarn
694 1885 865 1908 causarum
891 1874 1001 1918 palatii
1027 1879 1158 1917 aposto-

427 1928 478 1961 lici
493 1928 671 1968 auditores,
685 1927 820 1960 indicari
835 1933 866 1960 et
880 1926 1007 1960 definiri
1026 1927 1156 1966 debere,

429 1992 466 2014 ac
491 1980 616 2013 irritum
642 1986 674 2013 et
697 1980 792 2013 inane
819 1980 843 2013 si
868 1991 961 2013 secus
987 1979 1158 2023 superbis

429 2045 445 2067 a
471 2045 646 2077 quoquam,
664 2034 775 2077 quavis
793 2033 996 2072 auctoritate,
1017 2032 1159 2065 scienter

430 2088 479 2120 vel
505 2087 702 2130 ignoranter,
729 2086 900 2129 eontigerit
927 2085 1090 2119 attentari.

474 2141 488 2183 ξ
507 2140 537 2172 4.
558 2140 626 2173 Non
652 2141 856 2172 obstantibus
872 2139 1158 2172 constitutioniluls

432 2199 464 2226 et
487 2193 746 2226 ordinationilms
772 2193 980 2236 apostolicis,
1013 2203 1158 2233 necnon,

432 2251 590 2289 quatenus
614 2256 696 2288 opus
723 2246 783 2286 sit,
803 2246 906 2278 dietae
928 2245 1161 2288 Congregatio-

432 2299 480 2331 nis
500 2298 634 2341 eiusque
660 2297 902 2341 provinciarum
922 2303 954 2329 et
976 2298 1158 2338 domorum,

431 2350 669 2394 quantumlibet
682 2350 776 2383 etiam
787 2350 980 2391 iuramento,
992 2350 1162 2384 confirma-

431 2404 518 2437 tione
534 2403 722 2447 apostolica,
735 2405 784 2436 vel
803 2404 913 2447 quavis
933 2403 1083 2437 firmitate
1101 2403 1163 2437 alia

432 2456 612 2497 roboratis,
642 2456 765 2489 statutis
796 2462 827 2489 et
852 2457 1161 2498 consuetudinibus,

432 2510 611 2555 privilegiis
638 2521 788 2554 quoque,
819 2510 951 2543 indultis
982 2517 1014 2544 et
1044 2511 1162 2545 litteris

434 2564 632 2608 apostolicis,
647 2565 678 2596 in
696 2564 892 2596 eontrarium
907 2565 1163 2608 praemissorum

436 2617 683 2661 quomodolibet
707 2616 892 2658 concessis,
919 2617 1107 2661 approbatis
1134 2624 1165 2651 et

990 225 1171 252 BULLARIUM
1194 224 1346 250 ROnANt'M

1187 274 1363 314 innovatis,
1392 273 1510 317 quibus
1537 275 1687 307 omnibns
1716 280 1748 308 et
1773 276 1920 319 singulis,

1186 326 1316 360 illorum
1343 331 1474 359 tenores
1499 327 1728 370 praesentibus
1749 339 1808 372 pro
1823 330 1920 372 plene

1186 385 1217 412 et
1247 379 1449 412 sufficienter
1480 380 1644 422 expressis
1677 391 1712 413 ae
1748 381 1786 413 de
1820 382 1921 414 verbo

1185 434 1224 466 ad
1249 434 1385 466 verbnm
1413 433 1543 466 insertis
1570 434 1739 475 habentes,
1759 434 1823 468 illis
1842 435 1920 468 alias

1185 485 1217 518 in
1240 497 1301 519 suo
1333 487 1453 519 robore
1483 487 1728 530 permansuris,
1756 488 1794 520 ad
1827 499 1922 531 prae-

1186 540 1362 573 missorum
1381 538 1541 580 ess'eetum,
1568 540 1628 572 hae
1654 539 1723 573 vice
1743 541 1918 582 duntaxat,

1186 593 1374 636 specialiter
1398 597 1431 626 et
1455 603 1610 636 expresse
1630 593 1846 635 derogamus,
1869 605 1921 626 cc—

1186 646 1330 689 terisque
1356 646 1528 678 contrariis
1551 646 1823 689 quibuscumque.

1229 698 1298 742 §5
1333 699 1486 732 Volumus
1521 705 1629 732 autem
1659 705 1694 732 ut
1729 700 1920 733 earumdem

1186 752 1409 796 praesentium
1452 753 1634 785 litterarum
1677 754 1891 796 transumptis
1912 782 1918 794 ,

1187 804 1283 837 etiam
1311 805 1490 848 impressis,
1517 816 1614 838 mann
1640 805 1776 838 alieuius
1802 806 1919 839 notarii

1186 858 1307 901 publici
1333 858 1526 902 subscriptis
1560 864 1592 892 et
1624 859 1731 902 sigillo
1757 871 1920 903 personae

1186 910 1218 943 in
1237 911 1458 944 ecelesiastica
1477 911 1632 954 dignitate
1645 912 1839 945 constitutae
1853 924 1922 945 mu-

1187 963 1271 1004 nitis,
1292 964 1405 997 eadem
1424 974 1561 1007 prorsus
1580 964 1661 997 sides
1687 965 1807 1008 ubique
1833 967 1922 998 loce-

1187 1027 1267 1057 rum,
1294 1023 1357 1050 tam
1384 1017 1416 1049 in
1441 1017 1562 1049 indicio
1588 1028 1684 1061 quam
1711 1023 1798 1051 extra
1820 1019 1920 1059 illud,

1187 1069 1402 1110 adhibeatur,
1437 1080 1521 1113 quae
1556 1069 1707 1113 ipsismet
1742 1072 1923 1114 praesenti-

1187 1124 1245 1156 bus
1264 1124 1488 1164 adhiberetur,
1513 1123 1538 1156 si
1560 1124 1668 1157 forent
1688 1124 1850 1158 exhibitae
1872 1126 1921 1160 vet

1188 1182 1352 1210 ostensae.

1229 1229 1341 1263 Datum
1367 1230 1503 1270 Itomae,
1531 1231 1615 1273 apud
1646 1230 1676 1263 S.
1705 1231 1835 1263 Mariam
1861 1232 1922 1264 Ma-

1187 1283 1308 1324 iorem,
1336 1284 1394 1316 snb
1427 1284 1546 1316 annulo
1579 1284 1753 1317 Piscatoris
1803 1285 1853 1317 die
1881 1296 1921 1318 xn

1768 1312 1775 1325 7

1188 1336 1312 1380 augusti
1338 1346 1481 1377 nnetxu,
1505 1337 1713 1380 pontificatus
1739 1338 1843 1371 nostri
1869 1348 1922 1370 an-

1188 1400 1229 1422 110
1254 1400 1323 1423 VIII.

1222 1451 1283 1478 Dat.
1305 1451 1348 1478 die
1371 1451 1401 1479 12
1421 1451 1527 1486 angusti
1547 1451 1627 1485 1662,
1645 1451 1738 1487 pontif.
1761 1460 1804 1479 an.
1827 1447 1880 1478 int.

1518 1594 1603 1628 CDII.

1192 1676 1399 1718 Confirmatio
1432 1675 1628 1708 decretorum
1663 1680 1692 1708 et
1727 1681 1921 1709 statutorum

1233 1740 1330 1772 saper
1354 1730 1559 1762 institutione
1583 1734 1611 1761 et
1637 1729 1726 1771 felici
1750 1729 1926 1762 directione

1234 1786 1404 1815 couvtntzts
1429 1782 1465 1814 in
1494 1782 1662 1825 provincia
1693 1782 1837 1815 Romami
1868 1792 1926 1824 pro

1235 1846 1354 1868 secessu
1385 1836 1528 1877 fratrum
1560 1835 1727 1867 Minorem
1755 1835 1928 1867 strictioris

1235 1888 1453 1922 observantiae
1475 1887 1608 1922 Ordinis
1631 1889 1736 1920 sancti
1758 1888 1928 1920 Francisci

1235 1943 1275 1975 ab
1300 1942 1551 1975 ernineutz'ssimo
1580 1946 1756 1984 protectore
1784 1941 1928 1973 eiusdem

1238 1994 1382 2034 Ordinis,
1405 1995 1439 2027 in
1464 1995 1529 2027 vim
1548 1995 1716 2037 faesulana
1741 1994 1804 2026 sitsi
1824 2004 1842 2026 a
1861 2004 1929 2026 con-

1236 2048 1423 2091 yreyatione
1443 2047 1661 2090 episcoporum
1679 2051 1706 2079 el
1724 2046 1928 2089 reyalartam

1237 2111 1408 2138 concessae,
1424 2100 1460 2133 cle
1481 2104 1549 2133 voto
1573 2099 1691 2132 vicarii
1707 2099 1870 2141 yeneratis
1883 2109 1929 2131 ro-

1236 2155 1450 2198 formator'um
1471 2164 1507 2185 ac
1531 2152 1676 2185 ministri
1694 2152 1855 2195 gyenerate's
1883 2151 1930 2184 ‹ti-

1237 2207 1281 2240 ctc'
1306 2207 1439 2241 Ordinis
1458 2207 1617 2249 factorum
1643 2210 1670 2238 et
1695 2203 1881 2238 alsteram&

1388 2286 1555 2313 Alexander
1575 2286 1653 2319 Papa
1672 2286 1734 2317 vll,

1335 2331 1371 2359 ad
1390 2331 1523 2357 futuram
1542 2330 1587 2357 rei
1609 2330 1789 2357 memoriam.

1238 2401 1403 2436 Ecclesiae
1422 2401 1603 2435 catholicae
1627 2400 1787 2444 regimini,
1806 2399 1931 2433 meritis

1196 2455 1477 2500 li‹2·cti1nparibuS‚
1490 2455 1596 2488 dlvina
1611 2454 1824 2498 dispositione
1837 2463 1932 2497 prae-

1197 2511 1353 2550 sidentes,
1372 2509 1437 2550 illa,
1458 2520 1539 2553 qnae
1564 2520 1624 2553 pro
1650 2507 1736 2542 felici
1761 2507 1933 2551 religioso-

1234 2627 1243 2653 1
1268 2625 1305 2653 Ex
1322 2625 1427 2661 aegest.
1444 2624 1471 2651 in
1487 2625 1588 2651 Secret.
1607 2623 1686 2650 Brev.

1933 228 1982 254 An.
2004 227 2030 254 (ἶ.
2048 228 2116 255 11362

1973 711 1995 731 Ti
2002 718 2033 730 ,ιιῑ-
2041 714 2121 738 :nupto-

1938 743 1982 758 rum
1998 738 2055 758 tides.

1974 2406 2107 2428 menemus
