2247 3208
102 224 153 251 An.
176 223 202 250 C.
223 222 290 250 1665

293 270 353 304 bus
390 268 550 302 favoribus
583 272 615 300 et
646 267 756 309 gratiis
789 268 942 310 prosequi
977 277 1030 300 vo-

294 323 409 362 lentes,
435 327 467 355 et
492 332 603 354 eorum
629 321 807 363 singulares
834 331 989 363 personas
1012 332 1028 353 a

293 375 457 418 quibusvis
479 373 827 410 excommunicationis,
842 374 1030 415 suspensio-

293 428 342 461 nis
368 433 399 460 et
429 427 609 466 interdicti,
636 427 770 469 aliisque
803 425 1027 458 ecclesiasticis

292 481 473 521 sententiis,
491 480 636 513 censuris
655 486 687 513 et
711 480 834 523 poenis,
853 490 870 512 a
891 479 958 511 iure
976 480 1025 511 vel

292 533 331 566 ab
357 533 498 572 homine,
524 532 633 575 quavis
665 532 832 564 occasione
857 532 905 564 vel
931 533 1026 563 causa

290 586 373 627 latis,
395 587 420 618 si
447 587 562 630 quibus
581 585 828 629 quomodolibet
852 584 1025 617 innodatae

292 639 440 678 existunt,
466 640 505 672 ad
530 638 676 672 effectum
693 638 917 681 praesentium
937 637 1026 669 dum-

292 697 376 725 taxat
408 691 689 733 consequendum,
716 690 830 722 harum
862 689 945 722 serie
971 689 1025 721 ab·

289 745 453 777 solventes
488 750 520 776 et
547 744 710 776 absolutas
737 743 804 776 sore
830 748 1022 783 censentes,

288 796 475 830 huiusmodi
501 796 791 839 supplicationibus
817 795 1022 835 inclinati,de

289 854 537 882 memoratorum
562 849 773 881 cardinalium
799 849 952 887 consilio,
979 853 1024 881 at-

287 901 386 933 tentis
419 901 580 940 narratis,
605 911 640 933 ac
665 901 776 934 audito
807 912 864 944 per
889 901 1021 933 eosdem

287 953 468 987 cardinales
495 954 610 987 dilecto
635 953 757 996 pariter
781 953 846 986 tilio
872 963 1023 997 procura-

287 1012 357 1040 tore
375 1007 517 1049 generali
536 1005 663 1039 Ordinis
685 1006 881 1043 huiusmodi,
902 1017 1022 1039 memo-

287 1065 373 1092 ratas
409 1059 528 1092 Urbani
565 1059 827 1102 praedecessoris
864 1059 1021 1092 informa

287 1112 397 1146 Brevis
415 1112 536 1145 litteras
563 1112 648 1144 iuxta
667 1112 794 1145 illarum
814 1118 958 1145 tenorem
976 1112 1022 1144 in-

285 1165 480 1198 violabiliter
505 1164 621 1207 exequi
647 1169 678 1197 et
703 1164 885 1204 observari,
913 1170 1023 1197 aucto-

285 1218 380 1250 ritate
405 1218 605 1261 apostolica,
639 1222 752 1250 tenore
782 1217 1019 1261 praesentium,

285 1271 485 1304 mandamus.

327 1324 342 1367 ᾗ
366 1323 398 1357 3.
424 1323 641 1355 Decernentes
673 1322 804 1355 easdem
832 1328 1021 1366 praesentes

284 1376 406 1410 litteras
438 1386 567 1419 semper
598 1376 725 1416 firmas,
751 1376 872 1408 validas
898 1382 929 1409 et
954 1377 1020 1409 effi-

283 1439 374 1462 caces
395 1429 532 1461 existere
552 1433 583 1460 et
600 1429 678 1468 sore,
698 1439 836 1471 suosque
854 1429 1021 1472 plenarios

282 1487 314 1515 et
337 1482 483 1524 integros
509 1480 639 1514 effeetus
665 1481 773 1513 sortiri
800 1486 831 1513 et
856 1482 1018 1517 obtinere,

280 1545 317 1568 ac
342 1535 413 1574 illis,
429 1535 467 1567 ad
493 1544 573 1577 quos
600 1539 725 1577 spectat
742 1540 773 1566 et
793 1545 851 1577 pro
871 1540 1016 1578 tempore

281 1587 455 1632 spectabit,
482 1587 671 1631 plenissime
697 1586 878 1630 sull‘ragarI,
905 1588 1016 1631 sicque

280 1640 312 1673 in
333 1640 522 1684 praemissis
548 1650 610 1682 per
640 1650 861 1683 quoscumque
891 1640 1015 1673 iudices

281 1692 466 1726 ordinarios
485 1698 517 1725 et
534 1693 711 1734 delegatos,
732 1692 826 1725 etiam
846 1704 1015 1726 causarum

280 1745 391 1790 palatii
418 1745 588 1789 apostolici
614 1745 799 1785 auditores,
830 1745 966 1778 iudicari
987 1752 1018 1778 et

282 1798 411 1832 deliniri
430 1799 563 1838 debere,
580 1809 615 1831 ac
634 1798 759 1830 irritum
771 1804 803 1830 et
815 1798 910 1830 inane
926 1798 952 1831 si
967 1809 1018 1831 se-

283 1863 340 1886 cus
365 1862 466 1895 super
491 1852 541 1884 his
572 1862 588 1883 a
614 1862 797 1894 quoquam,
825 1851 936 1894 quavis
963 1863 1017 1884 au-

283 1906 443 1944 ctoritate,
474 1905 618 1937 scienter
648 1906 698 1937 vel
721 1904 919 1947 ignoranter,
946 1915 1017 1937 con-

282 1958 395 2001 tigerit
419 1957 582 1991 attentari.

325 2012 339 2055 5
364 2011 395 2044 4.
422 2011 493 2044 Non
525 2010 727 2043 obstantibus
756 2011 955 2054 praemissis,
981 2022 1017 2044 ac

281 2064 567 2098 constitutionibus
593 2069 623 2097 et
648 2064 908 2097 ordinationibus
941 2075 1017 2107 apo-

280 2118 419 2158 stolicis,
446 2127 574 2149 necnon
600 2117 748 2149 omnibus
768 2123 797 2149 et
824 2117 960 2159 singulis
984 2117 1016 2150 il-

278 2171 329 2211 lis,
353 2181 433 2214 quae
453 2171 484 2202 in
509 2170 662 2213 praefatis
682 2169 801 2201 Urbani
826 2170 1016 2212 praedeees-

278 2224 360 2257 soris
377 2224 494 2256 litteris
511 2234 668 2256 concessa
686 2229 761 2255 sunt
785 2233 850 2255 non
875 2223 1014 2263 obstare,

278 2278 460 2321 ceterisque
485 2277 656 2310 contrariis
678 2277 946 2320 quibuscumque.

321 2330 435 2363 Datum
462 2330 597 2370 Romae,
624 2331 711 2373 apud
737 2330 767 2362 S.
796 2330 927 2362 Mariam
952 2330 1014 2363 Ma-

277 2384 381 2417 iorem
399 2410 406 2424 ,
433 2384 493 2416 sub
519 2384 642 2416 annulo
675 2383 850 2416 piscatoris
867 2410 874 2423 ,
907 2383 957 2416 die
982 2394 1012 2417 xl

277 2436 472 2480 septembris
497 2445 646 2475 Μυῡικν,
673 2434 881 2478 pontificatus
907 2436 1012 2468 nostri

278 2499 365 2522 auno
389 2499 432 2521 Χῖ.

313 2551 374 2586 Dat.
395 2551 438 2578 die
453 2551 482 2578 11
506 2550 669 2586 septembris
686 2550 763 2584 1665,
779 2550 873 2586 pontif.
891 2558 961 2578 anno
977 2557 1010 2577 xl.

119 1338 230 1359 Decretum
247 1337 273 1358 ir·

91 1366 165 1386 riuus.

156 2023 270 2049 Derogatiu

87 2051 247 2071 contrariorum.

893 219 1034 243 ALEXAND
1041 219 1078 243 En
1102 220 1145 244 Vll
1170 220 1217 244 1¹1³.

1379 268 1495 302 vatt.

1072 347 1282 389 Confirmatio
1299 349 1520 391 quorumdam
1537 348 1733 382 decretorum
1751 351 1808 382 cir-

1113 409 1149 431 ca
1161 401 1371 442 professiones
1384 405 1413 433 et
1432 401 1596 434 electiones
1609 403 1644 434 in
1662 403 1806 444 capitulo

1111 453 1308 494 provinciali
1339 455 1441 495 saclas
1470 455 1657 496 provinciae
1692 455 1723 488 S.
1752 456 1807 489 El-

1111 505 1221 540 marii,
1242 515 1297 537 seu,
1314 506 1527 548 Aquitaniae,
1546 508 1807 549 conyreyntiom's

1112 556 1240 590 Galliae
1275 559 1363 589 tertii
1395 557 1528 591 Ordinis
1558 560 1663 592 sancti
1687 559 1797 593 Fran-

1111 610 1187 641 cisci
1200 609 1219 642 ¹.

1259 681 1423 708 Alexander
1442 681 1520 714 Papa
1539 681 1608 714 vu,

1203 725 1237 750 ad
1259 724 1393 751 futuram
1416 725 1461 752 rei
1481 727 1650 753 memoriam

1109 793 1123 837 g
1151 793 1179 826 1.
1207 793 1329 837 Exponi
1364 795 1457 828 nobis
1488 806 1592 839 nuper
1621 795 1695 830 fecit
1721 799 1801 832 dile·
1838 807 1954 834 Emonam.

1041 859 1045 868 ¹
1066 851 1134 879 ctus
1161 846 1246 879 fitius
1271 847 1456 890 Stephanus
1482 859 1498 881 a
1524 849 1689 890 Moissaco,
1706 851 1802 885 frater

1066 909 1218 942 expresse
1244 900 1412 943 professus
1431 912 1467 934 ac
1492 902 1523 934 in
1548 902 1692 936 Romana
1711 902 1806 937 curia

1066 958 1260 996 procurator
1291 953 1478 996 provinciae
1512 955 1542 987 S.
1577 955 1711 989 Elzearii
1745 968 1801 991 seu

1064 1006 1253 1049 Aquitaniae
1280 1008 1542 1049 congregationis
1567 1008 1687 1042 Galliae
1714 1011 1799 1044 tertii

1063 1058 1191 1091 Ordinis
1221 1059 1320 1091 sancti
1356 1059 1538 1100 Francisci,
1565 1062 1650 1104 quod
1676 1063 1754 1096 alias
1781 1075 1798 1097 a

1064 1111 1316 1154 congregatione
1338 1113 1571 1146 venerabilium
1589 1114 1721 1148 fratrum
1742 1126 1799 1150 no-

1064 1170 1203 1197 strorum
1225 1171 1352 1198 sanctae
1378 1166 1540 1200 Romanae
1558 1167 1721 1202 Ecclesiae
1735 1180 1798 1202 car-

1064 1217 1218 1250 dinalium
1230 1218 1369 1260 negotiis
1386 1224 1417 1251 et
1429 1220 1716 1254 consultationibus
1731 1222 1798 1266 epi·

1064 1280 1234 1313 scoporum
1256 1276 1287 1302 et
1302 1271 1500 1313 regularium
1518 1273 1702 1315 praeposita
1715 1275 1798 1308 circa

1064 1323 1220 1366 quasdam
1255 1323 1477 1366 professiones
1519 1334 1536 1356 a
1577 1325 1798 1367 superioribus

1064 1377 1223 1419 praefatae
1240 1376 1423 1419 provinciae
1442 1376 1633 1420 Aquitaniae
1659 1383 1798 1421 potesta-

1064 1434 1127 1461 tem
1150 1429 1325 1472 legitimam
1343 1439 1407 1462 non
1433 1429 1627 1463 habentibus
1653 1437 1798 1475 accepta—

1064 1487 1120 1522 tas,
1138 1492 1173 1514 ac
1192 1481 1287 1514 etiam
1307 1482 1392 1514 circa
1417 1482 1590 1515 electiones
1610 1482 1641 1515 in
1659 1484 1796 1526 capitulo

1062 1534 1252 1577 provinciali
1277 1534 1461 1577 provinciae
1496 1535 1679 1568 huiusmodi
1711 1546 1794 1570 anno

1062 1587 1207 1628 proxime
1234 1587 1344 1629 elapso
1375 1586 1408 1618 in
1440 1592 1602 1619 conventu
1636 1587 1795 1622 Tolosano

1061 1640 1248 1672 anctoritate
1273 1639 1451 1683 apostolica
1475 1641 1646 1680 celebrato,
1668 1642 1718 1674 cui
1743 1653 1795 1675 ve·

1061 1693 1215 1726 nerabilis
1242 1693 1341 1725 frater
1358 1693 1529 1737 episcopus
1554 1694 1795 1728 Lumbariensis

1060 1746 1234 1789 praesedit,
1249 1746 1353 1786 factas,
1370 1752 1563 1779 emanarunt
1576 1748 1638 1780 duo
1657 1748 1792 1789 decreta,

1060 1809 1195 1842 quorum
1222 1799 1325 1842 primo
1353 1800 1484 1842 quidem
1509 1800 1568 1832 sub
1593 1801 1644 1832 die
1667 1811 1718 1834 xiv
1739 1802 1794 1834 de·

1060 1852 1197 1885 eembris
1223 1862 1366 1885 nnchut
1392 1854 1557 1885 decretum
1584 1853 1656 1893 suit,
1685 1854 1795 1887 huius-

1060 1906 1145 1938 modi
1172 1905 1305 1938 nulliter
1329 1906 1494 1948 professos
1519 1906 1557 1938 ad
1583 1916 1697 1940 novam
1724 1917 1796 1950 pro·

1060 1957 1234 1990 sessionem
1251 1958 1368 1990 debere
1387 1958 1519 1998 admitti,
1539 1969 1604 1997 eos,
1624 1958 1690 2001 qui,
1709 1959 1793 1992 iuxta

1059 2012 1122 2043 late
1155 2010 1301 2053 exposita
1337 2010 1368 2042 in
1403 2011 1542 2053 supplici
1574 2011 1685 2044 libello
1719 2017 1794 2044 tunc

1059 2070 1253 2096 memoratae
1294 2063 1506 2096 cardinalium
1549 2064 1793 2106 congregationi

1058 2123 1220 2160 porrecto,
1244 2117 1380 2160 professi
1406 2122 1499 2149 erant
1523 2121 1553 2150 et
1577 2116 1720 2160 profiteri
1748 2118 1794 2150 in-

1058 2169 1242 2209 tendebant,
1261 2169 1435 2202 dunmiodo
1460 2175 1532 2202 ante
1558 2169 1693 2213 primam
1719 2180 1793 2212 pro-

1058 2223 1235 2255 fessionem
1264 2233 1383 2254 annum
1408 2223 1609 2264 probationis
1634 2222 1793 2266 explevis-

1057 2281 1130 2308 sent
1141 2280 1172 2308 et
1182 2275 1331 2308 omnihus
1343 2275 1508 2318 requisitis
1520 2275 1658 2318 praediti
1670 2274 1791 2307 inventi

1057 2329 1201 2366 fuissent,
1222 2327 1353 2371 praevia
1379 2333 1486 2359 tamen
1505 2328 1727 2370 acceptatione
1746 2338 1792 2360 ca-

1056 2381 1148 2425 pituli
1166 2381 1389 2414 conventualis
1409 2381 1596 2424 respective,
1617 2387 1648 2413 et
1665 2382 1791 2413 servata

1056 2435 1087 2468 in
1113 2434 1245 2478 reliquis
1268 2435 1369 2466 l'orma
1392 2439 1600 2474 statutorum;
1621 2434 1711 2466 cuius
1737 2434 1791 2466 de-

1055 2489 1134 2520 creti
1168 2488 1285 2520 virtnte
1319 2487 1450 2530 quidam
1483 2498 1519 2519 cx
1556 2487 1619 2520 illis
1656 2486 1789 2519 nulliter

1090 2604 1100 2630 1
1123 2602 1160 2629 Ex
1181 2602 1287 2637 aegest.
1308 2601 1335 2628 in
1354 2601 1453 2630 Secret.
1478 2601 1553 2629 Brev.

1707 210 1770 246 383
1817 220 1864 248 Αη.
1887 221 1915 248 c.
1936 221 2002 249 1605
