<?xml version="1.0" encoding="UTF-8"?>
<!DOCTYPE html PUBLIC "-//W3C//DTD XHTML 1.0 Transitional//EN"
    "http://www.w3.org/TR/xhtml1/DTD/xhtml1-transitional.dtd">
<html xmlns="http://www.w3.org/1999/xhtml" xml:lang="en" lang="en">
 <head>
  <title>
</title>
<meta http-equiv="Content-Type" content="text/html;charset=utf-8" />
  <meta name='ocr-system' content='tesseract 3.04.00' />
  <meta name='ocr-capabilities' content='ocr_page ocr_carea ocr_par ocr_line ocrx_word'/>
</head>
<body>
  <div class='ocr_page' id='page_1' title='image "./bullarumdiplomat17cath_0646.png"; bbox 0 0 2247 3208; ppageno 0'>
   <div class='ocr_carea' id='block_1_1' title="bbox 239 246 422 274">
    <p class='ocr_par' dir='ltr' id='par_1_1' title="bbox 239 246 422 274">
     <span class='ocr_line' id='line_1_1' title="bbox 239 246 422 274; baseline 0.016 -3"><span class='ocrx_word' id='word_1_1' title='bbox 239 247 288 272; x_wconf 81' lang='lat' dir='ltr'>An.</span> <span class='ocrx_word' id='word_1_2' title='bbox 306 246 333 273; x_wconf 80' lang='lat' dir='ltr'>C.</span> <span class='ocrx_word' id='word_1_3' title='bbox 359 248 422 274; x_wconf 70' lang='lat' dir='ltr'>lt&#39;j‘di</span> 
     </span>
    </p>
   </div>
   <div class='ocr_carea' id='block_1_2' title="bbox 426 240 1165 707">
    <p class='ocr_par' dir='ltr' id='par_1_2' title="bbox 426 240 1165 707">
     <span class='ocr_line' id='line_1_2' title="bbox 471 240 533 270; baseline 0 -1"><span class='ocrx_word' id='word_1_4' title='bbox 471 240 533 270; x_wconf 56' lang='lat'>3578</span> 
     </span>
     <span class='ocr_line' id='line_1_3' title="bbox 428 296 1164 338; baseline 0 -10"><span class='ocrx_word' id='word_1_5' title='bbox 428 301 534 329; x_wconf 75' lang='lat' dir='ltr'>terras</span> <span class='ocrx_word' id='word_1_6' title='bbox 570 296 745 328; x_wconf 74' lang='lat' dir='ltr'>infidelium</span> <span class='ocrx_word' id='word_1_7' title='bbox 779 302 810 328; x_wconf 88' lang='lat' dir='ltr'>et</span> <span class='ocrx_word' id='word_1_8' title='bbox 835 296 1074 329; x_wconf 83' lang='lat' dir='ltr'>haeretieorum</span> <span class='ocrx_word' id='word_1_9' title='bbox 1106 306 1164 338; x_wconf 86' lang='lat' dir='ltr'>pro</span> 
     </span>
     <span class='ocr_line' id='line_1_4' title="bbox 429 348 1165 391; baseline 0 -11"><span class='ocrx_word' id='word_1_10' title='bbox 429 348 638 381; x_wconf 69' lang='lat' dir='ltr'>conversione</span> <span class='ocrx_word' id='word_1_11' title='bbox 663 354 693 380; x_wconf 88' lang='lat' dir='ltr'>et</span> <span class='ocrx_word' id='word_1_12' title='bbox 715 350 805 381; x_wconf 88' lang='lat' dir='ltr'>lucro</span> <span class='ocrx_word' id='word_1_13' title='bbox 831 348 1008 381; x_wconf 86' lang='lat' dir='ltr'>animarum</span> <span class='ocrx_word' id='word_1_14' title='bbox 1034 359 1088 380; x_wconf 87' lang='lat' dir='ltr'>seu</span> <span class='ocrx_word' id='word_1_15' title='bbox 1109 359 1165 391; x_wconf 88' lang='lat' dir='ltr'>pe-</span> 
     </span>
     <span class='ocr_line' id='line_1_5' title="bbox 428 400 1164 443; baseline 0 -11"><span class='ocrx_word' id='word_1_16' title='bbox 428 401 589 433; x_wconf 87' lang='lat' dir='ltr'>reuntium</span> <span class='ocrx_word' id='word_1_17' title='bbox 633 412 689 433; x_wconf 85' lang='lat' dir='ltr'>seu</span> <span class='ocrx_word' id='word_1_18' title='bbox 726 400 990 443; x_wconf 69' lang='lat' dir='ltr'>periclitantium.</span> <span class='ocrx_word' id='word_1_19' title='bbox 1030 401 1164 443; x_wconf 83' lang='lat' dir='ltr'>Insuper</span> 
     </span>
     <span class='ocr_line' id='line_1_6' title="bbox 428 453 1164 496; baseline 0.001 -11"><span class='ocrx_word' id='word_1_20' title='bbox 428 454 485 486; x_wconf 86' lang='lat' dir='ltr'>tibi</span> <span class='ocrx_word' id='word_1_21' title='bbox 503 458 535 485; x_wconf 88' lang='lat' dir='ltr'>et</span> <span class='ocrx_word' id='word_1_22' title='bbox 551 454 792 486; x_wconf 82' lang='lat' dir='ltr'>successoribus</span> <span class='ocrx_word' id='word_1_23' title='bbox 820 453 880 486; x_wconf 87' lang='lat' dir='ltr'>tuis</span> <span class='ocrx_word' id='word_1_24' title='bbox 898 459 1092 496; x_wconf 85' lang='lat' dir='ltr'>potestatem</span> <span class='ocrx_word' id='word_1_25' title='bbox 1110 454 1164 486; x_wconf 79' lang='lat' dir='ltr'>da-</span> 
     </span>
     <span class='ocr_line' id='line_1_7' title="bbox 427 506 1165 549; baseline 0 -11"><span class='ocrx_word' id='word_1_26' title='bbox 427 517 497 538; x_wconf 91' lang='lat' dir='ltr'>mus</span> <span class='ocrx_word' id='word_1_27' title='bbox 515 506 703 549; x_wconf 87' lang='lat' dir='ltr'>imponendi</span> <span class='ocrx_word' id='word_1_28' title='bbox 729 512 901 549; x_wconf 83' lang='lat' dir='ltr'>praecepta</span> <span class='ocrx_word' id='word_1_29' title='bbox 927 506 1084 545; x_wconf 73' lang='lat' dir='ltr'>formalia,</span> <span class='ocrx_word' id='word_1_30' title='bbox 1105 506 1165 538; x_wconf 85' lang='lat' dir='ltr'>sul-</span> 
     </span>
     <span class='ocr_line' id='line_1_8' title="bbox 426 559 1164 602; baseline -0.001 -10"><span class='ocrx_word' id='word_1_31' title='bbox 426 559 569 592; x_wconf 75' lang='lat' dir='ltr'>minandi</span> <span class='ocrx_word' id='word_1_32' title='bbox 588 570 753 599; x_wconf 71' lang='lat' dir='ltr'>censul¹aS‚</span> <span class='ocrx_word' id='word_1_33' title='bbox 769 559 1006 592; x_wconf 87' lang='lat' dir='ltr'>condemnandi</span> <span class='ocrx_word' id='word_1_34' title='bbox 1026 559 1065 592; x_wconf 87' lang='lat' dir='ltr'>ad</span> <span class='ocrx_word' id='word_1_35' title='bbox 1086 570 1164 602; x_wconf 88' lang='lat' dir='ltr'>poe—</span> 
     </span>
     <span class='ocr_line' id='line_1_9' title="bbox 426 612 1162 651; baseline 0 -7"><span class='ocrx_word' id='word_1_36' title='bbox 426 623 500 644; x_wconf 81' lang='lat' dir='ltr'>nam</span> <span class='ocrx_word' id='word_1_37' title='bbox 526 612 672 651; x_wconf 83' lang='lat' dir='ltr'>carceris,</span> <span class='ocrx_word' id='word_1_38' title='bbox 700 618 731 645; x_wconf 85' lang='lat' dir='ltr'>et</span> <span class='ocrx_word' id='word_1_39' title='bbox 755 612 925 645; x_wconf 80' lang='lat' dir='ltr'>exercendi</span> <span class='ocrx_word' id='word_1_40' title='bbox 952 622 1062 645; x_wconf 87' lang='lat' dir='ltr'>omnes</span> <span class='ocrx_word' id='word_1_41' title='bbox 1090 612 1162 644; x_wconf 87' lang='lat' dir='ltr'>illos</span> 
     </span>
     <span class='ocr_line' id='line_1_10' title="bbox 426 664 1162 707; baseline 0 -11"><span class='ocrx_word' id='word_1_42' title='bbox 426 670 514 696; x_wconf 85' lang='lat' dir='ltr'>actus</span> <span class='ocrx_word' id='word_1_43' title='bbox 533 664 774 703; x_wconf 87' lang='lat' dir='ltr'>iurisdictionis,</span> <span class='ocrx_word' id='word_1_44' title='bbox 795 675 873 707; x_wconf 89' lang='lat' dir='ltr'>quos</span> <span class='ocrx_word' id='word_1_45' title='bbox 893 664 1106 707; x_wconf 74' lang='lat' dir='ltr'>provinciales</span> <span class='ocrx_word' id='word_1_46' title='bbox 1125 674 1162 696; x_wconf 77' lang='lat' dir='ltr'>ex</span> 
     </span>
    </p>
   </div>
   <div class='ocr_carea' id='block_1_3' title="bbox 426 717 1184 761">
    <p class='ocr_par' dir='ltr' id='par_1_3' title="bbox 426 717 1184 761">
     <span class='ocr_line' id='line_1_11' title="bbox 426 717 1184 761; baseline 0 -12"><span class='ocrx_word' id='word_1_47' title='bbox 426 717 588 749; x_wconf 75' lang='lat' dir='ltr'>ordinaria</span> <span class='ocrx_word' id='word_1_48' title='bbox 613 720 671 749; x_wconf 78' lang='lat' dir='ltr'>sua</span> <span class='ocrx_word' id='word_1_49' title='bbox 700 717 889 749; x_wconf 80' lang='lat' dir='ltr'>auctoritate</span> <span class='ocrx_word' id='word_1_50' title='bbox 919 728 1067 749; x_wconf 77' lang='lat' dir='ltr'>exercere</span> <span class='ocrx_word' id='word_1_51' title='bbox 1090 724 1184 761; x_wconf 60' lang='lat' dir='ltr'>pos-3</span> 
     </span>
    </p>
   </div>
   <div class='ocr_carea' id='block_1_4' title="bbox 424 769 1162 866">
    <p class='ocr_par' dir='ltr' id='par_1_4' title="bbox 424 769 1162 866">
     <span class='ocr_line' id='line_1_12' title="bbox 426 769 1162 813; baseline 0.001 -12"><span class='ocrx_word' id='word_1_52' title='bbox 426 775 499 802; x_wconf 87' lang='lat' dir='ltr'>sunt</span> <span class='ocrx_word' id='word_1_53' title='bbox 523 769 555 802; x_wconf 89' lang='lat' dir='ltr'>in</span> <span class='ocrx_word' id='word_1_54' title='bbox 580 773 738 813; x_wconf 80' lang='lat' dir='ltr'>persbnas</span> <span class='ocrx_word' id='word_1_55' title='bbox 756 770 816 802; x_wconf 88' lang='lat' dir='ltr'>sibi</span> <span class='ocrx_word' id='word_1_56' title='bbox 837 770 1008 802; x_wconf 75' lang='lat' dir='ltr'>subiectas.</span> <span class='ocrx_word' id='word_1_57' title='bbox 1033 770 1162 802; x_wconf 80' lang='lat' dir='ltr'>Praete-</span> 
     </span>
     <span class='ocr_line' id='line_1_13' title="bbox 424 822 1162 866; baseline 0.001 -12"><span class='ocrx_word' id='word_1_58' title='bbox 424 833 479 855; x_wconf 83' lang='lat' dir='ltr'>rea</span> <span class='ocrx_word' id='word_1_59' title='bbox 497 822 522 854; x_wconf 86' lang='lat' dir='ltr'>si</span> <span class='ocrx_word' id='word_1_60' title='bbox 542 823 709 865; x_wconf 75' lang='lat' dir='ltr'>contingat</span> <span class='ocrx_word' id='word_1_61' title='bbox 725 823 908 866; x_wconf 77' lang='lat' dir='ltr'>supradicta</span> <span class='ocrx_word' id='word_1_62' title='bbox 927 823 1074 864; x_wconf 66' lang='lat' dir='ltr'>collegia,</span> <span class='ocrx_word' id='word_1_63' title='bbox 1090 834 1162 855; x_wconf 83' lang='lat' dir='ltr'>eoe-</span> 
     </span>
    </p>
   </div>
   <div class='ocr_carea' id='block_1_5' title="bbox 424 874 1183 975">
    <p class='ocr_par' dir='ltr' id='par_1_5' title="bbox 424 874 1183 975">
     <span class='ocr_line' id='line_1_14' title="bbox 424 874 1183 918; baseline -0.001 -10"><span class='ocrx_word' id='word_1_64' title='bbox 424 876 531 915; x_wconf 85' lang='lat' dir='ltr'>nobia,</span> <span class='ocrx_word' id='word_1_65' title='bbox 552 876 756 915; x_wconf 83' lang='lat' dir='ltr'>monasteria,</span> <span class='ocrx_word' id='word_1_66' title='bbox 772 877 820 908; x_wconf 67' lang='lat' dir='ltr'>vel</span> <span class='ocrx_word' id='word_1_67' title='bbox 838 875 969 918; x_wconf 80' lang='lat' dir='ltr'>aliquod</span> <span class='ocrx_word' id='word_1_68' title='bbox 991 886 1104 908; x_wconf 86' lang='lat' dir='ltr'>eorum</span> <span class='ocrx_word' id='word_1_69' title='bbox 1122 876 1161 907; x_wconf 85' lang='lat' dir='ltr'>ab</span> <span class='ocrx_word' id='word_1_70' title='bbox 1182 874 1183 898; x_wconf 64' lang='grc' dir='ltr'>ἶ</span> 
     </span>
     <span class='ocr_line' id='line_1_15' title="bbox 425 928 1182 975; baseline 0.001 -16"><span class='ocrx_word' id='word_1_71' title='bbox 425 928 494 971; x_wconf 84' lang='lat' dir='ltr'>ipso</span> <span class='ocrx_word' id='word_1_72' title='bbox 520 928 710 971; x_wconf 85' lang='lat' dir='ltr'>provinciali</span> <span class='ocrx_word' id='word_1_73' title='bbox 737 928 912 961; x_wconf 75' lang='lat' dir='ltr'>Hiberniae</span> <span class='ocrx_word' id='word_1_74' title='bbox 944 928 1182 975; x_wconf 23' lang='lat' dir='ltr'>personaliter}</span> 
     </span>
    </p>
   </div>
   <div class='ocr_carea' id='block_1_6' title="bbox 422 980 1161 1289">
    <p class='ocr_par' dir='ltr' id='par_1_6' title="bbox 422 980 1161 1289">
     <span class='ocr_line' id='line_1_16' title="bbox 424 980 1160 1023; baseline -0.001 -10"><span class='ocrx_word' id='word_1_75' title='bbox 424 981 556 1019; x_wconf 85' lang='lat' dir='ltr'>visitari,</span> <span class='ocrx_word' id='word_1_76' title='bbox 576 981 646 1023; x_wconf 81' lang='lat' dir='ltr'>ipso</span> <span class='ocrx_word' id='word_1_77' title='bbox 672 987 857 1023; x_wconf 84' lang='lat' dir='ltr'>praesente,</span> <span class='ocrx_word' id='word_1_78' title='bbox 877 981 1023 1023; x_wconf 83' lang='lat' dir='ltr'>quiescet</span> <span class='ocrx_word' id='word_1_79' title='bbox 1041 980 1160 1013; x_wconf 79' lang='lat' dir='ltr'>ibidem</span> 
     </span>
     <span class='ocr_line' id='line_1_17' title="bbox 425 1033 1158 1076; baseline 0 -11"><span class='ocrx_word' id='word_1_80' title='bbox 425 1040 479 1065; x_wconf 88' lang='lat' dir='ltr'>tua</span> <span class='ocrx_word' id='word_1_81' title='bbox 500 1039 693 1076; x_wconf 83' lang='lat' dir='ltr'>tuorumque</span> <span class='ocrx_word' id='word_1_82' title='bbox 719 1044 944 1066; x_wconf 82' lang='lat' dir='ltr'>successorum</span> <span class='ocrx_word' id='word_1_83' title='bbox 970 1033 1158 1073; x_wconf 75' lang='lat' dir='ltr'>auctoritas3</span> 
     </span>
     <span class='ocr_line' id='line_1_18' title="bbox 424 1086 1161 1129; baseline 0 -11"><span class='ocrx_word' id='word_1_84' title='bbox 424 1097 546 1126; x_wconf 89' lang='lat' dir='ltr'>verum,</span> <span class='ocrx_word' id='word_1_85' title='bbox 573 1087 628 1119; x_wconf 84' lang='grc'><strong>1110</strong></span> <span class='ocrx_word' id='word_1_86' title='bbox 654 1086 728 1119; x_wconf 88' lang='lat' dir='ltr'>inde</span> <span class='ocrx_word' id='word_1_87' title='bbox 744 1087 901 1129; x_wconf 73' lang='lat' dir='ltr'>digresso,</span> <span class='ocrx_word' id='word_1_88' title='bbox 921 1087 1033 1119; x_wconf 86' lang='lat' dir='ltr'>eadem</span> <span class='ocrx_word' id='word_1_89' title='bbox 1055 1091 1161 1119; x_wconf 86' lang='lat' dir='ltr'>aucto-</span> 
     </span>
     <span class='ocr_line' id='line_1_19' title="bbox 423 1140 1161 1182; baseline 0 -10"><span class='ocrx_word' id='word_1_90' title='bbox 423 1140 500 1172; x_wconf 83' lang='lat' dir='ltr'>ritas</span> <span class='ocrx_word' id='word_1_91' title='bbox 525 1141 597 1182; x_wconf 87' lang='lat' dir='ltr'>ipso</span> <span class='ocrx_word' id='word_1_92' title='bbox 624 1141 707 1172; x_wconf 82' lang='lat' dir='ltr'>l&#39;aeto</span> <span class='ocrx_word' id='word_1_93' title='bbox 734 1140 852 1172; x_wconf 81' lang='lat' dir='ltr'>redibit</span> <span class='ocrx_word' id='word_1_94' title='bbox 876 1140 914 1172; x_wconf 84' lang='lat' dir='ltr'>ad</span> <span class='ocrx_word' id='word_1_95' title='bbox 939 1150 1030 1171; x_wconf 81' lang='lat' dir='ltr'>usum</span> <span class='ocrx_word' id='word_1_96' title='bbox 1054 1145 1089 1171; x_wconf 89' lang='grc'>111</span> <span class='ocrx_word' id='word_1_97' title='bbox 1106 1151 1161 1172; x_wconf 91' lang='lat' dir='ltr'>an-</span> 
     </span>
     <span class='ocr_line' id='line_1_20' title="bbox 424 1193 1161 1236; baseline 0 -11"><span class='ocrx_word' id='word_1_98' title='bbox 424 1198 498 1232; x_wconf 86' lang='lat' dir='ltr'>tea,</span> <span class='ocrx_word' id='word_1_99' title='bbox 524 1193 570 1225; x_wconf 86' lang='lat' dir='ltr'>sic</span> <span class='ocrx_word' id='word_1_100' title='bbox 597 1194 681 1236; x_wconf 85' lang='lat' dir='ltr'>quod</span> <span class='ocrx_word' id='word_1_101' title='bbox 708 1204 745 1225; x_wconf 83' lang='lat' dir='ltr'>ea</span> <span class='ocrx_word' id='word_1_102' title='bbox 770 1204 835 1226; x_wconf 89' lang='lat' dir='ltr'>non</span> <span class='ocrx_word' id='word_1_103' title='bbox 860 1194 1046 1226; x_wconf 72' lang='lat' dir='ltr'>censebitur</span> <span class='ocrx_word' id='word_1_104' title='bbox 1071 1194 1161 1236; x_wconf 76' lang='lat' dir='ltr'>expi-</span> 
     </span>
     <span class='ocr_line' id='line_1_21' title="bbox 422 1246 1160 1289; baseline 0 -11"><span class='ocrx_word' id='word_1_105' title='bbox 422 1256 511 1278; x_wconf 84' lang='lat' dir='ltr'>rasse</span> <span class='ocrx_word' id='word_1_106' title='bbox 537 1256 596 1289; x_wconf 88' lang='lat' dir='ltr'>per</span> <span class='ocrx_word' id='word_1_107' title='bbox 620 1246 792 1278; x_wconf 83' lang='lat' dir='ltr'>adventum</span> <span class='ocrx_word' id='word_1_108' title='bbox 811 1246 1027 1289; x_wconf 78' lang='lat' dir='ltr'>provincialis,</span> <span class='ocrx_word' id='word_1_109' title='bbox 1055 1257 1160 1289; x_wconf 84' lang='lat' dir='ltr'>neque</span> 
     </span>
    </p>
   </div>
   <div class='ocr_carea' id='block_1_7' title="bbox 424 1296 1940 1444">
    <p class='ocr_par' dir='ltr' id='par_1_7' title="bbox 424 1296 1940 1444">
     <span class='ocr_line' id='line_1_22' title="bbox 424 1296 1181 1342; baseline -0.003 -12"><span class='ocrx_word' id='word_1_110' title='bbox 424 1299 511 1331; x_wconf 86' lang='lat' dir='ltr'>illam</span> <span class='ocrx_word' id='word_1_111' title='bbox 538 1303 612 1330; x_wconf 88' lang='lat' dir='ltr'>tunc</span> <span class='ocrx_word' id='word_1_112' title='bbox 640 1305 690 1330; x_wconf 84' lang='lat' dir='ltr'>aut</span> <span class='ocrx_word' id='word_1_113' title='bbox 718 1299 796 1331; x_wconf 65' lang='lat' dir='ltr'>alias</span> <span class='ocrx_word' id='word_1_114' title='bbox 823 1299 878 1331; x_wconf 89' lang='lat' dir='ltr'>tibi</span> <span class='ocrx_word' id='word_1_115' title='bbox 906 1299 1010 1342; x_wconf 83' lang='lat' dir='ltr'>possit</span> <span class='ocrx_word' id='word_1_116' title='bbox 1034 1296 1181 1331; x_wconf 77' lang='lat' dir='ltr'>auferre]</span> 
     </span>
     <span class='ocr_line' id='line_1_23' title="bbox 424 1346 1181 1394; baseline -0.001 -12"><span class='ocrx_word' id='word_1_117' title='bbox 424 1351 632 1394; x_wconf 83' lang='lat' dir='ltr'>provincialis</span> <span class='ocrx_word' id='word_1_118' title='bbox 666 1351 862 1389; x_wconf 81' lang='lat' dir='ltr'>Hiberniae,</span> <span class='ocrx_word' id='word_1_119' title='bbox 888 1352 920 1384; x_wconf 91' lang='lat' dir='ltr'>in</span> <span class='ocrx_word' id='word_1_120' title='bbox 954 1357 1020 1384; x_wconf 90' lang='lat' dir='ltr'>toto</span> <span class='ocrx_word' id='word_1_121' title='bbox 1051 1353 1101 1384; x_wconf 75' lang='lat' dir='ltr'>vel</span> <span class='ocrx_word' id='word_1_122' title='bbox 1127 1346 1181 1383; x_wconf 74' lang='grc' dir='ltr'>11ιῖ</span> 
     </span>
     <span class='ocr_line' id='line_1_24' title="bbox 1180 1400 1940 1444; baseline -0.001 -11"><span class='ocrx_word' id='word_1_123' title='bbox 1180 1409 1183 1429; x_wconf 70' lang='lat'>1</span> <span class='ocrx_word' id='word_1_124' title='bbox 1202 1401 1397 1434; x_wconf 86' lang='lat' dir='ltr'>iudicialiter</span> <span class='ocrx_word' id='word_1_125' title='bbox 1413 1401 1582 1443; x_wconf 73' lang='lat' dir='ltr'>impugnet</span> <span class='ocrx_word' id='word_1_126' title='bbox 1599 1406 1652 1433; x_wconf 83' lang='lat' dir='ltr'>aut</span> <span class='ocrx_word' id='word_1_127' title='bbox 1675 1400 1846 1444; x_wconf 74' lang='lat' dir='ltr'>impediat3</span> <span class='ocrx_word' id='word_1_128' title='bbox 1861 1400 1940 1443; x_wconf 80' lang='lat' dir='ltr'>ipsis</span> 
     </span>
    </p>
   </div>
   <div class='ocr_carea' id='block_1_8' title="bbox 423 1403 1161 1499">
    <p class='ocr_par' dir='ltr' id='par_1_8' title="bbox 423 1403 1161 1499">
     <span class='ocr_line' id='line_1_25' title="bbox 423 1403 1161 1447; baseline 0 -12"><span class='ocrx_word' id='word_1_129' title='bbox 423 1409 534 1446; x_wconf 77' lang='lat' dir='ltr'>parte,</span> <span class='ocrx_word' id='word_1_130' title='bbox 561 1403 621 1435; x_wconf 79' lang='lat' dir='ltr'>nisi</span> <span class='ocrx_word' id='word_1_131' title='bbox 652 1404 690 1435; x_wconf 89' lang='lat' dir='ltr'>de</span> <span class='ocrx_word' id='word_1_132' title='bbox 715 1414 868 1447; x_wconf 79' lang='lat' dir='ltr'>expresso</span> <span class='ocrx_word' id='word_1_133' title='bbox 905 1414 1065 1436; x_wconf 82' lang='lat' dir='ltr'>consensu</span> <span class='ocrx_word' id='word_1_134' title='bbox 1095 1414 1161 1435; x_wconf 74' lang='lat' dir='ltr'>ma-</span> 
     </span>
     <span class='ocr_line' id='line_1_26' title="bbox 424 1456 1161 1499; baseline 0 -11"><span class='ocrx_word' id='word_1_135' title='bbox 424 1456 513 1498; x_wconf 76' lang='lat' dir='ltr'>gistri</span> <span class='ocrx_word' id='word_1_136' title='bbox 531 1456 671 1488; x_wconf 87' lang='lat' dir='ltr'>Ordinis.</span> <span class='ocrx_word' id='word_1_137' title='bbox 695 1456 736 1488; x_wconf 90' lang='lat' dir='ltr'>Te</span> <span class='ocrx_word' id='word_1_138' title='bbox 754 1466 830 1489; x_wconf 80' lang='lat' dir='ltr'>vero</span> <span class='ocrx_word' id='word_1_139' title='bbox 856 1467 914 1499; x_wconf 90' lang='lat' dir='ltr'>per</span> <span class='ocrx_word' id='word_1_140' title='bbox 931 1462 1068 1489; x_wconf 89' lang='lat' dir='ltr'>mortem</span> <span class='ocrx_word' id='word_1_141' title='bbox 1085 1456 1161 1489; x_wconf 87' lang='lat' dir='ltr'>sub-</span> 
     </span>
    </p>
   </div>
   <div class='ocr_carea' id='block_1_9' title="bbox 424 1509 1182 1605">
    <p class='ocr_par' dir='ltr' id='par_1_9' title="bbox 424 1509 1182 1605">
     <span class='ocr_line' id='line_1_27' title="bbox 425 1509 1182 1552; baseline 0 -11"><span class='ocrx_word' id='word_1_142' title='bbox 425 1511 504 1549; x_wconf 83' lang='lat' dir='ltr'>lato,</span> <span class='ocrx_word' id='word_1_143' title='bbox 538 1510 576 1541; x_wconf 85' lang='lat' dir='ltr'>ad</span> <span class='ocrx_word' id='word_1_144' title='bbox 603 1509 836 1552; x_wconf 68' lang='lat' dir='ltr'>provincialem</span> <span class='ocrx_word' id='word_1_145' title='bbox 862 1509 1035 1542; x_wconf 75' lang='lat' dir='ltr'>Hiberniae</span> <span class='ocrx_word' id='word_1_146' title='bbox 1062 1509 1182 1552; x_wconf 50' lang='lat' dir='ltr'>perti-1</span> 
     </span>
     <span class='ocr_line' id='line_1_28' title="bbox 424 1562 1181 1605; baseline 0 -11"><span class='ocrx_word' id='word_1_147' title='bbox 424 1568 499 1594; x_wconf 84' lang='lat' dir='ltr'>neat</span> <span class='ocrx_word' id='word_1_148' title='bbox 516 1562 693 1604; x_wconf 78' lang='lat' dir='ltr'>subrogare</span> <span class='ocrx_word' id='word_1_149' title='bbox 708 1562 806 1594; x_wconf 84' lang='lat' dir='ltr'>alium</span> <span class='ocrx_word' id='word_1_150' title='bbox 825 1567 1073 1605; x_wconf 82' lang='lat' dir='ltr'>procuratorem</span> <span class='ocrx_word' id='word_1_151' title='bbox 1090 1572 1161 1604; x_wconf 88' lang='lat' dir='ltr'>pro-</span> <span class='ocrx_word' id='word_1_152' title='bbox 1180 1577 1181 1581; x_wconf 48' lang='lat'>¹</span> 
     </span>
    </p>
   </div>
   <div class='ocr_carea' id='block_1_10' title="bbox 423 1615 1161 1923">
    <p class='ocr_par' dir='ltr' id='par_1_10' title="bbox 423 1615 1161 1923">
     <span class='ocr_line' id='line_1_29' title="bbox 428 1615 1161 1647; baseline -0.001 0"><span class='ocrx_word' id='word_1_153' title='bbox 428 1615 546 1647; x_wconf 62' lang='lat' dir='ltr'>cinciae</span> <span class='ocrx_word' id='word_1_154' title='bbox 573 1626 642 1647; x_wconf 84' lang='lat' dir='ltr'>cum</span> <span class='ocrx_word' id='word_1_155' title='bbox 674 1615 788 1647; x_wconf 87' lang='lat' dir='ltr'>iisdem</span> <span class='ocrx_word' id='word_1_156' title='bbox 816 1615 1020 1647; x_wconf 82' lang='lat' dir='ltr'>facultatibus</span> <span class='ocrx_word' id='word_1_157' title='bbox 1049 1619 1082 1646; x_wconf 89' lang='lat' dir='ltr'>ut</span> <span class='ocrx_word' id='word_1_158' title='bbox 1110 1625 1161 1646; x_wconf 86' lang='lat' dir='ltr'>su-</span> 
     </span>
     <span class='ocr_line' id='line_1_30' title="bbox 423 1667 1159 1711; baseline 0.001 -12"><span class='ocrx_word' id='word_1_159' title='bbox 423 1679 491 1711; x_wconf 82' lang='lat' dir='ltr'>pra,</span> <span class='ocrx_word' id='word_1_160' title='bbox 508 1673 539 1700; x_wconf 83' lang='lat' dir='ltr'>et</span> <span class='ocrx_word' id='word_1_161' title='bbox 558 1678 630 1700; x_wconf 85' lang='lat' dir='ltr'>cum</span> <span class='ocrx_word' id='word_1_162' title='bbox 655 1667 882 1710; x_wconf 65' lang='lat' dir='ltr'>praefinitione</span> <span class='ocrx_word' id='word_1_163' title='bbox 909 1668 1035 1700; x_wconf 80' lang='lat' dir='ltr'>termini</span> <span class='ocrx_word' id='word_1_164' title='bbox 1054 1667 1159 1711; x_wconf 87' lang='lat' dir='ltr'>quoad</span> 
     </span>
     <span class='ocr_line' id='line_1_31' title="bbox 424 1720 1159 1763; baseline -0.001 -10"><span class='ocrx_word' id='word_1_165' title='bbox 424 1721 625 1754; x_wconf 84' lang='lat' dir='ltr'>durationem</span> <span class='ocrx_word' id='word_1_166' title='bbox 652 1721 769 1760; x_wconf 79' lang='lat' dir='ltr'>officii,</span> <span class='ocrx_word' id='word_1_167' title='bbox 796 1731 892 1763; x_wconf 88' lang='lat' dir='ltr'>quem</span> <span class='ocrx_word' id='word_1_168' title='bbox 926 1726 1033 1753; x_wconf 77' lang='lat' dir='ltr'>tamen</span> <span class='ocrx_word' id='word_1_169' title='bbox 1059 1720 1159 1752; x_wconf 89' lang='lat' dir='ltr'>semel</span> 
     </span>
     <span class='ocr_line' id='line_1_32' title="bbox 424 1773 1160 1816; baseline -0.003 -10"><span class='ocrx_word' id='word_1_170' title='bbox 424 1785 460 1806; x_wconf 81' lang='lat' dir='ltr'>ac</span> <span class='ocrx_word' id='word_1_171' title='bbox 485 1774 607 1816; x_wconf 83' lang='lat' dir='ltr'>pluries</span> <span class='ocrx_word' id='word_1_172' title='bbox 633 1773 754 1816; x_wconf 85' lang='lat' dir='ltr'>poterit</span> <span class='ocrx_word' id='word_1_173' title='bbox 778 1783 964 1816; x_wconf 70' lang='lat' dir='ltr'>prorogare,</span> <span class='ocrx_word' id='word_1_174' title='bbox 987 1779 1082 1816; x_wconf 88' lang='lat' dir='ltr'>prout</span> <span class='ocrx_word' id='word_1_175' title='bbox 1106 1784 1160 1805; x_wconf 87' lang='lat' dir='ltr'>ne-</span> 
     </span>
     <span class='ocr_line' id='line_1_33' title="bbox 424 1826 1160 1869; baseline -0.003 -10"><span class='ocrx_word' id='word_1_176' title='bbox 424 1827 554 1859; x_wconf 67' lang='lat' dir='ltr'>cessitas</span> <span class='ocrx_word' id='word_1_177' title='bbox 572 1826 755 1869; x_wconf 83' lang='lat' dir='ltr'>postularit.</span> <span class='ocrx_word' id='word_1_178' title='bbox 773 1826 913 1858; x_wconf 72' lang='lat' dir='ltr'>Ulterius</span> <span class='ocrx_word' id='word_1_179' title='bbox 931 1836 966 1858; x_wconf 79' lang='lat' dir='ltr'>ex</span> <span class='ocrx_word' id='word_1_180' title='bbox 982 1826 1160 1869; x_wconf 75' lang='lat' dir='ltr'>apostolica</span> 
     </span>
     <span class='ocr_line' id='line_1_34' title="bbox 424 1880 1161 1923; baseline -0.001 -11"><span class='ocrx_word' id='word_1_181' title='bbox 424 1881 614 1912; x_wconf 72' lang='lat' dir='ltr'>auctoritate</span> <span class='ocrx_word' id='word_1_182' title='bbox 632 1880 724 1913; x_wconf 76' lang='lat' dir='ltr'>nobis</span> <span class='ocrx_word' id='word_1_183' title='bbox 742 1880 926 1923; x_wconf 87' lang='lat' dir='ltr'>specialiter</span> <span class='ocrx_word' id='word_1_184' title='bbox 944 1880 1067 1912; x_wconf 76' lang='lat' dir='ltr'>indulta</span> <span class='ocrx_word' id='word_1_185' title='bbox 1085 1890 1161 1912; x_wconf 79' lang='lat' dir='ltr'>con—</span> 
     </span>
    </p>
   </div>
   <div class='ocr_carea' id='block_1_11' title="bbox 424 1933 1182 2034">
    <p class='ocr_par' dir='ltr' id='par_1_11' title="bbox 424 1933 1182 2034">
     <span class='ocr_line' id='line_1_35' title="bbox 424 1933 1182 1975; baseline -0.003 -9"><span class='ocrx_word' id='word_1_186' title='bbox 424 1933 566 1966; x_wconf 75' lang='lat' dir='ltr'>cedimus</span> <span class='ocrx_word' id='word_1_187' title='bbox 594 1933 649 1964; x_wconf 86' lang='lat' dir='ltr'>tibi</span> <span class='ocrx_word' id='word_1_188' title='bbox 676 1939 706 1965; x_wconf 85' lang='lat' dir='ltr'>et</span> <span class='ocrx_word' id='word_1_189' title='bbox 732 1933 793 1965; x_wconf 90' lang='lat' dir='ltr'>tuis</span> <span class='ocrx_word' id='word_1_190' title='bbox 828 1933 1067 1965; x_wconf 81' lang='lat' dir='ltr'>suecessoribus</span> <span class='ocrx_word' id='word_1_191' title='bbox 1093 1934 1182 1975; x_wconf 48' lang='lat' dir='ltr'>ple-1</span> 
     </span>
     <span class='ocr_line' id='line_1_36' title="bbox 424 1986 1182 2034; baseline -0.001 -16"><span class='ocrx_word' id='word_1_192' title='bbox 424 1987 547 2018; x_wconf 87' lang='lat' dir='ltr'>nariam</span> <span class='ocrx_word' id='word_1_193' title='bbox 573 1986 769 2025; x_wconf 79' lang='lat' dir='ltr'>facultatem,</span> <span class='ocrx_word' id='word_1_194' title='bbox 788 1997 849 2029; x_wconf 89' lang='lat' dir='ltr'>qua</span> <span class='ocrx_word' id='word_1_195' title='bbox 873 1986 905 2018; x_wconf 88' lang='lat' dir='ltr'>in</span> <span class='ocrx_word' id='word_1_196' title='bbox 927 1996 1160 2029; x_wconf 85' lang='lat' dir='ltr'>praememora-</span> <span class='ocrx_word' id='word_1_197' title='bbox 1181 2019 1182 2034; x_wconf 22' lang='grc' dir='ltr'>ζ</span> 
     </span>
    </p>
   </div>
   <div class='ocr_carea' id='block_1_12' title="bbox 424 2039 1161 2555">
    <p class='ocr_par' dir='ltr' id='par_1_12' title="bbox 424 2039 1161 2555">
     <span class='ocr_line' id='line_1_37' title="bbox 427 2039 1159 2080; baseline 0 -10"><span class='ocrx_word' id='word_1_198' title='bbox 427 2040 465 2071; x_wconf 87' lang='lat' dir='ltr'>tis</span> <span class='ocrx_word' id='word_1_199' title='bbox 491 2039 581 2071; x_wconf 86' lang='lat' dir='ltr'>novis</span> <span class='ocrx_word' id='word_1_200' title='bbox 607 2039 836 2077; x_wconf 80' lang='lat' dir='ltr'>conventibus,</span> <span class='ocrx_word' id='word_1_201' title='bbox 863 2039 1016 2080; x_wconf 64' lang='lat' dir='ltr'>collegiis,</span> <span class='ocrx_word' id='word_1_202' title='bbox 1037 2049 1072 2071; x_wconf 86' lang='lat' dir='ltr'>ac</span> <span class='ocrx_word' id='word_1_203' title='bbox 1093 2049 1159 2070; x_wconf 91' lang='lat' dir='ltr'>mo-</span> 
     </span>
     <span class='ocr_line' id='line_1_38' title="bbox 425 2091 1158 2134; baseline -0.001 -10"><span class='ocrx_word' id='word_1_204' title='bbox 425 2091 576 2124; x_wconf 79' lang='lat' dir='ltr'>nasteriis</span> <span class='ocrx_word' id='word_1_205' title='bbox 601 2092 752 2124; x_wconf 85' lang='lat' dir='ltr'>instituas</span> <span class='ocrx_word' id='word_1_206' title='bbox 782 2097 813 2124; x_wconf 87' lang='lat' dir='ltr'>et</span> <span class='ocrx_word' id='word_1_207' title='bbox 833 2091 998 2134; x_wconf 78' lang='lat' dir='ltr'>praesicias</span> <span class='ocrx_word' id='word_1_208' title='bbox 1024 2091 1158 2134; x_wconf 84' lang='lat' dir='ltr'>priores,</span> 
     </span>
     <span class='ocr_line' id='line_1_39' title="bbox 426 2144 1160 2186; baseline -0.001 -10"><span class='ocrx_word' id='word_1_209' title='bbox 426 2149 579 2183; x_wconf 79' lang='lat' dir='ltr'>rectores,</span> <span class='ocrx_word' id='word_1_210' title='bbox 601 2144 770 2186; x_wconf 73' lang='lat' dir='ltr'>priorissas</span> <span class='ocrx_word' id='word_1_211' title='bbox 792 2145 894 2177; x_wconf 88' lang='lat' dir='ltr'>donec</span> <span class='ocrx_word' id='word_1_212' title='bbox 909 2144 947 2176; x_wconf 84' lang='lat' dir='ltr'>ad</span> <span class='ocrx_word' id='word_1_213' title='bbox 962 2155 1032 2176; x_wconf 86' lang='grc'><strong>011111</strong></span> <span class='ocrx_word' id='word_1_214' title='bbox 1049 2154 1160 2186; x_wconf 68' lang='lat' dir='ltr'>perve-</span> 
     </span>
     <span class='ocr_line' id='line_1_40' title="bbox 426 2197 1161 2239; baseline 0 -11"><span class='ocrx_word' id='word_1_215' title='bbox 426 2197 516 2229; x_wconf 88' lang='lat' dir='ltr'>niant</span> <span class='ocrx_word' id='word_1_216' title='bbox 540 2207 709 2229; x_wconf 77' lang='lat' dir='ltr'>numerum</span> <span class='ocrx_word' id='word_1_217' title='bbox 728 2207 950 2239; x_wconf 74' lang='lat' dir='ltr'>personarum,</span> <span class='ocrx_word' id='word_1_218' title='bbox 967 2197 1020 2239; x_wconf 89' lang='lat' dir='ltr'>qui</span> <span class='ocrx_word' id='word_1_219' title='bbox 1039 2197 1077 2229; x_wconf 87' lang='lat' dir='ltr'>ad</span> <span class='ocrx_word' id='word_1_220' title='bbox 1101 2198 1161 2229; x_wconf 88' lang='lat' dir='ltr'>ele-</span> 
     </span>
     <span class='ocr_line' id='line_1_41' title="bbox 426 2249 1160 2289; baseline 0 -7"><span class='ocrx_word' id='word_1_221' title='bbox 426 2249 565 2282; x_wconf 81' lang='lat' dir='ltr'>ctionem</span> <span class='ocrx_word' id='word_1_222' title='bbox 590 2250 776 2282; x_wconf 81' lang='lat' dir='ltr'>canonicam</span> <span class='ocrx_word' id='word_1_223' title='bbox 801 2250 952 2289; x_wconf 52' lang='lat' dir='ltr'>sufficiam</span> <span class='ocrx_word' id='word_1_224' title='bbox 980 2251 1090 2283; x_wconf 72' lang='lat' dir='ltr'>eadem</span> <span class='ocrx_word' id='word_1_225' title='bbox 1117 2250 1160 2282; x_wconf 79' lang='lat' dir='ltr'>sa-</span> 
     </span>
     <span class='ocr_line' id='line_1_42' title="bbox 426 2303 1161 2346; baseline 0.001 -12"><span class='ocrx_word' id='word_1_226' title='bbox 426 2304 542 2335; x_wconf 84' lang='lat' dir='ltr'>cultate</span> <span class='ocrx_word' id='word_1_227' title='bbox 574 2304 676 2345; x_wconf 83' lang='lat' dir='ltr'>possis</span> <span class='ocrx_word' id='word_1_228' title='bbox 709 2303 884 2336; x_wconf 71' lang='lat' dir='ltr'>electiones</span> <span class='ocrx_word' id='word_1_229' title='bbox 921 2304 1104 2346; x_wconf 86' lang='lat' dir='ltr'>approbare</span> <span class='ocrx_word' id='word_1_230' title='bbox 1130 2309 1161 2335; x_wconf 88' lang='lat' dir='ltr'>et</span> 
     </span>
     <span class='ocr_line' id='line_1_43' title="bbox 426 2355 1160 2398; baseline 0.003 -11"><span class='ocrx_word' id='word_1_231' title='bbox 426 2355 614 2388; x_wconf 69' lang='lat' dir='ltr'>confirmare</span> <span class='ocrx_word' id='word_1_232' title='bbox 631 2367 638 2394; x_wconf 76' lang='lat'>3</span> <span class='ocrx_word' id='word_1_233' title='bbox 658 2356 735 2398; x_wconf 86' lang='lat' dir='ltr'>ipsis</span> <span class='ocrx_word' id='word_1_234' title='bbox 753 2367 830 2389; x_wconf 82' lang='lat' dir='ltr'>vero</span> <span class='ocrx_word' id='word_1_235' title='bbox 845 2356 999 2389; x_wconf 84' lang='lat' dir='ltr'>institutis</span> <span class='ocrx_word' id='word_1_236' title='bbox 1017 2361 1071 2388; x_wconf 85' lang='lat' dir='ltr'>aut</span> <span class='ocrx_word' id='word_1_237' title='bbox 1095 2357 1160 2389; x_wconf 90' lang='lat' dir='ltr'>ele-</span> 
     </span>
     <span class='ocr_line' id='line_1_44' title="bbox 424 2408 1160 2452; baseline 0.003 -12"><span class='ocrx_word' id='word_1_238' title='bbox 424 2408 484 2440; x_wconf 85' lang='lat' dir='ltr'>ctis</span> <span class='ocrx_word' id='word_1_239' title='bbox 508 2409 678 2440; x_wconf 83' lang='lat' dir='ltr'>terminum</span> <span class='ocrx_word' id='word_1_240' title='bbox 703 2409 796 2441; x_wconf 75' lang='lat' dir='ltr'>officii</span> <span class='ocrx_word' id='word_1_241' title='bbox 815 2409 862 2442; x_wconf 87' lang='lat' dir='ltr'>sui</span> <span class='ocrx_word' id='word_1_242' title='bbox 881 2416 1041 2452; x_wconf 82' lang='lat' dir='ltr'>quatenus</span> <span class='ocrx_word' id='word_1_243' title='bbox 1066 2420 1160 2452; x_wconf 79' lang='lat' dir='ltr'>expe-</span> 
     </span>
     <span class='ocr_line' id='line_1_45' title="bbox 426 2460 1161 2504; baseline 0.001 -11"><span class='ocrx_word' id='word_1_244' title='bbox 426 2460 497 2493; x_wconf 85' lang='lat' dir='ltr'>dire</span> <span class='ocrx_word' id='word_1_245' title='bbox 528 2461 727 2498; x_wconf 76' lang='lat' dir='ltr'>indicaveris,</span> <span class='ocrx_word' id='word_1_246' title='bbox 755 2463 854 2494; x_wconf 89' lang='lat' dir='ltr'>semel</span> <span class='ocrx_word' id='word_1_247' title='bbox 881 2473 916 2494; x_wconf 86' lang='lat' dir='ltr'>ac</span> <span class='ocrx_word' id='word_1_248' title='bbox 941 2462 1063 2504; x_wconf 85' lang='lat' dir='ltr'>pluries</span> <span class='ocrx_word' id='word_1_249' title='bbox 1088 2473 1161 2504; x_wconf 87' lang='lat' dir='ltr'>pro-</span> 
     </span>
     <span class='ocr_line' id='line_1_46' title="bbox 426 2514 1157 2555; baseline 0.004 -11"><span class='ocrx_word' id='word_1_250' title='bbox 426 2523 564 2554; x_wconf 70' lang='lat' dir='ltr'>rogare,</span> <span class='ocrx_word' id='word_1_251' title='bbox 592 2514 640 2545; x_wconf 72' lang='lat' dir='ltr'>ret</span> <span class='ocrx_word' id='word_1_252' title='bbox 679 2519 711 2545; x_wconf 89' lang='lat' dir='ltr'>ut</span> <span class='ocrx_word' id='word_1_253' title='bbox 745 2514 944 2555; x_wconf 75' lang='lat' dir='ltr'>recligantur</span> <span class='ocrx_word' id='word_1_254' title='bbox 976 2514 1157 2547; x_wconf 79' lang='lat' dir='ltr'>habilitare.</span> 
     </span>
    </p>
   </div>
   <div class='ocr_carea' id='block_1_13' title="bbox 417 2565 1158 2608">
    <p class='ocr_par' dir='ltr' id='par_1_13' title="bbox 417 2565 1158 2608">
     <span class='ocr_line' id='line_1_47' title="bbox 417 2565 1158 2608; baseline 0 -10"><span class='ocrx_word' id='word_1_255' title='bbox 417 2565 578 2598; x_wconf 84' lang='lat' dir='ltr'>-Similiter</span> <span class='ocrx_word' id='word_1_256' title='bbox 602 2565 708 2607; x_wconf 69' lang='lat' dir='ltr'>possis</span> <span class='ocrx_word' id='word_1_257' title='bbox 732 2566 849 2608; x_wconf 82' lang='lat' dir='ltr'>ubique</span> <span class='ocrx_word' id='word_1_258' title='bbox 873 2567 904 2598; x_wconf 90' lang='lat' dir='ltr'>in</span> <span class='ocrx_word' id='word_1_259' title='bbox 931 2567 1078 2599; x_wconf 82' lang='lat' dir='ltr'>domibus</span> <span class='ocrx_word' id='word_1_260' title='bbox 1101 2567 1158 2599; x_wconf 84' lang='lat' dir='ltr'>tibi</span> 
     </span>
    </p>
   </div>
   <div class='ocr_carea' id='block_1_14' title="bbox 426 2618 1157 2662">
    <p class='ocr_par' dir='ltr' id='par_1_14' title="bbox 426 2618 1157 2662">
     <span class='ocr_line' id='line_1_48' title="bbox 426 2618 1157 2662; baseline 0.001 -11"><span class='ocrx_word' id='word_1_261' title='bbox 426 2618 579 2652; x_wconf 77' lang='lat' dir='ltr'>subiectis</span> <span class='ocrx_word' id='word_1_262' title='bbox 603 2618 771 2650; x_wconf 56' lang='lat' dir='ltr'>instituere</span> <span class='ocrx_word' id='word_1_263' title='bbox 794 2619 989 2662; x_wconf 58' lang='lat' dir='ltr'>subpriores,</span> <span class='ocrx_word' id='word_1_264' title='bbox 1014 2620 1157 2659; x_wconf 55' lang='lat' dir='ltr'>vicarios,</span> 
     </span>
    </p>
   </div>
   <div class='ocr_carea' id='block_1_15' title="bbox 1013 249 1192 271">
    <p class='ocr_par' dir='ltr' id='par_1_15' title="bbox 1013 249 1192 271">
     <span class='ocr_line' id='line_1_49' title="bbox 1013 249 1192 271; baseline 0 0"><span class='ocrx_word' id='word_1_265' title='bbox 1013 249 1192 271; x_wconf 62' lang='lat' dir='ltr'>Butmntmt</span> 
     </span>
    </p>
   </div>
   <div class='ocr_carea' id='block_1_16' title="bbox 1179 1019 1187 1046">
    <p class='ocr_par' dir='ltr' id='par_1_16' title="bbox 1179 1019 1187 1046">
     <span class='ocr_line' id='line_1_50' title="bbox 1179 1019 1187 1046; baseline 0 0"><span class='ocrx_word' id='word_1_266' title='bbox 1179 1019 1187 1046; x_wconf 83' lang='lat' dir='ltr'>l·</span> 
     </span>
    </p>
   </div>
   <div class='ocr_carea' id='block_1_17' title="bbox 1182 249 1944 1181">
    <p class='ocr_par' dir='ltr' id='par_1_17' title="bbox 1218 249 1369 272">
     <span class='ocr_line' id='line_1_51' title="bbox 1218 249 1369 272; baseline 0.013 -2"><span class='ocrx_word' id='word_1_267' title='bbox 1218 249 1369 272; x_wconf 45' lang='lat' dir='ltr'>noussen</span> 
     </span>
    </p>

    <p class='ocr_par' dir='ltr' id='par_1_18' title="bbox 1182 295 1944 1181">
     <span class='ocr_line' id='line_1_52' title="bbox 1185 295 1944 338; baseline 0.007 -11"><span class='ocrx_word' id='word_1_268' title='bbox 1185 303 1186 336; x_wconf 56' lang='grc'>1</span> <span class='ocrx_word' id='word_1_269' title='bbox 1207 295 1384 338; x_wconf 82' lang='lat' dir='ltr'>praesides,</span> <span class='ocrx_word' id='word_1_270' title='bbox 1411 296 1583 338; x_wconf 73' lang='lat' dir='ltr'>magistros</span> <span class='ocrx_word' id='word_1_271' title='bbox 1603 298 1818 338; x_wconf 77' lang='lat' dir='ltr'>novitiorum,</span> <span class='ocrx_word' id='word_1_272' title='bbox 1842 299 1944 332; x_wconf 86' lang='lat' dir='ltr'>lecto-</span> 
     </span>
     <span class='ocr_line' id='line_1_53' title="bbox 1184 347 1941 390; baseline 0.003 -11"><span class='ocrx_word' id='word_1_273' title='bbox 1184 358 1267 390; x_wconf 46' lang='lat' dir='ltr'>¹,res</span> <span class='ocrx_word' id='word_1_274' title='bbox 1294 347 1459 387; x_wconf 78' lang='lat' dir='ltr'>officiales,</span> <span class='ocrx_word' id='word_1_275' title='bbox 1490 359 1526 380; x_wconf 88' lang='lat' dir='ltr'>ac</span> <span class='ocrx_word' id='word_1_276' title='bbox 1551 350 1728 382; x_wconf 86' lang='lat' dir='ltr'>studiorum</span> <span class='ocrx_word' id='word_1_277' title='bbox 1760 351 1941 383; x_wconf 85' lang='lat' dir='ltr'>moderato-</span> 
     </span>
     <span class='ocr_line' id='line_1_54' title="bbox 1184 399 1936 447; baseline 0.007 -16"><span class='ocrx_word' id='word_1_278' title='bbox 1184 399 1274 447; x_wconf 50' lang='lat' dir='ltr'>,rest</span> <span class='ocrx_word' id='word_1_279' title='bbox 1304 401 1483 443; x_wconf 85' lang='lat' dir='ltr'>eademque</span> <span class='ocrx_word' id='word_1_280' title='bbox 1508 402 1796 444; x_wconf 75' lang='lat' dir='ltr'>proportionaliter</span> <span class='ocrx_word' id='word_1_281' title='bbox 1832 416 1867 436; x_wconf 89' lang='lat' dir='ltr'>ac</span> <span class='ocrx_word' id='word_1_282' title='bbox 1895 416 1936 436; x_wconf 67' lang='lat' dir='ltr'>rc</span> 
     </span>
     <span class='ocr_line' id='line_1_55' title="bbox 1184 449 1928 495; baseline 0.005 -11"><span class='ocrx_word' id='word_1_283' title='bbox 1184 449 1188 466; x_wconf 87' lang='grc'>’</span> <span class='ocrx_word' id='word_1_284' title='bbox 1206 453 1347 495; x_wconf 76' lang='lat' dir='ltr'>spective</span> <span class='ocrx_word' id='word_1_285' title='bbox 1365 453 1449 486; x_wconf 79' lang='lat' dir='ltr'>circa</span> <span class='ocrx_word' id='word_1_286' title='bbox 1466 454 1660 486; x_wconf 83' lang='lat' dir='ltr'>monasteria</span> <span class='ocrx_word' id='word_1_287' title='bbox 1678 455 1865 488; x_wconf 87' lang='lat' dir='ltr'>monialium</span> <span class='ocrx_word' id='word_1_288' title='bbox 1886 457 1928 488; x_wconf 71' lang='lat' dir='ltr'>til.</span> 
     </span>
     <span class='ocr_line' id='line_1_56' title="bbox 1184 493 1938 555; baseline 0.004 -19"><span class='ocrx_word' id='word_1_289' title='bbox 1184 493 1185 555; x_wconf 54' lang='lat' dir='ltr'>l</span> <span class='ocrx_word' id='word_1_290' title='bbox 1208 515 1361 537; x_wconf 84' lang='lat' dir='ltr'>concessa</span> <span class='ocrx_word' id='word_1_291' title='bbox 1380 511 1465 538; x_wconf 88' lang='lat' dir='ltr'>sunt.</span> <span class='ocrx_word' id='word_1_292' title='bbox 1486 506 1523 538; x_wconf 85' lang='lat' dir='ltr'>Et</span> <span class='ocrx_word' id='word_1_293' title='bbox 1540 506 1697 549; x_wconf 86' lang='lat' dir='ltr'>quidquid</span> <span class='ocrx_word' id='word_1_294' title='bbox 1717 508 1875 541; x_wconf 82' lang='lat' dir='ltr'>facultatis</span> <span class='ocrx_word' id='word_1_295' title='bbox 1890 516 1938 541; x_wconf 78' lang='lat' dir='ltr'>au!</span> 
     </span>
     <span class='ocr_line' id='line_1_57' title="bbox 1183 557 1935 624; baseline 0.004 -35"><span class='ocrx_word' id='word_1_296' title='bbox 1183 557 1441 624; x_wconf 37' lang='lat' dir='ltr'>*iurisdictionis</span> <span class='ocrx_word' id='word_1_297' title='bbox 1467 558 1521 590; x_wconf 89' lang='lat' dir='ltr'>tibi</span> <span class='ocrx_word' id='word_1_298' title='bbox 1549 558 1581 590; x_wconf 87' lang='lat' dir='ltr'>in</span> <span class='ocrx_word' id='word_1_299' title='bbox 1607 559 1657 591; x_wconf 86' lang='lat' dir='ltr'>his</span> <span class='ocrx_word' id='word_1_300' title='bbox 1684 560 1801 592; x_wconf 81' lang='lat' dir='ltr'>nostris</span> <span class='ocrx_word' id='word_1_301' title='bbox 1827 560 1935 592; x_wconf 77' lang='lat' dir='ltr'>litteri:</span> 
     </span>
     <span class='ocr_line' id='line_1_58' title="bbox 1206 610 1942 655; baseline 0.004 -14"><span class='ocrx_word' id='word_1_302' title='bbox 1206 610 1391 652; x_wconf 83' lang='lat' dir='ltr'>patentibus</span> <span class='ocrx_word' id='word_1_303' title='bbox 1417 611 1612 651; x_wconf 79' lang='lat' dir='ltr'>conceditur,</span> <span class='ocrx_word' id='word_1_304' title='bbox 1639 611 1670 644; x_wconf 93' lang='lat' dir='ltr'>id</span> <span class='ocrx_word' id='word_1_305' title='bbox 1697 617 1796 645; x_wconf 88' lang='lat' dir='ltr'>totum</span> <span class='ocrx_word' id='word_1_306' title='bbox 1822 613 1942 655; x_wconf 86' lang='lat' dir='ltr'>pariter</span> 
     </span>
     <span class='ocr_line' id='line_1_59' title="bbox 1183 662 1937 709; baseline 0.005 -16"><span class='ocrx_word' id='word_1_307' title='bbox 1183 679 1184 709; x_wconf 34' lang='grc' dir='ltr'>ἰ</span> <span class='ocrx_word' id='word_1_308' title='bbox 1207 663 1268 694; x_wconf 88' lang='lat' dir='ltr'>tuis</span> <span class='ocrx_word' id='word_1_309' title='bbox 1294 662 1326 694; x_wconf 90' lang='lat' dir='ltr'>in</span> <span class='ocrx_word' id='word_1_310' title='bbox 1352 663 1466 695; x_wconf 85' lang='lat' dir='ltr'>eodem</span> <span class='ocrx_word' id='word_1_311' title='bbox 1487 663 1592 696; x_wconf 85' lang='lat' dir='ltr'>ossicio</span> <span class='ocrx_word' id='word_1_312' title='bbox 1613 664 1724 696; x_wconf 77' lang='lat' dir='ltr'>suturis</span> <span class='ocrx_word' id='word_1_313' title='bbox 1749 665 1937 697; x_wconf 84' lang='lat' dir='ltr'>suecessori-</span> 
     </span>
     <span class='ocr_line' id='line_1_60' title="bbox 1205 715 1940 758; baseline 0.004 -12"><span class='ocrx_word' id='word_1_314' title='bbox 1205 715 1264 747; x_wconf 84' lang='lat' dir='ltr'>bus</span> <span class='ocrx_word' id='word_1_315' title='bbox 1289 725 1477 748; x_wconf 83' lang='lat' dir='ltr'>concessum</span> <span class='ocrx_word' id='word_1_316' title='bbox 1504 715 1713 758; x_wconf 77' lang='lat' dir='ltr'>intelligatur.</span> <span class='ocrx_word' id='word_1_317' title='bbox 1733 716 1771 748; x_wconf 88' lang='lat' dir='ltr'>Et</span> <span class='ocrx_word' id='word_1_318' title='bbox 1786 722 1820 748; x_wconf 91' lang='lat' dir='ltr'>ut</span> <span class='ocrx_word' id='word_1_319' title='bbox 1834 717 1940 749; x_wconf 81' lang='lat' dir='ltr'>omnia</span> 
     </span>
     <span class='ocr_line' id='line_1_61' title="bbox 1182 763 1943 811; baseline 0.003 -10"><span class='ocrx_word' id='word_1_320' title='bbox 1182 763 1370 801; x_wconf 66' lang='lat' dir='ltr'>&#39;&#39;obstacula</span> <span class='ocrx_word' id='word_1_321' title='bbox 1402 774 1555 811; x_wconf 85' lang='lat' dir='ltr'>quantum</span> <span class='ocrx_word' id='word_1_322' title='bbox 1593 768 1662 801; x_wconf 78' lang='lat' dir='ltr'>sieri</span> <span class='ocrx_word' id='word_1_323' title='bbox 1700 774 1806 811; x_wconf 85' lang='lat' dir='ltr'>potest</span> <span class='ocrx_word' id='word_1_324' title='bbox 1838 780 1943 803; x_wconf 89' lang='lat' dir='ltr'>remo-</span> 
     </span>
     <span class='ocr_line' id='line_1_62' title="bbox 1205 822 1943 865; baseline 0.004 -13"><span class='ocrx_word' id='word_1_325' title='bbox 1205 826 1348 857; x_wconf 79' lang='lat' dir='ltr'>veantur,</span> <span class='ocrx_word' id='word_1_326' title='bbox 1376 822 1481 854; x_wconf 78' lang='lat' dir='ltr'>denuo</span> <span class='ocrx_word' id='word_1_327' title='bbox 1520 822 1578 854; x_wconf 90' lang='lat' dir='ltr'>sub</span> <span class='ocrx_word' id='word_1_328' title='bbox 1616 822 1741 854; x_wconf 56' lang='lat' dir='ltr'>scrmali</span> <span class='ocrx_word' id='word_1_329' title='bbox 1767 828 1943 865; x_wconf 80' lang='lat' dir='ltr'>praecepto</span> 
     </span>
     <span class='ocr_line' id='line_1_63' title="bbox 1205 875 1941 918; baseline 0.001 -12"><span class='ocrx_word' id='word_1_330' title='bbox 1205 881 1236 906; x_wconf 88' lang='lat' dir='ltr'>et</span> <span class='ocrx_word' id='word_1_331' title='bbox 1259 875 1462 907; x_wconf 82' lang='lat' dir='ltr'>anathemate</span> <span class='ocrx_word' id='word_1_332' title='bbox 1492 886 1554 918; x_wconf 91' lang='lat' dir='ltr'>quo</span> <span class='ocrx_word' id='word_1_333' title='bbox 1579 886 1696 918; x_wconf 87' lang='lat' dir='ltr'>supra,</span> <span class='ocrx_word' id='word_1_334' title='bbox 1731 886 1856 907; x_wconf 80' lang='lat' dir='ltr'>necnon</span> <span class='ocrx_word' id='word_1_335' title='bbox 1883 876 1941 907; x_wconf 79' lang='lat' dir='ltr'>sub</span> 
     </span>
     <span class='ocr_line' id='line_1_64' title="bbox 1204 927 1942 971; baseline 0.005 -15"><span class='ocrx_word' id='word_1_336' title='bbox 1204 930 1308 969; x_wconf 74' lang='lat' dir='ltr'>poena</span> <span class='ocrx_word' id='word_1_337' title='bbox 1325 927 1513 970; x_wconf 73' lang='lat' dir='ltr'>privationis</span> <span class='ocrx_word' id='word_1_338' title='bbox 1531 928 1697 971; x_wconf 86' lang='lat' dir='ltr'>utriusque</span> <span class='ocrx_word' id='word_1_339' title='bbox 1718 928 1802 960; x_wconf 72' lang='lat' dir='ltr'>vocis</span> <span class='ocrx_word' id='word_1_340' title='bbox 1820 934 1847 960; x_wconf 89' lang='lat' dir='ltr'>ct</span> <span class='ocrx_word' id='word_1_341' title='bbox 1871 940 1942 970; x_wconf 77' lang='lat' dir='ltr'>gra-</span> 
     </span>
     <span class='ocr_line' id='line_1_65' title="bbox 1204 980 1941 1022; baseline 0 -10"><span class='ocrx_word' id='word_1_342' title='bbox 1204 981 1309 1018; x_wconf 88' lang='lat' dir='ltr'>duum,</span> <span class='ocrx_word' id='word_1_343' title='bbox 1325 982 1546 1022; x_wconf 71' lang='lat' dir='ltr'>perpetuaque</span> <span class='ocrx_word' id='word_1_344' title='bbox 1562 980 1764 1012; x_wconf 72' lang='lat' dir='ltr'>inhabilitate</span> <span class='ocrx_word' id='word_1_345' title='bbox 1783 981 1821 1013; x_wconf 85' lang='lat' dir='ltr'>ad</span> <span class='ocrx_word' id='word_1_346' title='bbox 1843 992 1879 1013; x_wconf 90' lang='lat' dir='ltr'>ea</span> <span class='ocrx_word' id='word_1_347' title='bbox 1894 992 1941 1012; x_wconf 82' lang='lat' dir='ltr'>re-</span> 
     </span>
     <span class='ocr_line' id='line_1_66' title="bbox 1204 1032 1940 1075; baseline 0 -11"><span class='ocrx_word' id='word_1_348' title='bbox 1204 1032 1398 1075; x_wconf 83' lang='lat' dir='ltr'>cuperanda,</span> <span class='ocrx_word' id='word_1_349' title='bbox 1414 1032 1633 1064; x_wconf 78' lang='lat' dir='ltr'>interdicimus</span> <span class='ocrx_word' id='word_1_350' title='bbox 1653 1032 1808 1064; x_wconf 84' lang='lat' dir='ltr'>universis</span> <span class='ocrx_word' id='word_1_351' title='bbox 1827 1038 1857 1064; x_wconf 85' lang='lat' dir='ltr'>et</span> <span class='ocrx_word' id='word_1_352' title='bbox 1876 1033 1940 1064; x_wconf 87' lang='lat' dir='ltr'>sin-</span> 
     </span>
     <span class='ocr_line' id='line_1_67' title="bbox 1203 1084 1940 1127; baseline 0.001 -11"><span class='ocrx_word' id='word_1_353' title='bbox 1203 1085 1285 1127; x_wconf 60' lang='lat' dir='ltr'>gulis</span> <span class='ocrx_word' id='word_1_354' title='bbox 1304 1091 1365 1117; x_wconf 90' lang='lat' dir='ltr'>tam</span> <span class='ocrx_word' id='word_1_355' title='bbox 1383 1084 1605 1127; x_wconf 79' lang='lat' dir='ltr'>superioribus</span> <span class='ocrx_word' id='word_1_356' title='bbox 1630 1095 1725 1127; x_wconf 87' lang='lat' dir='ltr'>quam</span> <span class='ocrx_word' id='word_1_357' title='bbox 1754 1085 1890 1117; x_wconf 84' lang='lat' dir='ltr'>subditis</span> <span class='ocrx_word' id='word_1_358' title='bbox 1909 1085 1940 1117; x_wconf 89' lang='lat' dir='ltr'>in</span> 
     </span>
     <span class='ocr_line' id='line_1_68' title="bbox 1203 1137 1941 1181; baseline 0 -11"><span class='ocrx_word' id='word_1_359' title='bbox 1203 1148 1405 1181; x_wconf 84' lang='lat' dir='ltr'>quacumque</span> <span class='ocrx_word' id='word_1_360' title='bbox 1430 1137 1558 1170; x_wconf 86' lang='lat' dir='ltr'>Ordinis</span> <span class='ocrx_word' id='word_1_361' title='bbox 1592 1137 1756 1180; x_wconf 76' lang='lat' dir='ltr'>provincia</span> <span class='ocrx_word' id='word_1_362' title='bbox 1781 1143 1835 1169; x_wconf 82' lang='lat' dir='ltr'>aut</span> <span class='ocrx_word' id='word_1_363' title='bbox 1864 1149 1941 1170; x_wconf 84' lang='lat' dir='ltr'>con-</span> 
     </span>
    </p>
   </div>
   <div class='ocr_carea' id='block_1_18' title="bbox 1180 1184 1941 1233">
    <p class='ocr_par' dir='ltr' id='par_1_19' title="bbox 1180 1184 1941 1233">
     <span class='ocr_line' id='line_1_69' title="bbox 1180 1184 1941 1233; baseline 0 -11"><span class='ocrx_word' id='word_1_364' title='bbox 1180 1184 1182 1192; x_wconf 69' lang='grc'>’</span> <span class='ocrx_word' id='word_1_365' title='bbox 1203 1191 1391 1233; x_wconf 70' lang='lat' dir='ltr'>gregatioue</span> <span class='ocrx_word' id='word_1_366' title='bbox 1417 1189 1617 1232; x_wconf 76' lang='lat' dir='ltr'>degentibus,</span> <span class='ocrx_word' id='word_1_367' title='bbox 1635 1200 1673 1221; x_wconf 85' lang='lat' dir='ltr'>ne</span> <span class='ocrx_word' id='word_1_368' title='bbox 1701 1189 1774 1222; x_wconf 86' lang='lat' dir='ltr'>huie</span> <span class='ocrx_word' id='word_1_369' title='bbox 1799 1200 1858 1232; x_wconf 89' lang='lat' dir='ltr'>per</span> <span class='ocrx_word' id='word_1_370' title='bbox 1883 1201 1941 1222; x_wconf 79' lang='lat' dir='ltr'>nos</span> 
     </span>
    </p>
   </div>
   <div class='ocr_carea' id='block_1_19' title="bbox 1203 1242 1942 1392">
    <p class='ocr_par' dir='ltr' id='par_1_20' title="bbox 1203 1242 1942 1392">
     <span class='ocr_line' id='line_1_70' title="bbox 1203 1242 1942 1276; baseline -0.001 0"><span class='ocrx_word' id='word_1_371' title='bbox 1203 1244 1259 1276; x_wconf 74' lang='lat' dir='ltr'>tibi</span> <span class='ocrx_word' id='word_1_372' title='bbox 1285 1250 1317 1276; x_wconf 86' lang='lat' dir='ltr'>et</span> <span class='ocrx_word' id='word_1_373' title='bbox 1340 1243 1580 1276; x_wconf 82' lang='lat' dir='ltr'>successoribus</span> <span class='ocrx_word' id='word_1_374' title='bbox 1607 1248 1678 1275; x_wconf 89' lang='lat' dir='ltr'>tuae</span> <span class='ocrx_word' id='word_1_375' title='bbox 1696 1243 1831 1276; x_wconf 83' lang='lat' dir='ltr'>collatae</span> <span class='ocrx_word' id='word_1_376' title='bbox 1846 1242 1942 1275; x_wconf 82' lang='lat' dir='ltr'>iuris-</span> 
     </span>
     <span class='ocr_line' id='line_1_71' title="bbox 1203 1295 1939 1338; baseline -0.001 -9"><span class='ocrx_word' id='word_1_377' title='bbox 1203 1296 1346 1335; x_wconf 72' lang='lat' dir='ltr'>dicdoni,</span> <span class='ocrx_word' id='word_1_378' title='bbox 1364 1297 1455 1329; x_wconf 82' lang='lat' dir='ltr'>titulo</span> <span class='ocrx_word' id='word_1_379' title='bbox 1476 1301 1507 1328; x_wconf 87' lang='lat' dir='ltr'>et</span> <span class='ocrx_word' id='word_1_380' title='bbox 1532 1296 1673 1328; x_wconf 75' lang='lat' dir='ltr'>facultati</span> <span class='ocrx_word' id='word_1_381' title='bbox 1692 1295 1852 1338; x_wconf 76' lang='lat' dir='ltr'>quispiam</span> <span class='ocrx_word' id='word_1_382' title='bbox 1868 1306 1939 1328; x_wconf 85' lang='lat' dir='ltr'>sese</span> 
     </span>
     <span class='ocr_line' id='line_1_72' title="bbox 1203 1347 1941 1392; baseline -0.003 -10"><span class='ocrx_word' id='word_1_383' title='bbox 1203 1354 1348 1392; x_wconf 81' lang='lat' dir='ltr'>opponat</span> <span class='ocrx_word' id='word_1_384' title='bbox 1363 1347 1381 1388; x_wconf 83' lang='lat'>¹,</span> <span class='ocrx_word' id='word_1_385' title='bbox 1408 1360 1515 1381; x_wconf 83' lang='lat' dir='ltr'>eamve</span> <span class='ocrx_word' id='word_1_386' title='bbox 1542 1348 1737 1381; x_wconf 81' lang='lat' dir='ltr'>iudicialiter</span> <span class='ocrx_word' id='word_1_387' title='bbox 1761 1349 1811 1381; x_wconf 85' lang='lat' dir='ltr'>vel</span> <span class='ocrx_word' id='word_1_388' title='bbox 1836 1353 1941 1381; x_wconf 83' lang='lat' dir='ltr'>extra-</span> 
     </span>
    </p>
   </div>
   <div class='ocr_carea' id='block_1_20' title="bbox 1202 1453 1941 1708">
    <p class='ocr_par' dir='ltr' id='par_1_21' title="bbox 1202 1453 1941 1708">
     <span class='ocr_line' id='line_1_73' title="bbox 1202 1453 1940 1496; baseline 0 -11"><span class='ocrx_word' id='word_1_389' title='bbox 1202 1464 1276 1486; x_wconf 79' lang='lat' dir='ltr'>vcro</span> <span class='ocrx_word' id='word_1_390' title='bbox 1313 1454 1462 1485; x_wconf 79' lang='lat' dir='ltr'>fratribus</span> <span class='ocrx_word' id='word_1_391' title='bbox 1498 1459 1529 1485; x_wconf 86' lang='lat' dir='ltr'>et</span> <span class='ocrx_word' id='word_1_392' title='bbox 1555 1453 1739 1493; x_wconf 85' lang='lat' dir='ltr'>sororibus,</span> <span class='ocrx_word' id='word_1_393' title='bbox 1773 1453 1940 1496; x_wconf 81' lang='lat' dir='ltr'>praedicta</span> 
     </span>
     <span class='ocr_line' id='line_1_74' title="bbox 1203 1507 1941 1549; baseline 0 -10"><span class='ocrx_word' id='word_1_394' title='bbox 1203 1518 1285 1539; x_wconf 77' lang='lat' dir='ltr'>nora</span> <span class='ocrx_word' id='word_1_395' title='bbox 1309 1507 1456 1549; x_wconf 73' lang='lat' dir='ltr'>collegia,</span> <span class='ocrx_word' id='word_1_396' title='bbox 1489 1511 1666 1539; x_wconf 84' lang='lat' dir='ltr'>conventus</span> <span class='ocrx_word' id='word_1_397' title='bbox 1695 1511 1789 1549; x_wconf 87' lang='lat' dir='ltr'>atque</span> <span class='ocrx_word' id='word_1_398' title='bbox 1814 1517 1941 1539; x_wconf 77' lang='lat' dir='ltr'>monas-</span> 
     </span>
     <span class='ocr_line' id='line_1_75' title="bbox 1204 1558 1940 1602; baseline -0.001 -11"><span class='ocrx_word' id='word_1_399' title='bbox 1204 1560 1283 1592; x_wconf 86' lang='lat' dir='ltr'>teria</span> <span class='ocrx_word' id='word_1_400' title='bbox 1307 1559 1484 1602; x_wconf 71' lang='lat' dir='ltr'>respective</span> <span class='ocrx_word' id='word_1_401' title='bbox 1512 1558 1749 1599; x_wconf 85' lang='lat' dir='ltr'>inhabitaturis,</span> <span class='ocrx_word' id='word_1_402' title='bbox 1766 1564 1819 1592; x_wconf 85' lang='lat' dir='ltr'>aut</span> <span class='ocrx_word' id='word_1_403' title='bbox 1844 1559 1877 1592; x_wconf 92' lang='lat' dir='ltr'>in</span> <span class='ocrx_word' id='word_1_404' title='bbox 1901 1559 1940 1591; x_wconf 85' lang='lat' dir='ltr'>iis</span> 
     </span>
     <span class='ocr_line' id='line_1_76' title="bbox 1203 1611 1941 1655; baseline 0 -11"><span class='ocrx_word' id='word_1_405' title='bbox 1203 1623 1334 1655; x_wconf 88' lang='lat' dir='ltr'>quoquo</span> <span class='ocrx_word' id='word_1_406' title='bbox 1370 1612 1464 1644; x_wconf 91' lang='lat' dir='ltr'>modo</span> <span class='ocrx_word' id='word_1_407' title='bbox 1490 1613 1537 1644; x_wconf 87' lang='lat' dir='ltr'>vel</span> <span class='ocrx_word' id='word_1_408' title='bbox 1562 1611 1731 1644; x_wconf 86' lang='lat' dir='ltr'>occasione</span> <span class='ocrx_word' id='word_1_409' title='bbox 1764 1622 1941 1644; x_wconf 83' lang='lat' dir='ltr'>commora-</span> 
     </span>
     <span class='ocr_line' id='line_1_77' title="bbox 1204 1664 1939 1708; baseline 0.001 -12"><span class='ocrx_word' id='word_1_410' title='bbox 1204 1664 1301 1703; x_wconf 72' lang='lat' dir='ltr'>turis,</span> <span class='ocrx_word' id='word_1_411' title='bbox 1337 1665 1553 1708; x_wconf 82' lang='lat' dir='ltr'>praecipimus</span> <span class='ocrx_word' id='word_1_412' title='bbox 1591 1665 1649 1697; x_wconf 88' lang='lat' dir='ltr'>sub</span> <span class='ocrx_word' id='word_1_413' title='bbox 1674 1665 1789 1697; x_wconf 88' lang='lat' dir='ltr'>eodem</span> <span class='ocrx_word' id='word_1_414' title='bbox 1813 1665 1939 1697; x_wconf 78' lang='lat' dir='ltr'>formali</span> 
     </span>
    </p>
   </div>
   <div class='ocr_carea' id='block_1_21' title="bbox 1180 1770 1941 2610">
    <p class='ocr_par' dir='ltr' id='par_1_22' title="bbox 1181 1770 1941 1962">
     <span class='ocr_line' id='line_1_78' title="bbox 1204 1770 1938 1814; baseline -0.001 -11"><span class='ocrx_word' id='word_1_415' title='bbox 1204 1777 1235 1803; x_wconf 86' lang='lat' dir='ltr'>et</span> <span class='ocrx_word' id='word_1_416' title='bbox 1251 1771 1493 1804; x_wconf 79' lang='lat' dir='ltr'>successoribus</span> <span class='ocrx_word' id='word_1_417' title='bbox 1519 1776 1677 1814; x_wconf 78' lang='lat' dir='ltr'>tamquam</span> <span class='ocrx_word' id='word_1_418' title='bbox 1702 1770 1853 1813; x_wconf 73' lang='lat' dir='ltr'>legitimis</span> <span class='ocrx_word' id='word_1_419' title='bbox 1872 1770 1938 1803; x_wconf 86' lang='lat' dir='ltr'>suis</span> 
     </span>
     <span class='ocr_line' id='line_1_79' title="bbox 1204 1823 1939 1867; baseline -0.001 -11"><span class='ocrx_word' id='word_1_420' title='bbox 1204 1823 1356 1867; x_wconf 76' lang='lat' dir='ltr'>praelatis</span> <span class='ocrx_word' id='word_1_421' title='bbox 1389 1834 1423 1855; x_wconf 86' lang='lat' dir='ltr'>ae</span> <span class='ocrx_word' id='word_1_422' title='bbox 1449 1824 1530 1856; x_wconf 87' lang='lat' dir='ltr'>veris</span> <span class='ocrx_word' id='word_1_423' title='bbox 1555 1823 1775 1866; x_wconf 85' lang='lat' dir='ltr'>superioribus</span> <span class='ocrx_word' id='word_1_424' title='bbox 1795 1828 1939 1856; x_wconf 77' lang='lat' dir='ltr'>exactam</span> 
     </span>
     <span class='ocr_line' id='line_1_80' title="bbox 1181 1876 1941 1919; baseline -0.001 -10"><span class='ocrx_word' id='word_1_425' title='bbox 1181 1885 1182 1916; x_wconf 60' lang='grc'>1</span> <span class='ocrx_word' id='word_1_426' title='bbox 1203 1882 1368 1919; x_wconf 80' lang='lat' dir='ltr'>praestent</span> <span class='ocrx_word' id='word_1_427' title='bbox 1399 1877 1618 1909; x_wconf 84' lang='lat' dir='ltr'>obedientiam</span> <span class='ocrx_word' id='word_1_428' title='bbox 1634 1903 1641 1916; x_wconf 89' lang='lat'>,</span> <span class='ocrx_word' id='word_1_429' title='bbox 1669 1876 1883 1909; x_wconf 81' lang='lat' dir='ltr'>reverentiam</span> <span class='ocrx_word' id='word_1_430' title='bbox 1908 1880 1941 1909; x_wconf 84' lang='lat' dir='ltr'>et</span> 
     </span>
     <span class='ocr_line' id='line_1_81' title="bbox 1205 1930 1375 1962; baseline 0 0"><span class='ocrx_word' id='word_1_431' title='bbox 1205 1930 1375 1962; x_wconf 84' lang='lat' dir='ltr'>honorem.</span> 
     </span>
    </p>

    <p class='ocr_par' dir='ltr' id='par_1_23' title="bbox 1203 1983 1938 2069">
     <span class='ocr_line' id='line_1_82' title="bbox 1247 1983 1938 2026; baseline 0 -11"><span class='ocrx_word' id='word_1_432' title='bbox 1247 1984 1280 2015; x_wconf 91' lang='lat' dir='ltr'>ln</span> <span class='ocrx_word' id='word_1_433' title='bbox 1306 1984 1435 2016; x_wconf 87' lang='lat' dir='ltr'>nomine</span> <span class='ocrx_word' id='word_1_434' title='bbox 1462 1983 1575 2022; x_wconf 81' lang='lat' dir='ltr'>Patris,</span> <span class='ocrx_word' id='word_1_435' title='bbox 1595 1988 1627 2016; x_wconf 90' lang='lat' dir='ltr'>et</span> <span class='ocrx_word' id='word_1_436' title='bbox 1652 1983 1734 2022; x_wconf 90' lang='lat' dir='ltr'>Filii,</span> <span class='ocrx_word' id='word_1_437' title='bbox 1752 1988 1783 2016; x_wconf 87' lang='lat' dir='ltr'>et.</span> <span class='ocrx_word' id='word_1_438' title='bbox 1802 1983 1938 2026; x_wconf 74' lang='lat' dir='ltr'>Spiritus</span> 
     </span>
     <span class='ocr_line' id='line_1_83' title="bbox 1203 2036 1321 2069; baseline -0.008 0"><span class='ocrx_word' id='word_1_439' title='bbox 1203 2036 1321 2069; x_wconf 85' lang='lat' dir='ltr'>Sancti.</span> 
     </span>
    </p>

    <p class='ocr_par' dir='ltr' id='par_1_24' title="bbox 1180 2089 1939 2180">
     <span class='ocr_line' id='line_1_84' title="bbox 1246 2089 1939 2132; baseline 0.003 -13"><span class='ocrx_word' id='word_1_440' title='bbox 1246 2089 1506 2132; x_wconf 77' lang='lat' dir='ltr'>Quibuscumque</span> <span class='ocrx_word' id='word_1_441' title='bbox 1532 2089 1564 2122; x_wconf 90' lang='lat' dir='ltr'>in</span> <span class='ocrx_word' id='word_1_442' title='bbox 1584 2089 1783 2122; x_wconf 85' lang='lat' dir='ltr'>contrarium</span> <span class='ocrx_word' id='word_1_443' title='bbox 1801 2099 1867 2121; x_wconf 88' lang='lat' dir='ltr'>non</span> <span class='ocrx_word' id='word_1_444' title='bbox 1883 2090 1939 2122; x_wconf 85' lang='grc'><strong>01)-</strong></span> 
     </span>
     <span class='ocr_line' id='line_1_85' title="bbox 1180 2142 1374 2180; baseline 0.005 -7"><span class='ocrx_word' id='word_1_445' title='bbox 1180 2156 1181 2180; x_wconf 42' lang='grc'>1</span> <span class='ocrx_word' id='word_1_446' title='bbox 1203 2142 1374 2174; x_wconf 86' lang='lat' dir='ltr'>stantibus.</span> 
     </span>
    </p>

    <p class='ocr_par' dir='ltr' id='par_1_25' title="bbox 1202 2195 1938 2291">
     <span class='ocr_line' id='line_1_86' title="bbox 1247 2195 1938 2238; baseline 0 -11"><span class='ocrx_word' id='word_1_447' title='bbox 1247 2195 1280 2227; x_wconf 88' lang='lat' dir='ltr'>ln</span> <span class='ocrx_word' id='word_1_448' title='bbox 1298 2195 1394 2228; x_wconf 86' lang='lat' dir='ltr'>fidem</span> <span class='ocrx_word' id='word_1_449' title='bbox 1420 2195 1469 2228; x_wconf 87' lang='lat' dir='ltr'>his</span> <span class='ocrx_word' id='word_1_450' title='bbox 1493 2195 1589 2229; x_wconf 83' lang='lat' dir='ltr'>officii</span> <span class='ocrx_word' id='word_1_451' title='bbox 1615 2195 1714 2228; x_wconf 85' lang='lat' dir='ltr'>nostri</span> <span class='ocrx_word' id='word_1_452' title='bbox 1736 2196 1843 2238; x_wconf 61' lang='lat' dir='ltr'>sigillo</span> <span class='ocrx_word' id='word_1_453' title='bbox 1869 2206 1938 2228; x_wconf 87' lang='lat' dir='ltr'>mu-</span> 
     </span>
     <span class='ocr_line' id='line_1_87' title="bbox 1202 2248 1824 2291; baseline 0 -11"><span class='ocrx_word' id='word_1_454' title='bbox 1202 2248 1276 2280; x_wconf 85' lang='lat' dir='ltr'>nitis</span> <span class='ocrx_word' id='word_1_455' title='bbox 1290 2249 1420 2291; x_wconf 74' lang='lat' dir='ltr'>propria</span> <span class='ocrx_word' id='word_1_456' title='bbox 1444 2259 1539 2281; x_wconf 80' lang='lat' dir='ltr'>manu</span> <span class='ocrx_word' id='word_1_457' title='bbox 1564 2249 1824 2291; x_wconf 80' lang='lat' dir='ltr'>subscripsinuis.</span> 
     </span>
    </p>

    <p class='ocr_par' dir='ltr' id='par_1_26' title="bbox 1246 2301 1737 2341">
     <span class='ocr_line' id='line_1_88' title="bbox 1246 2301 1737 2341; baseline 0.002 -8"><span class='ocrx_word' id='word_1_458' title='bbox 1246 2301 1376 2341; x_wconf 82' lang='lat' dir='ltr'>Romae,</span> <span class='ocrx_word' id='word_1_459' title='bbox 1395 2312 1425 2334; x_wconf 87' lang='lat' dir='ltr'>v1</span> <span class='ocrx_word' id='word_1_460' title='bbox 1443 2302 1512 2334; x_wconf 88' lang='lat' dir='ltr'>iulii</span> <span class='ocrx_word' id='word_1_461' title='bbox 1533 2312 1685 2335; x_wconf 60' lang='lat' dir='ltr'>noctu-u</span> <span class='ocrx_word' id='word_1_462' title='bbox 1708 2316 1737 2334; x_wconf 66' lang='grc' dir='ltr'>ν».</span> 
     </span>
    </p>

    <p class='ocr_par' dir='ltr' id='par_1_27' title="bbox 1202 2353 1940 2610">
     <span class='ocr_line' id='line_1_89' title="bbox 1246 2353 1937 2398; baseline 0.003 -13"><span class='ocrx_word' id='word_1_463' title='bbox 1246 2354 1260 2396; x_wconf 62' lang='lat' dir='ltr'>g</span> <span class='ocrx_word' id='word_1_464' title='bbox 1285 2353 1315 2385; x_wconf 71' lang='grc' dir='ltr'>Ξ).</span> <span class='ocrx_word' id='word_1_465' title='bbox 1344 2353 1420 2386; x_wconf 87' lang='lat' dir='ltr'>Cum</span> <span class='ocrx_word' id='word_1_466' title='bbox 1446 2359 1574 2393; x_wconf 87' lang='lat' dir='ltr'>autem,</span> <span class='ocrx_word' id='word_1_467' title='bbox 1599 2354 1679 2386; x_wconf 82' lang='lat' dir='ltr'>sicut</span> <span class='ocrx_word' id='word_1_468' title='bbox 1704 2355 1815 2387; x_wconf 81' lang='lat' dir='ltr'>eadem</span> <span class='ocrx_word' id='word_1_469' title='bbox 1839 2366 1937 2398; x_wconf 79' lang='lat' dir='ltr'>expo-</span> 
     </span>
     <span class='ocr_line' id='line_1_90' title="bbox 1202 2407 1937 2451; baseline 0.001 -12"><span class='ocrx_word' id='word_1_470' title='bbox 1202 2407 1276 2439; x_wconf 84' lang='lat' dir='ltr'>sitio</span> <span class='ocrx_word' id='word_1_471' title='bbox 1291 2407 1518 2449; x_wconf 69' lang='lat' dir='ltr'>suffiungebat,</span> <span class='ocrx_word' id='word_1_472' title='bbox 1539 2408 1701 2450; x_wconf 79' lang='lat' dir='ltr'>praefatus</span> <span class='ocrx_word' id='word_1_473' title='bbox 1715 2408 1870 2450; x_wconf 63' lang='lat' dir='ltr'>magister</span> <span class='ocrx_word' id='word_1_474' title='bbox 1883 2420 1937 2451; x_wconf 78' lang='lat' dir='ltr'>ge-</span> 
     </span>
     <span class='ocr_line' id='line_1_91' title="bbox 1202 2460 1939 2504; baseline 0 -11"><span class='ocrx_word' id='word_1_475' title='bbox 1202 2461 1322 2493; x_wconf 81' lang='lat' dir='ltr'>neralis</span> <span class='ocrx_word' id='word_1_476' title='bbox 1342 2460 1468 2493; x_wconf 80' lang='lat' dir='ltr'>&#39;liiteras</span> <span class='ocrx_word' id='word_1_477' title='bbox 1496 2460 1698 2500; x_wconf 87' lang='lat' dir='ltr'>huiusmodi,</span> <span class='ocrx_word' id='word_1_478' title='bbox 1726 2472 1790 2504; x_wconf 86' lang='lat' dir='ltr'>quo</span> <span class='ocrx_word' id='word_1_479' title='bbox 1815 2461 1939 2494; x_wconf 77' lang='lat' dir='ltr'>firmius</span> 
     </span>
     <span class='ocr_line' id='line_1_92' title="bbox 1203 2514 1940 2558; baseline 0.003 -12"><span class='ocrx_word' id='word_1_480' title='bbox 1203 2514 1380 2546; x_wconf 82' lang='lat' dir='ltr'>subsistant</span> <span class='ocrx_word' id='word_1_481' title='bbox 1403 2519 1436 2546; x_wconf 88' lang='lat' dir='ltr'>et</span> <span class='ocrx_word' id='word_1_482' title='bbox 1453 2520 1622 2546; x_wconf 82' lang='lat' dir='ltr'>serventur</span> <span class='ocrx_word' id='word_1_483' title='bbox 1640 2515 1791 2554; x_wconf 81' lang='lat' dir='ltr'>exactius,</span> <span class='ocrx_word' id='word_1_484' title='bbox 1811 2521 1940 2558; x_wconf 78' lang='lat' dir='ltr'>aposto—</span> 
     </span>
     <span class='ocr_line' id='line_1_93' title="bbox 1203 2566 1939 2610; baseline 0.004 -11"><span class='ocrx_word' id='word_1_485' title='bbox 1203 2567 1281 2599; x_wconf 81' lang='lat' dir='ltr'>licae</span> <span class='ocrx_word' id='word_1_486' title='bbox 1319 2572 1450 2599; x_wconf 85' lang='lat' dir='ltr'>nostrae</span> <span class='ocrx_word' id='word_1_487' title='bbox 1484 2566 1737 2599; x_wconf 74' lang='lat' dir='ltr'>confirmationis</span> <span class='ocrx_word' id='word_1_488' title='bbox 1774 2568 1939 2610; x_wconf 84' lang='lat' dir='ltr'>praesidio</span> 
     </span>
    </p>
   </div>
   <div class='ocr_carea' id='block_1_22' title="bbox 1180 1538 1184 2295">
    <p class='ocr_par' dir='ltr' id='par_1_28' title="bbox 1180 1538 1184 2295">
     <span class='ocr_line' id='line_1_94' title="bbox 1180 1538 1184 2295; baseline 0 0"><span class='ocrx_word' id='word_1_489' title='bbox 1180 1538 1184 2295; x_wconf 95' lang='lat' dir='ltr'> </span> 
     </span>
    </p>
   </div>
   <div class='ocr_carea' id='block_1_23' title="bbox 1236 2627 1783 2666">
    <p class='ocr_par' dir='ltr' id='par_1_29' title="bbox 1236 2627 1783 2666">
     <span class='ocr_line' id='line_1_95' title="bbox 1236 2627 1783 2666; baseline 0.004 -12"><span class='ocrx_word' id='word_1_490' title='bbox 1236 2630 1248 2654; x_wconf 84' lang='grc'>’1</span> <span class='ocrx_word' id='word_1_491' title='bbox 1272 2628 1341 2656; x_wconf 64' lang='lat' dir='ltr'>Edit.</span> <span class='ocrx_word' id='word_1_492' title='bbox 1358 2627 1436 2654; x_wconf 69' lang='lat' dir='ltr'>Mam.</span> <span class='ocrx_word' id='word_1_493' title='bbox 1455 2628 1519 2663; x_wconf 54' lang='lat' dir='ltr'>tegit</span> <span class='ocrx_word' id='word_1_494' title='bbox 1538 2633 1660 2663; x_wconf 65' lang='lat' dir='ltr'>apponat</span> <span class='ocrx_word' id='word_1_495' title='bbox 1676 2636 1703 2663; x_wconf 63' lang='grc'>111</span> <span class='ocrx_word' id='word_1_496' title='bbox 1739 2636 1783 2666; x_wconf 75' lang='grc'><strong>1.).</strong></span> 
     </span>
    </p>
   </div>
   <div class='ocr_carea' id='block_1_24' title="bbox 1951 250 2135 277">
    <p class='ocr_par' dir='ltr' id='par_1_30' title="bbox 1951 250 2135 277">
     <span class='ocr_line' id='line_1_96' title="bbox 1951 250 2135 277; baseline 0.011 -2"><span class='ocrx_word' id='word_1_497' title='bbox 1951 250 2000 276; x_wconf 80' lang='lat' dir='ltr'>An.</span> <span class='ocrx_word' id='word_1_498' title='bbox 2018 251 2046 276; x_wconf 93' lang='lat' dir='ltr'>C.</span> <span class='ocrx_word' id='word_1_499' title='bbox 2072 251 2135 277; x_wconf 78' lang='lat'><strong>1667</strong></span> 
     </span>
    </p>
   </div>
   <div class='ocr_carea' id='block_1_25' title="bbox 1204 1717 1969 1761">
    <p class='ocr_par' dir='ltr' id='par_1_31' title="bbox 1204 1717 1969 1761">
     <span class='ocr_line' id='line_1_97' title="bbox 1204 1717 1969 1761; baseline 0 -12"><span class='ocrx_word' id='word_1_500' title='bbox 1204 1724 1389 1761; x_wconf 80' lang='lat' dir='ltr'>praecepto,</span> <span class='ocrx_word' id='word_1_501' title='bbox 1406 1718 1585 1760; x_wconf 84' lang='lat' dir='ltr'>iisdemque</span> <span class='ocrx_word' id='word_1_502' title='bbox 1612 1717 1744 1760; x_wconf 81' lang='lat' dir='ltr'>poenis,</span> <span class='ocrx_word' id='word_1_503' title='bbox 1771 1717 1857 1761; x_wconf 89' lang='lat' dir='ltr'>quod</span> <span class='ocrx_word' id='word_1_504' title='bbox 1883 1717 1938 1749; x_wconf 87' lang='lat' dir='ltr'>tibi</span> <span class='ocrx_word' id='word_1_505' title='bbox 1960 1754 1969 1757; x_wconf 53' lang='grc'><em>,</em></span> 
     </span>
    </p>
   </div>
   <div class='ocr_carea' id='block_1_26' title="bbox 1948 2309 2108 2356">
    <p class='ocr_par' dir='ltr' id='par_1_32' title="bbox 1948 2309 2108 2356">
     <span class='ocr_line' id='line_1_98' title="bbox 2018 2309 2108 2329; baseline 0 0"><span class='ocrx_word' id='word_1_506' title='bbox 2018 2309 2108 2329; x_wconf 69' lang='lat' dir='ltr'>Consti-m</span> 
     </span>
     <span class='ocr_line' id='line_1_99' title="bbox 1948 2335 2042 2356; baseline 0.011 -1"><span class='ocrx_word' id='word_1_507' title='bbox 1948 2335 2042 2356; x_wconf 70' lang='lat' dir='ltr'>Pontifex</span> 
     </span>
    </p>
   </div>
  </div>
 </body>
</html>
