2247 3208
149 204 199 231 An.
219 204 248 231 C.
269 205 335 232 ¹663

339 254 424 286 serie
442 255 650 286 absolventes
677 261 706 286 vt
732 255 894 287 absolutas
920 256 1077 287 t'orecen—

337 311 457 345 sentes,
483 305 773 349 supplicationibus
807 318 916 340 corum
943 307 1073 339 nominc

337 359 430 392 nobis
455 369 554 403 super
579 359 640 393 hoc
669 359 834 392 lnnnilitcr
857 359 1015 403 porrectis
1029 360 1075 392 in-

335 413 460 453 clinati,

199 476 323 505 ,nectem-n
378 466 393 509 ἓ
418 465 449 498 lt.
477 465 648 499 Decretum
666 467 914 509 pracinsertum,
939 466 1074 499 auctori-

140 504 398 552 Eiss‘a'ffvufflnisi‘x'sstate
425 519 613 562 apostolica,
634 509 746 552 tenore
772 518 1003 561 praesentium,
1021 530 1075 562 ap-

333 572 506 614 probamus
531 577 563 605 et
586 571 819 611 confirmamus,
839 572 951 614 illique
974 571 1073 604 invio-

335 625 442 657 labilis
468 625 666 668 apostolicae
686 624 843 658 firmitatis
869 625 969 656 robur
994 625 1072 657 adii-

335 678 449 718 cimus‚
470 688 505 709 ac
522 687 633 710 omnes
651 682 682 709 et
697 676 841 720 singulos
860 677 937 709 iuris
953 682 983 709 ct
1000 677 1072 709 sacti

335 731 501 770 desectus,
527 730 553 763 si
579 730 632 774 qui
658 730 797 773 desuper
828 730 1073 774 quomodolibet

334 783 578 821 intervenerint,
591 784 789 826 supplemus,
802 784 861 816 hac
872 789 977 816 tamen
989 785 1070 826 lege,

332 840 376 875 ut,
402 844 474 866 casn
494 843 567 877 quo,
586 834 715 866 servatis
732 834 897 866 servandis
914 840 947 866 ut
965 845 1071 877 supra,

334 886 541 931 praepositus
567 886 727 928 generalis
745 887 783 919 ad
802 891 929 930 tempus
950 887 1072 919 electus

333 939 438 980 suerit,
465 939 498 972 in
523 950 597 971 casu
612 949 712 972 novae
738 939 906 972 electionis
924 950 988 972 non
1002 951 1073 983 pos-

333 993 375 1025 sit
399 993 508 1026 denuo
534 992 573 1025 ad
600 1000 727 1035 tempus
752 992 840 1034 eligi,
869 992 929 1025 nisi
954 994 1069 1025 iterum

333 1055 392 1089 per
422 1050 497 1078 vota
529 1051 653 1078 secreta
686 1051 822 1088 quatuor
857 1056 893 1077 ex
927 1046 1070 1088 quinque

331 1102 479 1131 votorum
504 1097 647 1140 partibus
673 1103 876 1137 concurrant,
896 1103 928 1130 ct
945 1108 1071 1142 expres-

332 1161 386 1183 sus
420 1160 570 1183 assensus
599 1156 625 1182 e·
655 1151 845 1193 approbatio
875 1156 984 1183 nostra
1020 1152 1069 1184 vel

332 1214 557 1236 successorum
570 1209 755 1238 nostrorum
769 1203 802 1236 in
814 1210 1004 1247 perpetuum
1022 1215 1070 1236 ao-

333 1257 438 1296 cedat,
453 1261 485 1289 et
503 1256 565 1289 hoc
582 1256 678 1289 toties
694 1257 819 1300 quotics
834 1255 923 1289 casu¹
941 1257 1071 1290 electio-

332 1309 381 1342 nis
399 1309 574 1349 advenerit,
594 1309 738 1353 alioquin
758 1309 959 1353 praepositus
974 1320 1070 1353 gene-

332 1361 407 1394 ralis
432 1362 472 1394 ad
496 1361 592 1394 vitam
617 1362 781 1405 perduret.

375 1415 389 1458 ἓ
415 1415 445 1448 5.
472 1415 695 1449 Decernentes
721 1416 853 1449 easdem
877 1423 1069 1459 praesentes

330 1468 459 1502 litteras
485 1478 617 1511 semper
633 1468 752 1509 firmas,
772 1469 894 1502 validas
914 1474 946 1502 et
964 1469 1070 1503 effica-

331 1532 385 1554 ces
412 1521 552 1554 existere
572 1526 604 1553 et
628 1521 710 1561 sore,
739 1532 881 1565 suosque
902 1523 1069 1565 plenarios

331 1579 364 1606 et
387 1573 534 1616 integros
561 1572 695 1606 effectus
721 1574 832 1606 sortiri
851 1579 883 1607 ct
904 1575 1066 1616 obtinere,

331 1637 369 1659 ac
393 1626 467 1666 illis,
487 1626 526 1659 ad
545 1637 626 1670 quos
647 1632 774 1670 spectat
790 1632 822 1659 et
839 1637 900 1671 pro
922 1633 1068 1671 tempore

332 1680 506 1723 spectabit,
533 1680 725 1722 plenissime
751 1679 945 1723 suffragari,
975 1686 1006 1713 ct
1030 1682 1069 1714 ab

331 1732 396 1765 illis
424 1732 608 1775 respective
634 1732 869 1766 inviolaliiiliter
886 1734 1068 1774 observari,

331 1784 445 1828 sicque
470 1784 503 1816 in
528 1785 718 1827 praemissis
752 1795 812 1828 per
843 1795 1069 1829 quoscumque

331 1836 455 1869 indices
482 1837 665 1870 ordinarios
692 1842 723 1869 et
753 1838 921 1880 delegatos
938 1865 945 1877 ‚
974 1837 1070 1871 ctiain

332 1901 504 1924 causarum
540 1890 652 1934 palatii
686 1891 859 1933 apostolici
891 1891 1069 1932 auditores,

331 1944 469 1977 iudicari
501 1949 533 1976 et
559 1942 687 1976 definiri
718 1943 858 1984 debere,
881 1954 917 1976 ac
942 1944 1071 1978 irritum

333 2002 366 2030 et
389 1997 485 2030 inane
511 1996 537 2029 si
563 2007 658 2029 secus
674 2007 776 2039 super
794 1996 844 2029 his
860 2007 877 2029 a
895 2008 1070 2040 quoquam,

334 2050 446 2094 quavis
468 2049 677 2090 auctoritate,
694 2049 838 2083 scienter
853 2050 904 2083 vel
917 2049 1072 2092 ignoran-

334 2109 396 2145 ter,
416 2104 594 2147 contigerit
611 2103 777 2136 attentari.

378 2158 393 2201 ᾖ
416 2157 447 2190 6.
474 2157 545 2189 Non
577 2157 782 2189 obstantibus
807 2156 1015 2199 praemissis,
1038 2167 1074 2190 ac

336 2209 618 2243 constitutionibus
649 2214 681 2242 et
711 2209 970 2242 ordinationibus
995 2220 1074 2254 apo-

336 2263 469 2303 stolicis,
497 2273 628 2296 necnon
653 2263 757 2296 dictae
784 2262 1072 2306 Congregationis,

337 2316 433 2349 etiam
457 2315 651 2355 iuramento,
678 2315 921 2348 confirmatione
947 2321 1075 2360 aposto-

336 2369 406 2409 lica,
432 2369 482 2402 vel
508 2369 616 2412 quavis
641 2368 790 2402 firmitate
816 2369 878 2401 alia
904 2369 1072 2411 roboratis,

338 2422 462 2455 statutis
497 2427 529 2454 et
561 2421 866 2462 consuetudinibus,
897 2422 1074 2466 privilegiis

339 2485 478 2518 quoque,
504 2474 637 2507 indultis
652 2479 684 2507 et
708 2473 823 2507 litteris
841 2475 1027 2517 apostolicis
1042 2475 1074 2508 in

339 2527 536 2560 contrarium
561 2527 808 2570 praemissorum
832 2527 1077 2570 quomodolibet

378 2591 386 2615 1
409 2589 503 2616 Potius
518 2589 576 2624 lege
591 2597 673 2616 casus
687 2591 724 2623 (n.
739 2588 788 2623 T.).

431 2641 505 2668 Lutt.
527 2642 611 2670 Rom.
631 2657 664 2662 —
689 2642 746 2671 Vol.
767 2641 860 2670 XVII.

137 1425 272 1473 dflausulan
284 1425 321 1447 ad·

153 1459 158 1473 Ι
170 1468 175 1473 .

141 2163 252 2185 Contraria
263 2163 324 2184 tollit.

1003 2642 1038 2669 26

933 207 1119 230 AttCXAXsttitt
1145 208 1186 231 Vll
1213 209 1259 230 ΙΨ.

1752 199 1809 230 {tel

1118 255 1291 293 concessis,
1312 255 1509 287 contirmatis
1535 261 1566 287 ct
1590 256 1768 295 innovati&
1789 256 1856 298 qui-

1117 306 1176 338 bus
1201 307 1350 339 omnibus
1365 312 1395 339 ct
1413 307 1557 349 singulis,
1576 307 1705 341 illorum
1725 313 1854 341 tenores

1118 359 1346 401 praesentibus
1381 370 1438 402 pro
1471 361 1567 402 plene
1599 366 1631 392 et
1657 361 1857 393 sufficienter

1118 411 1280 453 expressis
1307 416 1338 443 et
1363 411 1493 444 insertis
1513 412 1761 454 habentes,illis
1776 414 1854 447 alias

1116 464 1149 495 in
1175 474 1234 496 suo
1268 464 1383 496 robore
1419 467 1659 507 permansuris,
1693 468 1731 499 ad
1763 478 1855 510 prac-

1116 516 1291 548 missorum
1316 516 1476 556 effectum,
1502 518 1562 549 hac
1586 518 1653 551 vit-e
1680 520 1854 560 dumtaxat,

1116 568 1303 611 specialiter
1327 574 1358 601 et
1382 579 1537 612 expresse
1563 570 1755 613 derogz‘unus

1117 621 1259 664 terisque
1284 621 1452 654 contrariis
1479 623 1749 667 quibuscumque.

1159 673 1229 717 57.
1265 673 1420 707 Volumus
1454 680 1563 708 autem
1597 681 1632 708 ut
1663 678 1852 710 earumdem

1114 727 1344 770 praesentium
1388 727 1572 760 litterarum
1613 731 1827 773 transtnnptis
1844 759 1851 771 ,

1115 779 1212 812 etiam
1237 779 1416 823 impressis,
1445 791 1542 813 mauu
1569 782 1705 814 alicuius
1732 783 1851 816 notarii

1114 828 1239 876 pubiici
1265 833 1470 877 subscriptis,
1498 839 1530 866 et
1555 835 1663 878 sigillo
1688 847 1852 879 personae

1114 886 1147 918 in
1165 886 1323 928 dignitate
1335 887 1559 920 ecclesiastica
1573 888 1771 922 constitutae
1784 901 1854 922 mn—

1115 938 1202 979 nitis‚
1222 939 1337 972 eadem
1364 943 1501 982 prorsus
1520 939 1600 973 sides
1626 940 1658 973 in
1684 941 1806 974 iudicio
1822 948 1854 975 et

1114 994 1206 1022 extra
1227 990 1432 1030 adhibeatur,
1453 1002 1535 1034 quae
1554 992 1786 1034 praesentibus
1805 994 1853 1037 ip-

1114 1042 1158 1075 sis
1177 1042 1406 1084 adhiberetur,
1426 1044 1452 1076 si
1478 1045 1587 1077 forent
1612 1045 1775 1078 exhibitae
1802 1048 1852 1080 vel

1114 1100 1281 1129 ostensae.

1157 1149 1270 1182 Datum
1296 1149 1434 1189 Romae,
1462 1151 1545 1193 apud
1577 1150 1608 1183 S.
1636 1151 1766 1184 Mariani
1793 1152 1854 1184 Ma-

1113 1201 1233 1242 iorem,
1261 1203 1320 1234 sub
1350 1203 1469 1235 annulo
1502 1203 1682 1244 piscatoris,
1714 1205 1763 1237 dic
1788 1216 1851 1239 xxu

1113 1255 1239 1298 augusti
1265 1256 1645 1299 nocrx111,pontificatus
1672 1259 1773 1292 nostri
1800 1269 1854 1291 an-

1114 1319 1155 1341 no
1181 1319 1222 1342 ix.

1769 584 1776 612 ·,
1804 583 1854 605 cc—

1147 1371 1206 1399 Dat.
1222 1371 1266 1398 die
1282 1371 1315 1398 22
1335 1372 1440 1407 augusti
1458 1371 1535 1407 1663,
1552 1372 1650 1408 pontis.
1669 1381 1739 1401 anno
1755 1380 1789 1400 tx.

1421 1512 1545 1546 CDLIlI.

1116 1593 1154 1626 Ut
1176 1597 1237 1626 tres
1254 1598 1437 1632 conventus,
1456 1593 1619 1626 nimirum
1642 1594 1852 1635 Vastinensis,

1156 1645 1398 1678 indicasti-ensis
1428 1650 1456 1678 et
1483 1647 1849 1689 Castrireqinaldensis‚

1156 1699 1320 1732 custodiae
1344 1700 1398 1733 SS.
1428 1700 1602 1732 Trinitatis
1625 1701 1663 1732 in
1684 1702 1854 1744 provincia

1156 1752 1278 1786 maiori
1298 1752 1456 1785 Turoniae
1470 1752 1604 1786 Ordinis
1620 1753 1763 1795 fratrum
1783 1753 1851 1786 Mi-

1157 1814 1274 1836 norum
1290 1805 1394 1837 suncti
1406 1805 1576 1838 Francisci
1592 1805 1853 1846 Recollectomm,

1157 1857 1251 1889 uniri
1264 1861 1292 1890 et
1306 1858 1511 1900 incorporari
1524 1858 1648 1901 possint
1666 1859 1854 1900 provinciae

1157 1910 1311 1942 viciniori
1334 1915 1390 1942 ant
1415 1911 1624 1943 commodiori
1647 1912 1850 1953 Reformato-

1157 1973 1231 1995 rnm
1264 1973 1319 1995 seu
1348 1963 1600 1996 Recollectorum
1626 1963 1761 1997 Ordinis
1787 1964 1851 1996 lin·-

1159 2015 1311 2048 iusmodi.

1306 2095 1473 2123 Alexander
1492 2095 1572 2130 Papa
1591 2096 1653 2123 vn.

1256 2139 1293 2166 ad
1312 2139 1445 2166 futuram
1464 2140 1509 2167 rei
1529 2140 1711 2168 memoriam.

1162 2208 1325 2243 Militantis
1343 2209 1504 2244 Ecclesiae
1529 2210 1679 2254 regimini
1697 2222 1757 2255 per
1772 2211 1853 2245 ines-

1117 2261 1247 2295 sabilem
1278 2261 1403 2295 divinae
1428 2263 1581 2296 bonitatis
1612 2264 1850 2305 abundantiam,

1116 2316 1205 2349 nullo
1229 2315 1307 2349 licet
1330 2310 1518 2349 meritorum
1534 2323 1718 2351 nostrorum
1745 2318 1854 2351 snssra-

1117 2369 1178 2412 gio,
1204 2370 1390 2413 praepositi,
1411 2370 1495 2404 felici
1518 2371 1745 2414 religiosorum
1770 2372 1854 2405 viro-

1116 2433 1186 2456 rum
1209 2427 1283 2456 vota
1306 2434 1363 2456 sua
1386 2424 1452 2457 Deo
1477 2424 1613 2458 reddere
1639 2426 1854 2468 satagentium

1116 2475 1263 2519 regimini
1290 2482 1320 2509 et
1345 2477 1443 2521 quieti
1475 2477 1614 2511 libenter
1642 2479 1850 2520 consulimus,

1117 2529 1197 2561 sicut
1222 2529 1253 2561 in
1279 2529 1415 2563 Domino
1441 2531 1656 2574 conspicimus
1681 2532 1853 2565 salubriter

1118 2582 1283 2627 expedire.

1863 207 1912 232 An.
1929 207 1956 232 C.
1986 207 2049 233 itto3

1897 689 2046 714 'l'ransnnipto-

1865 721 1908 734 runi
1925 715 1984 736 fidos.

1890 2220 2030 2241 Prooemium.
