2247 3208
121 215 124 218 ’
169 233 356 261 An.C.1663
401 225 463 258 108

185 295 238 318 Quid
249 295 325 316 Paulus
334 294 351 315 V

169 321 294 342 decreverit.

410 283 424 325 g
456 282 486 313 1.
514 280 638 313 Dudum
664 278 825 322 siquidem
854 278 1047 321 (postquam
1079 287 1097 309 a

365 333 617 377 congregatione
657 331 768 375 quinta
810 330 955 373 generali
992 330 1095 364 dictae

365 386 531 420 Societatis
557 384 694 428 petitum
716 384 821 417 suerat
844 388 880 416 ut
899 383 1001 427 ipsius
1019 394 1097 416 con-

365 437 564 483 gregationis
594 437 787 470 auctoritate
824 441 1025 469 statueretur
1055 445 1095 469 ne

365 490 571 534 superiorum
602 489 755 522 localium
788 489 933 522 eiusdem
957 489 1098 522 Societa-

365 544 404 575 tis
430 543 533 576 officia
558 543 644 575 ultra
668 542 846 574 triennium
869 541 1098 574 continuaren-

364 600 424 635 tur,
451 595 535 628 dicta
559 605 637 628 vero
669 594 881 637 congregatio
908 594 1098 626 decreverat

363 649 489 681 nullum
514 653 639 691 tempus
664 657 736 680 esse
758 646 1018 690 praefigendum,
1038 646 1095 678 sed

363 701 557 734 servandum
572 711 642 733 esse
658 700 823 733 decretum
834 709 954 732 Lxxxvn
965 709 1097 741 congre-

363 754 503 796 gationis
518 752 677 785 secundae
694 751 855 794 generalis
871 750 973 795 ipsius
989 750 1097 784 Socie-

363 806 451 848 tatis)
469 805 572 837 felicis
589 804 825 838 recordationis
838 804 954 836 Paulus
973 804 1057 847 Papa
1074 804 1097 836 V

363 859 602 902 praedecessor
619 862 737 897 noster,
762 862 852 890 certo
873 857 976 890 sciens
995 862 1097 889 totum

945 229 1124 256 BULLARIUM
1146 228 1297 254 ROMANUM

1129 281 1245 316 tentas,
1279 277 1380 320 ipsius
1414 277 1592 320 praepositi
1623 288 1682 321 pro
1716 283 1862 321 tempore

1130 329 1296 362 existentis
1321 329 1457 362 arbitrio
1483 332 1693 370 coercerent,
1720 330 1864 372 corrige-

1130 388 1203 414 rent
1228 387 1260 415 et
1284 382 1446 425 punirent,
1475 387 1506 414 et
1530 382 1608 415 alias
1634 388 1731 426 prout
1754 383 1785 415 in
1806 383 1864 416 eis-

1130 435 1204 467 dem
1231 434 1319 467 Pauli
1345 434 1612 478 praedecessoris
1642 435 1757 468 litteris
1784 436 1864 468 ube-

1132 487 1195 520 rius
1221 488 1416 520 continetur.
1628 499 1631 502 ·

1173 541 1187 584 ἓ
1204 540 1236 573 Q.
1262 541 1472 574 Postmodum
1489 551 1566 573 vero
1585 541 1779 574 recolendae
1797 551 1863 574 me-

1130 593 1253 628 moriae
1274 594 1480 627 Innocentius
1499 594 1584 637 Papa
1602 594 1637 634 X,
1659 593 1754 626 etiam
1770 604 1864 637 prae-

1131 647 1287 679 decessor
1306 651 1426 686 noster,
1446 656 1506 689 per
1523 656 1597 678 suas
1618 645 1650 678 in
1667 646 1770 678 forma
1787 647 1864 679 Bre-

1130 699 1176 731 vis
1209 699 1335 733 litteras
1375 699 1414 731 de
1440 709 1449 732 1
1474 698 1612 731 ianuarii
1642 708 1780 732 nnchvl
1812 709 1864 731 ex-

1130 751 1273 794 peditas,
1310 751 1395 784 inter
1431 751 1492 784 alia
1529 751 1652 790 statuit,
1690 751 1863 791 mandavit,

1130 804 1299 846 praecepit
1323 808 1355 836 et
1379 804 1541 837 ordinavit
1561 810 1596 836 ut
1620 814 1733 836 omnes
1752 809 1783 836 et
1801 804 1865 836 sin-

1131 856 1195 898 guli
1228 856 1331 889 dictae
1370 856 1540 890 Societatis
1566 856 1793 899 provinciales,
1819 856 1864 889 vi-

1874 227 1930 255 Αῃ.’
1942 229 1971 255 C.
1995 230 2061 256 1663

1897 551 1950 575 Quin
1961 551 2060 573 Innocen-

1879 580 1919 598 tius
1935 578 1959 598 X.

363 915 493 944 sanctae
520 910 617 942 huius
644 915 676 942 et
700 919 866 952 nunquam
883 909 961 941 satis
987 901 1290 950 lauda-isitatores,
1306 908 1494 951 praepositi,
1508 914 1661 948 rectores,
1676 909 1864 951 superiores

364 968 413 995 tae
448 963 617 1005 religionis
650 962 907 995 stabilimentum
936 961 969 993 in
1001 960 1260 999 viridivlocaleS,
1285 966 1318 993 et
1341 961 1395 993 alii
1425 960 1578 993 officiales
1604 961 1864 994 iurisdictionem

363 1015 502 1048 instituti
538 1015 642 1058 ipsius
684 1019 715 1046 et
751 1014 958 1046 decretorum
999 996 1186 1055 superiseu
1211 1013 1474 1055 superioritatem
1498 1013 1666 1052 habentes,
1686 1014 1864 1056 quomodo-

364 1068 426 1100 hoc
469 1068 500 1099 in
537 1066 746 1109 generalibus
785 1065 1096 1109 congregationibus
1112 1061 1114 1104 ζ
1129 1065 1209 1098 libet
1224 1065 1415 1108 nuncupati,
1434 1065 1577 1108 exceptis
1594 1065 1756 1107 magistris
1774 1065 1865 1099 novi-

363 1121 510 1152 eiusdem
535 1119 704 1153 Societatis
737 1119 899 1152 editorum
924 1119 1114 1152 observem-l
1130 1119 1255 1158 tiorum,
1274 1118 1306 1150 in
1325 1129 1437 1151 eorum
1454 1118 1638 1161 respective
1663 1117 1865 1159 muneribus,

365 1173 407 1208 tia
437 1173 636 1212 consistere,
668 1172 824 1214 illamque
858 1172 898 1204 ab
928 1153 1114 1214 impugna-,¹

364 1225 518 1265 tionibus,
543 1224 702 1257 molestiis
734 1229 766 1256 et
791 1224 963 1257 calumniis
994 1218 1114 1260 vindi-ff

363 1288 447 1317 care,
473 1283 504 1309 et
523 1278 557 1309 in
581 1277 631 1309 sui
655 1277 796 1309 instituti
822 1276 1022 1319 integritate,
1041 1287 1115 1319 pu-‚

363 1330 470 1370 ritate,
481 1331 590 1373 quiete
605 1335 637 1363 et
650 1340 727 1373 pace
740 1340 935 1363 conservare
951 1330 1097 1372 cupiens,

363 1394 424 1427 per
437 1394 511 1416 suas
528 1384 587 1416 sub
604 1384 750 1427 plumbo,
765 1394 850 1416 anno
864 1383 1097 1415 incarnationis

364 1437 547 1472 Dominicae
573 1446 682 1475 MDCVI,
707 1436 813 1479 pridie
848 1446 951 1468 nonas
978 1441 1098 1479 sptem-

363 1488 447 1529 bris,
479 1499 578 1532 super
613 1489 753 1521 instituti
791 1489 894 1521 dictae
930 1488 1098 1521 Societatis

364 1541 611 1574 confirmatione
637 1546 800 1574 emanatas
824 1541 959 1581 litteras,
984 1551 1099 1584 supra-

365 1594 448 1627 dicta
474 1599 507 1627 et
531 1595 593 1626 alia
618 1604 841 1637 quaecumque
868 1594 1010 1633 decreta,
1036 1590 1115 1626 sta-¹¹

365 1652 433 1679 tuta
463 1651 494 1679 et
520 1647 760 1685 ordinationes,
799 1656 881 1689 quae
913 1645 1098 1678 institutum

365 1704 397 1732 et
421 1699 616 1732 Societatem
641 1699 841 1740 huiusmodi,
860 1699 1015 1742 illiusque
1042 1701 1116 1742 gu-'

364 1752 524 1785 bernandi
557 1753 717 1787 rationem
751 1752 1000 1796 quomodolibet
1024 1762 1115 1795 con-¹

1130 1171 1428 1214 superioritatibus,
1446 1171 1646 1211 ministerii&
1664 1171 1865 1204 administra-

1130 1224 1270 1256 tionibus
1288 1229 1320 1256 et
1339 1224 1452 1257 officiis
1476 1224 1662 1267 praedictis,
1684 1225 1865 1267 quomodo-

1130 1287 1269 1320 cumque
1283 1277 1489 1320 nuncupatis,
1507 1288 1567 1320 per
1585 1277 1761 1310 triennium
1780 1277 1865 1309 dum-

1130 1336 1216 1369 taxat
1236 1331 1353 1363 durare
1372 1331 1545 1370 deberent,
1572 1341 1609 1363 ea
1634 1329 1725 1374 que',
1752 1330 1865 1373 elapso

1131 1383 1273 1416 triennio
1304 1382 1505 1422 huiusmodi,
1535 1393 1574 1416 eo
1603 1383 1676 1426 ipso
1704 1387 1865 1422 vacarent,

1131 1442 1162 1468 et
1185 1446 1299 1469 vacare
1325 1441 1552 1475 censerentur,
1586 1435 1713 1478 ipsique
1739 1435 1778 1467 ad
1803 1434 1866 1467 alia

1131 1488 1262 1532 quaevis
1289 1488 1434 1521 eiusdem
1453 1487 1624 1521 Societatis
1643 1497 1786 1527 munera,
1813 1497 1866 1519 su-

1130 1541 1348 1585 perioritates,
1363 1540 1554 1580 ministeria,
1565 1539 1865 1574 administrationes

1131 1599 1163 1627 et
1187 1594 1291 1627 officia
1315 1593 1483 1637 praedicta
1515 1592 1764 1635 quomodolibet
1787 1602 1868 1624 nun-

1131 1652 1254 1690 cupata,
1274 1646 1370 1679 etiam
1387 1645 1695 1689 vioe-provincialis,
1710 1655 1768 1677 seu
1782 1644 1866 1678 vice-

1130 1699 1319 1743 praepositi,
1338 1700 1389 1732 vel
1406 1696 1661 1738 vice-rectoris&
1681 1698 1865 1730 nullatenus

1132 1752 1216 1795 eligi,
1236 1763 1294 1785 seu
1314 1752 1442 1792 assumi,
1464 1752 1515 1784 vel
1534 1751 1683 1794 deputari
1708 1751 1866 1791 valerent,

365 1811 511 1844 cernunt,
537 1805 570 1837 in
595 1805 804 1848 generalibus
838 1798 1115 1850 congregationi-i
1132 1805 1193 1837 nisi
1218 1815 1278 1848 per
1303 1815 1422 1837 annum
1446 1815 1518 1837 cnm
1538 1798 1672 1840 dimidio
1698 1804 1826 1843 saltem,
1849 1813 1867 1835 a

365 1856 425 1889 bus
447 1857 545 1896 edita,
572 1857 789 1896 confirmavit,
814 1867 850 1889 ac
873 1857 1098 1900 praepositum
1130 1857 1193 1890 fine
1215 1857 1291 1890 dicti
1313 1857 1443 1889 triennii
1462 1856 1722 1899 computandum,
1740 1867 1757 1888 a
1773 1865 1868 1900 prae-

366 1911 564 1952 generalem,
596 1915 791 1953 ceterosque
823 1910 1013 1953 superiores
1045 1910 1101 1942 So-
1132 1910 1226 1943 dictis
1258 1910 1459 1949 muneribus,
1490 1909 1782 1952 superioritatibus,
1808 1908 1867 1941 mi—

366 1962 490 1995 cietatis
514 1963 676 2006 praefatae
709 1967 784 1995 tunc
809 1967 842 1995 et
865 1973 925 2006 pro
953 1964 1285 2019 tempore'nisteriis
1312 1962 1660 2001 administrationibus,
1690 1967 1723 1994 et
1750 1960 1865 1994 officiis

367 2015 545 2047 existentes
570 2021 705 2057 pater-ne
732 2016 879 2048 hortatus
903 2020 953 2048 est
978 2020 1010 2048 et
1032 2025 1100 2048 mo·
1132 2021 1331 2049 cessassent:
1348 2014 1548 2049 decernens³
1564 2014 1744 2058 praemissa
1759 2013 1867 2047 omnia

366 2067 438 2099 nuit
460 2072 495 2099 ut
518 2068 737 2101 observationi
763 2068 925 2100 dictorum
955 2068 1101 2101 decreto-

367 2128 439 2151 rum
465 2119 551 2152 serio
576 2119 800 2161 invigilarent,
838 2131 873 2152 ac
910 2131 983 2161 eos,
1020 2120 1097 2163 qui,

366 2171 500 2204 novitati
526 2172 714 2211 studentes,
735 2172 859 2215 aliquid
883 2178 997 2205 contra
1021 2173 1100 2206 libe-

367 2234 435 2256 ram
461 2229 493 2256 et
513 2224 581 2256 sine
609 2225 674 2257 ulla
691 2225 821 2257 triennii
847 2231 903 2258 aut
919 2226 999 2259 certi
1021 2232 1100 2259 tem-

366 2276 456 2319 poris
480 2275 680 2318 praefixione
711 2277 915 2320 superiorum
948 2278 1100 2311 localium

367 2328 636 2371 gubernationem
671 2339 731 2372 per
755 2340 789 2362 se
822 2331 872 2363 vel
898 2330 978 2363 alios
1004 2340 1101 2374 quos-

367 2391 515 2423 cumque,
541 2381 651 2424 quavis
676 2381 864 2414 auctoritate
890 2388 922 2415 et
945 2383 1100 2426 dignitate

367 2433 538 2475 fulgentes,
566 2434 812 2476 quomodolibet
828 2435 1006 2468 machinari
1032 2435 1099 2468 ausi

367 2485 513 2524 fuissent,
533 2491 694 2529 tamquam
713 2488 960 2529 perturbatores
978 2487 1026 2520 sui
1043 2487 1101 2520 Or-

367 2537 461 2578 dinis,
478 2543 509 2570 et
522 2548 630 2580 rerum
644 2548 798 2570 novarum
811 2539 991 2579 inolit01¹eS‚
1006 2550 1100 2582 prae-

367 2596 416 2624 ter
440 2600 563 2634 poenas
589 2590 620 2622 in
646 2591 838 2634 supradietis
857 2591 997 2625 decretis
1023 2602 1100 2627 con-

1132 2073 1165 2101 et
1190 2069 1317 2111 singula
1340 2068 1374 2100 in
1398 2072 1592 2111 perpetuum
1622 2066 1864 2105 inviolabiliter,

1115 2122 1191 2153 'sub
1217 2119 1557 2154 excommunicationis
1576 2120 1658 2152 latae
1683 2118 1865 2151 sententiae

1116 2168 1169 2206 'ac
1206 2172 1431 2216 suspensionis
1457 2183 1474 2204 a
1503 2171 1636 2211 divinis,
1673 2171 1864 2215 privationis

1133 2223 1221 2257 vocis
1250 2223 1371 2256 activae
1398 2227 1430 2254 et
1453 2222 1601 2265 passivae
1623 2233 1659 2254 ac
1684 2221 1867 2254 officiorum

1116 2267 1364 2319 lquorumlibet,
1386 2274 1666 2316 inliabilitatisque
1692 2274 1731 2306 ad
1756 2273 1811 2306 illa
1835 2278 1868 2306 et

1116 2319 1264 2372 lquaevis
1306 2328 1368 2360 alia
1410 2327 1442 2359 in
1482 2332 1651 2371 posterum
1689 2326 1867 2359 obtinenda

1133 2381 1261 2425 poenis,
1285 2381 1357 2424 ipso
1383 2380 1479 2419 sacto,
1497 2381 1620 2423 absque
1639 2380 1700 2413 alia
1721 2380 1867 2413 declara-

1133 2434 1234 2474 tione,
1263 2439 1325 2466 tam
1342 2444 1400 2477 per
1416 2434 1616 2473 mandantes,
1636 2437 1865 2476 procurantes,

1169 2513 1180 2539 1
1204 2512 1275 2540 Edit.
1295 2512 1373 2540 Main.
1390 2513 1453 2548 legit
1467 2513 1548 2548 iique
1563 2514 1600 2547 (R.
1616 2513 1664 2546 Τ.).

1167 2556 1184 2583 2
1199 2556 1270 2583 Edit⁴
1287 2556 1368 2584 Main.
1386 2557 1450 2592 legit
1468 2558 1664 2585 vice-rectores
1680 2557 1718 2593 (a.
1733 2558 1780 2592 Τ-).

1168 2600 1185 2628 3
1203 2600 1272 2628 Edit.
1289 2600 1367 2628 Main.
1384 2601 1448 2636 legit
1463 2602 1595 2629 decernes
1608 2602 1649 2637 (a.
1666 2603 1713 2636 τ.).
