2247 3208
104 239 157 267 An.
179 240 206 267 C.
226 241 290 268 1062

113 963 117 965 .
128 935 239 958 Decretum
258 944 284 958 ir·

100 965 175 984 ritans.

167 1729 280 1759 nqrrvgaiio

97 1759 257 1777 contrarietati).

888 239 1074 262 ALt-XANDER
1097 239 1141 262 VII
1167 239 1214 262 PP-

302 288 463 328 extiterit,
482 289 521 321 ad
540 287 687 321 effectum
705 286 926 330 praesentium
948 287 1038 318 dum-

301 348 388 375 taxat
419 342 703 385 consequendum,
730 342 846 373 barum
872 342 957 372 serie
983 341 1038 372 ab·

302 396 467 428 solventes
494 401 525 427 et
549 396 733 427 absolutum
756 394 824 426 sore
843 399 1034 433 censentes,

301 447 596 491 supplicationibus
624 447 694 480 eius
720 447 851 480 nomine
870 446 965 479 nobis
984 457 1038 478 su-

301 510 362 544 per
385 501 447 533 hoc
480 501 648 533 humiliter
679 499 840 543 porrectis
873 499 1034 540 inclinati,

303 554 469 587 decretum
488 555 738 597 praeinsertum‚
754 553 944 586 auctoritate
961 563 1037 595 apo·

302 606 437 646 stolica,
461 612 575 640 tenore
598 606 840 649 praesentium,
865 605 1037 638 confirma-

301 669 370 691 mus
395 664 427 691 et
451 661 689 702 approbamus,
708 659 820 702 illique
838 658 1035 691 inviolabilis

301 712 501 754 apostolicae
536 711 697 744 firmitatis
724 712 824 744 robur
847 711 1034 751 adlicimus3

300 766 387 797 salva
413 770 519 797 tamen
545 775 676 807 semper
701 764 732 797 in
757 764 946 808 praemissis
982 776 1036 796 au-

301 817 450 850 ctoritate
491 817 755 861 congregationis
791 817 1035 861 praedictorum

300 870 527 904 cardinalium.

344 925 358 967 g
383 925 414 958 3.
443 925 664 958 Decernentes
688 924 819 957 easdem
844 928 1034 967 praesentes

301 977 425 1011 litteras
451 988 584 1020 semper
606 977 733 1017 sumas,
759 976 881 1009 validas
912 982 943 1009 et
967 976 1035 1009 estl-

300 1041 392 1064 caces
418 1031 558 1064 existere
586 1036 614 1063 et
642 1031 731 1070 sore,
760 1041 901 1073 suosque
927 1031 1034 1074 plena-

299 1083 365 1115 rios
392 1088 424 1115 et
448 1083 595 1125 integros
622 1082 754 1116 effectus
785 1083 894 1115 sortiri
921 1088 952 1115 et
977 1084 1034 1115 ob-

301 1136 426 1176 tinere,
458 1147 493 1168 ac
522 1136 585 1169 illis
610 1135 630 1176 ¹,
658 1136 697 1168 ad
731 1130 811 1179 quos
845 1142 967 1179 spectat
1002 1141 1033 1169 ct

299 1199 359 1232 pro
386 1194 534 1232 tempore
561 1190 831 1232 quandocumque
854 1189 1031 1232 spectabit,

300 1243 490 1285 plenissime
516 1242 703 1285 suffragari,
728 1248 756 1275 et
780 1243 819 1275 ab
840 1244 903 1276 illis
922 1254 1033 1286 respe-

299 1295 381 1328 ctive
407 1296 638 1328 inviolabiliter
663 1296 844 1336 observari,
864 1296 974 1339 sicque
1000 1297 1031 1328 in

297 1349 486 1392 praemissis
508 1360 567 1392 per
593 1360 817 1392 quoscumque
838 1349 960 1382 iudices
984 1361 1034 1382 or-

298 1401 442 1434 dinarios
469 1407 500 1434 et
525 1403 712 1445 delegatos,
741 1402 836 1435 etiam
863 1413 1031 1435 causarum

296 1455 407 1498 palatii
433 1456 603 1498 apostolici
629 1456 814 1495 auditores,
839 1456 975 1488 iudicari
1001 1462 1033 1489 et

296 1507 425 1540 definiri
452 1508 589 1547 debere,
611 1519 647 1541 ac
671 1509 802 1541 irritum
828 1515 859 1541 et
883 1510 978 1542 inane
1006 1511 1031 1542 si

296 1571 390 1593 secus
427 1571 528 1604 super
563 1562 614 1594 bis
652 1574 669 1594 a
705 1573 890 1605 quoquam,
919 1564 1031 1606 quavis

297 1614 501 1655 auctoritate,
519 1615 662 1647 scienter
674 1616 724 1648 vel
742 1615 944 1658 ignoranter,
961 1628 1032 1649 con-

296 1667 407 1710 tigerit
431 1668 597 1701 attentari.

340 1721 355 1763 §
379 1720 410 1752 4.
438 1720 507 1753 Non
523 1721 729 1754 obstantibus
744 1722 1031 1755 constitutionibus

297 1777 327 1805 ct
354 1773 616 1806 ordinationibus
647 1774 855 1817 apostolicis,
883 1786 1029 1815 necnon,

297 1831 456 1869 quatenus
475 1836 557 1869 opus
576 1827 627 1865 sit,
643 1827 747 1860 (lictae
761 1827 1031 1870 Congregationis

297 1879 493 1912 clericorum
518 1881 735 1922 regularium,
753 1881 849 1913 etiam
872 1881 1033 1914 iuramen-

298 1937 347 1972 to,
366 1931 612 1964 confirmatione
632 1933 825 1975 apostolica,
846 1935 895 1966 vel
922 1934 1031 1977 quavis

295 1984 447 2017 firmitate
473 1985 536 2018 alia
560 1986 743 2026 roboratis,
761 1987 890 2019 statutis
907 1993 935 2019 et
956 1999 1033 2020 con-

296 2038 542 2078 suetudinibus,
561 2039 741 2082 privile-giis
761 2051 905 2083 quoque,
925 2041 1032 2074 indul-

298 2091 337 2124 tis
363 2097 395 2124 et
414 2092 531 2124 litteris
557 2093 745 2135 apostolicis
770 2094 801 2125 in
834 2094 1032 2127 contrarium

295 2144 554 2187 praemissorum
580 2146 826 2188 quomodolibet
843 2147 1009 2179 concessis
1023 2175 1030 2187 ‚

296 2197 496 2230 confirmatis
522 2204 553 2230 et
578 2198 761 2239 innovatis;
790 2200 907 2243 quibus
934 2201 1033 2232 omni-

295 2251 358 2283 bus
384 2256 415 2283 et
440 2251 595 2293 singulis,
621 2253 753 2285 illorum
779 2259 912 2286 tenores
937 2264 1032 2297 prae-

297 2305 445 2336 sentibus
470 2315 530 2347 pro
556 2306 653 2348 plene
685 2311 716 2339 et
745 2306 946 2339 sufficienter
979 2318 1031 2340 ex-

296 2350 420 2400 pressis
440 2368 476 2390 ao
494 2358 532 2390 ad
553 2360 685 2391 verbum
703 2359 836 2392 insertis
857 2360 1030 2397 babentes.

294 2409 359 2442 illis
375 2411 453 2443 alias
468 2411 501 2443 in
519 2421 578 2444 suo
597 2413 716 2444 robore
735 2413 973 2455 permansuris,
993 2413 1030 2445 ad

296 2463 554 2507 praemissorum
571 2464 730 2505 effectum,
749 2466 809 2498 hac
825 2466 891 2498 rice
908 2468 1032 2499 dumta-

295 2521 366 2556 xat,
383 2517 571 2559 specialiter
590 2523 621 2550 et
638 2528 792 2561 expresse
812 2520 1028 2561 deroganius;

294 2570 481 2613 ceterisque
507 2571 678 2603 contrariis
705 2572 978 2615 quilniscuinque.

330 2632 343 2658 1
364 2631 430 2658 lllale
450 2632 514 2658 edit.
537 2633 612 2659 llam.
636 2634 708 2665 legit.
730 2634 764 2658 ab
787 2635 845 2659 lllls
864 2638 910 2665 (n.
932 2641 956 2660 T.
972 2638 990 2664 l.

1116 286 1228 318 Datum
1256 288 1392 328 Romae,
1419 293 1502 334 apud
1529 292 1559 325 S.
1588 294 1717 327 Mariani
1744 295 1805 328 Ma-

1071 339 1191 379 iorem,
1224 342 1282 372 sub
1314 344 1434 376 annulo
1466 345 1658 387 Piscatoris,
1687 347 1737 381 die
1773 359 1804 382 Vt

1072 393 1255 425 decembris
1286 404 1433 435 noctxu,
1460 399 1668 440 pontificatus
1701 401 1804 435 nostri

1071 456 1156 478 anno
1181 456 1250 479 vul.

1106 507 1162 535 Dat.
1184 508 1228 536 die
1247 509 1263 536 6
1282 509 1432 538 decembris
1453 513 1536 547 1662,
1554 515 1647 549 pontis.
1664 525 1733 545 anno
1748 524 1803 546 vul.

1371 653 1497 687 CDXlll.

1070 729 1291 773 Incorporatio
1313 734 1500 776 provinciae
1524 739 1551 768 et
1575 741 1714 779 quatuor
1738 749 1804 771 mo-

1112 784 1330 816 nasteriorum
1352 786 1616 829 Conqreyationss
1638 792 1805 825 canonico-

1113 846 1184 868 sum
1209 837 1241 869 S.
1272 838 1403 881 Georqiz'
1426 840 1461 872 in
1485 840 1572 883 Αἶῃά
1601 842 1805 877 Venetiarum

1113 889 1147 921 in
1172 900 1270 933 reyno
1293 892 1426 925 Siciliae
1450 895 1659 928 existentium
1676 897 1806 939 praedi-

1112 947 1179 976 ctae
1205 943 1471 987 Co›29re9a12'0m·‚
1496 951 1550 980 cle.
1579 948 1597 981 ¹.

1260 1023 1425 1052 Alexander
1449 1025 1526 1059 Papa
1546 1027 1609 1061 vll,

1208 1067 1243 1094 ad
1260 1067 1391 1095 futuram
1410 1070 1454 1096 rei
1474 1071 1654 1101 memoriam.

1112 1137 1277 1170 Militantis
1306 1138 1469 1173 Ecclesiae
1507 1142 1658 1185 regimini
1696 1143 1804 1179 divina

1068 1189 1283 1232 dispositione
1309 1193 1551 1235 praesidentes,
1579 1196 1617 1228 ad
1652 1207 1689 1229 ea
1715 1199 1803 1232 solli-

1068 1242 1138 1275 citis
1163 1244 1276 1276 studiis
1301 1245 1518 1287 intendimus,
1538 1258 1598 1290 per
1615 1260 1696 1292 quae
1719 1251 1803 1284 felici

1068 1306 1292 1339 prosperoque
1312 1299 1605 1341 emigregationum
1626 1304 1805 1345 quarumli-

1067 1348 1122 1380 bet
1140 1349 1177 1380 ad
1197 1350 1433 1393 omnipotentis
1450 1353 1503 1384 Dei
1528 1354 1664 1396 gloriam
1689 1356 1804 1399 ipsius-

1068 1412 1128 1444 que
1155 1402 1318 1436 Ecclesiae
1337 1404 1436 1437 decus
1457 1411 1489 1437 et
1507 1414 1733 1442 ornamentum
1749 1411 1802 1453 pie

1067 1455 1312 1499 prudenterque
1332 1457 1552 1491 institutarum
1569 1461 1728 1503 gubernio
1747 1474 1804 1508 op-

1067 1511 1206 1549 portuna
1230 1509 1356 1542 ratione
1383 1512 1578 1545 consulitur.

1111 1560 1125 1603 ξ,
1151 1561 1180 1592 ’1.
1209 1560 1286 1594 Cum
1306 1562 1429 1606 itaque,
1447 1565 1531 1597 sicut
1548 1567 1750 1610 accepiran
1770 1568 1801 1601 in

1067 1623 1169 1655 regno
1194 1614 1322 1647 Siciliae
1349 1616 1488 1649 existant
1513 1624 1650 1661 quatuor
1674 1631 1803 1655 monas-

1067 1667 1147 1699 teria
1172 1677 1229 1700 seu
1254 1669 1393 1711 collegia
1418 1670 1687 1714 Congregationis
1705 1686 1802 1708 cano-

1066 1719 1214 1753 nicorum
1232 1720 1262 1753 S.
1283 1722 1413 1765 Georgii
1433 1723 1464 1755 in
1484 1725 1562 1767 Aiga
1578 1726 1800 1769 Venetiarum,

1067 1773 1219 1806 videlicet
1243 1774 1273 1806 S.
1294 1775 1400 1808 Iacobi
1422 1777 1589 1817 Panormi,
1609 1785 1639 1811 et
1653 1779 1683 1812 S.
1705 1780 1803 1814 Rosa-

1068 1826 1127 1858 liae
1155 1827 1343 1870 Agrigenti,
1372 1840 1407 1862 ac
1433 1830 1463 1862 S.
1492 1831 1608 1864 Mariae
1636 1833 1675 1865 de
1702 1833 1803 1867 Rava-

1049 1891 1164 1924 vssusa,
1191 1886 1223 1913 et
1249 1881 1279 1914 S.
1300 1882 1446 1925 Calogeri
1473 1885 1511 1916 de
1538 1884 1622 1917 Naro
1648 1886 1804 1929 Agrigen-

1067 1933 1152 1966 tinae
1179 1934 1354 1975 dioecesis,
1380 1946 1476 1968 unam
1502 1938 1701 1979 provinciam
1727 1950 1803 1972 con-

1066 1986 1234 2020 stituentia
1252 1999 1325 2020 eum
1344 1989 1536 2031 provinciali
1555 1991 1606 2033 qui
1625 2003 1641 2024 a
1659 1993 1802 2036 capitulo

1066 2041 1258 2083 provinciali
1285 2043 1474 2075 eorumdem
1494 2044 1726 2078 canonicorum
1744 2046 1802 2079 eli-

1067 2094 1167 2136 gitur,
1190 2105 1250 2127 nec
1275 2100 1382 2128 tamen
1408 2107 1425 2128 a
1450 2098 1594 2139 generali
1621 2099 1801 2143 Congrega-

1068 2147 1163 2179 tionis
1189 2148 1401 2182 confirmatur
1425 2156 1480 2182 aut
1499 2151 1662 2191 visitatur,
1684 2163 1743 2185 nec
1760 2154 1799 2187 ad

1066 2203 1216 2243 generale
1229 2203 1405 2245 capitulum
1417 2204 1557 2237 accedit:
1573 2215 1640 2245 nos,
1660 2206 1801 2239 animad-

1067 2261 1230 2288 vertentes
1265 2257 1355 2289 valde
1392 2257 1546 2299 expedire
1584 2265 1619 2290 ut
1654 2262 1800 2293 membra

1065 2314 1162 2350 caput
1196 2315 1387 2352 sequantur,
1422 2315 1453 2342 et
1484 2311 1517 2342 in
1550 2322 1650 2344 unum
1682 2323 1801 2355 corpus

1065 2361 1265 2401 coalescant,
1302 2361 1340 2394 ad
1378 2364 1563 2404 regularem
1597 2364 1800 2408 disciplinam

1065 2414 1316 2453 instaurandam,
1334 2421 1422 2448 motu
1437 2417 1590 2460 proprio,
1612 2423 1644 2450 et
1662 2429 1698 2450 ex
1713 2420 1801 2450 certa

1065 2467 1199 2499 scientia
1217 2473 1249 2499 et
1264 2471 1388 2500 matura
1407 2469 1645 2503 deliberatione
1663 2471 1799 2511 nostris,

1067 2520 1170 2562 deque
1189 2521 1387 2563 apostolicae
1402 2523 1571 2564 potestatis
1587 2523 1800 2565 plenitudine,

1067 2573 1265 2615 praedictam
1283 2573 1500 2616 provinciam,
1520 2580 1551 2606 et
1570 2575 1696 2618 singula
1713 2575 1799 2608 illius

1104 2637 1112 2660 1
1139 2634 1172 2660 Ex
1196 2635 1300 2668 Regest.
1323 2636 1349 2661 in
1369 2636 1468 2662 secret.
1493 2636 1567 2661 Brev-

1731 236 1772 271 79
1818 248 1853 272 An
1891 247 1916 272 c.
1939 246 2003 274 um

1819 1156 1958 1179 Prooemium.

1844 1579 1956 1600 Confirmat
1970 1581 1993 1601 ut

1818 1612 1837 1626 in
1853 1607 1944 1628 rubrica.
