<?xml version="1.0" encoding="UTF-8"?>
<!DOCTYPE html PUBLIC "-//W3C//DTD XHTML 1.0 Transitional//EN"
    "http://www.w3.org/TR/xhtml1/DTD/xhtml1-transitional.dtd">
<html xmlns="http://www.w3.org/1999/xhtml" xml:lang="en" lang="en">
 <head>
  <title>
</title>
<meta http-equiv="Content-Type" content="text/html;charset=utf-8" />
  <meta name='ocr-system' content='tesseract 3.04.00' />
  <meta name='ocr-capabilities' content='ocr_page ocr_carea ocr_par ocr_line ocrx_word'/>
</head>
<body>
  <div class='ocr_page' id='page_1' title='image "./bullarumdiplomat17cath_0360.png"; bbox 0 0 2247 3208; ppageno 0'>
   <div class='ocr_carea' id='block_1_1' title="bbox 200 209 496 248">
    <p class='ocr_par' dir='ltr' id='par_1_1' title="bbox 200 209 496 248">
     <span class='ocr_line' id='line_1_1' title="bbox 200 209 496 248; baseline -0.02 0"><span class='ocrx_word' id='word_1_1' title='bbox 200 221 249 248; x_wconf 64' lang='lat' dir='ltr'>am.</span> <span class='ocrx_word' id='word_1_2' title='bbox 264 219 295 247; x_wconf 76' lang='lat' dir='ltr'>e.</span> <span class='ocrx_word' id='word_1_3' title='bbox 315 219 385 247; x_wconf 66' lang='lat'>1664</span> <span class='ocrx_word' id='word_1_4' title='bbox 431 209 496 243; x_wconf 71' lang='lat'>302</span> 
     </span>
    </p>
   </div>
   <div class='ocr_carea' id='block_1_2' title="bbox 200 1277 383 1330">
    <p class='ocr_par' dir='ltr' id='par_1_2' title="bbox 200 1277 383 1330">
     <span class='ocr_line' id='line_1_2' title="bbox 219 1277 382 1298; baseline -0.018 0"><span class='ocrx_word' id='word_1_5' title='bbox 219 1277 330 1298; x_wconf 74' lang='lat' dir='ltr'>Decretum</span> <span class='ocrx_word' id='word_1_6' title='bbox 339 1281 382 1296; x_wconf 82' lang='lat' dir='ltr'>ma-</span> 
     </span>
     <span class='ocr_line' id='line_1_3' title="bbox 200 1303 383 1330; baseline -0.011 -6"><span class='ocrx_word' id='word_1_7' title='bbox 200 1304 259 1330; x_wconf 73' lang='lat' dir='ltr'>gistri</span> <span class='ocrx_word' id='word_1_8' title='bbox 273 1303 383 1328; x_wconf 43' lang='lat' dir='ltr'>generals.</span> 
     </span>
    </p>
   </div>
   <div class='ocr_carea' id='block_1_3' title="bbox 389 260 1139 2518">
    <p class='ocr_par' dir='ltr' id='par_1_3' title="bbox 389 260 1129 1256">
     <span class='ocr_line' id='line_1_4' title="bbox 392 260 1125 306; baseline -0.011 -6"><span class='ocrx_word' id='word_1_9' title='bbox 392 267 535 306; x_wconf 86' lang='lat' dir='ltr'>nullavit,</span> <span class='ocrx_word' id='word_1_10' title='bbox 561 271 592 298; x_wconf 91' lang='lat' dir='ltr'>et</span> <span class='ocrx_word' id='word_1_11' title='bbox 618 270 748 297; x_wconf 86' lang='lat' dir='ltr'>eatenus</span> <span class='ocrx_word' id='word_1_12' title='bbox 781 267 958 301; x_wconf 87' lang='lat' dir='ltr'>revocatas,</span> <span class='ocrx_word' id='word_1_13' title='bbox 990 260 1125 293; x_wconf 88' lang='lat' dir='ltr'>abolitas</span> 
     </span>
     <span class='ocr_line' id='line_1_5' title="bbox 392 313 1127 356; baseline -0.011 -4"><span class='ocrx_word' id='word_1_14' title='bbox 392 325 425 352; x_wconf 91' lang='lat' dir='ltr'>et</span> <span class='ocrx_word' id='word_1_15' title='bbox 449 319 554 351; x_wconf 82' lang='lat' dir='ltr'>nullas</span> <span class='ocrx_word' id='word_1_16' title='bbox 578 327 648 349; x_wconf 87' lang='lat' dir='ltr'>esse</span> <span class='ocrx_word' id='word_1_17' title='bbox 674 321 703 347; x_wconf 89' lang='lat' dir='ltr'>et</span> <span class='ocrx_word' id='word_1_18' title='bbox 734 316 801 348; x_wconf 89' lang='lat' dir='ltr'>sore</span> <span class='ocrx_word' id='word_1_19' title='bbox 833 314 994 353; x_wconf 89' lang='lat' dir='ltr'>decrevit;</span> <span class='ocrx_word' id='word_1_20' title='bbox 1021 313 1127 356; x_wconf 88' lang='lat' dir='ltr'>ipsum</span> 
     </span>
     <span class='ocr_line' id='line_1_6' title="bbox 390 365 1127 411; baseline -0.008 -8"><span class='ocrx_word' id='word_1_21' title='bbox 390 381 466 403; x_wconf 86' lang='lat' dir='ltr'>vero</span> <span class='ocrx_word' id='word_1_22' title='bbox 491 369 661 411; x_wconf 76' lang='lat' dir='ltr'>collegium</span> <span class='ocrx_word' id='word_1_23' title='bbox 687 368 717 400; x_wconf 99' lang='lat' dir='ltr'>S.</span> <span class='ocrx_word' id='word_1_24' title='bbox 745 367 906 406; x_wconf 90' lang='lat' dir='ltr'>Ludovici,</span> <span class='ocrx_word' id='word_1_25' title='bbox 933 377 1004 399; x_wconf 89' lang='lat' dir='ltr'>cum</span> <span class='ocrx_word' id='word_1_26' title='bbox 1024 365 1127 398; x_wconf 90' lang='lat' dir='ltr'>omni-</span> 
     </span>
     <span class='ocr_line' id='line_1_7' title="bbox 390 418 1125 465; baseline -0.007 -10"><span class='ocrx_word' id='word_1_27' title='bbox 390 424 449 455; x_wconf 86' lang='lat' dir='ltr'>hus</span> <span class='ocrx_word' id='word_1_28' title='bbox 475 423 540 455; x_wconf 89' lang='lat' dir='ltr'>suis</span> <span class='ocrx_word' id='word_1_29' title='bbox 565 421 768 465; x_wconf 85' lang='lat' dir='ltr'>pertinentiis</span> <span class='ocrx_word' id='word_1_30' title='bbox 785 448 792 461; x_wconf 94' lang='lat'>,</span> <span class='ocrx_word' id='word_1_31' title='bbox 821 420 968 460; x_wconf 88' lang='lat' dir='ltr'>iuribus,</span> <span class='ocrx_word' id='word_1_32' title='bbox 993 418 1125 452; x_wconf 75' lang='lat' dir='ltr'>annexis</span> 
     </span>
     <span class='ocr_line' id='line_1_8' title="bbox 391 470 1124 513; baseline -0.004 -6"><span class='ocrx_word' id='word_1_33' title='bbox 391 481 423 508; x_wconf 82' lang='lat' dir='ltr'>et</span> <span class='ocrx_word' id='word_1_34' title='bbox 446 474 611 513; x_wconf 75' lang='lat' dir='ltr'>connexis,</span> <span class='ocrx_word' id='word_1_35' title='bbox 638 474 812 507; x_wconf 79' lang='lat' dir='ltr'>mobilibus</span> <span class='ocrx_word' id='word_1_36' title='bbox 839 478 871 506; x_wconf 87' lang='lat' dir='ltr'>et</span> <span class='ocrx_word' id='word_1_37' title='bbox 892 470 1124 512; x_wconf 65' lang='lat' dir='ltr'>immobilibus,</span> 
     </span>
     <span class='ocr_line' id='line_1_9' title="bbox 390 525 1127 570; baseline -0.005 -9"><span class='ocrx_word' id='word_1_38' title='bbox 390 538 499 568; x_wconf 87' lang='lat' dir='ltr'>curae,</span> <span class='ocrx_word' id='word_1_39' title='bbox 514 527 675 570; x_wconf 82' lang='lat' dir='ltr'>regimini,</span> <span class='ocrx_word' id='word_1_40' title='bbox 689 526 915 565; x_wconf 90' lang='lat' dir='ltr'>iurisdietioni,</span> <span class='ocrx_word' id='word_1_41' title='bbox 929 537 965 558; x_wconf 87' lang='lat' dir='ltr'>ac</span> <span class='ocrx_word' id='word_1_42' title='bbox 985 525 1127 569; x_wconf 90' lang='lat' dir='ltr'>proprie-</span> 
     </span>
     <span class='ocr_line' id='line_1_10' title="bbox 390 579 1127 621; baseline -0.004 -8"><span class='ocrx_word' id='word_1_43' title='bbox 390 581 446 613; x_wconf 83' lang='lat' dir='ltr'>tati</span> <span class='ocrx_word' id='word_1_44' title='bbox 472 580 640 613; x_wconf 86' lang='lat' dir='ltr'>memorati</span> <span class='ocrx_word' id='word_1_45' title='bbox 654 584 830 612; x_wconf 87' lang='lat' dir='ltr'>conventus</span> <span class='ocrx_word' id='word_1_46' title='bbox 848 579 1010 618; x_wconf 73' lang='lat' dir='ltr'>Mexicani,</span> <span class='ocrx_word' id='word_1_47' title='bbox 1027 584 1058 611; x_wconf 92' lang='lat' dir='ltr'>et</span> <span class='ocrx_word' id='word_1_48' title='bbox 1075 589 1127 621; x_wconf 82' lang='lat' dir='ltr'>gu-</span> 
     </span>
     <span class='ocr_line' id='line_1_11' title="bbox 389 631 1127 675; baseline -0.001 -11"><span class='ocrx_word' id='word_1_49' title='bbox 389 633 505 665; x_wconf 77' lang='lat' dir='ltr'>bernio</span> <span class='ocrx_word' id='word_1_50' title='bbox 531 633 632 666; x_wconf 87' lang='lat' dir='ltr'>solius</span> <span class='ocrx_word' id='word_1_51' title='bbox 656 632 840 675; x_wconf 76' lang='lat' dir='ltr'>provinciae</span> <span class='ocrx_word' id='word_1_52' title='bbox 865 632 896 664; x_wconf 88' lang='lat' dir='ltr'>S.</span> <span class='ocrx_word' id='word_1_53' title='bbox 916 631 1022 664; x_wconf 85' lang='lat' dir='ltr'>Iacobi</span> <span class='ocrx_word' id='word_1_54' title='bbox 1041 641 1127 674; x_wconf 87' lang='lat' dir='ltr'>prae-</span> 
     </span>
     <span class='ocr_line' id='line_1_12' title="bbox 391 684 1127 729; baseline -0.003 -11"><span class='ocrx_word' id='word_1_55' title='bbox 391 687 483 726; x_wconf 73' lang='lat' dir='ltr'>fatae,</span> <span class='ocrx_word' id='word_1_56' title='bbox 498 685 652 729; x_wconf 74' lang='lat' dir='ltr'>privative</span> <span class='ocrx_word' id='word_1_57' title='bbox 668 685 707 717; x_wconf 89' lang='lat' dir='ltr'>ad</span> <span class='ocrx_word' id='word_1_58' title='bbox 722 684 802 717; x_wconf 88' lang='lat' dir='ltr'>alios</span> <span class='ocrx_word' id='word_1_59' title='bbox 817 694 1036 727; x_wconf 84' lang='lat' dir='ltr'>quoscumque</span> <span class='ocrx_word' id='word_1_60' title='bbox 1057 684 1127 726; x_wconf 89' lang='lat' dir='ltr'>ipso</span> 
     </span>
     <span class='ocr_line' id='line_1_13' title="bbox 391 736 1128 781; baseline -0.005 -10"><span class='ocrx_word' id='word_1_61' title='bbox 391 739 510 771; x_wconf 80' lang='lat' dir='ltr'>Ioanne</span> <span class='ocrx_word' id='word_1_62' title='bbox 535 738 677 781; x_wconf 76' lang='lat' dir='ltr'>Baptista</span> <span class='ocrx_word' id='word_1_63' title='bbox 700 737 851 778; x_wconf 76' lang='lat' dir='ltr'>magistro</span> <span class='ocrx_word' id='word_1_64' title='bbox 885 736 1027 779; x_wconf 80' lang='lat' dir='ltr'>generali</span> <span class='ocrx_word' id='word_1_65' title='bbox 1052 736 1128 768; x_wconf 87' lang='lat' dir='ltr'>inse-</span> 
     </span>
     <span class='ocr_line' id='line_1_14' title="bbox 391 789 1128 833; baseline -0.005 -10"><span class='ocrx_word' id='word_1_66' title='bbox 391 791 494 823; x_wconf 86' lang='lat' dir='ltr'>riores</span> <span class='ocrx_word' id='word_1_67' title='bbox 516 791 688 833; x_wconf 83' lang='lat' dir='ltr'>praelatos,</span> <span class='ocrx_word' id='word_1_68' title='bbox 708 789 912 828; x_wconf 85' lang='lat' dir='ltr'>adiudicavit‚</span> <span class='ocrx_word' id='word_1_69' title='bbox 940 800 975 822; x_wconf 90' lang='lat' dir='ltr'>ac</span> <span class='ocrx_word' id='word_1_70' title='bbox 1000 789 1038 821; x_wconf 90' lang='lat' dir='ltr'>de</span> <span class='ocrx_word' id='word_1_71' title='bbox 1067 789 1128 820; x_wconf 82' lang='lat' dir='ltr'>liu-</span> 
     </span>
     <span class='ocr_line' id='line_1_15' title="bbox 391 841 1128 880; baseline -0.003 -5"><span class='ocrx_word' id='word_1_72' title='bbox 391 843 441 875; x_wconf 90' lang='lat' dir='ltr'>ius</span> <span class='ocrx_word' id='word_1_73' title='bbox 464 848 641 876; x_wconf 85' lang='lat' dir='ltr'>conventus</span> <span class='ocrx_word' id='word_1_74' title='bbox 661 841 814 874; x_wconf 78' lang='lat' dir='ltr'>Mcxieani</span> <span class='ocrx_word' id='word_1_75' title='bbox 832 844 942 874; x_wconf 77' lang='lat' dir='ltr'>mensa</span> <span class='ocrx_word' id='word_1_76' title='bbox 955 852 1033 880; x_wconf 86' lang='lat' dir='ltr'>esse,</span> <span class='ocrx_word' id='word_1_77' title='bbox 1056 841 1128 873; x_wconf 84' lang='lat' dir='ltr'>suis-</span> 
     </span>
     <span class='ocr_line' id='line_1_16' title="bbox 392 895 1126 938; baseline -0.004 -9"><span class='ocrx_word' id='word_1_78' title='bbox 392 907 425 928; x_wconf 78' lang='lat' dir='ltr'>se</span> <span class='ocrx_word' id='word_1_79' title='bbox 452 902 483 929; x_wconf 81' lang='lat' dir='ltr'>et</span> <span class='ocrx_word' id='word_1_80' title='bbox 506 906 636 929; x_wconf 88' lang='lat' dir='ltr'>manere</span> <span class='ocrx_word' id='word_1_81' title='bbox 673 895 897 938; x_wconf 71' lang='lat' dir='ltr'>pronunciavit</span> <span class='ocrx_word' id='word_1_82' title='bbox 913 921 920 934; x_wconf 86' lang='lat'>‚</span> <span class='ocrx_word' id='word_1_83' title='bbox 946 904 1006 927; x_wconf 89' lang='lat' dir='ltr'>nec</span> <span class='ocrx_word' id='word_1_84' title='bbox 1030 905 1126 937; x_wconf 86' lang='lat' dir='ltr'>posse</span> 
     </span>
     <span class='ocr_line' id='line_1_17' title="bbox 393 947 1128 990; baseline -0.004 -9"><span class='ocrx_word' id='word_1_85' title='bbox 393 948 468 981; x_wconf 89' lang='lat' dir='ltr'>huic</span> <span class='ocrx_word' id='word_1_86' title='bbox 491 947 591 981; x_wconf 87' lang='lat' dir='ltr'>invito</span> <span class='ocrx_word' id='word_1_87' title='bbox 611 949 690 981; x_wconf 89' lang='lat' dir='ltr'>illud</span> <span class='ocrx_word' id='word_1_88' title='bbox 717 948 809 990; x_wconf 91' lang='lat' dir='ltr'>eripi,</span> <span class='ocrx_word' id='word_1_89' title='bbox 836 947 970 979; x_wconf 86' lang='lat' dir='ltr'>alienari</span> <span class='ocrx_word' id='word_1_90' title='bbox 992 953 1047 979; x_wconf 84' lang='lat' dir='ltr'>aut</span> <span class='ocrx_word' id='word_1_91' title='bbox 1071 947 1128 979; x_wconf 90' lang='lat' dir='ltr'>dis-</span> 
     </span>
     <span class='ocr_line' id='line_1_18' title="bbox 392 1000 1129 1042; baseline -0.004 -8"><span class='ocrx_word' id='word_1_92' title='bbox 392 1001 563 1035; x_wconf 85' lang='lat' dir='ltr'>membrari</span> <span class='ocrx_word' id='word_1_93' title='bbox 589 1001 771 1040; x_wconf 75' lang='lat' dir='ltr'>declaravit,</span> <span class='ocrx_word' id='word_1_94' title='bbox 799 1000 919 1039; x_wconf 77' lang='lat' dir='ltr'>edixit,</span> <span class='ocrx_word' id='word_1_95' title='bbox 948 1005 1040 1042; x_wconf 86' lang='lat' dir='ltr'>atque</span> <span class='ocrx_word' id='word_1_96' title='bbox 1066 1005 1129 1032; x_wconf 89' lang='lat' dir='ltr'>sta—</span> 
     </span>
     <span class='ocr_line' id='line_1_19' title="bbox 392 1051 1129 1096; baseline -0.004 -9"><span class='ocrx_word' id='word_1_97' title='bbox 392 1055 473 1095; x_wconf 88' lang='lat' dir='ltr'>tuit,</span> <span class='ocrx_word' id='word_1_98' title='bbox 500 1059 531 1087; x_wconf 88' lang='lat' dir='ltr'>et</span> <span class='ocrx_word' id='word_1_99' title='bbox 555 1053 633 1086; x_wconf 76' lang='lat' dir='ltr'>alias</span> <span class='ocrx_word' id='word_1_100' title='bbox 658 1058 754 1096; x_wconf 89' lang='lat' dir='ltr'>prout</span> <span class='ocrx_word' id='word_1_101' title='bbox 782 1053 912 1085; x_wconf 86' lang='lat' dir='ltr'>uberius</span> <span class='ocrx_word' id='word_1_102' title='bbox 945 1051 1129 1085; x_wconf 74' lang='lat' dir='ltr'>continetur</span> 
     </span>
     <span class='ocr_line' id='line_1_20' title="bbox 393 1105 1129 1149; baseline -0.003 -10"><span class='ocrx_word' id='word_1_103' title='bbox 393 1106 425 1139; x_wconf 89' lang='lat' dir='ltr'>in</span> <span class='ocrx_word' id='word_1_104' title='bbox 451 1108 579 1139; x_wconf 83' lang='lat' dir='ltr'>decreto</span> <span class='ocrx_word' id='word_1_105' title='bbox 605 1106 706 1149; x_wconf 87' lang='lat' dir='ltr'>ipsius</span> <span class='ocrx_word' id='word_1_106' title='bbox 731 1105 858 1138; x_wconf 87' lang='lat' dir='ltr'>loannis</span> <span class='ocrx_word' id='word_1_107' title='bbox 882 1106 1044 1148; x_wconf 74' lang='lat' dir='ltr'>Baptistae</span> <span class='ocrx_word' id='word_1_108' title='bbox 1066 1116 1129 1138; x_wconf 91' lang='lat' dir='ltr'>ma-</span> 
     </span>
     <span class='ocr_line' id='line_1_21' title="bbox 393 1158 1127 1202; baseline 0 -11"><span class='ocrx_word' id='word_1_109' title='bbox 393 1159 482 1202; x_wconf 82' lang='lat' dir='ltr'>gistri</span> <span class='ocrx_word' id='word_1_110' title='bbox 501 1159 660 1201; x_wconf 82' lang='lat' dir='ltr'>generalis</span> <span class='ocrx_word' id='word_1_111' title='bbox 680 1159 821 1202; x_wconf 80' lang='lat' dir='ltr'>desuper</span> <span class='ocrx_word' id='word_1_112' title='bbox 832 1158 928 1198; x_wconf 90' lang='lat' dir='ltr'>edito,</span> <span class='ocrx_word' id='word_1_113' title='bbox 942 1158 1062 1191; x_wconf 87' lang='lat' dir='ltr'>tenoris</span> <span class='ocrx_word' id='word_1_114' title='bbox 1075 1159 1127 1201; x_wconf 89' lang='lat' dir='ltr'>qui</span> 
     </span>
     <span class='ocr_line' id='line_1_22' title="bbox 393 1211 743 1256; baseline -0.006 -10"><span class='ocrx_word' id='word_1_115' title='bbox 393 1213 548 1256; x_wconf 77' lang='lat' dir='ltr'>sequitur,</span> <span class='ocrx_word' id='word_1_116' title='bbox 574 1211 743 1246; x_wconf 84' lang='lat' dir='ltr'>videlicet:</span> 
     </span>
    </p>

    <p class='ocr_par' dir='ltr' id='par_1_4' title="bbox 395 1264 1132 1468">
     <span class='ocr_line' id='line_1_23' title="bbox 443 1264 1127 1308; baseline 0 -12"><span class='ocrx_word' id='word_1_117' title='bbox 443 1278 456 1296; x_wconf 72' lang='grc' dir='ltr'>α</span> <span class='ocrx_word' id='word_1_118' title='bbox 480 1265 592 1298; x_wconf 83' lang='lat' dir='ltr'>Frater</span> <span class='ocrx_word' id='word_1_119' title='bbox 615 1265 752 1298; x_wconf 86' lang='lat' dir='ltr'>Ioannes</span> <span class='ocrx_word' id='word_1_120' title='bbox 771 1264 913 1308; x_wconf 79' lang='lat' dir='ltr'>Baptista</span> <span class='ocrx_word' id='word_1_121' title='bbox 935 1265 973 1297; x_wconf 89' lang='lat' dir='ltr'>de</span> <span class='ocrx_word' id='word_1_122' title='bbox 992 1264 1127 1302; x_wconf 81' lang='lat' dir='ltr'>Marinis,</span> 
     </span>
     <span class='ocr_line' id='line_1_24' title="bbox 395 1317 1130 1361; baseline -0.001 -10"><span class='ocrx_word' id='word_1_123' title='bbox 395 1329 502 1351; x_wconf 88' lang='lat' dir='ltr'>sacrae</span> <span class='ocrx_word' id='word_1_124' title='bbox 516 1318 702 1361; x_wconf 80' lang='lat' dir='ltr'>theologiae</span> <span class='ocrx_word' id='word_1_125' title='bbox 716 1318 890 1361; x_wconf 80' lang='lat' dir='ltr'>professor,</span> <span class='ocrx_word' id='word_1_126' title='bbox 902 1317 1029 1350; x_wconf 85' lang='lat' dir='ltr'>Ordinis</span> <span class='ocrx_word' id='word_1_127' title='bbox 1040 1318 1130 1350; x_wconf 88' lang='lat' dir='ltr'>Prae-</span> 
     </span>
     <span class='ocr_line' id='line_1_25' title="bbox 395 1370 1132 1413; baseline -0.001 -9"><span class='ocrx_word' id='word_1_128' title='bbox 395 1371 573 1405; x_wconf 87' lang='lat' dir='ltr'>dicatorum</span> <span class='ocrx_word' id='word_1_129' title='bbox 598 1371 730 1403; x_wconf 88' lang='lat' dir='ltr'>humilis</span> <span class='ocrx_word' id='word_1_130' title='bbox 747 1370 901 1413; x_wconf 76' lang='lat' dir='ltr'>magister</span> <span class='ocrx_word' id='word_1_131' title='bbox 924 1371 1083 1413; x_wconf 80' lang='lat' dir='ltr'>generalis</span> <span class='ocrx_word' id='word_1_132' title='bbox 1101 1377 1132 1403; x_wconf 88' lang='lat' dir='ltr'>et</span> 
     </span>
     <span class='ocr_line' id='line_1_26' title="bbox 395 1423 1083 1468; baseline -0.003 -10"><span class='ocrx_word' id='word_1_133' title='bbox 395 1435 519 1465; x_wconf 86' lang='lat' dir='ltr'>servus,</span> <span class='ocrx_word' id='word_1_134' title='bbox 546 1423 585 1458; x_wconf 90' lang='lat' dir='ltr'>ad</span> <span class='ocrx_word' id='word_1_135' title='bbox 609 1434 787 1468; x_wconf 77' lang='lat' dir='ltr'>perennem</span> <span class='ocrx_word' id='word_1_136' title='bbox 812 1424 859 1456; x_wconf 78' lang='lat' dir='ltr'>rei</span> <span class='ocrx_word' id='word_1_137' title='bbox 884 1424 1083 1456; x_wconf 85' lang='lat' dir='ltr'>memoriam.</span> 
     </span>
    </p>

    <p class='ocr_par' dir='ltr' id='par_1_5' title="bbox 394 1477 1139 2518">
     <span class='ocr_line' id='line_1_27' title="bbox 438 1477 1129 1515; baseline -0.003 -4"><span class='ocrx_word' id='word_1_138' title='bbox 438 1478 554 1511; x_wconf 83' lang='lat' dir='ltr'>Pacem</span> <span class='ocrx_word' id='word_1_139' title='bbox 578 1477 677 1510; x_wconf 89' lang='lat' dir='ltr'>solius</span> <span class='ocrx_word' id='word_1_140' title='bbox 704 1477 846 1509; x_wconf 88' lang='lat' dir='ltr'>iustitiae</span> <span class='ocrx_word' id='word_1_141' title='bbox 873 1477 1013 1509; x_wconf 83' lang='lat' dir='ltr'>fructum</span> <span class='ocrx_word' id='word_1_142' title='bbox 1037 1487 1129 1515; x_wconf 85' lang='lat' dir='ltr'>esse,</span> 
     </span>
     <span class='ocr_line' id='line_1_28' title="bbox 394 1530 1130 1574; baseline -0.001 -11"><span class='ocrx_word' id='word_1_143' title='bbox 394 1539 502 1574; x_wconf 87' lang='lat' dir='ltr'>neque</span> <span class='ocrx_word' id='word_1_144' title='bbox 527 1531 616 1564; x_wconf 90' lang='lat' dir='ltr'>illam</span> <span class='ocrx_word' id='word_1_145' title='bbox 649 1531 718 1563; x_wconf 87' lang='lat' dir='ltr'>sine</span> <span class='ocrx_word' id='word_1_146' title='bbox 752 1530 812 1562; x_wconf 87' lang='lat' dir='ltr'>hac</span> <span class='ocrx_word' id='word_1_147' title='bbox 846 1530 997 1562; x_wconf 87' lang='lat' dir='ltr'>seminari</span> <span class='ocrx_word' id='word_1_148' title='bbox 1034 1540 1130 1573; x_wconf 85' lang='lat' dir='ltr'>posse</span> 
     </span>
     <span class='ocr_line' id='line_1_29' title="bbox 396 1582 1133 1625; baseline 0 -11"><span class='ocrx_word' id='word_1_149' title='bbox 396 1583 536 1625; x_wconf 79' lang='lat' dir='ltr'>graviter</span> <span class='ocrx_word' id='word_1_150' title='bbox 556 1582 722 1616; x_wconf 86' lang='lat' dir='ltr'>admonuit</span> <span class='ocrx_word' id='word_1_151' title='bbox 746 1582 777 1615; x_wconf 82' lang='lat' dir='ltr'>S.</span> <span class='ocrx_word' id='word_1_152' title='bbox 797 1582 932 1615; x_wconf 80' lang='lat' dir='ltr'>lacobus</span> <span class='ocrx_word' id='word_1_153' title='bbox 948 1582 979 1614; x_wconf 93' lang='lat' dir='ltr'>in</span> <span class='ocrx_word' id='word_1_154' title='bbox 998 1585 1056 1615; x_wconf 78' lang='lat' dir='ltr'>sua</span> <span class='ocrx_word' id='word_1_155' title='bbox 1075 1583 1133 1616; x_wconf 79' lang='lat' dir='ltr'>Ca-</span> 
     </span>
     <span class='ocr_line' id='line_1_30' title="bbox 397 1634 1132 1679; baseline 0 -12"><span class='ocrx_word' id='word_1_156' title='bbox 397 1635 538 1676; x_wconf 65' lang='lat' dir='ltr'>tleolica,</span> <span class='ocrx_word' id='word_1_157' title='bbox 571 1646 641 1679; x_wconf 86' lang='lat' dir='ltr'>cap.</span> <span class='ocrx_word' id='word_1_158' title='bbox 673 1645 721 1668; x_wconf 88' lang='lat'>111.</span> <span class='ocrx_word' id='word_1_159' title='bbox 753 1634 887 1673; x_wconf 85' lang='lat' dir='ltr'>Quando</span> <span class='ocrx_word' id='word_1_160' title='bbox 922 1634 1020 1677; x_wconf 79' lang='lat' dir='ltr'>igitur</span> <span class='ocrx_word' id='word_1_161' title='bbox 1051 1635 1132 1667; x_wconf 89' lang='lat' dir='ltr'>datis</span> 
     </span>
     <span class='ocr_line' id='line_1_31' title="bbox 397 1688 1131 1730; baseline -0.001 -9"><span class='ocrx_word' id='word_1_162' title='bbox 397 1699 481 1722; x_wconf 88' lang='lat' dir='ltr'>anno</span> <span class='ocrx_word' id='word_1_163' title='bbox 505 1698 625 1722; x_wconf 80' lang='lat' dir='ltr'>MDchi</span> <span class='ocrx_word' id='word_1_164' title='bbox 644 1688 694 1721; x_wconf 91' lang='lat' dir='ltr'>die</span> <span class='ocrx_word' id='word_1_165' title='bbox 715 1698 786 1721; x_wconf 62' lang='lat' dir='ltr'>xitlx</span> <span class='ocrx_word' id='word_1_166' title='bbox 804 1688 997 1730; x_wconf 84' lang='lat' dir='ltr'>septembris</span> <span class='ocrx_word' id='word_1_167' title='bbox 1015 1688 1131 1721; x_wconf 90' lang='lat' dir='ltr'>litteris</span> 
     </span>
     <span class='ocr_line' id='line_1_32' title="bbox 397 1740 1134 1784; baseline 0 -11"><span class='ocrx_word' id='word_1_168' title='bbox 397 1741 582 1783; x_wconf 87' lang='lat' dir='ltr'>patentibus</span> <span class='ocrx_word' id='word_1_169' title='bbox 613 1752 727 1774; x_wconf 88' lang='lat' dir='ltr'>novam</span> <span class='ocrx_word' id='word_1_170' title='bbox 764 1740 962 1784; x_wconf 87' lang='lat' dir='ltr'>provinciam</span> <span class='ocrx_word' id='word_1_171' title='bbox 993 1742 1134 1783; x_wconf 76' lang='lat' dir='ltr'>Angelo-</span> 
     </span>
     <span class='ocr_line' id='line_1_33' title="bbox 397 1793 1133 1836; baseline 0 -10"><span class='ocrx_word' id='word_1_172' title='bbox 397 1793 575 1836; x_wconf 88' lang='lat' dir='ltr'>politanam</span> <span class='ocrx_word' id='word_1_173' title='bbox 607 1794 639 1826; x_wconf 90' lang='lat' dir='ltr'>in</span> <span class='ocrx_word' id='word_1_174' title='bbox 673 1794 815 1826; x_wconf 85' lang='lat' dir='ltr'>occiduis</span> <span class='ocrx_word' id='word_1_175' title='bbox 851 1793 950 1826; x_wconf 90' lang='lat' dir='ltr'>Indiis</span> <span class='ocrx_word' id='word_1_176' title='bbox 984 1805 1001 1826; x_wconf 90' lang='lat' dir='ltr'>a</span> <span class='ocrx_word' id='word_1_177' title='bbox 1032 1794 1133 1826; x_wconf 82' lang='lat' dir='ltr'>veteri</span> 
     </span>
     <span class='ocr_line' id='line_1_34' title="bbox 397 1845 1133 1889; baseline 0 -12"><span class='ocrx_word' id='word_1_178' title='bbox 397 1845 428 1877; x_wconf 87' lang='lat' dir='ltr'>S.</span> <span class='ocrx_word' id='word_1_179' title='bbox 453 1845 558 1878; x_wconf 87' lang='lat' dir='ltr'>Iacobi</span> <span class='ocrx_word' id='word_1_180' title='bbox 580 1846 742 1879; x_wconf 77' lang='lat' dir='ltr'>Mexicana</span> <span class='ocrx_word' id='word_1_181' title='bbox 756 1847 825 1879; x_wconf 87' lang='lat' dir='ltr'>solo</span> <span class='ocrx_word' id='word_1_182' title='bbox 842 1846 960 1889; x_wconf 88' lang='lat' dir='ltr'>quietis</span> <span class='ocrx_word' id='word_1_183' title='bbox 980 1846 1133 1889; x_wconf 81' lang='lat' dir='ltr'>pacisque</span> 
     </span>
     <span class='ocr_line' id='line_1_35' title="bbox 398 1898 1136 1942; baseline 0.001 -13"><span class='ocrx_word' id='word_1_184' title='bbox 398 1898 605 1932; x_wconf 77' lang='lat' dir='ltr'>seminandae</span> <span class='ocrx_word' id='word_1_185' title='bbox 632 1899 739 1932; x_wconf 88' lang='lat' dir='ltr'>studio</span> <span class='ocrx_word' id='word_1_186' title='bbox 766 1899 939 1939; x_wconf 84' lang='lat' dir='ltr'>divisimus,</span> <span class='ocrx_word' id='word_1_187' title='bbox 958 1899 1069 1942; x_wconf 91' lang='lat' dir='ltr'>utique</span> <span class='ocrx_word' id='word_1_188' title='bbox 1088 1899 1136 1931; x_wconf 85' lang='lat' dir='ltr'>iu-</span> 
     </span>
     <span class='ocr_line' id='line_1_36' title="bbox 399 1950 1134 1995; baseline 0.001 -13"><span class='ocrx_word' id='word_1_189' title='bbox 399 1951 516 1984; x_wconf 86' lang='lat' dir='ltr'>stitiam</span> <span class='ocrx_word' id='word_1_190' title='bbox 536 1952 567 1994; x_wconf 94' lang='lat' dir='ltr'>(a</span> <span class='ocrx_word' id='word_1_191' title='bbox 585 1963 647 1995; x_wconf 88' lang='lat' dir='ltr'>qua</span> <span class='ocrx_word' id='word_1_192' title='bbox 665 1957 767 1984; x_wconf 85' lang='lat' dir='ltr'>totum</span> <span class='ocrx_word' id='word_1_193' title='bbox 786 1962 896 1985; x_wconf 88' lang='lat' dir='ltr'>semen</span> <span class='ocrx_word' id='word_1_194' title='bbox 913 1950 1134 1984; x_wconf 88' lang='lat' dir='ltr'>mutuandum¹</span> 
     </span>
     <span class='ocr_line' id='line_1_37' title="bbox 400 2004 1133 2047; baseline 0 -11"><span class='ocrx_word' id='word_1_195' title='bbox 400 2008 606 2046; x_wconf 83' lang='lat' dir='ltr'>noveramus)</span> <span class='ocrx_word' id='word_1_196' title='bbox 632 2015 691 2037; x_wconf 89' lang='lat' dir='ltr'>nee</span> <span class='ocrx_word' id='word_1_197' title='bbox 715 2004 854 2037; x_wconf 86' lang='lat' dir='ltr'>scienter</span> <span class='ocrx_word' id='word_1_198' title='bbox 878 2004 1133 2047; x_wconf 82' lang='lat' dir='ltr'>praeterivimus,</span> 
     </span>
     <span class='ocr_line' id='line_1_38' title="bbox 401 2057 1136 2100; baseline 0.001 -13"><span class='ocrx_word' id='word_1_199' title='bbox 401 2066 460 2088; x_wconf 85' lang='lat' dir='ltr'>nec</span> <span class='ocrx_word' id='word_1_200' title='bbox 484 2057 729 2090; x_wconf 85' lang='lat' dir='ltr'>intendebamus</span> <span class='ocrx_word' id='word_1_201' title='bbox 755 2067 885 2100; x_wconf 82' lang='lat' dir='ltr'>quoquo</span> <span class='ocrx_word' id='word_1_202' title='bbox 902 2057 998 2089; x_wconf 88' lang='lat' dir='ltr'>modo</span> <span class='ocrx_word' id='word_1_203' title='bbox 1014 2062 1136 2099; x_wconf 85' lang='lat' dir='ltr'>praete-</span> 
     </span>
     <span class='ocr_line' id='line_1_39' title="bbox 401 2109 1137 2152; baseline 0.001 -12"><span class='ocrx_word' id='word_1_204' title='bbox 401 2109 476 2141; x_wconf 89' lang='lat' dir='ltr'>rire.</span> <span class='ocrx_word' id='word_1_205' title='bbox 504 2109 603 2142; x_wconf 89' lang='lat' dir='ltr'>Porro</span> <span class='ocrx_word' id='word_1_206' title='bbox 619 2110 822 2141; x_wconf 86' lang='lat' dir='ltr'>meminimus</span> <span class='ocrx_word' id='word_1_207' title='bbox 838 2109 870 2141; x_wconf 89' lang='lat' dir='ltr'>in</span> <span class='ocrx_word' id='word_1_208' title='bbox 884 2109 1049 2152; x_wconf 73' lang='lat' dir='ltr'>praedicta</span> <span class='ocrx_word' id='word_1_209' title='bbox 1066 2119 1137 2152; x_wconf 91' lang='lat' dir='ltr'>pro-</span> 
     </span>
     <span class='ocr_line' id='line_1_40' title="bbox 401 2161 1136 2205; baseline 0.003 -12"><span class='ocrx_word' id='word_1_210' title='bbox 401 2161 576 2194; x_wconf 85' lang='lat' dir='ltr'>vinciarum</span> <span class='ocrx_word' id='word_1_211' title='bbox 597 2162 813 2195; x_wconf 84' lang='lat' dir='ltr'>disiunctione</span> <span class='ocrx_word' id='word_1_212' title='bbox 832 2173 933 2196; x_wconf 87' lang='lat' dir='ltr'>novae</span> <span class='ocrx_word' id='word_1_213' title='bbox 951 2162 1136 2205; x_wconf 87' lang='lat' dir='ltr'>provinciae</span> 
     </span>
     <span class='ocr_line' id='line_1_41' title="bbox 403 2214 1137 2257; baseline 0.001 -12"><span class='ocrx_word' id='word_1_214' title='bbox 403 2218 532 2246; x_wconf 86' lang='lat' dir='ltr'>nostrae</span> <span class='ocrx_word' id='word_1_215' title='bbox 558 2214 848 2257; x_wconf 78' lang='lat' dir='ltr'>Angelopolitanae</span> <span class='ocrx_word' id='word_1_216' title='bbox 868 2220 945 2248; x_wconf 90' lang='lat' dir='ltr'>tunc</span> <span class='ocrx_word' id='word_1_217' title='bbox 968 2215 1054 2247; x_wconf 89' lang='lat' dir='ltr'>inter</span> <span class='ocrx_word' id='word_1_218' title='bbox 1075 2215 1137 2247; x_wconf 85' lang='lat' dir='ltr'>alia</span> 
     </span>
     <span class='ocr_line' id='line_1_42' title="bbox 403 2266 1138 2310; baseline 0.003 -13"><span class='ocrx_word' id='word_1_219' title='bbox 403 2266 474 2297; x_wconf 80' lang='lat' dir='ltr'>loca</span> <span class='ocrx_word' id='word_1_220' title='bbox 498 2276 555 2298; x_wconf 90' lang='lat' dir='ltr'>seu</span> <span class='ocrx_word' id='word_1_221' title='bbox 580 2266 742 2308; x_wconf 73' lang='lat' dir='ltr'>regularia</span> <span class='ocrx_word' id='word_1_222' title='bbox 760 2267 923 2299; x_wconf 87' lang='lat' dir='ltr'>domicilia</span> <span class='ocrx_word' id='word_1_223' title='bbox 942 2267 1046 2310; x_wconf 89' lang='lat' dir='ltr'>ipsum</span> <span class='ocrx_word' id='word_1_224' title='bbox 1064 2277 1138 2309; x_wconf 85' lang='lat' dir='ltr'>quo-</span> 
     </span>
     <span class='ocr_line' id='line_1_43' title="bbox 404 2318 1137 2361; baseline 0.003 -13"><span class='ocrx_word' id='word_1_225' title='bbox 404 2328 467 2359; x_wconf 89' lang='lat' dir='ltr'>que</span> <span class='ocrx_word' id='word_1_226' title='bbox 482 2328 539 2360; x_wconf 91' lang='lat' dir='ltr'>per</span> <span class='ocrx_word' id='word_1_227' title='bbox 555 2329 614 2350; x_wconf 90' lang='lat' dir='ltr'>nos</span> <span class='ocrx_word' id='word_1_228' title='bbox 633 2318 820 2350; x_wconf 85' lang='lat' dir='ltr'>attributum</span> <span class='ocrx_word' id='word_1_229' title='bbox 846 2319 943 2352; x_wconf 82' lang='lat' dir='ltr'>fuisse</span> <span class='ocrx_word' id='word_1_230' title='bbox 963 2319 1137 2361; x_wconf 78' lang='lat' dir='ltr'>collegium</span> 
     </span>
     <span class='ocr_line' id='line_1_44' title="bbox 405 2370 1137 2414; baseline 0.003 -13"><span class='ocrx_word' id='word_1_231' title='bbox 405 2375 549 2402; x_wconf 85' lang='lat' dir='ltr'>nostrum</span> <span class='ocrx_word' id='word_1_232' title='bbox 566 2370 596 2403; x_wconf 92' lang='lat' dir='ltr'>S.</span> <span class='ocrx_word' id='word_1_233' title='bbox 611 2370 771 2410; x_wconf 88' lang='lat' dir='ltr'>Ludovici‚</span> <span class='ocrx_word' id='word_1_234' title='bbox 790 2376 902 2414; x_wconf 87' lang='lat' dir='ltr'>utpote</span> <span class='ocrx_word' id='word_1_235' title='bbox 918 2372 1084 2404; x_wconf 74' lang='lat' dir='ltr'>fundatum</span> <span class='ocrx_word' id='word_1_236' title='bbox 1103 2382 1137 2403; x_wconf 86' lang='lat' dir='ltr'>ac</span> 
     </span>
     <span class='ocr_line' id='line_1_45' title="bbox 405 2423 1137 2468; baseline 0.003 -14"><span class='ocrx_word' id='word_1_237' title='bbox 405 2423 499 2455; x_wconf 90' lang='lat' dir='ltr'>situm</span> <span class='ocrx_word' id='word_1_238' title='bbox 524 2423 556 2455; x_wconf 91' lang='lat' dir='ltr'>in</span> <span class='ocrx_word' id='word_1_239' title='bbox 581 2424 707 2456; x_wconf 77' lang='lat' dir='ltr'>civitate</span> <span class='ocrx_word' id='word_1_240' title='bbox 726 2425 1010 2468; x_wconf 77' lang='lat' dir='ltr'>Angelopolitana,</span> <span class='ocrx_word' id='word_1_241' title='bbox 1033 2435 1137 2467; x_wconf 87' lang='lat' dir='ltr'>neque</span> 
     </span>
     <span class='ocr_line' id='line_1_46' title="bbox 407 2475 1139 2518; baseline 0 -10"><span class='ocrx_word' id='word_1_242' title='bbox 407 2475 493 2508; x_wconf 89' lang='lat' dir='ltr'>enim</span> <span class='ocrx_word' id='word_1_243' title='bbox 517 2475 548 2508; x_wconf 88' lang='lat' dir='ltr'>id</span> <span class='ocrx_word' id='word_1_244' title='bbox 574 2476 667 2508; x_wconf 84' lang='lat' dir='ltr'>nobis</span> <span class='ocrx_word' id='word_1_245' title='bbox 692 2481 816 2518; x_wconf 85' lang='lat' dir='ltr'>poterat</span> <span class='ocrx_word' id='word_1_246' title='bbox 842 2487 906 2509; x_wconf 89' lang='lat' dir='ltr'>non</span> <span class='ocrx_word' id='word_1_247' title='bbox 924 2477 1025 2509; x_wconf 78' lang='lat' dir='ltr'>videri</span> <span class='ocrx_word' id='word_1_248' title='bbox 1039 2477 1139 2508; x_wconf 86' lang='lat' dir='ltr'>iustis-</span> 
     </span>
    </p>
   </div>
   <div class='ocr_carea' id='block_1_4' title="bbox 442 2589 933 2625">
    <p class='ocr_par' dir='ltr' id='par_1_6' title="bbox 442 2589 933 2625">
     <span class='ocr_line' id='line_1_47' title="bbox 442 2589 933 2625; baseline -0.002 -8"><span class='ocrx_word' id='word_1_249' title='bbox 442 2592 454 2617; x_wconf 86' lang='lat'>1</span> <span class='ocrx_word' id='word_1_250' title='bbox 476 2589 575 2617; x_wconf 87' lang='lat' dir='ltr'>Forsan</span> <span class='ocrx_word' id='word_1_251' title='bbox 597 2589 805 2617; x_wconf 70' lang='lat' dir='ltr'>maturandum</span> <span class='ocrx_word' id='word_1_252' title='bbox 828 2591 863 2624; x_wconf 74' lang='grc' dir='ltr'>(Β.</span> <span class='ocrx_word' id='word_1_253' title='bbox 885 2590 933 2625; x_wconf 87' lang='grc' dir='ltr'>Τ.).</span> 
     </span>
    </p>
   </div>
   <div class='ocr_carea' id='block_1_5' title="bbox 1150 1274 1162 2570">
    <p class='ocr_par' dir='ltr' id='par_1_7' title="bbox 1150 1274 1162 2570">
     <span class='ocr_line' id='line_1_48' title="bbox 1150 1274 1162 2570; baseline 0 0"><span class='ocrx_word' id='word_1_254' title='bbox 1150 1274 1162 2570; x_wconf 95' lang='lat' dir='ltr'> </span> 
     </span>
    </p>
   </div>
   <div class='ocr_carea' id='block_1_6' title="bbox 970 213 1324 237">
    <p class='ocr_par' dir='ltr' id='par_1_8' title="bbox 970 213 1324 237">
     <span class='ocr_line' id='line_1_49' title="bbox 970 213 1324 237; baseline 0 0"><span class='ocrx_word' id='word_1_255' title='bbox 970 213 1150 237; x_wconf 69' lang='lat' dir='ltr'>BULLARIUM</span> <span class='ocrx_word' id='word_1_256' title='bbox 1173 213 1324 237; x_wconf 65' lang='lat' dir='ltr'>ROMANUM</span> 
     </span>
    </p>
   </div>
   <div class='ocr_carea' id='block_1_7' title="bbox 1167 260 1914 2362">
    <p class='ocr_par' dir='ltr' id='par_1_9' title="bbox 1167 260 1904 452">
     <span class='ocr_line' id='line_1_50' title="bbox 1169 260 1903 306; baseline 0.005 -15"><span class='ocrx_word' id='word_1_257' title='bbox 1169 260 1306 300; x_wconf 82' lang='lat' dir='ltr'>simum,</span> <span class='ocrx_word' id='word_1_258' title='bbox 1333 261 1485 304; x_wconf 87' lang='lat' dir='ltr'>quamdiu</span> <span class='ocrx_word' id='word_1_259' title='bbox 1518 267 1663 295; x_wconf 88' lang='lat' dir='ltr'>naturam</span> <span class='ocrx_word' id='word_1_260' title='bbox 1687 268 1719 295; x_wconf 90' lang='lat' dir='ltr'>et</span> <span class='ocrx_word' id='word_1_261' title='bbox 1747 263 1903 306; x_wconf 84' lang='lat' dir='ltr'>speciales</span> 
     </span>
     <span class='ocr_line' id='line_1_51' title="bbox 1169 313 1903 357; baseline 0.005 -13"><span class='ocrx_word' id='word_1_262' title='bbox 1169 313 1351 354; x_wconf 84' lang='lat' dir='ltr'>clausulas,</span> <span class='ocrx_word' id='word_1_263' title='bbox 1378 319 1470 357; x_wconf 88' lang='lat' dir='ltr'>pacta</span> <span class='ocrx_word' id='word_1_264' title='bbox 1486 341 1493 354; x_wconf 93' lang='lat'><em>‚</em></span> <span class='ocrx_word' id='word_1_265' title='bbox 1519 314 1772 348; x_wconf 85' lang='lat' dir='ltr'>circumstantias</span> <span class='ocrx_word' id='word_1_266' title='bbox 1806 315 1903 348; x_wconf 82' lang='lat' dir='ltr'>huius</span> 
     </span>
     <span class='ocr_line' id='line_1_52' title="bbox 1169 365 1904 411; baseline 0.004 -14"><span class='ocrx_word' id='word_1_267' title='bbox 1169 365 1366 398; x_wconf 81' lang='lat' dir='ltr'>fundationis</span> <span class='ocrx_word' id='word_1_268' title='bbox 1390 377 1496 409; x_wconf 86' lang='lat' dir='ltr'>neque</span> <span class='ocrx_word' id='word_1_269' title='bbox 1521 377 1580 410; x_wconf 91' lang='lat' dir='ltr'>per</span> <span class='ocrx_word' id='word_1_270' title='bbox 1612 368 1769 400; x_wconf 88' lang='lat' dir='ltr'>somnium</span> <span class='ocrx_word' id='word_1_271' title='bbox 1794 368 1904 411; x_wconf 81' lang='lat' dir='ltr'>explo-</span> 
     </span>
     <span class='ocr_line' id='line_1_53' title="bbox 1167 419 1485 452; baseline 0.006 -2"><span class='ocrx_word' id='word_1_272' title='bbox 1167 423 1251 450; x_wconf 85' lang='lat' dir='ltr'>ratas</span> <span class='ocrx_word' id='word_1_273' title='bbox 1276 419 1485 452; x_wconf 87' lang='lat' dir='ltr'>habebamus.</span> 
     </span>
    </p>

    <p class='ocr_par' dir='ltr' id='par_1_10' title="bbox 1169 471 1906 1200">
     <span class='ocr_line' id='line_1_54' title="bbox 1212 471 1905 515; baseline 0.004 -12"><span class='ocrx_word' id='word_1_274' title='bbox 1212 471 1303 504; x_wconf 81' lang='lat' dir='ltr'>Nune</span> <span class='ocrx_word' id='word_1_275' title='bbox 1328 476 1445 512; x_wconf 82' lang='lat' dir='ltr'>autem,</span> <span class='ocrx_word' id='word_1_276' title='bbox 1472 482 1508 504; x_wconf 84' lang='lat' dir='ltr'>ex</span> <span class='ocrx_word' id='word_1_277' title='bbox 1535 482 1599 515; x_wconf 91' lang='lat' dir='ltr'>quo</span> <span class='ocrx_word' id='word_1_278' title='bbox 1624 477 1733 505; x_wconf 88' lang='lat' dir='ltr'>noster</span> <span class='ocrx_word' id='word_1_279' title='bbox 1749 472 1779 505; x_wconf 93' lang='lat' dir='ltr'>S.</span> <span class='ocrx_word' id='word_1_280' title='bbox 1800 473 1905 506; x_wconf 89' lang='lat' dir='ltr'>Domi-</span> 
     </span>
     <span class='ocr_line' id='line_1_55' title="bbox 1169 524 1905 566; baseline 0.003 -10"><span class='ocrx_word' id='word_1_281' title='bbox 1169 524 1232 556; x_wconf 85' lang='lat' dir='ltr'>nici</span> <span class='ocrx_word' id='word_1_282' title='bbox 1257 529 1434 557; x_wconf 85' lang='lat' dir='ltr'>conventus</span> <span class='ocrx_word' id='word_1_283' title='bbox 1459 525 1650 566; x_wconf 78' lang='lat' dir='ltr'>Mexicanus,</span> <span class='ocrx_word' id='word_1_284' title='bbox 1676 525 1773 558; x_wconf 87' lang='lat' dir='ltr'>misso</span> <span class='ocrx_word' id='word_1_285' title='bbox 1799 526 1831 558; x_wconf 92' lang='lat' dir='ltr'>in</span> <span class='ocrx_word' id='word_1_286' title='bbox 1860 527 1905 558; x_wconf 91' lang='lat' dir='ltr'>al-</span> 
     </span>
     <span class='ocr_line' id='line_1_56' title="bbox 1169 576 1905 621; baseline 0.001 -12"><span class='ocrx_word' id='word_1_287' title='bbox 1169 587 1251 609; x_wconf 90' lang='lat' dir='ltr'>mam</span> <span class='ocrx_word' id='word_1_288' title='bbox 1278 577 1360 609; x_wconf 81' lang='lat' dir='ltr'>lianc</span> <span class='ocrx_word' id='word_1_289' title='bbox 1379 576 1497 610; x_wconf 87' lang='lat' dir='ltr'>Urbem</span> <span class='ocrx_word' id='word_1_290' title='bbox 1517 583 1727 619; x_wconf 84' lang='lat' dir='ltr'>procuratore</span> <span class='ocrx_word' id='word_1_291' title='bbox 1741 578 1779 610; x_wconf 91' lang='lat' dir='ltr'>ad</span> <span class='ocrx_word' id='word_1_292' title='bbox 1793 578 1824 610; x_wconf 89' lang='lat' dir='ltr'>id</span> <span class='ocrx_word' id='word_1_293' title='bbox 1837 588 1905 621; x_wconf 89' lang='lat' dir='ltr'>spe-</span> 
     </span>
     <span class='ocr_line' id='line_1_57' title="bbox 1170 629 1904 674; baseline 0.001 -13"><span class='ocrx_word' id='word_1_294' title='bbox 1170 629 1293 662; x_wconf 87' lang='lat' dir='ltr'>cialiter</span> <span class='ocrx_word' id='word_1_295' title='bbox 1311 635 1341 661; x_wconf 90' lang='lat' dir='ltr'>et</span> <span class='ocrx_word' id='word_1_296' title='bbox 1357 630 1416 662; x_wconf 87' lang='lat' dir='ltr'>rite</span> <span class='ocrx_word' id='word_1_297' title='bbox 1441 630 1609 670; x_wconf 85' lang='lat' dir='ltr'>instructo,</span> <span class='ocrx_word' id='word_1_298' title='bbox 1629 631 1678 663; x_wconf 89' lang='lat' dir='ltr'>ius</span> <span class='ocrx_word' id='word_1_299' title='bbox 1702 640 1793 663; x_wconf 89' lang='lat' dir='ltr'>suum</span> <span class='ocrx_word' id='word_1_300' title='bbox 1811 641 1904 674; x_wconf 89' lang='lat' dir='ltr'>quae-</span> 
     </span>
     <span class='ocr_line' id='line_1_58' title="bbox 1170 683 1904 726; baseline 0.003 -12"><span class='ocrx_word' id='word_1_301' title='bbox 1170 683 1263 714; x_wconf 86' lang='lat' dir='ltr'>situm</span> <span class='ocrx_word' id='word_1_302' title='bbox 1290 693 1387 726; x_wconf 88' lang='lat' dir='ltr'>super</span> <span class='ocrx_word' id='word_1_303' title='bbox 1408 683 1490 716; x_wconf 79' lang='lat' dir='ltr'>dicta</span> <span class='ocrx_word' id='word_1_304' title='bbox 1511 683 1700 716; x_wconf 80' lang='lat' dir='ltr'>fundatione</span> <span class='ocrx_word' id='word_1_305' title='bbox 1718 689 1749 716; x_wconf 88' lang='lat' dir='ltr'>et</span> <span class='ocrx_word' id='word_1_306' title='bbox 1765 684 1904 726; x_wconf 84' lang='lat' dir='ltr'>collegio</span> 
     </span>
     <span class='ocr_line' id='line_1_59' title="bbox 1171 735 1903 778; baseline 0 -11"><span class='ocrx_word' id='word_1_307' title='bbox 1171 745 1277 768; x_wconf 87' lang='lat' dir='ltr'>coram</span> <span class='ocrx_word' id='word_1_308' title='bbox 1292 736 1396 769; x_wconf 79' lang='lat' dir='ltr'>officio</span> <span class='ocrx_word' id='word_1_309' title='bbox 1411 741 1521 769; x_wconf 81' lang='lat' dir='ltr'>nostro</span> <span class='ocrx_word' id='word_1_310' title='bbox 1535 735 1670 769; x_wconf 89' lang='lat' dir='ltr'>iuridice</span> <span class='ocrx_word' id='word_1_311' title='bbox 1695 737 1903 778; x_wconf 89' lang='lat' dir='ltr'>modesteque</span> 
     </span>
     <span class='ocr_line' id='line_1_60' title="bbox 1170 789 1905 833; baseline 0 -12"><span class='ocrx_word' id='word_1_312' title='bbox 1170 790 1442 833; x_wconf 81' lang='lat' dir='ltr'>repraesentavit,</span> <span class='ocrx_word' id='word_1_313' title='bbox 1471 800 1505 821; x_wconf 90' lang='lat' dir='ltr'>ac</span> <span class='ocrx_word' id='word_1_314' title='bbox 1536 799 1607 821; x_wconf 89' lang='lat' dir='ltr'>sese</span> <span class='ocrx_word' id='word_1_315' title='bbox 1639 790 1673 821; x_wconf 92' lang='lat' dir='ltr'>in</span> <span class='ocrx_word' id='word_1_316' title='bbox 1704 790 1787 821; x_wconf 77' lang='lat' dir='ltr'>iusta</span> <span class='ocrx_word' id='word_1_317' title='bbox 1819 789 1905 822; x_wconf 89' lang='lat' dir='ltr'>illius</span> 
     </span>
     <span class='ocr_line' id='line_1_61' title="bbox 1170 842 1906 885; baseline 0 -11"><span class='ocrx_word' id='word_1_318' title='bbox 1170 843 1374 885; x_wconf 78' lang='lat' dir='ltr'>possessione</span> <span class='ocrx_word' id='word_1_319' title='bbox 1392 842 1603 882; x_wconf 87' lang='lat' dir='ltr'>manuteneri,</span> <span class='ocrx_word' id='word_1_320' title='bbox 1622 848 1653 874; x_wconf 88' lang='lat' dir='ltr'>et</span> <span class='ocrx_word' id='word_1_321' title='bbox 1670 842 1823 884; x_wconf 87' lang='lat' dir='ltr'>inspectis</span> <span class='ocrx_word' id='word_1_322' title='bbox 1838 851 1906 885; x_wconf 86' lang='lat' dir='ltr'>par-</span> 
     </span>
     <span class='ocr_line' id='line_1_62' title="bbox 1172 895 1905 927; baseline -0.001 0"><span class='ocrx_word' id='word_1_323' title='bbox 1172 895 1250 927; x_wconf 91' lang='lat' dir='ltr'>tium</span> <span class='ocrx_word' id='word_1_324' title='bbox 1280 895 1450 927; x_wconf 88' lang='lat' dir='ltr'>momentis</span> <span class='ocrx_word' id='word_1_325' title='bbox 1484 905 1539 926; x_wconf 85' lang='lat' dir='ltr'>seu</span> <span class='ocrx_word' id='word_1_326' title='bbox 1571 895 1750 927; x_wconf 88' lang='lat' dir='ltr'>rationibus</span> <span class='ocrx_word' id='word_1_327' title='bbox 1781 899 1905 926; x_wconf 89' lang='lat' dir='ltr'>contro-</span> 
     </span>
     <span class='ocr_line' id='line_1_63' title="bbox 1172 947 1905 991; baseline 0.001 -12"><span class='ocrx_word' id='word_1_328' title='bbox 1172 948 1306 979; x_wconf 87' lang='lat' dir='ltr'>versiam</span> <span class='ocrx_word' id='word_1_329' title='bbox 1331 947 1444 987; x_wconf 90' lang='lat' dir='ltr'>decidi,</span> <span class='ocrx_word' id='word_1_330' title='bbox 1467 948 1644 991; x_wconf 82' lang='lat' dir='ltr'>factamque</span> <span class='ocrx_word' id='word_1_331' title='bbox 1663 948 1905 980; x_wconf 87' lang='lat' dir='ltr'>translationem</span> 
     </span>
     <span class='ocr_line' id='line_1_64' title="bbox 1173 999 1902 1043; baseline 0.001 -12"><span class='ocrx_word' id='word_1_332' title='bbox 1173 999 1295 1031; x_wconf 86' lang='lat' dir='ltr'>aboleri</span> <span class='ocrx_word' id='word_1_333' title='bbox 1312 999 1421 1042; x_wconf 86' lang='lat' dir='ltr'>petiit:</span> <span class='ocrx_word' id='word_1_334' title='bbox 1446 1010 1587 1042; x_wconf 83' lang='lat' dir='ltr'>aequum</span> <span class='ocrx_word' id='word_1_335' title='bbox 1611 1000 1675 1032; x_wconf 92' lang='lat' dir='ltr'>imo</span> <span class='ocrx_word' id='word_1_336' title='bbox 1700 1010 1902 1043; x_wconf 87' lang='lat' dir='ltr'>pernecessa-</span> 
     </span>
     <span class='ocr_line' id='line_1_65' title="bbox 1173 1051 1906 1094; baseline 0.001 -11"><span class='ocrx_word' id='word_1_337' title='bbox 1173 1052 1254 1083; x_wconf 89' lang='lat' dir='ltr'>rium</span> <span class='ocrx_word' id='word_1_338' title='bbox 1281 1051 1426 1083; x_wconf 76' lang='lat' dir='ltr'>duximus</span> <span class='ocrx_word' id='word_1_339' title='bbox 1455 1051 1533 1083; x_wconf 86' lang='lat' dir='ltr'>iuris</span> <span class='ocrx_word' id='word_1_340' title='bbox 1565 1051 1784 1094; x_wconf 81' lang='lat' dir='ltr'>experimento</span> <span class='ocrx_word' id='word_1_341' title='bbox 1814 1061 1906 1094; x_wconf 85' lang='lat' dir='ltr'>prae-</span> 
     </span>
     <span class='ocr_line' id='line_1_66' title="bbox 1172 1104 1905 1148; baseline 0.001 -13"><span class='ocrx_word' id='word_1_342' title='bbox 1172 1104 1248 1137; x_wconf 91' lang='lat' dir='ltr'>bere</span> <span class='ocrx_word' id='word_1_343' title='bbox 1273 1105 1388 1143; x_wconf 78' lang='lat' dir='ltr'>locum,</span> <span class='ocrx_word' id='word_1_344' title='bbox 1413 1108 1449 1136; x_wconf 87' lang='lat' dir='ltr'>ut</span> <span class='ocrx_word' id='word_1_345' title='bbox 1473 1113 1510 1148; x_wconf 87' lang='lat' dir='ltr'>ex</span> <span class='ocrx_word' id='word_1_346' title='bbox 1534 1104 1687 1137; x_wconf 78' lang='lat' dir='ltr'>inviolata</span> <span class='ocrx_word' id='word_1_347' title='bbox 1717 1104 1838 1136; x_wconf 75' lang='lat' dir='ltr'>iustitia</span> <span class='ocrx_word' id='word_1_348' title='bbox 1859 1109 1905 1136; x_wconf 90' lang='lat' dir='ltr'>tu-</span> 
     </span>
     <span class='ocr_line' id='line_1_67' title="bbox 1172 1157 1653 1200; baseline 0.002 -12"><span class='ocrx_word' id='word_1_349' title='bbox 1172 1157 1288 1189; x_wconf 88' lang='lat' dir='ltr'>tiorem</span> <span class='ocrx_word' id='word_1_350' title='bbox 1312 1167 1424 1200; x_wconf 87' lang='lat' dir='ltr'>pacem</span> <span class='ocrx_word' id='word_1_351' title='bbox 1447 1157 1653 1189; x_wconf 87' lang='lat' dir='ltr'>seminemus.</span> 
     </span>
    </p>

    <p class='ocr_par' dir='ltr' id='par_1_11' title="bbox 1172 1209 1914 2362">
     <span class='ocr_line' id='line_1_68' title="bbox 1216 1209 1906 1254; baseline 0.004 -13"><span class='ocrx_word' id='word_1_352' title='bbox 1216 1210 1324 1253; x_wconf 85' lang='lat' dir='ltr'>ltaque</span> <span class='ocrx_word' id='word_1_353' title='bbox 1351 1209 1537 1253; x_wconf 87' lang='lat' dir='ltr'>nuperrime</span> <span class='ocrx_word' id='word_1_354' title='bbox 1562 1210 1614 1243; x_wconf 91' lang='lat' dir='ltr'>die</span> <span class='ocrx_word' id='word_1_355' title='bbox 1629 1221 1648 1243; x_wconf 88' lang='lat' dir='ltr'>v</span> <span class='ocrx_word' id='word_1_356' title='bbox 1670 1210 1737 1244; x_wconf 90' lang='lat' dir='ltr'>iulii</span> <span class='ocrx_word' id='word_1_357' title='bbox 1756 1210 1788 1243; x_wconf 90' lang='lat' dir='ltr'>in</span> <span class='ocrx_word' id='word_1_358' title='bbox 1808 1211 1906 1254; x_wconf 90' lang='lat' dir='ltr'>pleno</span> 
     </span>
     <span class='ocr_line' id='line_1_69' title="bbox 1173 1263 1908 1306; baseline 0 -11"><span class='ocrx_word' id='word_1_359' title='bbox 1173 1264 1382 1295; x_wconf 89' lang='lat' dir='ltr'>collectorum</span> <span class='ocrx_word' id='word_1_360' title='bbox 1400 1267 1526 1305; x_wconf 89' lang='lat' dir='ltr'>patrum</span> <span class='ocrx_word' id='word_1_361' title='bbox 1551 1263 1686 1296; x_wconf 84' lang='lat' dir='ltr'>consilio</span> <span class='ocrx_word' id='word_1_362' title='bbox 1705 1263 1779 1296; x_wconf 89' lang='lat' dir='ltr'>dicti</span> <span class='ocrx_word' id='word_1_363' title='bbox 1796 1273 1908 1306; x_wconf 87' lang='lat' dir='ltr'>procu-</span> 
     </span>
     <span class='ocr_line' id='line_1_70' title="bbox 1172 1316 1904 1357; baseline 0.004 -10"><span class='ocrx_word' id='word_1_364' title='bbox 1172 1316 1287 1349; x_wconf 86' lang='lat' dir='ltr'>ratoris</span> <span class='ocrx_word' id='word_1_365' title='bbox 1313 1316 1491 1348; x_wconf 78' lang='lat' dir='ltr'>exhibitum</span> <span class='ocrx_word' id='word_1_366' title='bbox 1516 1316 1715 1357; x_wconf 87' lang='lat' dir='ltr'>memoriale,</span> <span class='ocrx_word' id='word_1_367' title='bbox 1737 1328 1809 1350; x_wconf 89' lang='lat' dir='ltr'>cum</span> <span class='ocrx_word' id='word_1_368' title='bbox 1833 1328 1904 1350; x_wconf 88' lang='lat' dir='ltr'>res-</span> 
     </span>
     <span class='ocr_line' id='line_1_71' title="bbox 1173 1369 1907 1412; baseline 0.001 -11"><span class='ocrx_word' id='word_1_369' title='bbox 1173 1369 1283 1412; x_wconf 89' lang='lat' dir='ltr'>ponsis</span> <span class='ocrx_word' id='word_1_370' title='bbox 1319 1369 1502 1412; x_wconf 85' lang='lat' dir='ltr'>provinciae</span> <span class='ocrx_word' id='word_1_371' title='bbox 1542 1370 1833 1412; x_wconf 83' lang='lat' dir='ltr'>Angelopolitanae</span> <span class='ocrx_word' id='word_1_372' title='bbox 1869 1370 1907 1402; x_wconf 91' lang='lat' dir='ltr'>ad</span> 
     </span>
     <span class='ocr_line' id='line_1_72' title="bbox 1173 1421 1907 1465; baseline 0.003 -12"><span class='ocrx_word' id='word_1_373' title='bbox 1173 1421 1428 1464; x_wconf 85' lang='lat' dir='ltr'>protestationes</span> <span class='ocrx_word' id='word_1_374' title='bbox 1452 1421 1649 1461; x_wconf 64' lang='lat' dir='ltr'>Meximnae,</span> <span class='ocrx_word' id='word_1_375' title='bbox 1675 1432 1746 1454; x_wconf 85' lang='lat' dir='ltr'>cum</span> <span class='ocrx_word' id='word_1_376' title='bbox 1771 1423 1907 1465; x_wconf 74' lang='lat' dir='ltr'>epistola</span> 
     </span>
     <span class='ocr_line' id='line_1_73' title="bbox 1174 1474 1907 1518; baseline 0 -11"><span class='ocrx_word' id='word_1_377' title='bbox 1174 1475 1272 1518; x_wconf 89' lang='lat' dir='ltr'>patris</span> <span class='ocrx_word' id='word_1_378' title='bbox 1296 1474 1403 1507; x_wconf 85' lang='lat' dir='ltr'>vicarii</span> <span class='ocrx_word' id='word_1_379' title='bbox 1429 1475 1588 1517; x_wconf 81' lang='lat' dir='ltr'>generalis</span> <span class='ocrx_word' id='word_1_380' title='bbox 1605 1474 1749 1507; x_wconf 87' lang='lat' dir='ltr'>eiusdem</span> <span class='ocrx_word' id='word_1_381' title='bbox 1773 1475 1907 1517; x_wconf 82' lang='lat' dir='ltr'>Angelo-</span> 
     </span>
     <span class='ocr_line' id='line_1_74' title="bbox 1173 1527 1909 1570; baseline 0 -10"><span class='ocrx_word' id='word_1_382' title='bbox 1173 1528 1336 1570; x_wconf 88' lang='lat' dir='ltr'>politanae</span> <span class='ocrx_word' id='word_1_383' title='bbox 1361 1527 1553 1570; x_wconf 86' lang='lat' dir='ltr'>provinciae,</span> <span class='ocrx_word' id='word_1_384' title='bbox 1574 1527 1668 1560; x_wconf 89' lang='lat' dir='ltr'>nobis</span> <span class='ocrx_word' id='word_1_385' title='bbox 1693 1528 1815 1570; x_wconf 88' lang='lat' dir='ltr'>totique</span> <span class='ocrx_word' id='word_1_386' title='bbox 1837 1538 1909 1560; x_wconf 92' lang='lat' dir='ltr'>eon-</span> 
     </span>
     <span class='ocr_line' id='line_1_75' title="bbox 1174 1580 1908 1624; baseline 0.001 -11"><span class='ocrx_word' id='word_1_387' title='bbox 1174 1581 1273 1613; x_wconf 89' lang='lat' dir='ltr'>sessui</span> <span class='ocrx_word' id='word_1_388' title='bbox 1299 1583 1382 1614; x_wconf 89' lang='lat' dir='ltr'>clare</span> <span class='ocrx_word' id='word_1_389' title='bbox 1401 1586 1432 1613; x_wconf 91' lang='lat' dir='ltr'>ct</span> <span class='ocrx_word' id='word_1_390' title='bbox 1451 1580 1600 1613; x_wconf 88' lang='lat' dir='ltr'>distincte</span> <span class='ocrx_word' id='word_1_391' title='bbox 1625 1581 1748 1624; x_wconf 82' lang='lat' dir='ltr'>perlegi</span> <span class='ocrx_word' id='word_1_392' title='bbox 1766 1581 1908 1621; x_wconf 80' lang='lat' dir='ltr'>fecimus,</span> 
     </span>
     <span class='ocr_line' id='line_1_76' title="bbox 1175 1633 1910 1677; baseline 0 -11"><span class='ocrx_word' id='word_1_393' title='bbox 1175 1644 1209 1666; x_wconf 88' lang='lat' dir='ltr'>ac</span> <span class='ocrx_word' id='word_1_394' title='bbox 1234 1634 1362 1666; x_wconf 88' lang='lat' dir='ltr'>tandem</span> <span class='ocrx_word' id='word_1_395' title='bbox 1386 1633 1480 1667; x_wconf 87' lang='lat' dir='ltr'>variis</span> <span class='ocrx_word' id='word_1_396' title='bbox 1504 1634 1589 1666; x_wconf 89' lang='lat' dir='ltr'>ultro</span> <span class='ocrx_word' id='word_1_397' title='bbox 1604 1634 1749 1677; x_wconf 88' lang='lat' dir='ltr'>citroque</span> <span class='ocrx_word' id='word_1_398' title='bbox 1767 1634 1861 1666; x_wconf 88' lang='lat' dir='ltr'>motis</span> <span class='ocrx_word' id='word_1_399' title='bbox 1879 1639 1910 1666; x_wconf 90' lang='lat' dir='ltr'>et</span> 
     </span>
     <span class='ocr_line' id='line_1_77' title="bbox 1175 1686 1909 1730; baseline 0 -11"><span class='ocrx_word' id='word_1_400' title='bbox 1175 1687 1372 1730; x_wconf 88' lang='lat' dir='ltr'>ponderatis,</span> <span class='ocrx_word' id='word_1_401' title='bbox 1399 1692 1508 1719; x_wconf 90' lang='lat' dir='ltr'>nostro</span> <span class='ocrx_word' id='word_1_402' title='bbox 1534 1686 1740 1729; x_wconf 86' lang='lat' dir='ltr'>omniumque</span> <span class='ocrx_word' id='word_1_403' title='bbox 1758 1686 1909 1730; x_wconf 76' lang='lat' dir='ltr'>suffragio</span> 
     </span>
     <span class='ocr_line' id='line_1_78' title="bbox 1176 1739 1910 1782; baseline 0 -10"><span class='ocrx_word' id='word_1_404' title='bbox 1176 1740 1337 1772; x_wconf 87' lang='lat' dir='ltr'>decretum</span> <span class='ocrx_word' id='word_1_405' title='bbox 1363 1740 1432 1780; x_wconf 87' lang='lat' dir='ltr'>suit,</span> <span class='ocrx_word' id='word_1_406' title='bbox 1446 1739 1479 1771; x_wconf 93' lang='lat' dir='ltr'>in</span> <span class='ocrx_word' id='word_1_407' title='bbox 1500 1749 1533 1771; x_wconf 88' lang='lat' dir='ltr'>re</span> <span class='ocrx_word' id='word_1_408' title='bbox 1559 1739 1741 1781; x_wconf 74' lang='lat' dir='ltr'>gravissima</span> <span class='ocrx_word' id='word_1_409' title='bbox 1758 1740 1812 1782; x_wconf 87' lang='lat' dir='ltr'>(ne</span> <span class='ocrx_word' id='word_1_410' title='bbox 1833 1739 1910 1782; x_wconf 90' lang='lat' dir='ltr'>quid</span> 
     </span>
     <span class='ocr_line' id='line_1_79' title="bbox 1177 1791 1900 1835; baseline 0 -11"><span class='ocrx_word' id='word_1_411' title='bbox 1177 1793 1256 1825; x_wconf 87' lang='lat' dir='ltr'>sorte</span> <span class='ocrx_word' id='word_1_412' title='bbox 1282 1791 1586 1835; x_wconf 86' lang='lat' dir='ltr'>praecipitaremus)</span> <span class='ocrx_word' id='word_1_413' title='bbox 1613 1791 1791 1824; x_wconf 85' lang='lat' dir='ltr'>celebrium</span> <span class='ocrx_word' id='word_1_414' title='bbox 1821 1792 1900 1824; x_wconf 88' lang='lat' dir='ltr'>iuris</span> 
     </span>
     <span class='ocr_line' id='line_1_80' title="bbox 1176 1844 1911 1878; baseline -0.003 0"><span class='ocrx_word' id='word_1_415' title='bbox 1176 1846 1397 1878; x_wconf 80' lang='lat' dir='ltr'>consultorum</span> <span class='ocrx_word' id='word_1_416' title='bbox 1420 1844 1606 1876; x_wconf 83' lang='lat' dir='ltr'>maturrima</span> <span class='ocrx_word' id='word_1_417' title='bbox 1628 1844 1746 1877; x_wconf 90' lang='lat' dir='ltr'>iudicia</span> <span class='ocrx_word' id='word_1_418' title='bbox 1770 1844 1839 1877; x_wconf 86' lang='lat' dir='ltr'>sore</span> <span class='ocrx_word' id='word_1_419' title='bbox 1863 1854 1911 1876; x_wconf 87' lang='lat' dir='ltr'>ex-</span> 
     </span>
     <span class='ocr_line' id='line_1_81' title="bbox 1177 1897 1912 1941; baseline -0.001 -11"><span class='ocrx_word' id='word_1_420' title='bbox 1177 1899 1345 1941; x_wconf 88' lang='lat' dir='ltr'>quirenda,</span> <span class='ocrx_word' id='word_1_421' title='bbox 1371 1903 1406 1929; x_wconf 89' lang='lat' dir='ltr'>ut</span> <span class='ocrx_word' id='word_1_422' title='bbox 1429 1897 1503 1929; x_wconf 90' lang='lat' dir='ltr'>inde</span> <span class='ocrx_word' id='word_1_423' title='bbox 1530 1897 1627 1930; x_wconf 87' lang='lat' dir='ltr'>tutius</span> <span class='ocrx_word' id='word_1_424' title='bbox 1652 1897 1691 1930; x_wconf 89' lang='lat' dir='ltr'>ad</span> <span class='ocrx_word' id='word_1_425' title='bbox 1717 1897 1912 1930; x_wconf 80' lang='lat' dir='ltr'>definitivam</span> 
     </span>
     <span class='ocr_line' id='line_1_82' title="bbox 1176 1950 1909 1993; baseline -0.001 -9"><span class='ocrx_word' id='word_1_426' title='bbox 1176 1951 1367 1984; x_wconf 88' lang='lat' dir='ltr'>sententiam</span> <span class='ocrx_word' id='word_1_427' title='bbox 1382 1978 1389 1991; x_wconf 92' lang='lat'>,</span> <span class='ocrx_word' id='word_1_428' title='bbox 1416 1950 1531 1983; x_wconf 87' lang='lat' dir='ltr'>auditis</span> <span class='ocrx_word' id='word_1_429' title='bbox 1555 1950 1734 1993; x_wconf 88' lang='lat' dir='ltr'>peritorum</span> <span class='ocrx_word' id='word_1_430' title='bbox 1758 1951 1909 1991; x_wconf 87' lang='lat' dir='ltr'>arbitriis,</span> 
     </span>
     <span class='ocr_line' id='line_1_83' title="bbox 1178 2003 1913 2047; baseline -0.001 -11"><span class='ocrx_word' id='word_1_431' title='bbox 1178 2005 1436 2047; x_wconf 86' lang='lat' dir='ltr'>procederemus.</span> <span class='ocrx_word' id='word_1_432' title='bbox 1463 2003 1644 2045; x_wconf 79' lang='lat' dir='ltr'>Delegimus</span> <span class='ocrx_word' id='word_1_433' title='bbox 1663 2014 1739 2036; x_wconf 89' lang='lat' dir='ltr'>vero</span> <span class='ocrx_word' id='word_1_434' title='bbox 1761 2013 1797 2035; x_wconf 82' lang='lat' dir='ltr'>ex</span> <span class='ocrx_word' id='word_1_435' title='bbox 1815 2003 1913 2036; x_wconf 87' lang='lat' dir='ltr'>omni-</span> 
     </span>
     <span class='ocr_line' id='line_1_84' title="bbox 1178 2055 1913 2089; baseline -0.003 0"><span class='ocrx_word' id='word_1_436' title='bbox 1178 2056 1236 2089; x_wconf 88' lang='lat' dir='ltr'>bus</span> <span class='ocrx_word' id='word_1_437' title='bbox 1254 2057 1485 2089; x_wconf 83' lang='lat' dir='ltr'>illustrissimos</span> <span class='ocrx_word' id='word_1_438' title='bbox 1505 2055 1652 2088; x_wconf 91' lang='lat' dir='ltr'>dominos</span> <span class='ocrx_word' id='word_1_439' title='bbox 1678 2056 1843 2088; x_wconf 87' lang='lat' dir='ltr'>Nicolaum</span> <span class='ocrx_word' id='word_1_440' title='bbox 1863 2055 1913 2088; x_wconf 89' lang='lat' dir='ltr'>Se-</span> 
     </span>
     <span class='ocr_line' id='line_1_85' title="bbox 1178 2108 1911 2151; baseline -0.003 -9"><span class='ocrx_word' id='word_1_441' title='bbox 1178 2111 1321 2142; x_wconf 84' lang='lat' dir='ltr'>verolum</span> <span class='ocrx_word' id='word_1_442' title='bbox 1346 2114 1377 2141; x_wconf 89' lang='lat' dir='ltr'>et</span> <span class='ocrx_word' id='word_1_443' title='bbox 1401 2109 1594 2151; x_wconf 85' lang='lat' dir='ltr'>Prosperum</span> <span class='ocrx_word' id='word_1_444' title='bbox 1612 2108 1786 2141; x_wconf 86' lang='lat' dir='ltr'>Bottinium</span> <span class='ocrx_word' id='word_1_445' title='bbox 1806 2118 1911 2141; x_wconf 87' lang='lat' dir='ltr'>sacrae</span> 
     </span>
     <span class='ocr_line' id='line_1_86' title="bbox 1179 2161 1913 2202; baseline -0.003 -8"><span class='ocrx_word' id='word_1_446' title='bbox 1179 2163 1268 2194; x_wconf 87' lang='lat' dir='ltr'>aulae</span> <span class='ocrx_word' id='word_1_447' title='bbox 1294 2161 1524 2194; x_wconf 84' lang='lat' dir='ltr'>consistorialis</span> <span class='ocrx_word' id='word_1_448' title='bbox 1557 2161 1746 2202; x_wconf 87' lang='lat' dir='ltr'>advocatos,</span> <span class='ocrx_word' id='word_1_449' title='bbox 1771 2161 1856 2194; x_wconf 90' lang='lat' dir='ltr'>viros</span> <span class='ocrx_word' id='word_1_450' title='bbox 1880 2161 1913 2193; x_wconf 93' lang='lat' dir='ltr'>in</span> 
     </span>
     <span class='ocr_line' id='line_1_87' title="bbox 1180 2213 1911 2257; baseline -0.001 -10"><span class='ocrx_word' id='word_1_451' title='bbox 1180 2215 1242 2248; x_wconf 86' lang='lat' dir='ltr'>hoc</span> <span class='ocrx_word' id='word_1_452' title='bbox 1267 2224 1384 2257; x_wconf 81' lang='lat' dir='ltr'>genere</span> <span class='ocrx_word' id='word_1_453' title='bbox 1408 2213 1648 2254; x_wconf 85' lang='lat' dir='ltr'>versatissimos,</span> <span class='ocrx_word' id='word_1_454' title='bbox 1675 2214 1729 2256; x_wconf 89' lang='lat' dir='ltr'>qui</span> <span class='ocrx_word' id='word_1_455' title='bbox 1756 2214 1885 2246; x_wconf 91' lang='lat' dir='ltr'>demum</span> <span class='ocrx_word' id='word_1_456' title='bbox 1903 2240 1911 2254; x_wconf 90' lang='lat'>,</span> 
     </span>
     <span class='ocr_line' id='line_1_88' title="bbox 1180 2266 1914 2310; baseline -0.001 -11"><span class='ocrx_word' id='word_1_457' title='bbox 1180 2267 1288 2300; x_wconf 89' lang='lat' dir='ltr'>audito</span> <span class='ocrx_word' id='word_1_458' title='bbox 1314 2267 1438 2309; x_wconf 76' lang='lat' dir='ltr'>prolixe</span> <span class='ocrx_word' id='word_1_459' title='bbox 1464 2267 1561 2300; x_wconf 89' lang='lat' dir='ltr'>totius</span> <span class='ocrx_word' id='word_1_460' title='bbox 1582 2267 1683 2300; x_wconf 91' lang='lat' dir='ltr'>nostri</span> <span class='ocrx_word' id='word_1_461' title='bbox 1704 2266 1831 2299; x_wconf 91' lang='lat' dir='ltr'>Ordinis</span> <span class='ocrx_word' id='word_1_462' title='bbox 1845 2276 1914 2310; x_wconf 85' lang='lat' dir='ltr'>pro-</span> 
     </span>
     <span class='ocr_line' id='line_1_89' title="bbox 1180 2318 1912 2362; baseline 0 -11"><span class='ocrx_word' id='word_1_463' title='bbox 1180 2325 1325 2352; x_wconf 83' lang='lat' dir='ltr'>curatore</span> <span class='ocrx_word' id='word_1_464' title='bbox 1351 2319 1492 2362; x_wconf 71' lang='lat' dir='ltr'>generali</span> <span class='ocrx_word' id='word_1_465' title='bbox 1509 2346 1517 2360; x_wconf 91' lang='lat'>‚</span> <span class='ocrx_word' id='word_1_466' title='bbox 1544 2320 1693 2362; x_wconf 86' lang='lat' dir='ltr'>perlectis</span> <span class='ocrx_word' id='word_1_467' title='bbox 1708 2346 1716 2360; x_wconf 92' lang='lat'>,</span> <span class='ocrx_word' id='word_1_468' title='bbox 1742 2318 1890 2351; x_wconf 88' lang='lat' dir='ltr'>discussis</span> <span class='ocrx_word' id='word_1_469' title='bbox 1904 2345 1912 2359; x_wconf 83' lang='lat'>,</span> 
     </span>
    </p>
   </div>
   <div class='ocr_carea' id='block_1_8' title="bbox 1910 213 2093 241">
    <p class='ocr_par' dir='ltr' id='par_1_12' title="bbox 1910 213 2093 241">
     <span class='ocr_line' id='line_1_90' title="bbox 1910 213 2093 241; baseline 0 -1"><span class='ocrx_word' id='word_1_470' title='bbox 1910 215 1958 240; x_wconf 76' lang='lat' dir='ltr'>Au.</span> <span class='ocrx_word' id='word_1_471' title='bbox 1974 213 2002 240; x_wconf 89' lang='lat' dir='ltr'>C.</span> <span class='ocrx_word' id='word_1_472' title='bbox 2023 213 2093 241; x_wconf 74' lang='lat'>1664</span> 
     </span>
    </p>
   </div>
   <div class='ocr_carea' id='block_1_9' title="bbox 1180 2372 1943 2414">
    <p class='ocr_par' dir='ltr' id='par_1_13' title="bbox 1180 2372 1943 2414">
     <span class='ocr_line' id='line_1_91' title="bbox 1180 2372 1943 2414; baseline -0.001 -10"><span class='ocrx_word' id='word_1_473' title='bbox 1180 2373 1366 2405; x_wconf 78' lang='lat' dir='ltr'>examinatis</span> <span class='ocrx_word' id='word_1_474' title='bbox 1392 2372 1540 2405; x_wconf 84' lang='lat' dir='ltr'>omnibus</span> <span class='ocrx_word' id='word_1_475' title='bbox 1573 2382 1607 2404; x_wconf 88' lang='lat' dir='ltr'>ac</span> <span class='ocrx_word' id='word_1_476' title='bbox 1631 2372 1765 2414; x_wconf 80' lang='lat' dir='ltr'>singulis</span> <span class='ocrx_word' id='word_1_477' title='bbox 1801 2382 1859 2414; x_wconf 85' lang='lat' dir='ltr'>pro</span> <span class='ocrx_word' id='word_1_478' title='bbox 1884 2382 1915 2403; x_wconf 91' lang='lat' dir='ltr'>u·</span> <span class='ocrx_word' id='word_1_479' title='bbox 1934 2383 1943 2390; x_wconf 90' lang='lat'><strong>·</strong></span> 
     </span>
    </p>
   </div>
   <div class='ocr_carea' id='block_1_10' title="bbox 1181 2424 1916 2626">
    <p class='ocr_par' dir='ltr' id='par_1_14' title="bbox 1181 2424 1916 2626">
     <span class='ocr_line' id='line_1_92' title="bbox 1181 2424 1913 2468; baseline -0.001 -11"><span class='ocrx_word' id='word_1_480' title='bbox 1181 2428 1292 2467; x_wconf 80' lang='lat' dir='ltr'>traque</span> <span class='ocrx_word' id='word_1_481' title='bbox 1317 2430 1405 2467; x_wconf 85' lang='lat' dir='ltr'>parte</span> <span class='ocrx_word' id='word_1_482' title='bbox 1431 2425 1574 2457; x_wconf 87' lang='lat' dir='ltr'>adductis</span> <span class='ocrx_word' id='word_1_483' title='bbox 1599 2424 1774 2468; x_wconf 87' lang='lat' dir='ltr'>scripturis,</span> <span class='ocrx_word' id='word_1_484' title='bbox 1799 2433 1913 2467; x_wconf 79' lang='lat' dir='ltr'>expen-</span> 
     </span>
     <span class='ocr_line' id='line_1_93' title="bbox 1181 2477 1916 2520; baseline -0.001 -11"><span class='ocrx_word' id='word_1_485' title='bbox 1181 2477 1284 2520; x_wconf 84' lang='lat' dir='ltr'>sisque</span> <span class='ocrx_word' id='word_1_486' title='bbox 1311 2478 1470 2510; x_wconf 83' lang='lat' dir='ltr'>rationum</span> <span class='ocrx_word' id='word_1_487' title='bbox 1490 2477 1700 2520; x_wconf 89' lang='lat' dir='ltr'>ponderibus,</span> <span class='ocrx_word' id='word_1_488' title='bbox 1721 2487 1775 2510; x_wconf 91' lang='lat' dir='ltr'>ore</span> <span class='ocrx_word' id='word_1_489' title='bbox 1791 2487 1825 2508; x_wconf 89' lang='lat' dir='ltr'>ae</span> <span class='ocrx_word' id='word_1_490' title='bbox 1844 2477 1916 2509; x_wconf 88' lang='lat' dir='ltr'>scri-</span> 
     </span>
     <span class='ocr_line' id='line_1_94' title="bbox 1181 2529 1916 2572; baseline -0.001 -10"><span class='ocrx_word' id='word_1_491' title='bbox 1181 2535 1235 2571; x_wconf 89' lang='lat' dir='ltr'>pto</span> <span class='ocrx_word' id='word_1_492' title='bbox 1261 2530 1461 2572; x_wconf 73' lang='lat' dir='ltr'>singulorum</span> <span class='ocrx_word' id='word_1_493' title='bbox 1496 2529 1642 2562; x_wconf 87' lang='lat' dir='ltr'>manibus</span> <span class='ocrx_word' id='word_1_494' title='bbox 1677 2529 1809 2562; x_wconf 89' lang='lat' dir='ltr'>seorsim</span> <span class='ocrx_word' id='word_1_495' title='bbox 1840 2540 1916 2561; x_wconf 89' lang='lat' dir='ltr'>con-</span> 
     </span>
     <span class='ocr_line' id='line_1_95' title="bbox 1182 2583 1916 2626; baseline 0 -12"><span class='ocrx_word' id='word_1_496' title='bbox 1182 2588 1274 2625; x_wconf 84' lang='lat' dir='ltr'>cepto</span> <span class='ocrx_word' id='word_1_497' title='bbox 1300 2584 1490 2626; x_wconf 78' lang='lat' dir='ltr'>signatoque</span> <span class='ocrx_word' id='word_1_498' title='bbox 1526 2583 1619 2615; x_wconf 89' lang='lat' dir='ltr'>nobis</span> <span class='ocrx_word' id='word_1_499' title='bbox 1644 2583 1848 2615; x_wconf 88' lang='lat' dir='ltr'>concorditer</span> <span class='ocrx_word' id='word_1_500' title='bbox 1871 2592 1916 2614; x_wconf 87' lang='lat' dir='ltr'>re-</span> 
     </span>
    </p>
   </div>
  </div>
 </body>
</html>
