2247 3208
131 181 181 207 An.
201 179 230 207 C.
246 180 315 208 1663

149 663 186 683 Vis
195 663 268 684 addita
280 663 310 684 ta-

127 690 210 712 cienda.

172 1982 313 2008 Exequutoris

131 2009 250 2035 deputatio,

912 178 927 197 A
933 177 1030 198 timim
1038 177 1054 197 l)
1061 175 1097 197 Et:
1127 176 1165 197 tlt
1193 176 1239 197 1¹1¹.

324 229 358 262 in
383 227 451 259 suis
477 226 629 269 capitulis
667 225 889 267 generalibus,
923 234 957 255 ac
983 223 1061 254 alias

324 280 463 313 servatis
483 279 649 318 omnibus,
665 288 747 321 quae
763 278 801 310 de
824 278 906 317 iure,
926 282 958 309 et
974 277 1062 309 iuxta

324 338 458 372 statuta,
481 331 752 371 consuetudines,
772 330 943 374 privilegia
961 334 993 361 et
1014 329 1062 361 in-

324 386 414 419 dulta
432 385 636 427 singularum
653 383 946 426 congregationum
967 392 1061 424 prae-

324 439 486 471 dictarum
507 437 630 470 servari
649 438 820 475 deberent,
841 435 973 467 omnino
993 444 1061 466 ser—

323 492 515 531 varentur¹,
542 492 735 534 supplentes
757 500 795 521 ex
819 499 905 521 nnnc
930 487 1074 531 praedi-v

325 549 395 578 ctos
414 549 446 577 et
464 553 690 588 quoscumque
717 542 798 575 alios
821 540 901 573 iuris
927 545 959 572 et
984 539 1058 573 sacti

325 597 486 636 desectus,
502 597 528 629 si
546 596 602 639 qui
620 594 858 628 intervenerint
872 593 905 625 in
920 593 1056 625 eisdem.

369 651 383 694 ἓ
408 651 438 683 7.
466 650 687 691 Volumusque
721 647 890 691 praedicta
924 646 1032 678 omnia
1049 672 1057 685 ,

324 713 453 736 necnon
478 702 671 739 locationes,
690 699 964 743 permutationes,
983 708 1059 730 ven-

325 757 480 795 ditiones,
508 753 736 793 alienationes,
762 752 988 791 liberationes,
1014 751 1059 784 at'-

325 808 564 846 srancafiones,
592 806 790 845 creationes,
816 804 1057 848 impositiones,

324 859 588 904 suppressiones,
607 864 640 891 et
657 868 884 902 quaecumque
899 857 961 890 alia
975 867 1058 900 quae

323 913 548 957 praesentium
566 912 761 945 auctoritate
782 910 869 950 fient,
895 915 1058 954 perpetuo

324 967 529 1007 consistere,
557 971 590 998 et
623 974 849 1009 quaecumque
882 968 947 996 tam
978 963 1058 995 iuris

324 1030 421 1063 quam
447 1019 521 1051 sacti
547 1024 579 1051 et
602 1019 664 1052 alio
684 1017 890 1062 quantumvis
909 1017 1059 1049 substan-

325 1072 392 1106 tiali
419 1073 550 1105 defectu
566 1071 766 1115 impugnari,
788 1072 854 1103 sive
876 1075 989 1103 contra
1007 1080 1060 1102 ea-

325 1126 400 1159 dem
424 1125 605 1169 praemissa
630 1125 677 1157 sic
702 1124 797 1164 sacta,
824 1128 915 1166 gesta
935 1128 967 1156 et
987 1133 1060 1155 exe-

325 1184 399 1212 cuta
423 1189 484 1222 per
509 1188 734 1222 quoscumque
760 1177 893 1221 aliquod
911 1177 991 1209 iuris
1009 1176 1059 1208 vel

326 1232 400 1264 sacti
424 1232 607 1264 remedium
631 1230 813 1274 impetrari,
836 1235 891 1263 aut
914 1230 970 1262 illo
1001 1229 1061 1260 im-

324 1289 454 1328 petrato
480 1284 539 1325 uti,
559 1296 595 1318 ac
620 1286 734 1317 eadem
758 1284 940 1327 praemissa
959 1283 991 1316 in
1009 1282 1058 1315 ius

325 1337 375 1370 vel
401 1337 661 1370 controversiam
679 1337 792 1370 reduci
809 1337 899 1370 nullo
916 1346 1060 1379 unquam

326 1395 474 1434 tempore
514 1400 637 1433 posse,
674 1399 782 1433 neque
818 1389 939 1422 debere
960 1415 967 1429 ,
1002 1388 1059 1421 sed

326 1453 553 1487 quoscumque
572 1448 777 1476 concernunt
801 1448 833 1476 et
858 1448 1059 1475 concernent

326 1497 358 1529 in
377 1496 525 1529 futurum
543 1496 631 1529 omni
656 1501 688 1529 et
707 1505 916 1540 quocumque
942 1494 1060 1528 effectu

326 1554 358 1583 et
375 1550 549 1583 commodo
565 1548 700 1593 pacifice
719 1550 875 1592 gaudere,
902 1550 1061 1592 singulas-

326 1613 390 1647 que
426 1613 527 1646 super
557 1603 695 1646 singulis
726 1603 945 1636 locationibus
974 1603 1061 1636 aliis-

327 1665 391 1699 que
417 1656 570 1689 omnibus
589 1661 621 1689 et
638 1655 775 1699 singulis
800 1656 991 1700 praemissis
1010 1656 1061 1688 lit-

328 1714 426 1750 teras,
442 1720 501 1742 seu
516 1720 628 1742 earnm
642 1708 921 1750 confirmationes,
937 1715 969 1742 et
982 1709 1066 1742 alias

327 1762 561 1806 dispositiones
597 1763 766 1806 singulas,
800 1763 872 1796 illas
909 1764 1060 1807 petituris

328 1815 428 1858 gratis
454 1815 575 1859 ubique
604 1817 754 1856 concedi,
779 1816 876 1849 etiam
902 1817 935 1849 in
959 1818 1062 1850 forma

328 1868 453 1910 Brevis,
472 1875 504 1902 et
528 1880 588 1912 per
612 1870 824 1903 secretariam
843 1876 989 1904 nostram
1015 1882 1063 1904 se-

329 1926 453 1955 cretam
478 1923 626 1966 expediri
651 1923 784 1956 debere.

372 1975 387 2018 ξ
411 1974 441 2008 8.
469 1974 629 2013 Quocirca
658 1976 828 2019 praedicto
860 1976 968 2010 Flavio
994 1987 1064 2010 car-

328 2020 428 2060 dinali
445 2028 692 2070 procamerario
714 2034 746 2060 et
763 2029 988 2062 commissario
1006 2040 1064 2062 no-

328 2084 396 2113 stro
421 2081 566 2124 plenam,
599 2081 758 2121 liberam,
786 2082 1007 2114 omnimodam
1033 2087 1064 2114 et

327 2134 511 2167 absolutam
528 2138 739 2177 potestatem,
758 2134 993 2168 facultatem-et
1009 2147 1065 2168 au-

328 2185 514 2218 ctoritatem
554 2186 730 2219 tribuimus
766 2188 1039 2230 congregationes
1054 2216 1062 2229 ,

328 2238 532 2281 superiores,
559 2239 694 2272 abbates
708 2266 715 2280 ‚
734 2239 875 2283 priores,
895 2241 1066 2284 praeposi-

329 2295 379 2323 tos
405 2295 438 2323 et
462 2290 543 2324 alios
568 2292 756 2334 praedictos
783 2297 847 2325 tam
865 2293 1065 2327 coniunctim

330 2354 427 2386 quam
456 2343 586 2376 divisim
618 2344 658 2377 ad
682 2344 845 2387 integram
868 2346 1065 2388 praestatio-

329 2407 406 2430 nem
439 2401 471 2429 et
502 2397 701 2429 solutionem
736 2398 872 2430 subsidii
906 2400 1065 2442 praedicti

330 2449 419 2482 iuxta
443 2449 581 2482 sormam
612 2449 800 2483 indictionis
827 2456 859 2483 et
882 2452 1066 2495 impositio-

330 2502 380 2536 nis
403 2502 593 2536 huiusmodi
610 2503 776 2536 faciendas
798 2503 895 2536 etiam
921 2516 981 2548 per
999 2506 1066 2538 edi-

367 2565 380 2592 1
397 2564 486 2593 Potius
497 2565 603 2601 legend.
615 2568 812 2595 statuerentur
823 2566 864 2594 vel
878 2567 963 2594 simile
974 2568 1064 2603 (aaz),

1098 228 1185 254 ctum
1204 221 1283 254 locis
1302 221 1442 264 publicis
1458 222 1653 263 affigendum
1673 222 1827 254 monendi

1078 270 1079 274 ¹
1097 280 1128 307 et
1142 274 1347 317 requirendi,
1367 285 1439 306 cum
1464 275 1528 307 illis
1546 285 1727 318 eorumque
1752 285 1829 317 pro-

1096 328 1303 360 curatoribus
1329 327 1564 367 conveniendi,
1592 328 1697 371 deque
1723 328 1828 360 modis

1096 385 1128 412 et
1152 379 1357 412 cautionibus
1384 380 1556 413 solutionis
1578 381 1778 423 praedictae,
1797 386 1829 413 et

1095 433 1166 465 aliis
1190 434 1252 465 boc
1276 434 1446 475 negotium
1463 434 1750 473 concernentibus,
1772 444 1829 477 pa-

1094 486 1252 527 ciscendi,
1276 486 1508 528 obligationes,
1534 487 1771 530 promissiones
1797 492 1830 520 et

1094 538 1323 572 fideiussiones
1342 539 1505 582 exigendi,
1523 546 1554 573 et
1574 541 1716 573 vicissim
1734 551 1829 584 prae-

1094 592 1218 631 standi,
1245 597 1434 625 contractus
1467 603 1567 637 super
1595 593 1645 625 his
1678 604 1829 626 necessa-

1094 645 1159 677 rios
1178 645 1275 677 etiam
1297 650 1411 678 nostro
1425 650 1458 677 et
1475 655 1623 678 camerae
1641 645 1827 689 praedictae

1093 698 1226 731 nomine
1251 698 1431 741 stipulandi
1449 703 1481 730 et
1505 699 1707 739 celebrandi,
1727 703 1759 731 et
1778 709 1829 731 se-

1093 750 1235 782 cundum
1269 751 1353 791 alia,
1379 761 1509 783 necnon
1544 761 1604 794 per
1635 756 1828 794 praesentes

1093 803 1275 836 subsidium
1298 804 1406 846 ipsum
1427 804 1640 847 procurandi,
1660 809 1829 837 contuma-

1093 866 1160 895 ces,
1188 866 1254 888 non
1279 857 1532 899 respondentes,
1558 861 1613 889 ant
1638 856 1828 890 deficientes

1093 914 1274 942 conventus
1299 915 1332 942 et
1356 910 1631 952 congregationes
1651 910 1828 944 interdicto

1094 963 1319 996 ecclesiastico
1345 964 1566 1006 supponendi,
1586 967 1618 995 et
1643 963 1827 1006 singulares

1093 1027 1251 1060 personas
1282 1017 1629 1050 excommunicationis
1667 1018 1827 1050 sententia

1094 1070 1252 1110 feriendi,
1279 1070 1513 1113 proprietates,
1541 1081 1614 1111 res,
1641 1070 1765 1103 fructus
1796 1075 1829 1103 et

1093 1123 1155 1156 alia
1187 1124 1272 1156 bona
1307 1124 1455 1166 ipsorum
1481 1124 1578 1155 etiam
1611 1133 1709 1156 manu
1738 1123 1829 1166 regia

1093 1176 1378 1219 apprehendendi,
1397 1181 1429 1208 et
1449 1187 1553 1219 usque
1575 1176 1615 1208 ad
1632 1176 1827 1218 condignam

1094 1229 1350 1262 satisfactionem
1381 1229 1567 1269 retinendi,
1594 1229 1771 1262 redeuntes
1797 1234 1829 1262 et

1094 1282 1287 1315 obedientes
1313 1282 1518 1322 absolvendi,
1544 1292 1645 1325 snper
1668 1282 1828 1325 irregula-

1094 1335 1189 1368 ritate
1214 1340 1392 1379 propterea
1416 1337 1584 1369 contracta
1602 1335 1826 1379 dispensandi,

1095 1390 1185 1422 etad
1210 1389 1387 1433 pristinum
1412 1393 1533 1421 statum
1558 1388 1767 1429 restituendi,
1783 1389 1828 1421 vi-

1094 1453 1148 1476 ces
1174 1453 1262 1482 suas,
1289 1442 1356 1475 sive
1383 1447 1480 1482 totas,
1499 1442 1566 1475 sive
1591 1442 1624 1474 in
1648 1447 1754 1486 parte,
1774 1441 1827 1475 alii

1094 1497 1144 1529 vel
1176 1496 1247 1529 aliis
1279 1495 1407 1529 idoneis
1423 1522 1430 1536 ,
1455 1495 1536 1529 citra
1561 1495 1803 1528 absolutionem
1819 1522 1827 1536 ,

1095 1549 1376 1593 dispensationem
1402 1554 1434 1582 et
1458 1549 1713 1590 restitutionem,
1741 1549 1829 1582 dele-

1095 1603 1208 1645 gandi,
1236 1607 1412 1646 ceteraque
1437 1602 1470 1634 in
1502 1602 1659 1646 predictis
1686 1606 1719 1634 et
1742 1601 1830 1634 cirea

1095 1667 1133 1688 ea
1156 1655 1343 1689 necessaria
1369 1660 1401 1688 et
1425 1660 1612 1699 opportuna
1633 1654 1773 1688 faciendi
1798 1659 1830 1688 et

1095 1709 1296 1752 exequendi,
1327 1707 1454 1740 etiamsi
1493 1708 1569 1741 talia
1603 1708 1712 1740 forent
1746 1718 1830 1751 quae

1095 1763 1284 1796 mandatum
1329 1761 1498 1805 exigerent
1541 1762 1644 1804 magis
1686 1761 1830 1805 speciale

1097 1827 1193 1860 quam
1217 1815 1429 1860 presentibus
1456 1815 1497 1848 sit
1521 1825 1727 1858 expressum.

1140 1870 1155 1912 g
1178 1868 1209 1902 9.
1236 1869 1456 1901 Decernentes
1482 1868 1613 1901 easdem
1638 1873 1831 1911 praesentes

1098 1923 1236 1962 litteras,
1252 1927 1285 1955 et
1301 1921 1335 1954 in
1352 1921 1398 1954 eis
1417 1925 1571 1954 contenta
1589 1931 1830 1965 quaecumque,

1098 1976 1195 2008 etiam
1220 1986 1258 2008 ex
1283 1985 1322 2008 eo
1348 1975 1435 2018 quod
1461 1974 1661 2018 quicumque
1680 1975 1713 2007 in
1738 1985 1833 2018 prae-

1098 2029 1205 2061 missis
1231 2029 1392 2061 interesse
1419 2028 1597 2069 habentes,
1624 2039 1682 2061 seu
1708 2029 1832 2062 habere

1098 2082 1344 2126 quomodolibet
1356 2082 1604 2125 pretendentes,
1617 2082 1759 2115 cuiusvis
1770 2087 1834 2115 sta-

1099 2141 1160 2176 tus,
1186 2136 1319 2178 gradus,
1339 2135 1476 2174 ordinis,
1495 2135 1706 2175 conditionis,
1730 2135 1835 2178 digni-

1100 2189 1186 2229 tatis,
1223 2193 1279 2221 aut
1311 2188 1390 2220 alias
1426 2188 1561 2231 speciali
1598 2193 1631 2220 et
1666 2188 1833 2221 individua

1099 2241 1265 2274 mentione
1291 2240 1380 2282 digni
1406 2241 1558 2281 existant,
1577 2240 1642 2273 illis
1668 2251 1733 2273 non
1758 2231 1835 2274 coit-

1099 2294 1282 2334 senserint,
1310 2294 1427 2326 autad
1460 2303 1497 2326 ea
1527 2293 1650 2335 vocati,
1682 2294 1774 2329 ,citati
1804 2299 1836 2327 et

1100 2347 1213 2387 auditi,
1240 2357 1299 2379 seu
1325 2357 1454 2387 causae,
1473 2352 1612 2390 propter
1637 2358 1717 2390 quas
1742 2357 1836 2391 prae-

1100 2405 1210 2433 sentes
1237 2405 1443 2441 emanarunt,
1470 2400 1655 2433 verificatae
1687 2405 1719 2433 et
1743 2400 1837 2433 iusti-

1099 2453 1213 2486 ficatae
1239 2464 1304 2486 non
1323 2453 1458 2493 suerint,
1477 2454 1528 2486 vel
1547 2463 1584 2486 ex
1602 2453 1664 2486 alia
1682 2464 1837 2496 quacum-

1101 2518 1162 2550 que
1190 2506 1397 2549 quantumvis
1422 2507 1521 2547 iusta,
1541 2506 1699 2549 legitima,
1726 2506 1779 2549 pia
1804 2511 1836 2539 et

1099 2559 1305 2603 privilegiata
1330 2561 1438 2600 causa,
1459 2561 1583 2600 colore,
1602 2564 1785 2603 praetextu,
1804 2563 1837 2592 et

1731 166 1788 197 <15¹1
1839 175 1888 199 An.
1908 173 1936 200 c.
1961 173 2027 200 1653

1858 1902 1860 1905 ¹
1872 1875 1984 1896 Decretum
2004 1875 2030 1895 ir-

1846 1904 1919 1923 ritans.
