2247 3208
88 199 137 226 An.
155 197 183 226 C.
208 198 274 227 1667

918 200 1061 225 crnncxs

285 256 381 281 curae
408 241 596 287 subiectis‚'
615 257 819 292 quacumque
854 249 1032 292 dignitate,

285 301 406 344 gradu,
427 299 550 341 osticio,
570 301 792 344 autqualitate
816 309 1031 340 censeantur,
1055 326 1056 335 1

284 364 324 386 110
362 354 455 386 ullibi
492 355 691 398 supradictas
726 357 941 399 collegiorum
979 358 1034 389 lli-

285 406 493 440 bernicorum
521 418 578 450 pro
598 408 717 440 nostris
740 409 964 449 fundationes,
983 420 1034 441 ac-
1053 437 1055 452 ,

284 459 490 503 quisitioneS,
515 460 733 501 incrementa,
756 472 816 505 per
841 472 873 494 sc
900 463 949 494 vel
975 457 1055 506 perT

284 513 382 554 alios,
419 513 541 547 directe
573 515 624 547 vel
659 515 832 555 indirecte,
865 516 947 548 clam
981 516 1054 548 vel<

284 568 408 610 palam,
426 567 484 599 sub
505 578 711 611 quocumque
736 568 872 609 motivo,
899 569 1027 609 colore,

284 626 339 654 aut
363 620 599 664 immaginabili
626 626 808 664 praetextu,
835 622 1027 665 impediant,

283 674 464 715 retardent,
490 679 545 707 aut
577 674 774 715 disturbent,
810 675 889 718 quin
921 676 1052 719 potius¹

283 727 377 761 enixe
415 728 585 761 hortamur
622 727 795 761 admodum
831 730 1030 763 reverendos

282 786 392 824 patres
429 785 495 813 tum
535 780 709 823 Hispaniae
746 787 812 814 tum
847 788 1027 815 ceterarum

282 833 525 878 provinciarum
551 834 679 877 priores
696 835 930 878 provinciales,
951 847 1029 880 qua-

283 893 378 920 tenus
402 898 462 931 per
487 899 520 921 se
547 893 580 921 et
605 899 681 922 suos
707 888 829 932 ubique
862 895 927 922 tam
956 901 1028 923 san-

282 946 370 974 ctum
397 947 429 975 et
458 942 548 986 pium
584 954 666 986 opus
705 955 824 987 magno
857 944 962 978 studio
997 950 1029 978 et

282 995 420 1029 connisu
446 1002 674 1039 promoveant,
697 997 806 1031 iuvent
831 1003 863 1031 et
888 999 1026 1039 foveant,

282 1049 396 1083 fratres
412 1055 539 1083 nostros
564 1050 726 1084 Hibernos
749 1051 782 1084 in
807 1052 871 1084 suis
897 1052 1029 1095 provin-
1049 1067 1050 1070 ¹

282 1102 339 1136 ciis
364 1107 396 1135 et
416 1102 723 1146 congregationibus
756 1104 896 1137 libenter
920 1110 1028 1148 pater-

282 1166 390 1201 neque
424 1158 700 1201 complectantur,
734 1158 880 1201 ipsorum
913 1158 1026 1191 solatio

282 1215 315 1243 et
329 1210 528 1254 profectibus
553 1211 681 1244 sincere
706 1212 845 1252 faveant,
862 1212 952 1255 ipsos
974 1212 1029 1245 be-

281 1264 503 1297 nesactorihus
526 1265 773 1305 commendent,
795 1266 950 1308 omnique
972 1276 1029 1309 op-

280 1322 423 1361 portuno
458 1318 617 1358 subsidio,
650 1319 804 1357 consilio,
837 1318 951 1352 affectu
982 1319 1027 1352 015

280 1371 433 1415 opitulari
451 1381 518 1404 non
540 1372 770 1414 dedignentur.
789 1372 827 1405 Et
851 1372 926 1416 quia
951 1373 1028 1406 0113-

281 1425 367 1458 ritati
403 1426 493 1458 nulla
528 1425 671 1469 praefixa
708 1431 755 1459 est
789 1437 941 1460 mensura
973 1431 1029 1460 aut

279 1478 390 1519 limes,
409 1478 581 1512 hortamur
598 1480 731 1513 eosdem
749 1480 875 1524 priores
900 1481 1028 1524 provin-

280 1531 379 1566 ciales
404 1531 437 1565 in
461 1531 639 1565 visceribus
671 1533 743 1566 Iesu
775 1533 913 1575 Christi,
939 1535 1027 1577 quod

280 1586 332 1619 his
357 1586 527 1627 fratribus,
554 1587 594 1620 ad
619 1587 793 1621 missiones
818 1593 849 1621 et
873 1588 1027 1632 martyria

279 1649 340 1683 pro
356 1638 419 1672 fide
440 1640 616 1673 auctoratis
633 1639 641 1656 ¹
656 1646 772 1684 sponte
793 1646 825 1674 01
845 1641 1028 1675 liberaliter

280 1702 318 1725 ex·
344 1692 478 1726 suismet
502 1693 646 1737 propriis
677 1695 890 1728 conventibus
924 1706 1026 1728 unum

280 1753 334 1780 aut
357 1747 468 1790 plures
494 1748 527 1780 in
552 1748 618 1781 suis
644 1749 819 1792 provinciis
844 1750 962 1783 cedant
991 1761 1026 1783 ac

279 1801 462 1844 resignent.
489 1801 580 1835 Tales
613 1808 720 1836 autem
754 1809 931 1837 conventus
964 1804 1027 1837 hoc

279 1855 377 1889 modo
395 1856 577 1899 resignatos
589 1884 596 1898 ,
616 1867 653 1890 ex
671 1868 758 1890 nunc
775 1869 835 1901 pro
862 1863 955 1899 tunc,
972 1859 1027 1891 115-

281 1909 355 1942 dem
390 1910 543 1943 fratribus
581 1910 796 1955 ipsorumque
837 1912 1025 1955 provinciae

279 1963 480 2007 applicamus
506 1968 537 1997 et
560 1964 811 2008 incorporamus
844 1966 1026 2009 apostolica

280 2016 472 2050 auctoritate
499 2018 647 2061 speciali,
675 2030 739 2062 qua
763 2019 795 2051 in
829 2020 892 2052 hoc
921 2021 1026 2063 fungi-

279 2081 363 2104 mur.
390 2071 469 2104 Item
493 2072 713 2115 supradictam
738 2073 926 2107 facultatem
951 2085 1026 2117 pro-

280 2124 430 2166 curandi,
469 2125 643 2165 fundandi,
677 2127 869 2169 acceptandi
902 2133 934 2160 et
962 2129 1026 2161 sor-

280 2178 390 2211 mandi
415 2178 497 2211 haec
520 2179 697 2213 nationalia
723 2180 881 2222 collegia,
910 2181 1046 2222 domos

281 2236 377 2274 atque
403 2237 583 2265 conventus
608 2233 732 2276 pariter
757 2234 960 2267 extendimus
986 2235 1024 2267 ad

281 2284 481 2328 acquirenda
497 2286 686 2319 monialium
704 2288 866 2321 coenobia
882 2299 940 2321 seu
960 2299 1025 2322 mo-

280 2338 423 2371 nasteria
447 2349 507 2382 pro
534 2339 703 2380 Hibernis,
727 2340 839 2383 Anglis
866 2346 897 2374 et
920 2341 1023 2375 Scotis

279 2392 346 2425 Deo
364 2391 469 2424 ubivis
486 2393 634 2425 locorum
653 2394 900 2434 consecrandis,
924 2395 1024 2438 siqui-

281 2445 355 2478 dem
380 2445 442 2478 bae
468 2445 501 2477 in
522 2445 657 2489 propria
675 2456 732 2478 sua
752 2446 855 2489 patria
873 2447 958 2481 113110
978 2459 1025 2481 re-

280 2498 449 2542 linquendi
468 2499 589 2532 saeculi
611 2500 874 2533 commoditatem
892 2512 1024 2544 sperare

281 2552 396 2586 nullibi
422 2558 570 2596 possunt.
596 2553 687 2592 Quod
712 2554 737 2587 si
763 2555 861 2587 etiam
887 2555 919 2587 in
945 2555 1023 2588 alia-

316 2615 327 2641 1
346 2613 418 2643 Edit.
435 2614 553 2644 Cherub.
566 2615 650 2644 habet
661 2616 730 2651 fidei
744 2617 918 2646 auctoritate
932 2617 1023 2653 (Ram).

1084 201 1114 224 ix
1140 201 1188 225 rr.

1078 260 1150 282 rum
1165 248 1354 282 missionum
1373 247 1581 293 (praesertim
1595 248 1820 292 orientalium)

1077 303 1226 337 solatium
1251 303 1307 335 tibi
1333 304 1383 336 vel
1415 302 1477 335 tuis
1511 302 1754 336 successoribus
1787 303 1820 335 in

1077 357 1182 390 officio
1200 357 1368 401 placuerit,
1386 368 1422 389 ac
1435 357 1503 390 sine
1519 357 1728 391 incommodo
1743 368 1820 401 pro-

1077 411 1220 453 priorum
1243 411 1457 444 nationaliinn
1484 422 1579 454 posse
1606 411 1674 444 ficri
1696 410 1820 444 videbi-

1077 469 1144 503 tur,
1168 464 1377 497 concedimus
1405 464 1541 507 pariter,
1564 465 1652 508 «prod
1678 465 1709 497 111
1729 476 1819 508 prae-

1076 517 1146 550 fatis
1171 518 1286 549 vestris
1313 518 1480 555 domibus,
1508 518 1655 561 collegiis
1685 524 1716 551 et
1745 530 1819 553 con-

1075 571 1224 603 ventibus
1245 570 1444 613 recipiantur
1467 571 1563 604 etiam
1581 572 1683 605 nostri
1703 572 1818 605 fratres

1075 624 1219 663 Armeni,
1236 623 1300 656 sive
1315 624 1354 656 311
1374 624 1618 667 hospitandum,
1638 625 1703 658 sive
1723 626 1816 658 etiam

1073 677 1112 709 ad
1134 676 1401 709 commorandum
1428 687 1487 720 pro
1515 677 1623 710 studio
1650 683 1682 710 et
1699 678 1818 711 instru—

1073 730 1195 769 ctione,
1222 729 1374 773 idemque
1407 741 1596 763 concessum
1632 737 1679 764 est
1710 733 1817 775 quoad

1073 783 1152 817 alios
1171 784 1339 827 religiosos
1361 789 1491 817 nostros
1518 785 1556 817 de
1583 785 1676 818 terris
1702 785 1817 819 inside-

1073 837 1150 871 lium
1171 838 1394 870 adventantes.
1411 838 1523 879 Porro,
1539 843 1575 871 111
1589 839 1739 872 omnibus
1753 839 1815 881 his,

1073 902 1154 935 quae
1189 897 1379 935 sperantur,
1412 892 1551 925 novellis
1587 893 1818 939 coenobiorum

1072 945 1331 988 plantationibus
1347 946 1385 978 110
1400 945 1522 989 optima
1536 951 1568 979 et
1589 946 1696 980 stabili
1714 948 1818 980 forma

1072 998 1240 1042 regiminis
1267 999 1498 1043 prospiciatur,
1518 1010 1554 1032 ex
1578 1011 1682 1042 nunc,
1702 1001 1816 1034 harum

1072 1053 1169 1094 serie,
1189 1058 1236 1094 te,
1255 1058 1392 1096 tuosque
1410 1053 1442 1086 in
1460 1054 1522 1087 1100
1547 1059 1599 1087 1110
1626 1060 1817 1098 procurato-

1071 1105 1114 1138 ris
1141 1107 1305 1148 generalis
1330 1106 1437 1140 officio
1462 1117 1687 1149 successores,
1714 1109 1818 1141 omni-

1071 1159 1130 1191 bus
1168 1158 1357 1192 huiusmodi
1391 1160 1577 1201 coenobiis,
1603 1162 1749 1204 collegiis
1782 1173 1818 1195 30

1072 1211 1220 1244 domibus
1244 1211 1449 1255 praeficimus
1476 1223 1547 1246 cum
1580 1214 1672 1247 titulo
1706 1215 1815 1248 vicarii

1071 1264 1282 1307 provincialis
1296 1265 1472 1300 Hiberniae
1486 1277 1546 1310 pro
1561 1273 1720 1311 tempore,
1735 1279 1816 1302 cum-

1072 1329 1135 1362 que
1158 1319 1246 1351 omni
1272 1319 1305 1352 in
1330 1321 1566 1363 temporalibus
1600 1332 1635 1354 ac
1664 1322 1816 1365 spiritua-

1072 1371 1157 1404 libus
1191 1371 1416 1406 iurisdictione
1453 1383 1489 1406 ac
1526 1379 1688 1417 potestate
1721 1386 1816 1418 quam

1071 1425 1200 1468 priores
1225 1425 1445 1469 provinciales
1477 1427 1510 1459 in
1544 1428 1609 1460 suis
1642 1429 1816 1471 provinciis

1072 1478 1193 1512 habere
1219 1479 1341 1512 debent
1365 1490 1401 1513 ac
1418 1481 1540 1521 solent,
1561 1481 1658 1514 etiam
1681 1493 1752 1515 cum
1772 1484 1815 1516 sa-

1072 1534 1192 1566 cultate
1209 1533 1457 1577 subdelegandi,
1476 1535 1518 1567 ita
1535 1541 1578 1575 ut,
1595 1537 1724 1579 quando
1740 1547 1816 1570 con-

1072 1586 1181 1629 tigerit
1215 1591 1247 1620 te
1289 1592 1402 1620 tuosve
1440 1599 1646 1622 successores
1687 1590 1815 1633 longius

1072 1640 1207 1681 distare,
1235 1646 1289 1674 aut
1312 1641 1376 1674 alio
1405 1641 1640 1686 impedimento
1674 1644 1814 1677 detineri

1072 1694 1110 1726 ab
1128 1695 1278 1728 adeundo
1298 1696 1387 1736 loce,
1408 1697 1463 1729 ubi
1482 1697 1655 1740 collegium
1673 1702 1728 1730 aut
1745 1708 1815 1731 coe-

1071 1747 1226 1789 nobium,
1255 1759 1311 1782 seu
1344 1749 1479 1782 fratrum
1509 1761 1567 1783 seu
1603 1751 1812 1793 monialium,

1070 1803 1296 1846 plantandum,
1322 1805 1572 1847 acceptandum,
1608 1805 1813 1839 formandum

1071 1861 1126 1888 aut
1149 1856 1344 1889 visitandum
1363 1857 1477 1897 suerit,
1501 1858 1607 1900 possis
1627 1858 1728 1901 <iique
1746 1869 1815 1891 suc-

1070 1909 1191 1942 cessive
1217 1909 1359 1953 possint>
1378 1910 1416 1943 00
1443 1911 1603 1944 destinare
1630 1912 1816 1945 commissa-

1070 1963 1154 1995 rium
1180 1974 1216 1996 ac
1239 1963 1457 2005 visitatorem,
1480 1965 1610 2009 quoties
1630 1971 1662 1997 ct
1682 1966 1813 2008 quando

1070 2027 1151 2060 opus
1173 2017 1290 2058 suerit,
1310 2029 1384 2050 cum
1402 2019 1499 2062 plena
1519 2024 1574 2051 aut
1599 2019 1736 2052 limitata
1761 2031 1815 2053 au-

1069 2071 1235 2111 ctoritate,
1254 2077 1351 2114 prout
1377 2072 1553 2113 ridebitur,
1573 2074 1738 2116 talemque
1755 2084 1813 2107 seu

1069 2124 1326 2157 commissarium
1352 2136 1408 2157 seu
1433 2125 1633 2159 visitatorem
1664 2138 1681 2159 a
1708 2132 1737 2160 10
1762 2129 1813 2161 vel

1069 2190 1086 2211 3
1113 2178 1172 2211 11115
1200 2179 1446 2212 successoribus
1471 2179 1605 2212 missum
1630 2180 1734 2223 possis
1761 2181 1815 2223 (il-

1069 2233 1156 2277 lique
1183 2233 1322 2277 possint)
1348 2244 1520 2275 revocare,
1548 2234 1712 2278 aliumque
1739 2235 1814 2268 sub-

1069 2297 1202 2329 rogare,
1224 2287 1263 2319 ad
1291 2286 1438 2320 ess‘cctum
1458 2298 1496 2320 ea
1513 2287 1622 2321 onmia
1640 2294 1672 2321 et
1688 2289 1815 2332 singula

1069 2339 1208 2383 agendi,
1235 2340 1450 2383 disponendi,
1478 2346 1576 2384 atque
1606 2343 1811 2385 praestandi,

1069 2404 1290 2437 quaecumque
1321 2394 1460 2436 ipsemet
1488 2405 1620 2437 ageres,
1647 2395 1674 2428 si
1700 2406 1814 2439 perso-

1068 2448 1186 2480 naliter
1203 2448 1240 2481 οὸ
1259 2448 1466 2482 accessisses.
1490 2449 1582 2490 Item,
1603 2455 1758 2493 quantum
1781 2450 1814 2483 in

1067 2501 1161 2534 nobis
1198 2506 1264 2541 est,
1306 2501 1364 2534 tibi
1405 2502 1531 2546 tuisque
1568 2503 1814 2537 successoribus

1068 2555 1250 2599 plenariam
1270 2556 1478 2589 concedimus
1499 2557 1687 2590 facultatem
1713 2557 1812 2591 desti-

1068 2609 1167 2642 nandi
1196 2609 1439 2653 praedicatores
1465 2615 1497 2645 et
1519 2609 1747 2644 missionarios
1772 2612 1813 2646 ad

1721 190 1785 223 567
1831 199 1879 226 An.
1896 199 1925 227 11.
1949 199 2015 229 11167
