2247 3208
127 230 180 257 An.
197 229 225 256 C.
248 228 314 257 1663

173 660 308 687 Supplicatiu

125 688 182 712 regis
193 690 212 708 et
224 694 299 713 inquis

125 716 192 734 totu-u
202 714 302 740 Hispania

126 746 178 760 rum.

910 228 1029 252 ALEmN
1036 229 1097 252 DER
1120 230 1165 252 Vll
1190 230 1237 253 PP-

322 283 396 310 vota
414 278 555 310 libenter
570 277 770 315 exaudimus,
788 282 894 320 prout,
910 277 1070 322 omnibus

325 336 471 363 maturae
492 330 704 363 discussionis
730 330 852 362 trutina
878 329 1060 372 perpensis,

324 384 363 416 ad
388 383 526 426 gloriam
552 383 784 426 omnipotentis
812 383 882 422 noi,
909 383 948 415 ad
974 381 1062 415 cliri-

324 436 448 470 stianae
467 436 635 479 religionis
653 436 794 480 fideique
811 435 991 469 catholicae
1011 445 1062 467 ro-

324 490 387 522 bur
411 495 441 522 et
466 489 710 530 incrementum,
731 493 927 530 sanctaeque
952 487 1060 519 Matris

324 542 489 575 Ecclesiae
516 543 745 575 exaltationem
770 540 996 583 cognoscimus
1029 539 1061 571 in

324 595 458 629 Domino
485 595 659 628 salubriter
684 594 851 637 expedire.

368 650 383 692 ἓ
404 649 435 682 ’1.
463 649 540 682 Cum
564 649 675 691 itaque
703 648 741 680 ad
767 657 880 690 preces
902 645 1060 679 carissimi

325 703 357 734 in
382 702 511 735 Christo
535 701 592 734 filii
610 700 709 734 nostri
730 700 873 743 Philippi
892 699 1062 742 Hispania-

325 765 397 787 rum
423 755 509 797 regis
530 754 695 793 catholici,
713 763 749 785 ac
766 753 962 786 dilectorum
978 752 1062 785 fitio-

323 819 395 840 rum
421 807 581 849 generalis
607 806 813 850 inquisitoris
839 811 870 838 et
894 805 1061 838 ministro-

323 870 396 892 rum
421 860 564 892 omnium
590 864 719 891 sanctae
745 858 969 902 Inquisitionis
991 859 1061 890 llis-

324 913 502 955 paniarum,
521 923 556 945 ac
574 913 803 955 deputatorum
817 911 1009 955 praesertim
1027 911 1059 942 in

324 976 426 1008 regno
451 966 637 1008 Aragonum
672 966 829 997 adversus
861 964 1060 996 haereticam

323 1019 534 1062 pravitatem,
561 1028 688 1051 necnon
714 1018 847 1061 capituli
871 1017 1060 1061 metropoli—

324 1077 417 1105 tanae
443 1072 609 1112 ecclesiae,
629 1072 720 1112 cleri,
745 1072 926 1104 iuratorum
951 1077 982 1104 et
1006 1081 1060 1114 po-

323 1125 390 1168 puli
415 1125 552 1158 civitatis
577 1125 901 1167 Caesaraugustanae‚
928 1135 1061 1168 proces-

323 1189 377 1212 sus
402 1179 463 1211 rite
489 1190 525 1211 ac
549 1184 637 1211 recte
655 1179 794 1211 confecti
817 1179 937 1211 fuerint
962 1189 1060 1221 super

323 1233 494 1265 sanctitate
532 1232 625 1273 vitae,
662 1232 845 1273 virtutibus,
878 1231 1056 1275 martyrio,

322 1287 420 1317 causa
444 1286 607 1329 martyrii,
632 1285 784 1329 prodigio
810 1295 941 1328 quoque
968 1284 1059 1317 elfer-

321 1334 504 1371 vescentiae
523 1343 555 1371 et
579 1338 858 1382 multiplicationis
878 1337 1058 1380 sanguinis,

321 1390 461 1433 aliisque
478 1391 642 1423 miraculis
668 1402 685 1423 a
708 1391 775 1423 Deo
800 1391 935 1433 patratis
961 1390 1059 1422 inter-

321 1444 472 1477 cessione
486 1444 570 1476 servi
594 1444 650 1477 Dei
676 1444 762 1477 Petri
778 1444 817 1477 de
833 1444 959 1476 Arbues
978 1443 1057 1477 alias

321 1498 467 1540 magistri
499 1497 609 1540 Epilae
634 1497 834 1540 nuncupati,
860 1498 935 1530 dum
958 1497 1057 1538 vixit,

321 1551 469 1584 canonici
495 1551 683 1594 praedictae
709 1551 981 1594 metropolitanae
1008 1561 1059 1584 ec-

321 1604 443 1637 clesiae
468 1604 809 1647 Caesaraugustaliac,
835 1610 867 1638 et
890 1605 986 1648 primi
1011 1605 1058 1638 in-

322 1658 487 1701 quisitoris
513 1658 545 1690 in
572 1659 657 1691 dicto
678 1669 780 1701 regno
806 1659 985 1702 Aragoniae
1005 1670 1058 1691 au-

322 1711 471 1744 ctoritate
496 1712 677 1754 apostolica
702 1712 864 1755 deputati,
890 1712 956 1755 qui,
983 1712 1058 1744 dum

321 1774 437 1797 munus
463 1765 665 1808 inquisitoris
698 1765 885 1798 huiusmodi
918 1765 1058 1798 fideliter

323 1823 355 1849 et
389 1827 513 1850 summo
548 1829 619 1850 cum
658 1818 733 1851 fidei
770 1819 949 1851 catholicae
986 1820 1056 1851 zelo

323 1870 505 1910 exercebat,
520 1882 536 1904 a
561 1871 692 1903 nefariis
712 1871 906 1914 quibusdam
921 1872 1057 1911 sicariis,

322 1922 449 1956 judaica
472 1923 610 1966 perfidia
634 1923 774 1963 infectis,
792 1924 825 1955 in
844 1923 955 1956 odium
973 1923 1058 1956 eius-

322 1976 397 2008 dem
422 1976 602 2009 catholicae
628 1976 703 2009 fidei
722 1977 905 2009 immaniter
921 1977 1060 2009 trucida-

323 2034 384 2069 tus,
408 2030 553 2073 martyrii
578 2032 717 2074 palmam
744 2031 908 2073 accepisse
934 2041 1059 2063 assere-

321 2083 439 2124 batur;
465 2083 632 2126 iidemque
665 2094 839 2126 processus
865 2083 897 2116 in
923 2094 1058 2125 congre-

323 2136 453 2178 gatione
467 2136 703 2170 venerabilium
725 2137 859 2169 fratrum
873 2142 1057 2169 nostrorum

323 2190 354 2222 S.
374 2189 411 2221 P..
428 2189 462 2221 Ε.
479 2189 694 2222 cardinalium
718 2190 817 2223 sacris
834 2190 949 2222 ritibus
966 2201 1058 2233 prae-

323 2242 504 2285 positorum
518 2243 758 2276 accuratissime
774 2244 909 2276 discussi
928 2244 1055 2283 suerint,

323 2295 470 2339 factaque
497 2297 624 2329 tandem
656 2307 769 2329 eorum
794 2297 948 2337 omnium,
975 2307 1056 2339 quae

322 2348 355 2381 111
380 2351 474 2381 causa
498 2355 589 2391 gesta
614 2354 698 2389 sunt,
723 2360 830 2382 coram
850 2349 944 2382 nobis
961 2351 1058 2392 plena

322 2407 354 2434 et
378 2402 529 2435 distincta
552 2402 722 2442 relatione,
747 2402 892 2444 praefata
912 2402 1057 2434 cardina-

321 2454 400 2487 lium
437 2455 665 2497 congregatio,
693 2455 787 2487 nobis
822 2455 1056 2495 annuentilnis,

323 2507 487 2540 censuerit
511 2508 781 2550 quamlocumque
810 2512 878 2540 tuto
911 2508 1056 2540 deveniri

322 2569 420 2602 possc
435 2561 474 2592 ad
488 2562 665 2593 solemnem
683 2561 960 2593 canonizationem
978 2561 1057 2593 eius-

323 2612 395 2645 dem
423 2614 506 2646 servi
532 2614 586 2646 Dei
613 2613 697 2646 Petri
724 2613 884 2653 Arbuesii,
905 2613 990 2645 iuxta
1015 2614 1056 2645 ri-

1733 224 1797 257 4155

1097 282 1161 310 tuni
1185 278 1215 310 S.
1237 278 1273 310 R.
1294 278 1327 310 E.
1349 285 1379 311 ct
1404 289 1565 313 sacrorum
1584 291 1745 314 canonum
1767 282 1830 315 dis-

1096 330 1302 371 positionem,
1321 336 1442 364 attento
1469 335 1553 376 quod
1572 335 1677 377 agitur
1694 335 1733 367 de
1752 346 1830 367 mar-

1096 388 1162 425 tyre
1188 394 1257 416 cum
1283 386 1431 427 prodigio
1457 392 1487 421 et
1518 388 1679 421 miraculis
1705 395 1828 422 mature

1096 436 1249 469 discussis
1275 443 1307 469 et
1331 439 1476 471 formiter
1493 442 1693 483 approbatis:

1138 490 1153 531 ξ
1178 489 1208 521 Q.
1237 489 1317 522 Hinc
1341 496 1390 522 est
1416 492 1500 534 quod
1526 503 1594 532 uos,
1622 494 1683 535 piis
1709 505 1830 527 memo-

1095 546 1238 574 ratorum
1270 543 1411 586 Philippi
1447 544 1554 586 regis,
1582 546 1828 588 inquisitorum,

1095 594 1236 636 capituli,
1262 595 1352 634 cleri,
1379 596 1554 629 iuratorum
1572 603 1602 629 et
1620 599 1730 640 populi
1756 610 1830 642 sup-

1095 647 1322 689 plicationibus
1349 649 1442 681 nobis
1468 660 1566 692 super
1584 651 1646 683 hoc
1666 652 1830 684 humiliter

1095 701 1255 742 porrectis
1280 701 1436 741 inclinati,
1456 703 1494 735 de
1520 704 1737 746 praefatorum
1763 716 1831 737 ear-

1095 753 1251 787 dinalium
1284 755 1418 788 consilio
1445 761 1477 787 et
1499 757 1648 799 ⁶unanimi
1675 768 1829 799 assensu,

1095 806 1299 849 indulgemus
1336 814 1369 840 ut
1405 815 1599 841 memoratus
1632 810 1687 842 Dei
1721 822 1829 843 servus

1094 859 1206 892 Petrus
1227 862 1405 894 Arbuesius
1430 862 1463 894 in
1484 868 1648 905 posterum
1666 864 1756 897 Beati
1774 875 1830 897 no-

1094 913 1180 946 mine
1217 920 1444 958 nuncupetur,
1481 915 1614 959 eiusque
1645 927 1761 960 corpus
1798 924 1830 950 et

1095 967 1252 1010 reliquiae
1277 969 1477 1001 venerationi
1503 969 1646 1002 fidelium
1673 971 1760 1012 (non
1787 976 1831 1004 ta-

1093 1021 1223 1053 meniu
1259 1022 1521 1064 processionibus
1554 1022 1827 1067 circumferenda)

1094 1080 1304 1116 exponantur.
1325 1075 1483 1117 Imagines
1501 1087 1627 1119 quoque
1651 1077 1750 1109 radiis
1772 1087 1829 1110 seu

1094 1127 1321 1169 splendoribus
1348 1134 1567 1169 exornentur,
1594 1134 1688 1172 atque
1720 1130 1758 1162 de
1790 1140 1828 1162 eo

1094 1180 1154 1211 sub
1189 1180 1253 1212 ritu
1285 1181 1405 1223 duplici
1431 1182 1586 1214 recitetur
1621 1181 1762 1215 osticium
1796 1188 1829 1215 et

1093 1232 1191 1264 missa
1215 1233 1401 1265 celebretur
1425 1233 1464 1266 de
1490 1239 1626 1277 martyre
1656 1246 1722 1267 non
1751 1245 1829 1278 pon-

1093 1285 1178 1317 tifice
1205 1285 1340 1328 singulis
1367 1286 1470 1326 annis,
1495 1287 1581 1319 iuxta
1597 1288 1739 1320 rubricas
1755 1288 1829 1321 bre-

1092 1338 1182 1370 viarii
1208 1344 1239 1371 et
1263 1339 1401 1371 missalis
1428 1340 1563 1379 romani,
1592 1340 1643 1372 die
1667 1351 1731 1373 xvn
1757 1351 1829 1383 sep-

1093 1391 1238 1431 tembris,
1265 1402 1326 1436 qua
1343 1392 1493 1436 spiritum
1515 1393 1653 1426 creatori
1671 1393 1825 1426 reddidit.

1092 1445 1176 1477 Haec
1193 1456 1269 1478 vero
1285 1446 1318 1478 in
1333 1446 1411 1479 locis
1426 1447 1588 1480 dumtaxat
1605 1446 1828 1490 infrascriptis,

1092 1509 1208 1542 nempe
1234 1500 1266 1531 in
1291 1500 1471 1532 cathedrali
1498 1500 1633 1533 ecclesia
1657 1500 1830 1533 Caesarau-

1092 1554 1234 1594 gustana,
1260 1553 1314 1585 ubi
1340 1553 1511 1586 canonicus
1528 1553 1670 1596 martyrii
1690 1554 1828 1596 palmam

1092 1611 1282 1638 consecutus
1308 1611 1357 1639 est
1389 1606 1521 1649 eiusque
1548 1617 1663 1649 corpus
1700 1606 1827 1649 requie-

1091 1657 1160 1698 scit,
1185 1658 1218 1690 in
1244 1658 1390 1691 ecclesiis
1417 1659 1578 1701 generalis
1604 1658 1825 1702 lnquisitionis

1091 1711 1317 1754 Hispaniarum
1342 1722 1377 1743 ac
1402 1711 1433 1744 S.
1460 1712 1585 1744 Martini
1603 1711 1826 1755 Inquisitionis

1091 1764 1183 1806 regni
1205 1764 1394 1806 Mag-oniae,
1413 1765 1466 1796 ubi
1487 1765 1608 1807 primus
1625 1764 1827 1807 inquisitoris

1091 1827 1206 1849 munus
1230 1817 1353 1856 obivit,
1381 1822 1412 1849 et
1436 1828 1452 1849 a
1485 1828 1546 1859 qua
1581 1827 1617 1848 ex
1651 1816 1827 1859 apostolica

1091 1870 1278 1902 auctoritate
1299 1880 1413 1901 munus
1432 1870 1517 1902 idem
1535 1869 1675 1912 accepit,
1702 1879 1825 1901 necnon

1091 1924 1123 1955 in
1148 1924 1280 1956 matrice
1306 1924 1442 1956 ecclesia
1467 1923 1578 1966 oppidi
1597 1924 1635 1955 de
1654 1922 1753 1965 Epila,
1772 1921 1825 1954 ubi

1092 1982 1183 2008 natus
1200 1981 1258 2017 est,
1277 1982 1317 2017 et,
1338 1981 1492 2019 quantum
1510 1977 1548 2008 ad
1568 1976 1680 2008 missas
1699 1976 1826 2015 attinet,

1091 2030 1186 2062 etiam
1203 2040 1220 2061 a
1238 2029 1459 2061 sacerdotibus
1483 2029 1733 2061 confluentibus.

1135 2084 1149 2126 t}
1174 2083 1205 2116 3.
1229 2083 1413 2122 Praeterea,
1430 2082 1596 2125 praesenti
1612 2088 1720 2115 tamen
1739 2082 1827 2114 dum-

1092 2142 1177 2168 taxat
1201 2147 1284 2168 anno
1309 2147 1325 2168 a
1351 2137 1432 2169 datis
1460 2136 1547 2168 hisce
1573 2136 1690 2168 litteris
1717 2136 1829 2168 incho-

1091 2190 1197 2229 ando,
1223 2190 1255 2221 in
1280 2189 1471 2232 supradictis
1499 2189 1642 2221 ecclesiis
1668 2189 1826 2221 solemnia

1090 2241 1338 2274 beatificationis
1373 2242 1517 2274 eiusdem
1550 2253 1623 2274 cum
1654 2241 1760 2274 officio
1797 2248 1827 2274 et

1090 2296 1188 2327 missa
1206 2296 1265 2327 sub
1283 2295 1345 2327 ritu
1364 2295 1483 2338 duplici
1501 2295 1623 2336 maiori,
1643 2295 1693 2328 die
1712 2296 1751 2327 ab
1771 2296 1827 2327 Or-

1092 2348 1215 2380 diuario
1241 2348 1412 2381 constituta
1444 2354 1475 2381 et
1510 2349 1593 2380 intra
1618 2360 1672 2381 sex
1699 2359 1825 2381 menses

1091 2401 1334 2443 promulganda,
1360 2401 1545 2433 celebrandi
1574 2401 1703 2433 facimus
1732 2402 1828 2434 facul-

1091 2460 1201 2487 tatem.
1222 2455 1341 2487 Romae
1360 2466 1434 2487 vero
1452 2454 1485 2486 in
1507 2455 1643 2487 ecclesia
1659 2454 1689 2487 S.
1710 2455 1825 2487 Mariae

1090 2508 1204 2540 Montis
1221 2507 1352 2548 Scrrati‚
1370 2508 1509 2540 nationis
1522 2508 1613 2550 regni
1632 2510 1826 2550 Antigonum,

1089 2561 1174 2592 intra
1191 2560 1348 2593 bimestre
1362 2588 1369 2600 ,
1396 2566 1568 2603 postquam
1587 2567 1691 2594 tamen
1714 2561 1744 2592 111
1771 2561 1825 2591 ba-

1090 2613 1180 2646 silica
1204 2613 1361 2656 Principis
1385 2614 1612 2656 Apostolorum
1639 2615 1752 2645 eadem
1777 2623 1825 2645 so—

1843 235 1892 260 Au.
1914 236 1941 260 ¹).
1963 234 2026 261 lCss3

1872 506 1931 526 Beati
1945 507 2028 527 nomine

1845 533 2005 559 nuncupandus.

1856 2088 1962 2109 solemnia
1975 2089 2027 2110 bea·

1842 2115 1964 2136 litieauonis
1992 2123 2027 2137 ce-

1843 2142 1953 2163 lebranda.
