<?xml version="1.0" encoding="UTF-8"?>
<!DOCTYPE html PUBLIC "-//W3C//DTD XHTML 1.0 Transitional//EN"
    "http://www.w3.org/TR/xhtml1/DTD/xhtml1-transitional.dtd">
<html xmlns="http://www.w3.org/1999/xhtml" xml:lang="en" lang="en">
 <head>
  <title>
</title>
<meta http-equiv="Content-Type" content="text/html;charset=utf-8" />
  <meta name='ocr-system' content='tesseract 3.04.00' />
  <meta name='ocr-capabilities' content='ocr_page ocr_carea ocr_par ocr_line ocrx_word'/>
</head>
<body>
  <div class='ocr_page' id='page_1' title='image "./bullarumdiplomat17cath_0709.png"; bbox 0 0 2247 3208; ppageno 0'>
   <div class='ocr_carea' id='block_1_1' title="bbox 143 157 328 186">
    <p class='ocr_par' dir='ltr' id='par_1_1' title="bbox 143 157 328 186">
     <span class='ocr_line' id='line_1_1' title="bbox 143 157 328 186; baseline -0.011 0"><span class='ocrx_word' id='word_1_1' title='bbox 143 159 194 186; x_wconf 77' lang='lat' dir='ltr'>An.</span> <span class='ocrx_word' id='word_1_2' title='bbox 209 159 238 184; x_wconf 86' lang='lat' dir='ltr'>C.</span> <span class='ocrx_word' id='word_1_3' title='bbox 262 157 328 185; x_wconf 76' lang='lat'><strong>¹667</strong></span> 
     </span>
    </p>
   </div>
   <div class='ocr_carea' id='block_1_2' title="bbox 131 798 314 850">
    <p class='ocr_par' dir='ltr' id='par_1_2' title="bbox 131 798 314 850">
     <span class='ocr_line' id='line_1_2' title="bbox 157 798 314 818; baseline 0.019 -3"><span class='ocrx_word' id='word_1_4' title='bbox 157 798 275 818; x_wconf 66' lang='lat' dir='ltr'>Ruvm&#39;alin</span> <span class='ocrx_word' id='word_1_5' title='bbox 289 798 314 818; x_wconf 76' lang='lat' dir='ltr'>do</span> 
     </span>
     <span class='ocr_line' id='line_1_3' title="bbox 131 825 312 850; baseline 0.006 -6"><span class='ocrx_word' id='word_1_6' title='bbox 131 830 174 850; x_wconf 63' lang='lat' dir='ltr'>qua</span> <span class='ocrx_word' id='word_1_7' title='bbox 187 830 208 844; x_wconf 73' lang='lat' dir='ltr'>tn</span> <span class='ocrx_word' id='word_1_8' title='bbox 221 825 312 845; x_wconf 73' lang='lat' dir='ltr'>rubrica.</span> 
     </span>
    </p>
   </div>
   <div class='ocr_carea' id='block_1_3' title="bbox 325 199 1075 1615">
    <p class='ocr_par' dir='ltr' id='par_1_3' title="bbox 326 199 1075 762">
     <span class='ocr_line' id='line_1_4' title="bbox 332 199 1074 239; baseline -0.008 -2"><span class='ocrx_word' id='word_1_9' title='bbox 332 210 366 238; x_wconf 88' lang='lat' dir='ltr'>et</span> <span class='ocrx_word' id='word_1_10' title='bbox 401 213 548 237; x_wconf 82' lang='lat' dir='ltr'>camerae</span> <span class='ocrx_word' id='word_1_11' title='bbox 583 201 737 235; x_wconf 81' lang='lat' dir='ltr'>officiales</span> <span class='ocrx_word' id='word_1_12' title='bbox 765 206 792 233; x_wconf 84' lang='lat' dir='ltr'>et</span> <span class='ocrx_word' id='word_1_13' title='bbox 821 200 1009 239; x_wconf 83' lang='lat' dir='ltr'>ministros,</span> <span class='ocrx_word' id='word_1_14' title='bbox 1035 199 1074 232; x_wconf 90' lang='lat' dir='ltr'>ad</span> 
     </span>
     <span class='ocr_line' id='line_1_5' title="bbox 332 255 1075 301; baseline -0.007 -11"><span class='ocrx_word' id='word_1_15' title='bbox 332 258 533 301; x_wconf 87' lang='lat' dir='ltr'>importunas</span> <span class='ocrx_word' id='word_1_16' title='bbox 559 255 810 298; x_wconf 67' lang='lat' dir='ltr'>supplicantium</span> <span class='ocrx_word' id='word_1_17' title='bbox 837 264 949 296; x_wconf 75' lang='lat' dir='ltr'>preces</span> <span class='ocrx_word' id='word_1_18' title='bbox 981 258 1012 285; x_wconf 91' lang='lat' dir='ltr'>et</span> <span class='ocrx_word' id='word_1_19' title='bbox 1043 264 1075 284; x_wconf 87' lang='lat' dir='ltr'>a·</span> 
     </span>
     <span class='ocr_line' id='line_1_6' title="bbox 332 306 1073 352; baseline -0.008 -10"><span class='ocrx_word' id='word_1_20' title='bbox 332 310 390 342; x_wconf 66' lang='lat' dir='ltr'>lias</span> <span class='ocrx_word' id='word_1_21' title='bbox 415 308 660 352; x_wconf 68' lang='lat' dir='ltr'>quomodolibet</span> <span class='ocrx_word' id='word_1_22' title='bbox 685 306 857 345; x_wconf 74' lang='lat' dir='ltr'>concessis,</span> <span class='ocrx_word' id='word_1_23' title='bbox 887 317 979 348; x_wconf 81' lang='lat' dir='ltr'>quae,</span> <span class='ocrx_word' id='word_1_24' title='bbox 999 306 1073 337; x_wconf 90' lang='lat' dir='ltr'>dum</span> 
     </span>
     <span class='ocr_line' id='line_1_7' title="bbox 331 358 1074 404; baseline -0.008 -10"><span class='ocrx_word' id='word_1_25' title='bbox 331 362 506 404; x_wconf 71' lang='lat' dir='ltr'>aliquibus,</span> <span class='ocrx_word' id='word_1_26' title='bbox 534 360 639 404; x_wconf 81' lang='lat' dir='ltr'>iisque</span> <span class='ocrx_word' id='word_1_27' title='bbox 664 365 698 392; x_wconf 90' lang='lat' dir='ltr'>ut</span> <span class='ocrx_word' id='word_1_28' title='bbox 723 359 896 402; x_wconf 71' lang='lat' dir='ltr'>pluiiuuuu</span> <span class='ocrx_word' id='word_1_29' title='bbox 927 358 1074 400; x_wconf 85' lang='lat' dir='ltr'>locuple—</span> 
     </span>
     <span class='ocr_line' id='line_1_8' title="bbox 330 410 1071 452; baseline -0.008 -5"><span class='ocrx_word' id='word_1_30' title='bbox 330 415 468 447; x_wconf 85' lang='lat' dir='ltr'>tioribus</span> <span class='ocrx_word' id='word_1_31' title='bbox 490 414 610 451; x_wconf 80' lang='lat' dir='ltr'>favent,</span> <span class='ocrx_word' id='word_1_32' title='bbox 630 414 662 446; x_wconf 91' lang='lat' dir='ltr'>in</span> <span class='ocrx_word' id='word_1_33' title='bbox 684 418 868 445; x_wconf 79' lang='lat' dir='ltr'>ceterorum</span> <span class='ocrx_word' id='word_1_34' title='bbox 891 416 921 442; x_wconf 82' lang='lat' dir='ltr'>ct</span> <span class='ocrx_word' id='word_1_35' title='bbox 943 410 1071 452; x_wconf 79' lang='lat' dir='ltr'>quidem</span> 
     </span>
     <span class='ocr_line' id='line_1_9' title="bbox 330 464 1071 510; baseline -0.009 -10"><span class='ocrx_word' id='word_1_36' title='bbox 330 468 518 510; x_wconf 85' lang='lat' dir='ltr'>plerumque</span> <span class='ocrx_word' id='word_1_37' title='bbox 527 466 756 510; x_wconf 77' lang='lat' dir='ltr'>pauperiorum</span> <span class='ocrx_word' id='word_1_38' title='bbox 768 464 995 497; x_wconf 86' lang='lat' dir='ltr'>detrimeutmn</span> <span class='ocrx_word' id='word_1_39' title='bbox 1009 473 1071 494; x_wconf 80' lang='lat' dir='ltr'>rer.</span> 
     </span>
     <span class='ocr_line' id='line_1_10' title="bbox 330 516 1071 562; baseline -0.009 -9"><span class='ocrx_word' id='word_1_40' title='bbox 330 525 426 562; x_wconf 75' lang='lat' dir='ltr'>gunt,</span> <span class='ocrx_word' id='word_1_41' title='bbox 456 530 637 562; x_wconf 77' lang='lat' dir='ltr'>eorumque</span> <span class='ocrx_word' id='word_1_42' title='bbox 663 517 807 560; x_wconf 82' lang='lat' dir='ltr'>inopiam</span> <span class='ocrx_word' id='word_1_43' title='bbox 834 516 1071 559; x_wconf 63' lang='lat' dir='ltr'>praegravant)</span> 
     </span>
     <span class='ocr_line' id='line_1_11' title="bbox 329 567 1072 613; baseline -0.007 -9"><span class='ocrx_word' id='word_1_44' title='bbox 329 572 454 604; x_wconf 82' lang='lat' dir='ltr'>adt&#39;errc</span> <span class='ocrx_word' id='word_1_45' title='bbox 477 577 669 613; x_wconf 71' lang='lat' dir='ltr'>satagamus,</span> <span class='ocrx_word' id='word_1_46' title='bbox 695 570 776 601; x_wconf 75' lang='lat' dir='ltr'>sicut</span> <span class='ocrx_word' id='word_1_47' title='bbox 808 568 958 611; x_wconf 78' lang='lat' dir='ltr'>publicae</span> <span class='ocrx_word' id='word_1_48' title='bbox 986 567 1072 599; x_wconf 87' lang='lat' dir='ltr'>utili-</span> 
     </span>
     <span class='ocr_line' id='line_1_12' title="bbox 328 619 1070 667; baseline -0.011 -10"><span class='ocrx_word' id='word_1_49' title='bbox 328 624 384 657; x_wconf 79' lang='lat' dir='ltr'>tati</span> <span class='ocrx_word' id='word_1_50' title='bbox 409 629 505 667; x_wconf 85' lang='lat' dir='ltr'>atque</span> <span class='ocrx_word' id='word_1_51' title='bbox 542 621 698 665; x_wconf 84' lang='lat' dir='ltr'>aequitati</span> <span class='ocrx_word' id='word_1_52' title='bbox 724 627 756 653; x_wconf 87' lang='lat' dir='ltr'>et</span> <span class='ocrx_word' id='word_1_53' title='bbox 782 619 920 653; x_wconf 86' lang='lat' dir='ltr'>iustitiae</span> <span class='ocrx_word' id='word_1_54' title='bbox 953 619 1070 660; x_wconf 61' lang='lat' dir='ltr'>rationi</span> 
     </span>
     <span class='ocr_line' id='line_1_13' title="bbox 328 671 1066 709; baseline -0.008 0"><span class='ocrx_word' id='word_1_55' title='bbox 328 680 592 709; x_wconf 80' lang='lat' dir='ltr'>consentanemn</span> <span class='ocrx_word' id='word_1_56' title='bbox 609 685 680 707; x_wconf 83' lang='lat' dir='ltr'>esse</span> <span class='ocrx_word' id='word_1_57' title='bbox 708 674 738 706; x_wconf 87' lang='lat' dir='ltr'>in</span> <span class='ocrx_word' id='word_1_58' title='bbox 766 673 902 706; x_wconf 88' lang='lat' dir='ltr'>Domino</span> <span class='ocrx_word' id='word_1_59' title='bbox 928 671 1066 704; x_wconf 86' lang='lat' dir='ltr'>arbitra-</span> 
     </span>
     <span class='ocr_line' id='line_1_14' title="bbox 326 740 409 762; baseline 0 -1"><span class='ocrx_word' id='word_1_60' title='bbox 326 740 409 762; x_wconf 87' lang='lat' dir='ltr'>mur.</span> 
     </span>
    </p>

    <p class='ocr_par' dir='ltr' id='par_1_4' title="bbox 325 777 1071 1615">
     <span class='ocr_line' id='line_1_15' title="bbox 370 777 1071 825; baseline -0.006 -12"><span class='ocrx_word' id='word_1_61' title='bbox 370 782 384 825; x_wconf 65' lang='grc' dir='ltr'><strong>ἓ</strong></span> <span class='ocrx_word' id='word_1_62' title='bbox 415 781 446 813; x_wconf 80' lang='grc'>1.</span> <span class='ocrx_word' id='word_1_63' title='bbox 478 780 609 823; x_wconf 81' lang='lat' dir='ltr'>Itaque,</span> <span class='ocrx_word' id='word_1_64' title='bbox 640 789 786 812; x_wconf 85' lang='lat' dir='ltr'>camerae</span> <span class='ocrx_word' id='word_1_65' title='bbox 817 789 853 810; x_wconf 89' lang='lat' dir='ltr'>ac</span> <span class='ocrx_word' id='word_1_66' title='bbox 890 777 1071 810; x_wconf 87' lang='lat' dir='ltr'>communi-</span> 
     </span>
     <span class='ocr_line' id='line_1_16' title="bbox 326 830 1070 870; baseline -0.007 -4"><span class='ocrx_word' id='word_1_67' title='bbox 326 839 427 867; x_wconf 87' lang='lat' dir='ltr'>tatum</span> <span class='ocrx_word' id='word_1_68' title='bbox 467 838 499 865; x_wconf 88' lang='lat' dir='ltr'>et</span> <span class='ocrx_word' id='word_1_69' title='bbox 536 832 807 870; x_wconf 81' lang='lat' dir='ltr'>universitatum,</span> <span class='ocrx_word' id='word_1_70' title='bbox 849 830 1070 862; x_wconf 60' lang='lat' dir='ltr'>sntnliunnm-</span> 
     </span>
     <span class='ocr_line' id='line_1_17' title="bbox 326 883 1068 931; baseline -0.005 -12"><span class='ocrx_word' id='word_1_71' title='bbox 326 897 388 931; x_wconf 88' lang='lat' dir='ltr'>que</span> <span class='ocrx_word' id='word_1_72' title='bbox 414 891 598 919; x_wconf 88' lang='lat' dir='ltr'>nostrorum</span> <span class='ocrx_word' id='word_1_73' title='bbox 632 885 871 928; x_wconf 81' lang='lat' dir='ltr'>praedictorum</span> <span class='ocrx_word' id='word_1_74' title='bbox 907 883 1068 915; x_wconf 92' lang='lat' dir='ltr'>indemni-</span> 
     </span>
     <span class='ocr_line' id='line_1_18' title="bbox 327 936 1067 980; baseline -0.005 -8"><span class='ocrx_word' id='word_1_75' title='bbox 327 939 381 973; x_wconf 88' lang='lat' dir='ltr'>tati</span> <span class='ocrx_word' id='word_1_76' title='bbox 417 944 447 972; x_wconf 88' lang='lat' dir='ltr'>et</span> <span class='ocrx_word' id='word_1_77' title='bbox 480 939 682 977; x_wconf 69' lang='lat' dir='ltr'>levamento,</span> <span class='ocrx_word' id='word_1_78' title='bbox 712 942 868 980; x_wconf 70' lang='lat' dir='ltr'>&lt;plantum</span> <span class='ocrx_word' id='word_1_79' title='bbox 903 936 998 969; x_wconf 83' lang='lat' dir='ltr'>nobis</span> <span class='ocrx_word' id='word_1_80' title='bbox 1032 948 1067 969; x_wconf 82' lang='lat' dir='ltr'>cx</span> 
     </span>
     <span class='ocr_line' id='line_1_19' title="bbox 325 988 1068 1032; baseline -0.005 -8"><span class='ocrx_word' id='word_1_81' title='bbox 325 993 391 1024; x_wconf 83' lang='lat' dir='ltr'>alto</span> <span class='ocrx_word' id='word_1_82' title='bbox 409 990 609 1029; x_wconf 72' lang='lat' dir='ltr'>conceditur,</span> <span class='ocrx_word' id='word_1_83' title='bbox 629 1000 730 1032; x_wconf 85' lang='lat' dir='ltr'>aeque</span> <span class='ocrx_word' id='word_1_84' title='bbox 749 988 975 1032; x_wconf 69' lang='lat' dir='ltr'>principaliter</span> <span class='ocrx_word' id='word_1_85' title='bbox 992 1000 1068 1020; x_wconf 80' lang='lat' dir='ltr'>con-</span> 
     </span>
     <span class='ocr_line' id='line_1_20' title="bbox 326 1042 1069 1086; baseline -0.005 -9"><span class='ocrx_word' id='word_1_86' title='bbox 326 1046 434 1078; x_wconf 84' lang='lat' dir='ltr'>sulere</span> <span class='ocrx_word' id='word_1_87' title='bbox 460 1043 642 1086; x_wconf 84' lang='lat' dir='ltr'>cupientes,</span> <span class='ocrx_word' id='word_1_88' title='bbox 676 1054 711 1074; x_wconf 85' lang='lat' dir='ltr'>ae</span> <span class='ocrx_word' id='word_1_89' title='bbox 741 1042 841 1074; x_wconf 73' lang='lat' dir='ltr'>t&#39;elieis</span> <span class='ocrx_word' id='word_1_90' title='bbox 871 1042 1069 1074; x_wconf 89' lang='lat' dir='ltr'>reeordatio-</span> 
     </span>
     <span class='ocr_line' id='line_1_21' title="bbox 328 1094 1065 1135; baseline -0.007 -4"><span class='ocrx_word' id='word_1_91' title='bbox 328 1098 376 1131; x_wconf 89' lang='lat' dir='ltr'>nis</span> <span class='ocrx_word' id='word_1_92' title='bbox 401 1097 478 1130; x_wconf 77' lang='lat' dir='ltr'>Sixti</span> <span class='ocrx_word' id='word_1_93' title='bbox 496 1096 532 1135; x_wconf 71' lang='lat' dir='ltr'>V,</span> <span class='ocrx_word' id='word_1_94' title='bbox 560 1095 647 1128; x_wconf 83' lang='lat' dir='ltr'>Pauli</span> <span class='ocrx_word' id='word_1_95' title='bbox 675 1095 770 1127; x_wconf 88' lang='lat' dir='ltr'>ctiam</span> <span class='ocrx_word' id='word_1_96' title='bbox 790 1095 824 1133; x_wconf 76' lang='lat' dir='ltr'>V,</span> <span class='ocrx_word' id='word_1_97' title='bbox 852 1094 970 1127; x_wconf 63' lang='lat' dir='ltr'>Isrbaui</span> <span class='ocrx_word' id='word_1_98' title='bbox 992 1095 1065 1134; x_wconf 70' lang='lat' dir='ltr'>I&#39;III,</span> 
     </span>
     <span class='ocr_line' id='line_1_22' title="bbox 326 1142 1068 1187; baseline -0.007 -3"><span class='ocrx_word' id='word_1_99' title='bbox 326 1149 505 1185; x_wconf 90' lang='lat' dir='ltr'>Innocentii</span> <span class='ocrx_word' id='word_1_100' title='bbox 532 1149 555 1181; x_wconf 79' lang='lat' dir='ltr'>X</span> <span class='ocrx_word' id='word_1_101' title='bbox 577 1154 606 1181; x_wconf 80' lang='lat' dir='ltr'>et</span> <span class='ocrx_word' id='word_1_102' title='bbox 633 1142 803 1181; x_wconf 63' lang='lat' dir='ltr'>Alexandri</span> <span class='ocrx_word' id='word_1_103' title='bbox 823 1148 890 1187; x_wconf 73' lang='lat' dir='ltr'>vlt,</span> <span class='ocrx_word' id='word_1_104' title='bbox 914 1147 1068 1180; x_wconf 86' lang='lat' dir='ltr'>aliorum-</span> 
     </span>
     <span class='ocr_line' id='line_1_23' title="bbox 326 1201 1067 1247; baseline -0.005 -11"><span class='ocrx_word' id='word_1_105' title='bbox 326 1214 390 1247; x_wconf 82' lang='lat' dir='ltr'>que</span> <span class='ocrx_word' id='word_1_106' title='bbox 417 1203 632 1236; x_wconf 84' lang='lat' dir='ltr'>Romanorum</span> <span class='ocrx_word' id='word_1_107' title='bbox 662 1201 850 1234; x_wconf 66' lang='lat' dir='ltr'>Pontificum</span> <span class='ocrx_word' id='word_1_108' title='bbox 877 1201 1067 1243; x_wconf 79' lang='lat' dir='ltr'>praedeees-</span> 
     </span>
     <span class='ocr_line' id='line_1_24' title="bbox 326 1252 1068 1296; baseline -0.004 -8"><span class='ocrx_word' id='word_1_109' title='bbox 326 1260 436 1288; x_wconf 81' lang='lat' dir='ltr'>sorum</span> <span class='ocrx_word' id='word_1_110' title='bbox 455 1260 652 1291; x_wconf 84' lang='lat' dir='ltr'>nostrorum,</span> <span class='ocrx_word' id='word_1_111' title='bbox 678 1254 730 1296; x_wconf 90' lang='lat' dir='ltr'>qui</span> <span class='ocrx_word' id='word_1_112' title='bbox 758 1253 1008 1285; x_wconf 65' lang='lat' dir='ltr'>constitutiones</span> <span class='ocrx_word' id='word_1_113' title='bbox 1027 1252 1068 1285; x_wconf 84' lang='lat' dir='ltr'>si-</span> 
     </span>
     <span class='ocr_line' id='line_1_25' title="bbox 327 1305 1068 1349; baseline -0.004 -8"><span class='ocrx_word' id='word_1_114' title='bbox 327 1307 450 1341; x_wconf 89' lang='lat' dir='ltr'>milium</span> <span class='ocrx_word' id='word_1_115' title='bbox 484 1306 725 1349; x_wconf 70' lang='lat' dir='ltr'>exemptionum</span> <span class='ocrx_word' id='word_1_116' title='bbox 761 1312 788 1338; x_wconf 87' lang='lat' dir='ltr'>ct</span> <span class='ocrx_word' id='word_1_117' title='bbox 828 1305 1068 1338; x_wconf 87' lang='lat' dir='ltr'>imuumitatum</span> 
     </span>
     <span class='ocr_line' id='line_1_26' title="bbox 325 1358 1068 1401; baseline -0.005 -7"><span class='ocrx_word' id='word_1_118' title='bbox 325 1359 549 1394; x_wconf 73' lang='lat' dir='ltr'>revocatorias</span> <span class='ocrx_word' id='word_1_119' title='bbox 574 1359 757 1398; x_wconf 83' lang='lat' dir='ltr'>ediderunt,</span> <span class='ocrx_word' id='word_1_120' title='bbox 785 1358 928 1401; x_wconf 75' lang='lat' dir='ltr'>vestigiis</span> <span class='ocrx_word' id='word_1_121' title='bbox 956 1358 1068 1391; x_wconf 79' lang='lat' dir='ltr'>inhae-</span> 
     </span>
     <span class='ocr_line' id='line_1_27' title="bbox 328 1419 1068 1455; baseline -0.004 -9"><span class='ocrx_word' id='word_1_122' title='bbox 328 1419 451 1453; x_wconf 82' lang='lat' dir='ltr'>rentes,</span> <span class='ocrx_word' id='word_1_123' title='bbox 483 1422 613 1445; x_wconf 78' lang='lat' dir='ltr'>necnon</span> <span class='ocrx_word' id='word_1_124' title='bbox 638 1422 915 1455; x_wconf 82' lang='lat' dir='ltr'>quarumcumque</span> <span class='ocrx_word' id='word_1_125' title='bbox 941 1421 1068 1444; x_wconf 87' lang='lat' dir='ltr'>conces-</span> 
     </span>
     <span class='ocr_line' id='line_1_28' title="bbox 327 1465 1068 1510; baseline -0.004 -11"><span class='ocrx_word' id='word_1_126' title='bbox 327 1467 466 1506; x_wconf 84' lang='lat' dir='ltr'>sionum,</span> <span class='ocrx_word' id='word_1_127' title='bbox 498 1465 736 1510; x_wconf 59' lang='lat' dir='ltr'>immunitatun&#39;i</span> <span class='ocrx_word' id='word_1_128' title='bbox 770 1470 801 1496; x_wconf 87' lang='lat' dir='ltr'>et</span> <span class='ocrx_word' id='word_1_129' title='bbox 826 1465 1068 1507; x_wconf 70' lang='lat' dir='ltr'>exemptionum</span> 
     </span>
     <span class='ocr_line' id='line_1_29' title="bbox 327 1518 1068 1560; baseline -0.004 -8"><span class='ocrx_word' id='word_1_130' title='bbox 327 1519 526 1558; x_wconf 86' lang='lat' dir='ltr'>huiusmodi,</span> <span class='ocrx_word' id='word_1_131' title='bbox 540 1518 723 1550; x_wconf 85' lang='lat' dir='ltr'>litterarum</span> <span class='ocrx_word' id='word_1_132' title='bbox 740 1518 990 1560; x_wconf 79' lang='lat' dir='ltr'>apostolicarum</span> <span class='ocrx_word' id='word_1_133' title='bbox 1008 1518 1068 1550; x_wconf 78' lang='lat' dir='ltr'>sub</span> 
     </span>
     <span class='ocr_line' id='line_1_30' title="bbox 326 1570 1067 1615; baseline -0.004 -10"><span class='ocrx_word' id='word_1_134' title='bbox 326 1572 458 1615; x_wconf 87' lang='lat' dir='ltr'>plumbo</span> <span class='ocrx_word' id='word_1_135' title='bbox 484 1582 518 1603; x_wconf 88' lang='lat' dir='ltr'>ac</span> <span class='ocrx_word' id='word_1_136' title='bbox 543 1571 575 1603; x_wconf 88' lang='lat' dir='ltr'>in</span> <span class='ocrx_word' id='word_1_137' title='bbox 609 1570 703 1603; x_wconf 87' lang='lat' dir='ltr'>simili</span> <span class='ocrx_word' id='word_1_138' title='bbox 738 1571 839 1602; x_wconf 73' lang='lat' dir='ltr'>forma</span> <span class='ocrx_word' id='word_1_139' title='bbox 864 1570 990 1609; x_wconf 67' lang='lat' dir='ltr'>Brevis,</span> <span class='ocrx_word' id='word_1_140' title='bbox 1018 1581 1067 1603; x_wconf 86' lang='lat' dir='ltr'>ce-</span> 
     </span>
    </p>
   </div>
   <div class='ocr_carea' id='block_1_4' title="bbox 327 1623 1852 1717">
    <p class='ocr_par' dir='ltr' id='par_1_5' title="bbox 327 1623 1852 1717">
     <span class='ocr_line' id='line_1_31' title="bbox 327 1623 1090 1667; baseline -0.004 -9"><span class='ocrx_word' id='word_1_141' title='bbox 327 1626 475 1658; x_wconf 88' lang='lat' dir='ltr'>dularum</span> <span class='ocrx_word' id='word_1_142' title='bbox 500 1624 742 1667; x_wconf 85' lang='lat' dir='ltr'>motusproprii‚</span> <span class='ocrx_word' id='word_1_143' title='bbox 773 1629 803 1656; x_wconf 87' lang='lat' dir='ltr'>ct</span> <span class='ocrx_word' id='word_1_144' title='bbox 827 1623 1065 1666; x_wconf 66' lang='lat' dir='ltr'>chirographo·</span> <span class='ocrx_word' id='word_1_145' title='bbox 1088 1637 1090 1658; x_wconf 62' lang='lat' dir='ltr'><em>e</em></span> 
     </span>
     <span class='ocr_line' id='line_1_32' title="bbox 1088 1674 1852 1717; baseline 0.001 -10"><span class='ocrx_word' id='word_1_146' title='bbox 1088 1685 1090 1706; x_wconf 68' lang='lat' dir='ltr'><strong><em>z</em></strong></span> <span class='ocrx_word' id='word_1_147' title='bbox 1113 1676 1157 1707; x_wconf 77' lang='lat' dir='ltr'>vis</span> <span class='ocrx_word' id='word_1_148' title='bbox 1175 1674 1265 1707; x_wconf 77' lang='lat' dir='ltr'>Sedis</span> <span class='ocrx_word' id='word_1_149' title='bbox 1291 1680 1320 1707; x_wconf 91' lang='lat' dir='ltr'>ct</span> <span class='ocrx_word' id='word_1_150' title='bbox 1347 1685 1493 1707; x_wconf 84' lang='lat' dir='ltr'>camerae</span> <span class='ocrx_word' id='word_1_151' title='bbox 1519 1675 1758 1717; x_wconf 80' lang='lat' dir='ltr'>praedictarum</span> <span class='ocrx_word' id='word_1_152' title='bbox 1783 1675 1852 1708; x_wconf 84' lang='lat' dir='ltr'>offi-</span> 
     </span>
    </p>
   </div>
   <div class='ocr_carea' id='block_1_5' title="bbox 327 1676 1069 2565">
    <p class='ocr_par' dir='ltr' id='par_1_6' title="bbox 327 1676 1069 2565">
     <span class='ocr_line' id='line_1_33' title="bbox 327 1676 1067 1720; baseline -0.001 -10"><span class='ocrx_word' id='word_1_153' title='bbox 327 1689 396 1710; x_wconf 88' lang='lat' dir='ltr'>rum</span> <span class='ocrx_word' id='word_1_154' title='bbox 415 1677 554 1710; x_wconf 85' lang='lat' dir='ltr'>cuiusvis</span> <span class='ocrx_word' id='word_1_155' title='bbox 580 1676 714 1709; x_wconf 85' lang='lat' dir='ltr'>Romani</span> <span class='ocrx_word' id='word_1_156' title='bbox 741 1676 905 1709; x_wconf 71' lang='lat' dir='ltr'>pontilicis</span> <span class='ocrx_word' id='word_1_157' title='bbox 930 1677 1067 1720; x_wconf 83' lang='lat' dir='ltr'>praede-</span> 
     </span>
     <span class='ocr_line' id='line_1_34' title="bbox 327 1730 1065 1773; baseline -0.003 -9"><span class='ocrx_word' id='word_1_158' title='bbox 327 1731 464 1764; x_wconf 77' lang='lat' dir='ltr'>cessoris</span> <span class='ocrx_word' id='word_1_159' title='bbox 490 1730 591 1763; x_wconf 77' lang='lat' dir='ltr'>nostri</span> <span class='ocrx_word' id='word_1_160' title='bbox 617 1740 712 1762; x_wconf 89' lang='lat' dir='ltr'>manu</span> <span class='ocrx_word' id='word_1_161' title='bbox 734 1730 1010 1773; x_wconf 74' lang='lat' dir='ltr'>subscriptorum,</span> <span class='ocrx_word' id='word_1_162' title='bbox 1030 1741 1065 1762; x_wconf 90' lang='lat' dir='ltr'>ac</span> 
     </span>
     <span class='ocr_line' id='line_1_35' title="bbox 327 1782 1066 1826; baseline -0.005 -8"><span class='ocrx_word' id='word_1_163' title='bbox 327 1784 462 1818; x_wconf 85' lang='lat' dir='ltr'>aliarum</span> <span class='ocrx_word' id='word_1_164' title='bbox 477 1783 656 1817; x_wconf 83' lang='lat' dir='ltr'>litterarum</span> <span class='ocrx_word' id='word_1_165' title='bbox 676 1788 705 1815; x_wconf 90' lang='lat' dir='ltr'>et</span> <span class='ocrx_word' id='word_1_166' title='bbox 725 1782 958 1826; x_wconf 83' lang='lat' dir='ltr'>scripturarum</span> <span class='ocrx_word' id='word_1_167' title='bbox 976 1783 1066 1816; x_wconf 86' lang='lat' dir='ltr'>desu-</span> 
     </span>
     <span class='ocr_line' id='line_1_36' title="bbox 327 1836 1064 1881; baseline -0.004 -11"><span class='ocrx_word' id='word_1_168' title='bbox 327 1847 388 1881; x_wconf 91' lang='lat' dir='ltr'>per</span> <span class='ocrx_word' id='word_1_169' title='bbox 415 1836 662 1880; x_wconf 74' lang='lat' dir='ltr'>quomodolibet</span> <span class='ocrx_word' id='word_1_170' title='bbox 683 1841 902 1868; x_wconf 73' lang='lat' dir='ltr'>emanaturum</span> <span class='ocrx_word' id='word_1_171' title='bbox 921 1841 1064 1875; x_wconf 83' lang='lat' dir='ltr'>tenores,</span> 
     </span>
     <span class='ocr_line' id='line_1_37' title="bbox 329 1889 1065 1929; baseline -0.003 -7"><span class='ocrx_word' id='word_1_172' title='bbox 329 1889 425 1922; x_wconf 90' lang='lat' dir='ltr'>etiam</span> <span class='ocrx_word' id='word_1_173' title='bbox 449 1889 606 1927; x_wconf 87' lang='lat' dir='ltr'>veriores,</span> <span class='ocrx_word' id='word_1_174' title='bbox 634 1893 660 1920; x_wconf 90' lang='lat' dir='ltr'>et</span> <span class='ocrx_word' id='word_1_175' title='bbox 690 1889 778 1920; x_wconf 78' lang='lat' dir='ltr'>datas</span> <span class='ocrx_word' id='word_1_176' title='bbox 804 1899 838 1921; x_wconf 87' lang='lat' dir='ltr'>ac</span> <span class='ocrx_word' id='word_1_177' title='bbox 864 1889 1065 1929; x_wconf 75' lang='lat' dir='ltr'>occasiones,</span> 
     </span>
     <span class='ocr_line' id='line_1_38' title="bbox 329 1940 1068 1984; baseline -0.003 -9"><span class='ocrx_word' id='word_1_178' title='bbox 329 1948 360 1975; x_wconf 88' lang='lat' dir='ltr'>et</span> <span class='ocrx_word' id='word_1_179' title='bbox 385 1942 447 1975; x_wconf 86' lang='lat' dir='ltr'>alia</span> <span class='ocrx_word' id='word_1_180' title='bbox 472 1941 567 1974; x_wconf 90' lang='lat' dir='ltr'>etiam</span> <span class='ocrx_word' id='word_1_181' title='bbox 592 1940 722 1984; x_wconf 84' lang='lat' dir='ltr'>speciali</span> <span class='ocrx_word' id='word_1_182' title='bbox 756 1951 791 1973; x_wconf 83' lang='lat' dir='ltr'>ac</span> <span class='ocrx_word' id='word_1_183' title='bbox 824 1940 989 1973; x_wconf 80' lang='lat' dir='ltr'>individua</span> <span class='ocrx_word' id='word_1_184' title='bbox 1016 1951 1068 1973; x_wconf 76' lang='lat' dir='ltr'>ex-</span> 
     </span>
     <span class='ocr_line' id='line_1_39' title="bbox 329 1993 1067 2038; baseline -0.003 -11"><span class='ocrx_word' id='word_1_185' title='bbox 329 1994 496 2038; x_wconf 75' lang='lat' dir='ltr'>pressione</span> <span class='ocrx_word' id='word_1_186' title='bbox 515 1993 625 2036; x_wconf 79' lang='lat' dir='ltr'>digna,</span> <span class='ocrx_word' id='word_1_187' title='bbox 644 1993 870 2036; x_wconf 68' lang='lat' dir='ltr'>praesentimus</span> <span class='ocrx_word' id='word_1_188' title='bbox 890 2003 948 2036; x_wconf 87' lang='lat' dir='ltr'>pro</span> <span class='ocrx_word' id='word_1_189' title='bbox 971 1994 1067 2036; x_wconf 82' lang='lat' dir='ltr'>plene</span> 
     </span>
     <span class='ocr_line' id='line_1_40' title="bbox 330 2045 1069 2088; baseline -0.003 -8"><span class='ocrx_word' id='word_1_190' title='bbox 330 2053 361 2081; x_wconf 88' lang='lat' dir='ltr'>et</span> <span class='ocrx_word' id='word_1_191' title='bbox 384 2046 582 2079; x_wconf 85' lang='lat' dir='ltr'>sufficienter</span> <span class='ocrx_word' id='word_1_192' title='bbox 606 2046 763 2088; x_wconf 62' lang='lat' dir='ltr'>expressis</span> <span class='ocrx_word' id='word_1_193' title='bbox 789 2051 819 2078; x_wconf 85' lang='lat' dir='ltr'>et</span> <span class='ocrx_word' id='word_1_194' title='bbox 845 2045 1000 2078; x_wconf 78' lang='lat' dir='ltr'>verbatim</span> <span class='ocrx_word' id='word_1_195' title='bbox 1022 2046 1069 2078; x_wconf 90' lang='lat' dir='ltr'>in-</span> 
     </span>
     <span class='ocr_line' id='line_1_41' title="bbox 329 2099 1068 2143; baseline -0.011 -9"><span class='ocrx_word' id='word_1_196' title='bbox 329 2101 424 2134; x_wconf 88' lang='lat' dir='ltr'>sertis</span> <span class='ocrx_word' id='word_1_197' title='bbox 458 2099 636 2143; x_wconf 78' lang='lat' dir='ltr'>respective</span> <span class='ocrx_word' id='word_1_198' title='bbox 672 2099 828 2131; x_wconf 75' lang='lat' dir='ltr'>habentes</span> <span class='ocrx_word' id='word_1_199' title='bbox 845 2126 852 2137; x_wconf 94' lang='lat'>,</span> <span class='ocrx_word' id='word_1_200' title='bbox 880 2104 967 2131; x_wconf 85' lang='lat' dir='ltr'>motu</span> <span class='ocrx_word' id='word_1_201' title='bbox 994 2110 1068 2142; x_wconf 78' lang='lat' dir='ltr'>pro-</span> 
     </span>
     <span class='ocr_line' id='line_1_42' title="bbox 332 2151 1067 2197; baseline -0.003 -11"><span class='ocrx_word' id='word_1_202' title='bbox 332 2153 410 2197; x_wconf 90' lang='lat' dir='ltr'>prio,</span> <span class='ocrx_word' id='word_1_203' title='bbox 430 2163 496 2186; x_wconf 92' lang='lat' dir='ltr'>non</span> <span class='ocrx_word' id='word_1_204' title='bbox 510 2153 549 2185; x_wconf 84' lang='lat' dir='ltr'>ad</span> <span class='ocrx_word' id='word_1_205' title='bbox 568 2151 755 2194; x_wconf 73' lang='lat' dir='ltr'>cuiusquam</span> <span class='ocrx_word' id='word_1_206' title='bbox 776 2152 870 2184; x_wconf 83' lang='lat' dir='ltr'>nobis</span> <span class='ocrx_word' id='word_1_207' title='bbox 889 2162 986 2194; x_wconf 58' lang='lat' dir='ltr'>super</span> <span class='ocrx_word' id='word_1_208' title='bbox 1007 2152 1067 2184; x_wconf 84' lang='lat' dir='ltr'>hoc</span> 
     </span>
     <span class='ocr_line' id='line_1_43' title="bbox 332 2204 1069 2248; baseline -0.001 -10"><span class='ocrx_word' id='word_1_209' title='bbox 332 2206 459 2238; x_wconf 85' lang='lat' dir='ltr'>oblatae</span> <span class='ocrx_word' id='word_1_210' title='bbox 469 2204 634 2248; x_wconf 74' lang='lat' dir='ltr'>petitionis</span> <span class='ocrx_word' id='word_1_211' title='bbox 647 2204 842 2244; x_wconf 74' lang='lat' dir='ltr'>instantiam,</span> <span class='ocrx_word' id='word_1_212' title='bbox 857 2205 912 2236; x_wconf 88' lang='lat' dir='ltr'>scd</span> <span class='ocrx_word' id='word_1_213' title='bbox 931 2215 965 2236; x_wconf 64' lang='lat' dir='ltr'>ex</span> <span class='ocrx_word' id='word_1_214' title='bbox 982 2206 1069 2237; x_wconf 76' lang='lat' dir='ltr'>certa</span> 
     </span>
     <span class='ocr_line' id='line_1_44' title="bbox 331 2257 1067 2297; baseline -0.003 -6"><span class='ocrx_word' id='word_1_215' title='bbox 331 2258 467 2292; x_wconf 72' lang='lat' dir='ltr'>scientia</span> <span class='ocrx_word' id='word_1_216' title='bbox 488 2262 520 2290; x_wconf 89' lang='lat' dir='ltr'>et</span> <span class='ocrx_word' id='word_1_217' title='bbox 535 2259 657 2289; x_wconf 75' lang='lat' dir='ltr'>matura</span> <span class='ocrx_word' id='word_1_218' title='bbox 682 2257 915 2289; x_wconf 83' lang='lat' dir='ltr'>deliberatione</span> <span class='ocrx_word' id='word_1_219' title='bbox 939 2257 1067 2297; x_wconf 81' lang='lat' dir='ltr'>nostris,</span> 
     </span>
     <span class='ocr_line' id='line_1_45' title="bbox 333 2308 1067 2354; baseline -0.004 -10"><span class='ocrx_word' id='word_1_220' title='bbox 333 2311 439 2354; x_wconf 87' lang='lat' dir='ltr'>deque</span> <span class='ocrx_word' id='word_1_221' title='bbox 453 2308 652 2352; x_wconf 83' lang='lat' dir='ltr'>apostolicae</span> <span class='ocrx_word' id='word_1_222' title='bbox 667 2309 834 2352; x_wconf 85' lang='lat' dir='ltr'>potcstatis</span> <span class='ocrx_word' id='word_1_223' title='bbox 852 2308 1067 2351; x_wconf 76' lang='lat' dir='ltr'>plenitudine,</span> 
     </span>
     <span class='ocr_line' id='line_1_46' title="bbox 333 2362 1068 2405; baseline -0.005 -7"><span class='ocrx_word' id='word_1_224' title='bbox 333 2365 393 2398; x_wconf 83' lang='lat' dir='ltr'>hac</span> <span class='ocrx_word' id='word_1_225' title='bbox 418 2364 525 2396; x_wconf 79' lang='lat' dir='ltr'>nostra</span> <span class='ocrx_word' id='word_1_226' title='bbox 550 2367 709 2405; x_wconf 85' lang='lat' dir='ltr'>perpetuo</span> <span class='ocrx_word' id='word_1_227' title='bbox 741 2362 877 2395; x_wconf 75' lang='lat' dir='ltr'>valitura</span> <span class='ocrx_word' id='word_1_228' title='bbox 913 2363 1068 2395; x_wconf 87' lang='lat' dir='ltr'>constitu-</span> 
     </span>
     <span class='ocr_line' id='line_1_47' title="bbox 332 2415 1069 2458; baseline -0.004 -7"><span class='ocrx_word' id='word_1_229' title='bbox 332 2418 419 2451; x_wconf 89' lang='lat' dir='ltr'>tione</span> <span class='ocrx_word' id='word_1_230' title='bbox 444 2426 558 2450; x_wconf 86' lang='lat' dir='ltr'>omnes</span> <span class='ocrx_word' id='word_1_231' title='bbox 585 2420 615 2447; x_wconf 87' lang='lat' dir='ltr'>et</span> <span class='ocrx_word' id='word_1_232' title='bbox 641 2425 859 2458; x_wconf 87' lang='lat' dir='ltr'>quascumque</span> <span class='ocrx_word' id='word_1_233' title='bbox 890 2415 1069 2458; x_wconf 76' lang='lat' dir='ltr'>exemptio-</span> 
     </span>
     <span class='ocr_line' id='line_1_48' title="bbox 334 2468 1068 2505; baseline -0.005 0"><span class='ocrx_word' id='word_1_234' title='bbox 334 2481 391 2505; x_wconf 89' lang='lat' dir='ltr'>nes</span> <span class='ocrx_word' id='word_1_235' title='bbox 415 2475 447 2504; x_wconf 89' lang='lat' dir='ltr'>et</span> <span class='ocrx_word' id='word_1_236' title='bbox 470 2468 689 2502; x_wconf 83' lang='lat' dir='ltr'>immunitates</span> <span class='ocrx_word' id='word_1_237' title='bbox 709 2479 725 2500; x_wconf 90' lang='lat' dir='ltr'>a</span> <span class='ocrx_word' id='word_1_238' title='bbox 745 2468 906 2501; x_wconf 87' lang='lat' dir='ltr'>solutione</span> <span class='ocrx_word' id='word_1_239' title='bbox 933 2468 1068 2501; x_wconf 84' lang='lat' dir='ltr'>subsidii</span> 
     </span>
     <span class='ocr_line' id='line_1_49' title="bbox 335 2521 1066 2565; baseline -0.004 -8"><span class='ocrx_word' id='word_1_240' title='bbox 335 2523 513 2563; x_wconf 53' lang='lat' dir='ltr'>triennalis</span> <span class='ocrx_word' id='word_1_241' title='bbox 542 2531 668 2555; x_wconf 87' lang='lat' dir='ltr'>necnon</span> <span class='ocrx_word' id='word_1_242' title='bbox 696 2522 800 2565; x_wconf 84' lang='lat' dir='ltr'>quarti</span> <span class='ocrx_word' id='word_1_243' title='bbox 833 2521 879 2554; x_wconf 89' lang='lat' dir='ltr'>illi</span> <span class='ocrx_word' id='word_1_244' title='bbox 906 2521 1066 2563; x_wconf 82' lang='lat' dir='ltr'>adiuncti,</span> 
     </span>
    </p>
   </div>
   <div class='ocr_carea' id='block_1_6' title="bbox 401 2582 1011 2621">
    <p class='ocr_par' dir='ltr' id='par_1_7' title="bbox 401 2582 1011 2621">
     <span class='ocr_line' id='line_1_50' title="bbox 401 2582 1011 2621; baseline -0.005 -8"><span class='ocrx_word' id='word_1_245' title='bbox 401 2586 479 2621; x_wconf 80' lang='lat' dir='ltr'>Bull.</span> <span class='ocrx_word' id='word_1_246' title='bbox 503 2584 584 2612; x_wconf 79' lang='lat' dir='ltr'>Rom.</span> <span class='ocrx_word' id='word_1_247' title='bbox 607 2598 637 2602; x_wconf 90' lang='lat'><em>-</em></span> <span class='ocrx_word' id='word_1_248' title='bbox 662 2583 719 2612; x_wconf 82' lang='lat' dir='ltr'>Vol.</span> <span class='ocrx_word' id='word_1_249' title='bbox 743 2582 833 2613; x_wconf 69' lang='lat' dir='ltr'>XVH,</span> <span class='ocrx_word' id='word_1_250' title='bbox 978 2583 1011 2611; x_wconf 76' lang='lat'>78</span> 
     </span>
    </p>
   </div>
   <div class='ocr_carea' id='block_1_7' title="bbox 956 151 1226 176">
    <p class='ocr_par' dir='ltr' id='par_1_8' title="bbox 956 151 1226 176">
     <span class='ocr_line' id='line_1_51' title="bbox 956 151 1226 176; baseline -0.004 -1"><span class='ocrx_word' id='word_1_251' title='bbox 956 151 1099 176; x_wconf 69' lang='lat' dir='ltr'>CLEMENS</span> <span class='ocrx_word' id='word_1_252' title='bbox 1126 152 1154 175; x_wconf 77' lang='lat' dir='ltr'>IX</span> <span class='ocrx_word' id='word_1_253' title='bbox 1180 153 1226 175; x_wconf 75' lang='lat' dir='ltr'>PP.</span> 
     </span>
    </p>
   </div>
   <div class='ocr_carea' id='block_1_8' title="bbox 1091 198 1100 846">
    <p class='ocr_par' dir='ltr' id='par_1_9' title="bbox 1091 198 1100 846">
     <span class='ocr_line' id='line_1_52' title="bbox 1091 198 1100 846; baseline 0 0"><span class='ocrx_word' id='word_1_254' title='bbox 1091 198 1100 846; x_wconf 95' lang='lat' dir='ltr'> </span> 
     </span>
    </p>
   </div>
   <div class='ocr_carea' id='block_1_9' title="bbox 1088 1092 1091 2306">
    <p class='ocr_par' dir='ltr' id='par_1_10' title="bbox 1088 1092 1091 2306">
     <span class='ocr_line' id='line_1_53' title="bbox 1088 1092 1091 2306; baseline 0 0"><span class='ocrx_word' id='word_1_255' title='bbox 1088 1092 1091 2306; x_wconf 95' lang='lat' dir='ltr'> </span> 
     </span>
    </p>
   </div>
   <div class='ocr_carea' id='block_1_10' title="bbox 1113 198 1858 1505">
    <p class='ocr_par' dir='ltr' id='par_1_11' title="bbox 1113 198 1858 1505">
     <span class='ocr_line' id='line_1_54' title="bbox 1123 198 1857 241; baseline -0.001 -12"><span class='ocrx_word' id='word_1_256' title='bbox 1123 198 1347 241; x_wconf 75' lang='lat' dir='ltr'>(piatrinorum</span> <span class='ocrx_word' id='word_1_257' title='bbox 1371 198 1493 235; x_wconf 81' lang='lat' dir='ltr'>carnis,</span> <span class='ocrx_word' id='word_1_258' title='bbox 1520 202 1661 230; x_wconf 83' lang='lat' dir='ltr'>taxarum</span> <span class='ocrx_word' id='word_1_259' title='bbox 1689 207 1857 239; x_wconf 81' lang='lat' dir='ltr'>equorum,</span> 
     </span>
     <span class='ocr_line' id='line_1_55' title="bbox 1123 249 1858 293; baseline -0.003 -9"><span class='ocrx_word' id='word_1_260' title='bbox 1123 253 1302 290; x_wconf 77' lang='lat' dir='ltr'>tallearum,</span> <span class='ocrx_word' id='word_1_261' title='bbox 1323 262 1485 290; x_wconf 79' lang='lat' dir='ltr'>censuum,</span> <span class='ocrx_word' id='word_1_262' title='bbox 1505 251 1651 289; x_wconf 84' lang='lat' dir='ltr'>archivii,</span> <span class='ocrx_word' id='word_1_263' title='bbox 1674 249 1858 293; x_wconf 75' lang='lat' dir='ltr'>sogliettac,</span> 
     </span>
     <span class='ocr_line' id='line_1_56' title="bbox 1121 303 1858 345; baseline -0.003 -9"><span class='ocrx_word' id='word_1_264' title='bbox 1121 305 1310 345; x_wconf 72' lang='lat' dir='ltr'>triremium,</span> <span class='ocrx_word' id='word_1_265' title='bbox 1336 304 1535 343; x_wconf 70' lang='lat' dir='ltr'>utensilium,</span> <span class='ocrx_word' id='word_1_266' title='bbox 1556 303 1760 336; x_wconf 77' lang='lat' dir='ltr'>dolianarum</span> <span class='ocrx_word' id='word_1_267' title='bbox 1778 329 1784 342; x_wconf 89' lang='lat'>,</span> <span class='ocrx_word' id='word_1_268' title='bbox 1804 313 1858 344; x_wconf 76' lang='lat' dir='ltr'>ga-</span> 
     </span>
     <span class='ocr_line' id='line_1_57' title="bbox 1118 357 1858 399; baseline -0.003 -10"><span class='ocrx_word' id='word_1_269' title='bbox 1118 358 1290 395; x_wconf 85' lang='lat' dir='ltr'>bellarnm,</span> <span class='ocrx_word' id='word_1_270' title='bbox 1322 362 1411 389; x_wconf 72' lang='lat' dir='ltr'>laxae</span> <span class='ocrx_word' id='word_1_271' title='bbox 1446 362 1553 399; x_wconf 71' lang='lat' dir='ltr'>portus</span> <span class='ocrx_word' id='word_1_272' title='bbox 1581 357 1754 395; x_wconf 69' lang='lat' dir='ltr'>Anconae,</span> <span class='ocrx_word' id='word_1_273' title='bbox 1782 367 1858 398; x_wconf 81' lang='lat' dir='ltr'>qua-</span> 
     </span>
     <span class='ocr_line' id='line_1_58' title="bbox 1118 409 1857 451; baseline -0.001 -10"><span class='ocrx_word' id='word_1_274' title='bbox 1118 410 1277 442; x_wconf 84' lang='lat' dir='ltr'>trinorum</span> <span class='ocrx_word' id='word_1_275' title='bbox 1298 437 1305 449; x_wconf 91' lang='lat'>,</span> <span class='ocrx_word' id='word_1_276' title='bbox 1338 415 1526 446; x_wconf 74' lang='lat' dir='ltr'>tractarunt,</span> <span class='ocrx_word' id='word_1_277' title='bbox 1548 409 1778 451; x_wconf 57' lang='lat' dir='ltr'>pedagiorum,</span> <span class='ocrx_word' id='word_1_278' title='bbox 1805 420 1857 441; x_wconf 76' lang='lat' dir='ltr'>ve-</span> 
     </span>
     <span class='ocr_line' id='line_1_59' title="bbox 1117 462 1857 504; baseline 0 -10"><span class='ocrx_word' id='word_1_279' title='bbox 1117 462 1298 504; x_wconf 78' lang='lat' dir='ltr'>ctigalium.</span> <span class='ocrx_word' id='word_1_280' title='bbox 1323 463 1545 498; x_wconf 83' lang='lat' dir='ltr'>collectarum,</span> <span class='ocrx_word' id='word_1_281' title='bbox 1579 462 1794 500; x_wconf 75' lang='lat' dir='ltr'>evactionum,</span> <span class='ocrx_word' id='word_1_282' title='bbox 1826 467 1857 494; x_wconf 87' lang='lat' dir='ltr'>et</span> 
     </span>
     <span class='ocr_line' id='line_1_60' title="bbox 1116 515 1856 557; baseline 0 -11"><span class='ocrx_word' id='word_1_283' title='bbox 1116 515 1335 557; x_wconf 82' lang='lat' dir='ltr'>quorumlibet</span> <span class='ocrx_word' id='word_1_284' title='bbox 1359 525 1492 546; x_wconf 83' lang='lat' dir='ltr'>onerum</span> <span class='ocrx_word' id='word_1_285' title='bbox 1522 521 1550 545; x_wconf 78' lang='lat' dir='ltr'>et</span> <span class='ocrx_word' id='word_1_286' title='bbox 1578 515 1856 557; x_wconf 65' lang='lat' dir='ltr'>munel·1un,1†er—</span> 
     </span>
     <span class='ocr_line' id='line_1_61' title="bbox 1116 567 1855 605; baseline 0.001 -6"><span class='ocrx_word' id='word_1_287' title='bbox 1116 567 1294 605; x_wconf 84' lang='lat' dir='ltr'>sonalium,</span> <span class='ocrx_word' id='word_1_288' title='bbox 1319 568 1451 599; x_wconf 79' lang='lat' dir='ltr'>realium</span> <span class='ocrx_word' id='word_1_289' title='bbox 1472 573 1499 599; x_wconf 80' lang='lat' dir='ltr'>et</span> <span class='ocrx_word' id='word_1_290' title='bbox 1519 568 1704 605; x_wconf 68' lang='lat' dir='ltr'>mixtorum,</span> <span class='ocrx_word' id='word_1_291' title='bbox 1726 568 1855 600; x_wconf 83' lang='lat' dir='ltr'>ordina-</span> 
     </span>
     <span class='ocr_line' id='line_1_62' title="bbox 1116 621 1853 659; baseline 0.003 -8"><span class='ocrx_word' id='word_1_292' title='bbox 1116 621 1236 652; x_wconf 88' lang='lat' dir='ltr'>riorum</span> <span class='ocrx_word' id='word_1_293' title='bbox 1262 625 1293 652; x_wconf 87' lang='lat' dir='ltr'>et</span> <span class='ocrx_word' id='word_1_294' title='bbox 1318 621 1664 659; x_wconf 65' lang='lat' dir='ltr'>exn-aon]marim-nni,</span> <span class='ocrx_word' id='word_1_295' title='bbox 1688 621 1853 654; x_wconf 76' lang='lat' dir='ltr'>solitorum</span> 
     </span>
     <span class='ocr_line' id='line_1_63' title="bbox 1116 672 1855 715; baseline 0 -10"><span class='ocrx_word' id='word_1_296' title='bbox 1116 678 1147 705; x_wconf 85' lang='lat' dir='ltr'>et</span> <span class='ocrx_word' id='word_1_297' title='bbox 1172 672 1385 711; x_wconf 85' lang='lat' dir='ltr'>insolitorum,</span> <span class='ocrx_word' id='word_1_298' title='bbox 1405 674 1609 705; x_wconf 81' lang='lat' dir='ltr'>cameralium</span> <span class='ocrx_word' id='word_1_299' title='bbox 1629 684 1855 715; x_wconf 77' lang='lat' dir='ltr'>quorumcum-</span> 
     </span>
     <span class='ocr_line' id='line_1_64' title="bbox 1115 725 1854 768; baseline 0.003 -12"><span class='ocrx_word' id='word_1_300' title='bbox 1115 736 1193 768; x_wconf 86' lang='lat' dir='ltr'>que,</span> <span class='ocrx_word' id='word_1_301' title='bbox 1220 736 1256 757; x_wconf 88' lang='lat' dir='ltr'>ac</span> <span class='ocrx_word' id='word_1_302' title='bbox 1282 725 1378 757; x_wconf 80' lang='lat' dir='ltr'>ctiam</span> <span class='ocrx_word' id='word_1_303' title='bbox 1406 736 1533 763; x_wconf 81' lang='lat' dir='ltr'>corum,</span> <span class='ocrx_word' id='word_1_304' title='bbox 1560 737 1659 768; x_wconf 78' lang='lat' dir='ltr'>quae,</span> <span class='ocrx_word' id='word_1_305' title='bbox 1686 736 1744 768; x_wconf 89' lang='lat' dir='ltr'>per</span> <span class='ocrx_word' id='word_1_306' title='bbox 1768 737 1854 758; x_wconf 70' lang='lat' dir='ltr'>con!-</span> 
     </span>
     <span class='ocr_line' id='line_1_65' title="bbox 1115 777 1852 814; baseline 0.001 -5"><span class='ocrx_word' id='word_1_307' title='bbox 1115 777 1290 809; x_wconf 83' lang='lat' dir='ltr'>munitates</span> <span class='ocrx_word' id='word_1_308' title='bbox 1324 783 1355 809; x_wconf 87' lang='lat' dir='ltr'>ct</span> <span class='ocrx_word' id='word_1_309' title='bbox 1388 778 1627 814; x_wconf 69' lang='lat' dir='ltr'>universitates,</span> <span class='ocrx_word' id='word_1_310' title='bbox 1656 778 1778 811; x_wconf 77' lang='lat' dir='ltr'>directe</span> <span class='ocrx_word' id='word_1_311' title='bbox 1804 779 1852 810; x_wconf 68' lang='lat' dir='ltr'>vol</span> 
     </span>
     <span class='ocr_line' id='line_1_66' title="bbox 1114 829 1853 873; baseline 0.003 -12"><span class='ocrx_word' id='word_1_312' title='bbox 1114 829 1290 869; x_wconf 79' lang='lat' dir='ltr'>indirecte,</span> <span class='ocrx_word' id='word_1_313' title='bbox 1310 840 1367 873; x_wconf 87' lang='lat' dir='ltr'>pro</span> <span class='ocrx_word' id='word_1_314' title='bbox 1390 830 1576 863; x_wconf 81' lang='lat' dir='ltr'>eorumdem</span> <span class='ocrx_word' id='word_1_315' title='bbox 1597 834 1732 862; x_wconf 72' lang='lat' dir='ltr'>onerum</span> <span class='ocrx_word' id='word_1_316' title='bbox 1750 842 1853 863; x_wconf 79' lang='lat' dir='ltr'>came-</span> 
     </span>
     <span class='ocr_line' id='line_1_67' title="bbox 1114 882 1853 926; baseline 0.001 -11"><span class='ocrx_word' id='word_1_317' title='bbox 1114 883 1232 916; x_wconf 89' lang='lat' dir='ltr'>ralium</span> <span class='ocrx_word' id='word_1_318' title='bbox 1259 882 1431 920; x_wconf 81' lang='lat' dir='ltr'>solutione,</span> <span class='ocrx_word' id='word_1_319' title='bbox 1448 883 1716 926; x_wconf 77' lang='lat' dir='ltr'>publicorumque</span> <span class='ocrx_word' id='word_1_320' title='bbox 1742 894 1853 916; x_wconf 83' lang='lat' dir='ltr'>mune-</span> 
     </span>
     <span class='ocr_line' id='line_1_68' title="bbox 1115 936 1853 980; baseline 0.001 -12"><span class='ocrx_word' id='word_1_321' title='bbox 1115 948 1184 969; x_wconf 82' lang='lat' dir='ltr'>rum</span> <span class='ocrx_word' id='word_1_322' title='bbox 1209 936 1465 980; x_wconf 75' lang='lat' dir='ltr'>supportatione,</span> <span class='ocrx_word' id='word_1_323' title='bbox 1491 948 1525 968; x_wconf 83' lang='lat' dir='ltr'>ac</span> <span class='ocrx_word' id='word_1_324' title='bbox 1553 947 1610 979; x_wconf 86' lang='lat' dir='ltr'>pro</span> <span class='ocrx_word' id='word_1_325' title='bbox 1635 936 1692 968; x_wconf 82' lang='lat' dir='ltr'>viis</span> <span class='ocrx_word' id='word_1_326' title='bbox 1720 942 1751 968; x_wconf 88' lang='lat' dir='ltr'>et</span> <span class='ocrx_word' id='word_1_327' title='bbox 1774 947 1853 979; x_wconf 89' lang='lat' dir='ltr'>pon-</span> 
     </span>
     <span class='ocr_line' id='line_1_69' title="bbox 1115 989 1853 1028; baseline -0.001 -7"><span class='ocrx_word' id='word_1_328' title='bbox 1115 989 1201 1021; x_wconf 82' lang='lat' dir='ltr'>tibus</span> <span class='ocrx_word' id='word_1_329' title='bbox 1239 989 1488 1025; x_wconf 83' lang='lat' dir='ltr'>construendis,</span> <span class='ocrx_word' id='word_1_330' title='bbox 1516 989 1759 1028; x_wconf 62' lang='lat' dir='ltr'>instaurandis,</span> <span class='ocrx_word' id='word_1_331' title='bbox 1786 1000 1853 1021; x_wconf 93' lang='lat' dir='ltr'>mu-</span> 
     </span>
     <span class='ocr_line' id='line_1_70' title="bbox 1114 1042 1853 1085; baseline -0.001 -11"><span class='ocrx_word' id='word_1_332' title='bbox 1114 1042 1241 1075; x_wconf 88' lang='lat' dir='ltr'>niendis</span> <span class='ocrx_word' id='word_1_333' title='bbox 1266 1046 1297 1074; x_wconf 83' lang='lat' dir='ltr'>ct</span> <span class='ocrx_word' id='word_1_334' title='bbox 1322 1042 1581 1079; x_wconf 77' lang='lat' dir='ltr'>maniueneiulis,</span> <span class='ocrx_word' id='word_1_335' title='bbox 1607 1042 1741 1085; x_wconf 66' lang='lat' dir='ltr'>aliisque</span> <span class='ocrx_word' id='word_1_336' title='bbox 1772 1042 1853 1074; x_wconf 83' lang='lat' dir='ltr'>indi-</span> 
     </span>
     <span class='ocr_line' id='line_1_71' title="bbox 1114 1094 1851 1137; baseline -0.001 -10"><span class='ocrx_word' id='word_1_337' title='bbox 1114 1094 1232 1136; x_wconf 73' lang='lat' dir='ltr'>gentiis</span> <span class='ocrx_word' id='word_1_338' title='bbox 1274 1100 1305 1127; x_wconf 90' lang='lat' dir='ltr'>et</span> <span class='ocrx_word' id='word_1_339' title='bbox 1345 1094 1455 1126; x_wconf 76' lang='lat' dir='ltr'>usibus</span> <span class='ocrx_word' id='word_1_340' title='bbox 1496 1094 1751 1137; x_wconf 65' lang='lat' dir='ltr'>‹puibuscumque</span> <span class='ocrx_word' id='word_1_341' title='bbox 1790 1100 1851 1127; x_wconf 87' lang='lat' dir='ltr'>tam</span> 
     </span>
     <span class='ocr_line' id='line_1_72' title="bbox 1113 1148 1852 1190; baseline 0.003 -13"><span class='ocrx_word' id='word_1_342' title='bbox 1113 1158 1260 1180; x_wconf 76' lang='lat' dir='ltr'>camerae</span> <span class='ocrx_word' id='word_1_343' title='bbox 1287 1159 1382 1190; x_wconf 82' lang='lat' dir='ltr'>quain</span> <span class='ocrx_word' id='word_1_344' title='bbox 1417 1148 1684 1180; x_wconf 71' lang='lat' dir='ltr'>conumrniiatum</span> <span class='ocrx_word' id='word_1_345' title='bbox 1717 1153 1749 1180; x_wconf 80' lang='lat' dir='ltr'>et</span> <span class='ocrx_word' id='word_1_346' title='bbox 1781 1148 1852 1180; x_wconf 91' lang='lat' dir='ltr'>uni-</span> 
     </span>
     <span class='ocr_line' id='line_1_73' title="bbox 1113 1200 1852 1243; baseline 0.003 -12"><span class='ocrx_word' id='word_1_347' title='bbox 1113 1200 1301 1232; x_wconf 78' lang='lat' dir='ltr'>versitatum</span> <span class='ocrx_word' id='word_1_348' title='bbox 1328 1200 1576 1243; x_wconf 79' lang='lat' dir='ltr'>pracdictarum,</span> <span class='ocrx_word' id='word_1_349' title='bbox 1603 1212 1657 1233; x_wconf 82' lang='lat' dir='ltr'>seu</span> <span class='ocrx_word' id='word_1_350' title='bbox 1684 1201 1778 1240; x_wconf 58' lang='lat' dir='ltr'>alias,</span> <span class='ocrx_word' id='word_1_351' title='bbox 1806 1202 1852 1233; x_wconf 90' lang='lat' dir='ltr'>in-</span> 
     </span>
     <span class='ocr_line' id='line_1_74' title="bbox 1114 1253 1852 1295; baseline 0.001 -11"><span class='ocrx_word' id='word_1_352' title='bbox 1114 1253 1198 1284; x_wconf 78' lang='lat' dir='ltr'>dicta</span> <span class='ocrx_word' id='word_1_353' title='bbox 1217 1258 1247 1284; x_wconf 72' lang='lat' dir='ltr'>et</span> <span class='ocrx_word' id='word_1_354' title='bbox 1265 1253 1416 1295; x_wconf 75' lang='lat' dir='ltr'>imposita</span> <span class='ocrx_word' id='word_1_355' title='bbox 1430 1264 1466 1284; x_wconf 78' lang='lat' dir='ltr'>ac</span> <span class='ocrx_word' id='word_1_356' title='bbox 1483 1253 1565 1295; x_wconf 55' lang='lat' dir='ltr'>[wigii</span> <span class='ocrx_word' id='word_1_357' title='bbox 1582 1253 1675 1285; x_wconf 82' lang='lat' dir='ltr'>solita</span> <span class='ocrx_word' id='word_1_358' title='bbox 1690 1258 1775 1292; x_wconf 85' lang='lat' dir='ltr'>sunt,</span> <span class='ocrx_word' id='word_1_359' title='bbox 1793 1264 1852 1286; x_wconf 79' lang='lat' dir='ltr'>nec</span> 
     </span>
     <span class='ocr_line' id='line_1_75' title="bbox 1113 1305 1852 1349; baseline 0.003 -13"><span class='ocrx_word' id='word_1_360' title='bbox 1113 1316 1175 1338; x_wconf 88' lang='lat' dir='ltr'>non</span> <span class='ocrx_word' id='word_1_361' title='bbox 1202 1306 1240 1337; x_wconf 85' lang='lat' dir='ltr'>ab</span> <span class='ocrx_word' id='word_1_362' title='bbox 1267 1305 1466 1347; x_wconf 72' lang='lat' dir='ltr'>13›I)ligationc</span> <span class='ocrx_word' id='word_1_363' title='bbox 1494 1305 1670 1348; x_wconf 75' lang='lat' dir='ltr'>reeipiendi</span> <span class='ocrx_word' id='word_1_364' title='bbox 1693 1311 1724 1338; x_wconf 88' lang='lat' dir='ltr'>et</span> <span class='ocrx_word' id='word_1_365' title='bbox 1743 1306 1852 1349; x_wconf 72' lang='lat' dir='ltr'>hespi—</span> 
     </span>
     <span class='ocr_line' id='line_1_76' title="bbox 1114 1358 1852 1401; baseline 0.001 -11"><span class='ocrx_word' id='word_1_366' title='bbox 1114 1358 1199 1391; x_wconf 85' lang='lat' dir='ltr'>tandi</span> <span class='ocrx_word' id='word_1_367' title='bbox 1226 1358 1345 1391; x_wconf 77' lang='lat' dir='ltr'>milites</span> <span class='ocrx_word' id='word_1_368' title='bbox 1362 1364 1391 1390; x_wconf 89' lang='lat' dir='ltr'>et</span> <span class='ocrx_word' id='word_1_369' title='bbox 1410 1358 1499 1391; x_wconf 74' lang='lat' dir='ltr'>Sedis</span> <span class='ocrx_word' id='word_1_370' title='bbox 1525 1359 1708 1401; x_wconf 83' lang='lat' dir='ltr'>praedictae</span> <span class='ocrx_word' id='word_1_371' title='bbox 1733 1358 1852 1391; x_wconf 78' lang='lat' dir='ltr'>officia-</span> 
     </span>
     <span class='ocr_line' id='line_1_77' title="bbox 1113 1411 1851 1454; baseline 0.001 -11"><span class='ocrx_word' id='word_1_372' title='bbox 1113 1412 1180 1449; x_wconf 82' lang='lat' dir='ltr'>les,</span> <span class='ocrx_word' id='word_1_373' title='bbox 1205 1411 1404 1453; x_wconf 53' lang='lat' dir='ltr'>barigi-llos,</span> <span class='ocrx_word' id='word_1_374' title='bbox 1437 1416 1652 1454; x_wconf 80' lang='lat' dir='ltr'>exequutores</span> <span class='ocrx_word' id='word_1_375' title='bbox 1669 1438 1676 1450; x_wconf 87' lang='lat'>,</span> <span class='ocrx_word' id='word_1_376' title='bbox 1704 1411 1851 1454; x_wconf 81' lang='lat' dir='ltr'>aliosque</span> 
     </span>
     <span class='ocr_line' id='line_1_78' title="bbox 1113 1463 1853 1505; baseline 0.003 -11"><span class='ocrx_word' id='word_1_377' title='bbox 1113 1463 1253 1496; x_wconf 80' lang='lat' dir='ltr'>iustitiae</span> <span class='ocrx_word' id='word_1_378' title='bbox 1289 1463 1471 1503; x_wconf 81' lang='lat' dir='ltr'>ministros,</span> <span class='ocrx_word' id='word_1_379' title='bbox 1499 1464 1611 1505; x_wconf 81' lang='lat' dir='ltr'>cisque</span> <span class='ocrx_word' id='word_1_380' title='bbox 1644 1463 1796 1497; x_wconf 81' lang='lat' dir='ltr'>utensilia</span> <span class='ocrx_word' id='word_1_381' title='bbox 1821 1469 1853 1496; x_wconf 90' lang='lat' dir='ltr'>et</span> 
     </span>
    </p>
   </div>
   <div class='ocr_carea' id='block_1_11' title="bbox 1089 1516 1852 1559">
    <p class='ocr_par' dir='ltr' id='par_1_12' title="bbox 1089 1516 1852 1559">
     <span class='ocr_line' id='line_1_79' title="bbox 1089 1516 1852 1559; baseline 0.003 -11"><span class='ocrx_word' id='word_1_382' title='bbox 1089 1525 1090 1542; x_wconf 68' lang='lat' dir='ltr'>t</span> <span class='ocrx_word' id='word_1_383' title='bbox 1112 1516 1174 1548; x_wconf 82' lang='lat' dir='ltr'>alia</span> <span class='ocrx_word' id='word_1_384' title='bbox 1201 1516 1383 1549; x_wconf 82' lang='lat' dir='ltr'>necessaria</span> <span class='ocrx_word' id='word_1_385' title='bbox 1409 1517 1687 1554; x_wconf 82' lang='lat' dir='ltr'>subministrandi,</span> <span class='ocrx_word' id='word_1_386' title='bbox 1707 1527 1764 1559; x_wconf 90' lang='lat' dir='ltr'>per</span> <span class='ocrx_word' id='word_1_387' title='bbox 1790 1517 1852 1550; x_wconf 83' lang='lat' dir='ltr'>Ro-</span> 
     </span>
    </p>
   </div>
   <div class='ocr_carea' id='block_1_12' title="bbox 1112 1569 1852 1665">
    <p class='ocr_par' dir='ltr' id='par_1_13' title="bbox 1112 1569 1852 1665">
     <span class='ocr_line' id='line_1_80' title="bbox 1113 1569 1849 1613; baseline 0.004 -13"><span class='ocrx_word' id='word_1_388' title='bbox 1113 1579 1224 1601; x_wconf 85' lang='lat' dir='ltr'>manos</span> <span class='ocrx_word' id='word_1_389' title='bbox 1241 1569 1411 1602; x_wconf 74' lang='lat' dir='ltr'>Pontifices</span> <span class='ocrx_word' id='word_1_390' title='bbox 1424 1570 1694 1613; x_wconf 60' lang='lat' dir='ltr'>praedecessores</span> <span class='ocrx_word' id='word_1_391' title='bbox 1708 1575 1849 1611; x_wconf 85' lang='lat' dir='ltr'>nostros,</span> 
     </span>
     <span class='ocr_line' id='line_1_81' title="bbox 1112 1622 1852 1665; baseline 0 -13"><span class='ocrx_word' id='word_1_392' title='bbox 1112 1633 1145 1653; x_wconf 84' lang='lat' dir='ltr'>ac</span> <span class='ocrx_word' id='word_1_393' title='bbox 1166 1622 1312 1655; x_wconf 86' lang='lat' dir='ltr'>eamdem</span> <span class='ocrx_word' id='word_1_394' title='bbox 1330 1622 1446 1654; x_wconf 84' lang='lat' dir='ltr'>Sedcm</span> <span class='ocrx_word' id='word_1_395' title='bbox 1467 1622 1694 1665; x_wconf 56' lang='lat' dir='ltr'>Aptstolicam,</span> <span class='ocrx_word' id='word_1_396' title='bbox 1711 1628 1741 1655; x_wconf 83' lang='lat' dir='ltr'>et</span> <span class='ocrx_word' id='word_1_397' title='bbox 1760 1634 1852 1665; x_wconf 85' lang='lat' dir='ltr'>quos-</span> 
     </span>
    </p>
   </div>
   <div class='ocr_carea' id='block_1_13' title="bbox 1111 1727 1851 2565">
    <p class='ocr_par' dir='ltr' id='par_1_14' title="bbox 1111 1727 1851 2565">
     <span class='ocr_line' id='line_1_82' title="bbox 1111 1727 1851 1771; baseline 0.004 -13"><span class='ocrx_word' id='word_1_398' title='bbox 1111 1728 1208 1761; x_wconf 67' lang='lat' dir='ltr'>«iales</span> <span class='ocrx_word' id='word_1_399' title='bbox 1235 1732 1266 1760; x_wconf 82' lang='lat' dir='ltr'>et</span> <span class='ocrx_word' id='word_1_400' title='bbox 1289 1727 1467 1767; x_wconf 86' lang='lat' dir='ltr'>ministros,</span> <span class='ocrx_word' id='word_1_401' title='bbox 1483 1739 1688 1771; x_wconf 85' lang='lat' dir='ltr'>quacumque</span> <span class='ocrx_word' id='word_1_402' title='bbox 1715 1729 1851 1762; x_wconf 83' lang='lat' dir='ltr'>auctori-</span> 
     </span>
     <span class='ocr_line' id='line_1_83' title="bbox 1112 1780 1847 1823; baseline 0.004 -12"><span class='ocrx_word' id='word_1_403' title='bbox 1112 1786 1174 1813; x_wconf 84' lang='lat' dir='ltr'>tate</span> <span class='ocrx_word' id='word_1_404' title='bbox 1190 1785 1221 1813; x_wconf 88' lang='lat' dir='ltr'>et</span> <span class='ocrx_word' id='word_1_405' title='bbox 1235 1784 1394 1823; x_wconf 80' lang='lat' dir='ltr'>potestate</span> <span class='ocrx_word' id='word_1_406' title='bbox 1411 1780 1593 1822; x_wconf 79' lang='lat' dir='ltr'>fungentes,</span> <span class='ocrx_word' id='word_1_407' title='bbox 1605 1780 1700 1813; x_wconf 89' lang='lat' dir='ltr'>etiam</span> <span class='ocrx_word' id='word_1_408' title='bbox 1718 1780 1749 1813; x_wconf 85' lang='lat' dir='ltr'>S.</span> <span class='ocrx_word' id='word_1_409' title='bbox 1764 1780 1800 1813; x_wconf 81' lang='lat' dir='ltr'>R.</span> <span class='ocrx_word' id='word_1_410' title='bbox 1813 1781 1847 1814; x_wconf 89' lang='grc' dir='ltr'>Ε.</span> 
     </span>
     <span class='ocr_line' id='line_1_84' title="bbox 1111 1833 1849 1875; baseline 0.003 -11"><span class='ocrx_word' id='word_1_411' title='bbox 1111 1834 1302 1870; x_wconf 69' lang='lat' dir='ltr'>cardinales¹</span> <span class='ocrx_word' id='word_1_412' title='bbox 1317 1833 1412 1866; x_wconf 87' lang='lat' dir='ltr'>etiam</span> <span class='ocrx_word' id='word_1_413' title='bbox 1428 1834 1466 1866; x_wconf 73' lang='lat' dir='ltr'>de</span> <span class='ocrx_word' id='word_1_414' title='bbox 1481 1835 1581 1866; x_wconf 83' lang='lat' dir='ltr'>latere</span> <span class='ocrx_word' id='word_1_415' title='bbox 1596 1834 1733 1875; x_wconf 76' lang='lat' dir='ltr'>legatos,</span> <span class='ocrx_word' id='word_1_416' title='bbox 1754 1834 1849 1866; x_wconf 87' lang='lat' dir='ltr'>etiam</span> 
     </span>
     <span class='ocr_line' id='line_1_85' title="bbox 1111 1886 1849 1929; baseline 0.003 -11"><span class='ocrx_word' id='word_1_417' title='bbox 1111 1886 1328 1926; x_wconf 78' lang='lat' dir='ltr'>camerarios,</span> <span class='ocrx_word' id='word_1_418' title='bbox 1354 1891 1549 1929; x_wconf 83' lang='lat' dir='ltr'>ceterosque</span> <span class='ocrx_word' id='word_1_419' title='bbox 1584 1886 1679 1918; x_wconf 88' lang='lat' dir='ltr'>etiam</span> <span class='ocrx_word' id='word_1_420' title='bbox 1717 1887 1849 1929; x_wconf 81' lang='lat' dir='ltr'>speciali</span> 
     </span>
     <span class='ocr_line' id='line_1_86' title="bbox 1112 1939 1850 1982; baseline 0.001 -11"><span class='ocrx_word' id='word_1_421' title='bbox 1112 1941 1186 1971; x_wconf 78' lang='lat' dir='ltr'>nota</span> <span class='ocrx_word' id='word_1_422' title='bbox 1211 1944 1241 1971; x_wconf 87' lang='lat' dir='ltr'>et</span> <span class='ocrx_word' id='word_1_423' title='bbox 1269 1939 1480 1981; x_wconf 75' lang='lat' dir='ltr'>expressi0ne</span> <span class='ocrx_word' id='word_1_424' title='bbox 1512 1939 1627 1981; x_wconf 73' lang='lat' dir='ltr'>dignos</span> <span class='ocrx_word' id='word_1_425' title='bbox 1661 1949 1695 1970; x_wconf 86' lang='lat' dir='ltr'>ac</span> <span class='ocrx_word' id='word_1_426' title='bbox 1727 1939 1850 1982; x_wconf 83' lang='lat' dir='ltr'>specia-</span> 
     </span>
     <span class='ocr_line' id='line_1_87' title="bbox 1112 1991 1850 2034; baseline 0.001 -10"><span class='ocrx_word' id='word_1_427' title='bbox 1112 1993 1175 2024; x_wconf 60' lang='lat' dir='ltr'>lom</span> <span class='ocrx_word' id='word_1_428' title='bbox 1200 1991 1239 2024; x_wconf 87' lang='lat' dir='ltr'>ad</span> <span class='ocrx_word' id='word_1_429' title='bbox 1265 1991 1297 2024; x_wconf 91' lang='lat' dir='ltr'>id</span> <span class='ocrx_word' id='word_1_430' title='bbox 1323 1991 1507 2023; x_wconf 73' lang='lat' dir='ltr'>facultatem</span> <span class='ocrx_word' id='word_1_431' title='bbox 1525 1992 1696 2030; x_wconf 82' lang='lat' dir='ltr'>babentes,</span> <span class='ocrx_word' id='word_1_432' title='bbox 1718 1992 1850 2034; x_wconf 76' lang='lat' dir='ltr'>quibus-</span> 
     </span>
     <span class='ocr_line' id='line_1_88' title="bbox 1112 2044 1850 2085; baseline 0.001 -8"><span class='ocrx_word' id='word_1_433' title='bbox 1112 2045 1156 2077; x_wconf 76' lang='lat' dir='ltr'>vis</span> <span class='ocrx_word' id='word_1_434' title='bbox 1181 2044 1481 2084; x_wconf 75' lang='lat' dir='ltr'>conuminitatibus,</span> <span class='ocrx_word' id='word_1_435' title='bbox 1510 2044 1783 2085; x_wconf 70' lang='lat' dir='ltr'>universitatibus,</span> <span class='ocrx_word' id='word_1_436' title='bbox 1807 2046 1850 2078; x_wconf 88' lang='lat' dir='ltr'>ci-</span> 
     </span>
     <span class='ocr_line' id='line_1_89' title="bbox 1111 2096 1849 2140; baseline 0.003 -11"><span class='ocrx_word' id='word_1_437' title='bbox 1111 2097 1270 2137; x_wconf 79' lang='lat' dir='ltr'>vitatibus,</span> <span class='ocrx_word' id='word_1_438' title='bbox 1292 2097 1392 2135; x_wconf 77' lang='lat' dir='ltr'>terris,</span> <span class='ocrx_word' id='word_1_439' title='bbox 1412 2096 1540 2140; x_wconf 84' lang='lat' dir='ltr'>oppidis</span> <span class='ocrx_word' id='word_1_440' title='bbox 1563 2102 1594 2129; x_wconf 88' lang='lat' dir='ltr'>et</span> <span class='ocrx_word' id='word_1_441' title='bbox 1615 2097 1693 2129; x_wconf 83' lang='lat' dir='ltr'>locis</span> <span class='ocrx_word' id='word_1_442' title='bbox 1718 2097 1849 2131; x_wconf 82' lang='lat' dir='ltr'>ditionis</span> 
     </span>
     <span class='ocr_line' id='line_1_90' title="bbox 1111 2149 1848 2194; baseline 0.001 -11"><span class='ocrx_word' id='word_1_443' title='bbox 1111 2150 1300 2194; x_wconf 83' lang='lat' dir='ltr'>temporalis</span> <span class='ocrx_word' id='word_1_444' title='bbox 1319 2150 1349 2183; x_wconf 83' lang='lat' dir='ltr'>S.</span> <span class='ocrx_word' id='word_1_445' title='bbox 1374 2150 1411 2182; x_wconf 78' lang='lat' dir='ltr'>R.</span> <span class='ocrx_word' id='word_1_446' title='bbox 1431 2149 1464 2182; x_wconf 87' lang='lat' dir='ltr'>E.</span> <span class='ocrx_word' id='word_1_447' title='bbox 1484 2149 1681 2193; x_wconf 86' lang='lat' dir='ltr'>praedictae,</span> <span class='ocrx_word' id='word_1_448' title='bbox 1699 2161 1735 2183; x_wconf 91' lang='lat' dir='ltr'>ac</span> <span class='ocrx_word' id='word_1_449' title='bbox 1753 2151 1848 2184; x_wconf 84' lang='lat' dir='ltr'>etiam</span> 
     </span>
     <span class='ocr_line' id='line_1_91' title="bbox 1112 2202 1846 2246; baseline 0.004 -12"><span class='ocrx_word' id='word_1_450' title='bbox 1112 2203 1372 2246; x_wconf 83' lang='lat' dir='ltr'>quibuscumque</span> <span class='ocrx_word' id='word_1_451' title='bbox 1410 2202 1620 2243; x_wconf 82' lang='lat' dir='ltr'>feudatariis,</span> <span class='ocrx_word' id='word_1_452' title='bbox 1649 2204 1846 2244; x_wconf 78' lang='lat' dir='ltr'>censuariis,</span> 
     </span>
     <span class='ocr_line' id='line_1_92' title="bbox 1112 2255 1849 2298; baseline 0.001 -10"><span class='ocrx_word' id='word_1_453' title='bbox 1112 2255 1250 2288; x_wconf 89' lang='lat' dir='ltr'>dominis</span> <span class='ocrx_word' id='word_1_454' title='bbox 1268 2256 1426 2295; x_wconf 79' lang='lat' dir='ltr'>locorum,</span> <span class='ocrx_word' id='word_1_455' title='bbox 1446 2255 1576 2288; x_wconf 83' lang='lat' dir='ltr'>familiis</span> <span class='ocrx_word' id='word_1_456' title='bbox 1601 2256 1775 2298; x_wconf 89' lang='lat' dir='ltr'>nobilibus,</span> <span class='ocrx_word' id='word_1_457' title='bbox 1793 2257 1849 2290; x_wconf 88' lang='lat' dir='ltr'>ba-</span> 
     </span>
     <span class='ocr_line' id='line_1_93' title="bbox 1111 2309 1849 2351; baseline 0.004 -10"><span class='ocrx_word' id='word_1_458' title='bbox 1111 2309 1257 2350; x_wconf 86' lang='lat' dir='ltr'>ronibus,</span> <span class='ocrx_word' id='word_1_459' title='bbox 1284 2309 1455 2342; x_wconf 87' lang='lat' dir='ltr'>comitibus</span> <span class='ocrx_word' id='word_1_460' title='bbox 1472 2336 1480 2349; x_wconf 84' lang='lat'>,</span> <span class='ocrx_word' id='word_1_461' title='bbox 1506 2309 1766 2351; x_wconf 88' lang='lat' dir='ltr'>marchionibus,</span> <span class='ocrx_word' id='word_1_462' title='bbox 1793 2311 1849 2344; x_wconf 91' lang='lat' dir='ltr'>du-</span> 
     </span>
     <span class='ocr_line' id='line_1_94' title="bbox 1111 2361 1846 2405; baseline 0.005 -12"><span class='ocrx_word' id='word_1_463' title='bbox 1111 2361 1211 2402; x_wconf 86' lang='lat' dir='ltr'>cibus,</span> <span class='ocrx_word' id='word_1_464' title='bbox 1227 2361 1437 2405; x_wconf 87' lang='lat' dir='ltr'>principibus,</span> <span class='ocrx_word' id='word_1_465' title='bbox 1451 2366 1483 2394; x_wconf 87' lang='lat' dir='ltr'>et</span> <span class='ocrx_word' id='word_1_466' title='bbox 1497 2361 1567 2394; x_wconf 88' lang='lat' dir='ltr'>aliis</span> <span class='ocrx_word' id='word_1_467' title='bbox 1582 2362 1722 2396; x_wconf 84' lang='lat' dir='ltr'>cuiusvis</span> <span class='ocrx_word' id='word_1_468' title='bbox 1736 2369 1846 2404; x_wconf 84' lang='lat' dir='ltr'>status,</span> 
     </span>
     <span class='ocr_line' id='line_1_95' title="bbox 1111 2413 1847 2457; baseline 0.007 -12"><span class='ocrx_word' id='word_1_469' title='bbox 1111 2414 1250 2456; x_wconf 80' lang='lat' dir='ltr'>gradus,</span> <span class='ocrx_word' id='word_1_470' title='bbox 1276 2413 1472 2447; x_wconf 83' lang='lat' dir='ltr'>conditionis</span> <span class='ocrx_word' id='word_1_471' title='bbox 1511 2419 1542 2447; x_wconf 85' lang='lat' dir='ltr'>et</span> <span class='ocrx_word' id='word_1_472' title='bbox 1572 2415 1847 2457; x_wconf 79' lang='lat' dir='ltr'>praeeminentiae</span> 
     </span>
     <span class='ocr_line' id='line_1_96' title="bbox 1112 2467 1849 2510; baseline 0.004 -10"><span class='ocrx_word' id='word_1_473' title='bbox 1112 2467 1332 2505; x_wconf 71' lang='lat' dir='ltr'>existentibus,</span> <span class='ocrx_word' id='word_1_474' title='bbox 1359 2477 1395 2499; x_wconf 87' lang='lat' dir='ltr'>ac</span> <span class='ocrx_word' id='word_1_475' title='bbox 1421 2467 1530 2510; x_wconf 85' lang='lat' dir='ltr'>quavis</span> <span class='ocrx_word' id='word_1_476' title='bbox 1557 2467 1711 2510; x_wconf 79' lang='lat' dir='ltr'>dignitate</span> <span class='ocrx_word' id='word_1_477' title='bbox 1737 2475 1769 2502; x_wconf 85' lang='lat' dir='ltr'>et</span> <span class='ocrx_word' id='word_1_478' title='bbox 1793 2481 1849 2503; x_wconf 87' lang='lat' dir='ltr'>au·</span> 
     </span>
     <span class='ocr_line' id='line_1_97' title="bbox 1112 2520 1848 2565; baseline 0.003 -10"><span class='ocrx_word' id='word_1_479' title='bbox 1112 2520 1257 2555; x_wconf 76' lang='lat' dir='ltr'>ctoritate</span> <span class='ocrx_word' id='word_1_480' title='bbox 1283 2520 1475 2565; x_wconf 86' lang='lat' dir='ltr'>praedictis,</span> <span class='ocrx_word' id='word_1_481' title='bbox 1502 2520 1596 2553; x_wconf 85' lang='lat' dir='ltr'>etiarn</span> <span class='ocrx_word' id='word_1_482' title='bbox 1634 2521 1848 2558; x_wconf 81' lang='lat' dir='ltr'>cardinalatus</span> 
     </span>
    </p>
   </div>
   <div class='ocr_carea' id='block_1_14' title="bbox 1754 139 2047 174">
    <p class='ocr_par' dir='ltr' id='par_1_15' title="bbox 1754 139 2047 174">
     <span class='ocr_line' id='line_1_98' title="bbox 1754 139 2047 174; baseline 0.01 -3"><span class='ocrx_word' id='word_1_483' title='bbox 1754 139 1817 172; x_wconf 72' lang='grc' dir='ltr'>ΜἹ</span> <span class='ocrx_word' id='word_1_484' title='bbox 1864 148 1958 174; x_wconf 75' lang='lat' dir='ltr'>An.t1.</span> <span class='ocrx_word' id='word_1_485' title='bbox 1980 146 2047 174; x_wconf 63' lang='lat' dir='ltr'>¹ssae</span> 
     </span>
    </p>
   </div>
  </div>
 </body>
</html>
