2247 3208
151 199 186 224 An
217 199 246 225 C.
268 198 332 227 1067

170 1047 252 1068 Cumae
266 1053 326 1073 prae-

143 1078 208 1094 Ssssslls
226 1078 326 1094 Ciiustlltl·

143 1103 216 1121 tionis.

185 1678 325 1698 Cim-lavistis

144 1706 214 1724 *inci-ui
261 1705 322 1725 inillis

142 1735 247 1751 §rutarum
279 1738 323 1751 auri

142 1762 162 1777 νι
177 1760 219 1777 «tm
241 1758 323 1783 privile-

143 1790 176 1810 gia
192 1785 285 1810 lai-gitur.

976 199 1119 224 CLEMENS
1145 200 1173 223 ix
1199 200 1245 223 rr.

342 248 489 281 sentibus
528 248 605 292 ipsis
639 249 870 289 adhiberetur,
906 248 932 281 si
971 249 1100 282 sorent'

341 301 505 334 exhibitae
532 302 581 334 vel
601 308 766 334 ostensae.

383 353 494 386 Datum
519 353 648 391 Romae,
675 354 759 396 apud
785 353 815 386 S.
833 353 962 386 Mariam
983 353 1078 385 Maio-

339 417 417 445 rem,
435 406 494 438 sub
509 408 629 440 annulo
647 407 825 446 Piscatori&
845 407 895 439 die
910 416 988 439 xx111
1010 405 1078 438 iulii

338 469 504 499 unctxvn,
523 459 726 502 pontificatus
753 460 861 499 nostri,
886 469 969 491 auno
986 468 1008 491 1.

374 521 430 547 Dat.
453 520 496 548 die
515 521 550 548 23
570 522 627 548 iulii
651 522 732 555 1667,
755 521 848 557 pontis.
871 528 941 548 anno
962 528 980 547 1.

681 636 731 668 ΙΙΙ,

338 706 532 746 Ρνίυίίυρίη,
556 706 685 748 qratia?
715 710 745 737 el
775 705 906 738 indulta
932 715 1078 737 concessa

382 758 597 797 mactavistis,
618 758 677 800 qai
688 758 906 800 interfuermzt
919 757 1074 797 conclavi,

382 812 417 842 ⁴in
442 821 505 853 quo
529 810 571 842 ad
590 810 712 842 summi
730 810 929 853 apostolatus
953 812 1077 854 apicem

381 862 446 904 fuit
471 867 603 895 evectus.

557 933 689 959 Clemens
711 933 789 966 Papa
810 933 857 963 IX,

490 977 585 1003 Urbis.
610 978 692 1003 Motu
712 976 840 1010 proprio,
862 979 919 1004 etc.

382 1039 396 1081 ἓ
421 1038 451 1070 1.
479 1038 550 1078 Nos,
577 1039 722 1071 volentes
740 1038 875 1071 dilectos
893 1037 974 1071 filios
1000 1048 1077 1070 con·

338 1091 500 1128 clavistas,
528 1092 582 1134 qui
608 1091 768 1130 conclavi,
803 1092 834 1123 in
860 1102 941 1134 quo,
968 1091 1076 1123 divina

339 1144 464 1176 favente
488 1144 670 1180 clementia,
691 1145 728 1176 ad
745 1144 860 1175 sumini
878 1144 1075 1186 apostolatus

338 1197 461 1239 apicem
475 1197 630 1240 assumpti
649 1198 775 1236 suimus,
794 1197 887 1229 nobis
902 1203 933 1229 et
946 1208 1075 1230 venera-

337 1250 456 1282 bilibus
474 1251 624 1282 sratribus
641 1251 760 1282 nostris
778 1250 808 1282 S.
828 1250 863 1281 R.
881 1250 914 1283 E.
932 1250 1076 1282 cardina-

335 1303 419 1335 libus
444 1304 489 1335 uti
508 1303 681 1335 familiares
700 1308 728 1335 et
752 1303 896 1335 continui
913 1313 1075 1334 commen·

335 1357 418 1389 sales
447 1356 658 1389 inservientes
689 1357 923 1395 interfuerunt,
956 1356 1074 1399 quique

335 1411 371 1441 ea
398 1409 435 1441 de
462 1412 556 1442 causa
580 1410 719 1448 labores,
747 1409 871 1451 vigilias
898 1415 928 1441 et
953 1401 1081 1441 incouiss

335 1462 428 1494 moda
461 1464 554 1505 plura
588 1463 775 1501 subierunt⁷
813 1462 922 1494 habita
948 1462 1073 1494 ratione

335 1516 565 1558 obsequiorum
591 1515 785 1554 huiusmodi,
808 1515 980 1555 favoribus,
1006 1526 1075 1557 gra-

337 1568 387 1599 tiis
413 1573 445 1599 et
469 1568 647 1610 privilegiis
679 1579 736 1612 pro
770 1568 924 1610 cuiusque
951 1568 1074 1601 meritis

337 1631 512 1660 emrnare3

380 1674 394 1715 g
412 1673 442 1704 ⁶2.
464 1673 626 1716 Ipsosque'
647 1674 854 1706 conclavistas
873 1673 1002 1716 (quibus
1017 1671 1074 1706 bo-

337 1725 398 1765 die,
417 1736 452 1757 ac
473 1726 543 1759 aliis
561 1726 830 1769 participantibus
855 1726 1026 1769 descriptis
1041 1726 1073 1758 in

337 1780 404 1811 rolo
434 1789 490 1811 seu
524 1779 679 1812 divisione
712 1780 894 1822 subscripto
926 1781 974 1812 vel
1000 1779 1074 1811 sub-

337 1831 455 1873 scripta
488 1842 547 1874 per
589 1832 741 1865 dilectum
784 1833 884 1864 flium
930 1838 1074 1864 nostrum

336 1883 464 1915 Petrum
490 1884 573 1916 tituli
592 1884 622 1916 S.
642 1885 735 1916 Marci
762 1886 985 1928 presbyterum
1007 1894 1074 1916 rar-

336 1936 477 1968 ‹linalem
501 1936 697 1969 Ottobonuin
717 1943 933 1981 nuncupatum
958 1938 1074 1980 proda-

337 1989 452 2021 tarium
481 1995 646 2029 nostrum,
681 2001 838 2022 sumniam
869 1991 979 2023 deceni
1003 1990 1074 2022 mil·

337 2041 413 2073 lium
443 2047 605 2074 scutorum
628 2043 696 2074 auri
732 2043 763 2074 in
791 2053 865 2075 auro
900 2053 936 2074 ex
966 2042 1072 2085 pretio

338 2098 381 2125 tot
393 2093 571 2125 officiorum
587 2094 778 2126 vacabilium
796 2095 834 2126 ad
850 2106 908 2127 nos
925 2100 1074 2137 spectan-

339 2145 414 2177 tium
439 2146 574 2188 gratiose
601 2147 801 2189 donavimus)
833 2148 865 2179 in
890 2158 998 2185 veros,
1026 2148 1074 2179 in-

338 2197 518 2237 dubitatos,
553 2204 584 2230 et
614 2209 679 2232 non
711 2199 800 2232 fictos
834 2200 1006 2232 familiares
1043 2205 1074 2232 et

338 2251 506 2284 continuos
532 2255 764 2286 commensales
790 2258 926 2293 nostros,
949 2264 984 2285 ao
1003 2264 1071 2294 eos,

338 2304 390 2346 qui
417 2315 454 2336 ex
481 2304 543 2337 illis
568 2305 678 2337 clerici
703 2307 843 2338 existunt
866 2317 920 2338 scu
939 2307 1073 2339 militiae

336 2356 476 2389 clericali
514 2357 653 2389 adscribi
688 2358 894 2398 desiderant,
926 2370 1072 2402 quosque

337 2414 399 2440 tres
423 2410 608 2442 huiusmodi
631 2410 809 2443 cardinales
836 2411 1020 2453 singulatim
1042 2412 1073 2444 in

337 2462 477 2503 quolibet
505 2463 617 2494 ordine
644 2463 842 2505 antiquiores
873 2464 992 2505 gradu,
1020 2475 1076 2496 no-

336 2513 459 2546 bilitate
494 2520 523 2546 et
555 2515 625 2547 aliis
655 2515 776 2547 meritis
808 2516 923 2558 dignos
948 2516 1001 2548 tali
1028 2517 1075 2548 di-

374 2577 384 2601 1
408 2575 562 2610 Legendum
584 2576 661 2610 Ipsos
684 2577 773 2611 (nm).

1762 191 1825 224 517

1122 247 1242 289 gnitate
1268 247 1491 289 iudicaverint,
1521 249 1551 281 in
1577 253 1707 282 nostros
1726 255 1757 281 et
1774 249 1863 282 Sedis

1121 300 1327 343 Apostolicae
1354 301 1512 341 notarios,
1538 301 1606 334 sine
1632 306 1743 334 tamen
1768 312 1863 345 prae-

1121 353 1239 385 iudicio
1266 353 1457 386 dilectorum
1483 353 1621 387 fitiorum
1654 354 1692 386 de
1724 364 1862 387 numero

1121 406 1380 448 participantium
1393 407 1606 446 notariorum,
1623 408 1811 450 recipimus;
1832 414 1863 441 et

1122 463 1185 490 tam
1209 457 1298 497 illos,
1324 469 1417 500 quam
1449 458 1528 491 alios
1561 460 1772 493 conclavistas
1797 461 1862 493 sin-

1121 510 1221 552 gulos,
1249 510 1303 553 qui
1328 511 1514 552 singulatim
1545 512 1584 543 ab
1610 513 1733 545 eisdem
1759 513 1860 546 tribus

1120 562 1341 595 cardinalibus
1374 563 1462 605 digni
1495 564 1550 596 tali
1577 564 1694 597 onere¹
1720 566 1859 608 reputati

1120 614 1247 654 suerint,
1263 615 1344 647 sacri
1371 616 1479 658 palatii
1499 621 1529 649 et
1554 618 1646 649 aulae
1668 617 1860 651 Lateranen-

1120 667 1161 699 sis
1180 667 1313 700 comites
1332 673 1361 701 et
1387 668 1521 709 milites;
1539 675 1570 701 et
1588 675 1651 702 tam
1671 671 1742 703 illos
1765 682 1859 713 quam

1119 730 1232 752 omnes
1258 726 1289 753 et
1313 731 1534 764 quoscumque
1571 721 1651 755 alios
1682 724 1859 756 conclavis-

1119 778 1166 805 tas
1191 773 1396 813 indistincte,
1423 774 1478 817 qui
1510 775 1635 808 nobiles
1666 786 1730 808 non
1763 782 1858 815 sunt,

1119 825 1265 865 nobiles,
1292 826 1412 869 quique
1445 826 1539 859 Urbis
1571 829 1620 860 vel
1647 828 1779 860 alicuius
1816 830 1859 861 al-

1119 878 1219 910 terius
1245 889 1280 911 ex
1307 879 1487 911 civitatibus
1517 880 1689 923 temporali
1715 880 1858 914 dominio

1119 931 1224 963 eidem
1249 931 1411 965 Romanae
1444 932 1606 965 Ecclesiae
1639 933 1777 966 mediate
1808 936 1857 967 vel

1118 982 1303 1016 immediate
1322 985 1474 1017 subiectis
1493 985 1578 1017 cives
1596 996 1666 1018 esse
1685 986 1856 1025 voluerint,

1118 1037 1264 1079 singulos
1290 1038 1322 1070 in
1350 1041 1385 1071 ca
1411 1039 1480 1082 ipsa
1506 1040 1646 1079 civitate,
1674 1050 1769 1083 quam
1793 1041 1857 1073 sin-

1118 1090 1253 1132 gillatim
1281 1092 1416 1134 quisque
1443 1102 1555 1124 eorum
1581 1093 1733 1134 elegerit,
1762 1099 1792 1126 et
1817 1094 1856 1126 ad

1119 1153 1213 1185 quam
1240 1144 1278 1175 ab
1304 1144 1426 1177 eisdem
1453 1145 1552 1177 tribus
1578 1146 1797 1182 cardinalibus
1823 1157 1855 1179 sc

1118 1195 1240 1227 admitti
1267 1197 1407 1238 petierit,
1425 1208 1515 1229 veros
1534 1198 1616 1230 cives
1641 1199 1680 1230 ad
1707 1198 1805 1231 instar
1825 1205 1857 1231 et

1117 1249 1204 1280 nulla.
1237 1260 1370 1291 prorsus
1403 1249 1582 1282 dill'erentia
1616 1251 1700 1283 inter
1730 1261 1785 1283 eos
1825 1255 1857 1282 et

1116 1301 1261 1343 singulos
1286 1302 1366 1334 alios
1393 1313 1495 1339 veros,
1523 1304 1717 1345 originarios
1744 1308 1776 1335 et
1801 1313 1856 1335 an-

1117 1354 1319 1396 tiquissimos
1338 1355 1432 1387 ctiam
1452 1355 1578 1387 nobiles
1607 1361 1638 1387 ct
1664 1356 1856 1398 participan-

1117 1407 1265 1449 tesbcives
1291 1407 1393 1450 ipsius
1415 1407 1507 1440 Urbis
1525 1409 1572 1440 vel
1594 1408 1738 1448 civitatis,
1760 1408 1803 1440 ita
1822 1414 1855 1440 ut

1116 1460 1220 1502 ipsum
1246 1460 1295 1491 ius
1320 1460 1455 1492 civitatis
1477 1461 1515 1493 ad
1542 1471 1761 1503 quoscumque
1787 1461 1856 1494 illo-

1115 1523 1186 1545 runi
1219 1513 1380 1545 haeredes
1413 1514 1529 1546 eodem
1560 1513 1656 1546 modo
1689 1519 1852 1554 transeat,

1116 1575 1268 1604 creamus,
1296 1566 1521 1598 constituimus
1546 1571 1577 1598 et
1602 1566 1804 1609 deputamus,
1819 1576 1853 1599 ac

1116 1617 1294 1650 nobilitatis
1321 1624 1353 1651 et
1377 1619 1536 1651 civilitatis
1559 1619 1659 1658 titulo,
1680 1619 1804 1651 bonore
1824 1624 1855 1651 et

1116 1670 1263 1713 insigniis
1284 1671 1479 1705 decoramus,
1497 1671 1696 1714 aliorumque
1722 1671 1855 1704 familia-

1115 1724 1199 1755 rium
1225 1729 1256 1756 et
1277 1724 1502 1757 continuorum
1521 1725 1784 1757 commensalium
1801 1735 1854 1757 no-

1115 1777 1164 1809 bis
1199 1783 1269 1809 actu
1303 1778 1334 1809 in
1371 1778 1491 1821 palatio
1528 1784 1639 1810 nostro
1675 1779 1853 1821 apostolico

1116 1830 1369 1870 inservientium,
1389 1841 1424 1863 ac
1446 1831 1477 1862 in
1504 1831 1591 1863 illius
1617 1831 1730 1863 tinello
1749 1841 1854 1864 come-

1116 1884 1259 1915 dentium
1284 1889 1316 1915 et
1339 1883 1533 1925 bibentium,
1557 1894 1592 1916 ac
1617 1890 1805 1917 nostrorum
1823 1890 1854 1917 et

1115 1935 1204 1968 Sedis
1229 1936 1413 1978 praedictae
1439 1937 1660 1976 notariorum,
1686 1937 1796 1980 palatii
1822 1943 1853 1969 et

1116 1990 1208 2020 aulae
1240 1989 1481 2031 praedictorum
1513 1990 1686 2029 comitum,
1715 1989 1853 2022 militum

1116 2048 1147 2074 et
1174 2042 1329 2075 nobilium
1363 2054 1397 2074 ac
1431 2043 1547 2075 civium
1580 2043 1764 2076 huiusmodi
1790 2043 1854 2076 ori-

1116 2096 1314 2137 ginariorum
1347 2106 1482 2129 numero
1515 2102 1545 2129 et
1578 2097 1742 2130 consortio
1768 2098 1853 2130 savo-

1116 2148 1265 2181 rabiliter
1289 2159 1521 2191 aggregamus,
1548 2160 1584 2181 ac
1617 2160 1675 2192 pro
1710 2151 1792 2182 veris
1823 2156 1853 2183 et

1116 2200 1305 2233 indubitatis
1331 2206 1361 2233 et
1375 2211 1439 2233 non
1457 2201 1538 2234 fictis
1558 2201 1768 2235 familiaribus
1783 2213 1853 2236 con-

1117 2254 1216 2286 tinuis
1243 2254 1536 2294 commensalibus,
1564 2265 1599 2287 ac
1632 2255 1765 2288 notariis
1795 2266 1854 2288 no-

1116 2307 1196 2346 stris7
1224 2307 1411 2346 comitibus,
1439 2307 1614 2348 nobilibus,
1642 2308 1796 2341 militibus
1823 2314 1853 2340 et

1116 2359 1238 2391 civibus
1260 2360 1412 2402 deinceps
1438 2360 1550 2392 haberi
1572 2362 1729 2401 volumus
1753 2372 1789 2394 ac
1810 2371 1854 2393 re-

1116 2412 1221 2454 putari
1248 2412 1451 2452 mandamus3
1475 2413 1596 2456 eisque,
1614 2414 1695 2445 utin
1722 2414 1854 2457 quibus-

1117 2474 1256 2507 cumque
1277 2464 1567 2507 impetrationibus,
1587 2467 1852 2499 concessionibus

1117 2522 1149 2549 et
1174 2517 1298 2559 litteris,
1326 2523 1389 2549 tani
1416 2518 1550 2560 gratiam
1581 2529 1675 2561 quam
1702 2518 1853 2552 iustitiam

1155 2580 1163 2605 l
1188 2578 1281 2613 Aptius
1298 2579 1355 2613 lege
1372 2579 1478 2607 honore
1495 2586 1531 2614 ta.
1548 2581 1595 2614 T.).

1875 192 1963 218 Aac.
1989 192 2051 219 ἹΓΙΠ
