2247 3208
234 195 290 250 ¹An.
307 221 335 249 c.
357 221 424 249 1663
468 211 533 245 182

267 963 347 984 Sacrae
371 967 424 983 con-

241 990 369 1015 gregationts
388 989 424 1010 de·

241 1019 328 1037 eratum.

273 1698 385 1719 Confirmat
394 1696 428 1718 de-

246 1728 334 1746 eretum.

438 270 554 312 gistros
579 271 705 300 exteros
730 262 922 308 praecedere
944 260 1099 299 solebant,
1125 258 1169 290 ita

439 331 563 364 quoque
611 321 873 351 manuteneretur
915 320 947 347 et
991 317 1170 347 servaretur

437 371 634 406 consuetudo
660 368 842 403 huiusmodi
867 368 899 400 in
925 366 1090 411 provincia
1114 365 1186 408 Ro-¹

436 426 550 465 mana⁷
577 433 656 466 quae
688 433 752 455 una
783 433 819 455 ex
855 420 956 463 magis
989 417 1169 462 conspicuis

436 477 570 521 praefati
595 476 723 510 Ordinis
746 474 919 519 provinciis
939 472 1053 511 extitit,
1073 471 1187 513 idque¹

1185 520 1386 564 sspi‘aemissis
1410 521 1596 553 auctoritate
1629 520 1772 554 eiusdem
1803 532 1937 565 congre-

1185 568 1338 615 ⁴gationis
1362 572 1582 605 cardinalium.

437 541 475 563 eo
499 530 600 572 magis
625 529 709 572 quod
733 538 850 571 regens
874 538 910 560 ac
944 525 1169 558 baccalaureus

437 589 468 616 et
492 582 545 616 alii
570 582 712 625 magistri
737 580 879 614 extranei
912 580 951 612 de
980 577 1068 611 curia
1094 576 1168 609 dicti

437 636 575 675 Ordinis,
600 645 658 679 pro
683 635 797 678 quibus
820 630 1053 671 recurrebatur,
1079 629 1169 662 insti-

437 688 560 721 tutione
573 698 626 721 seu
643 686 842 730 susceptione
856 683 1031 727 magisterii
1049 682 1169 715 maiore

437 747 528 784 parte
546 740 703 773 dictorum
720 738 949 782 exponentium
973 735 1169 780 posteriores

438 804 508 827 esse
533 792 797 836 reperiebantur:
817 789 976 823 emanavit
991 799 1008 821 a
1027 787 1170 831 praefata

437 846 647 880 cardinalium
672 844 922 888 congregatione
947 843 1109 875 decretum
1129 844 1169 872 te-

437 899 525 932 noris
550 898 604 942 qui
625 898 778 941 sequitur,
803 895 970 929 videlicet:

488 964 501 983 «
515 951 609 984 Sacra
625 949 831 993 congregatio
848 945 1170 980 eminentissimorum

439 1004 470 1038 S.
490 1004 527 1036 R.
550 1004 584 1036 E.
605 1002 825 1041 cardinalium,
843 998 979 1042 negotiis
996 1003 1028 1030 et
1046 996 1171 1030 consul-

438 1056 611 1089 tationibus
647 1055 868 1098 episcoporum
907 1056 939 1084 et
974 1048 1169 1092 regularium

438 1109 628 1153 praeposita,
655 1107 784 1140 attentis
808 1104 958 1145 narratis,
983 1112 1092 1145 reque,
1117 1111 1188 1133 au·.

440 1161 514 1195 ditis
527 1161 679 1204 partibus,
693 1157 945 1193 eminentissimo
958 1154 1109 1188 Farnesio
1125 1164 1170 1186 re-

439 1214 571 1254 ferente,
583 1217 704 1245 mature
718 1210 904 1250 examinata,
923 1208 1046 1241 censuit
1061 1217 1096 1239 ac
1117 1206 1171 1238 de-

440 1265 738 1300 crevitservandam
760 1273 829 1297 esse
849 1260 1112 1295 consuetudinem
1132 1258 1189 1291 ad=

441 1319 583 1352 savorem
614 1317 838 1360 magistrorum
870 1320 1050 1353 oratorum,
1079 1316 1173 1355 prout

442 1371 556 1404 harum
581 1370 690 1413 vigore
715 1369 867 1409 decernit,
886 1366 1068 1408 servarique
1089 1374 1172 1397 man-

442 1425 497 1457 dat
520 1434 555 1457 ac
577 1422 745 1467 praecipit.
772 1420 945 1455 Contrariis
971 1418 1174 1463 quibuscum-

441 1487 502 1521 que
526 1486 590 1509 non
614 1474 824 1508 obstantibus.

485 1529 604 1563 Romae
632 1538 670 1561 xv
702 1527 806 1559 martii
831 1535 987 1559 nnctxiu.

646 1580 685 1612 M.
712 1579 886 1612 cardinalis
912 1578 1083 1611 Guvnrrus.

518 1634 553 1667 E.
569 1633 745 1677 episcopus
760 1630 1002 1671 Camerinensis,
1015 1634 1128 1662 secret.
1142 1640 1154 1659 »
1164 1654 1171 1661 .

487 1687 502 1730 ἓ
526 1687 556 1720 2.
583 1686 661 1720 Cum
683 1690 805 1726 autem,
823 1685 907 1717 sicut
927 1682 1060 1728 praefati
1080 1681 1175 1723 magi-

444 1740 500 1773 stri
515 1739 668 1783 acceptati
684 1743 879 1781 exponentes
899 1736 991 1769 nobis
1010 1746 1111 1779 nuper
1125 1745 1176 1767 ex-

444 1793 523 1838 poni
539 1794 692 1832 fecerunt,
706 1791 769 1835 ipsi
787 1792 954 1824 decretum
976 1789 1175 1829 huiusmodi,

445 1856 508 1889 quo
525 1845 647 1878 firmius
665 1844 860 1876 subsistatet
872 1848 1014 1876 servetur
1027 1842 1175 1882 exactius,

446 1897 645 1942 apostolicae
655 1896 909 1930 confirmationis
920 1900 1051 1929 nostrae
1067 1900 1177 1938 patro-

447 1951 532 1984 cinio
550 1949 744 1983 communiri
762 1959 962 1992 summopere
974 1948 1175 1981 desiderent:

446 2014 517 2044 nos,
543 2003 719 2046 specialem
742 2002 822 2046 ipsis
846 2001 1079 2045 exponentibus
1107 2011 1179 2043 gra-

449 2056 525 2089 tiam
551 2056 652 2089 facere
676 2057 833 2096 volentes,
852 2059 884 2087 et
904 2065 1014 2087 eorum
1040 2053 1179 2095 singula-

448 2118 501 2141 res
525 2119 676 2151 personas
694 2119 711 2140 a
735 2107 902 2150 quibusvis
922 2106 1180 2139 excommunica-

449 2160 562 2201 tionis,
578 2160 805 2203 suspensionis
831 2164 863 2191 ct
887 2159 1066 2199 interdicti,
1093 2158 1181 2191 aliis·

450 2223 513 2257 quc
526 2212 756 2246 ecclesiasticis
775 2211 960 2251 sententiis,
980 2211 1127 2244 censuris
1150 2215 1181 2243 et

449 2265 584 2308 poenis,
611 2275 628 2297 a
651 2265 723 2297 iure
747 2265 797 2297 vel
822 2265 861 2296 ab
887 2263 1037 2303 homine,
1069 2262 1180 2306 quavis

451 2317 625 2351 occasione
645 2318 695 2349 vel
709 2318 806 2350 causa
819 2316 904 2356 latis,
924 2316 949 2348 si
971 2315 1089 2358 quibus
1107 2324 1182 2357 quo-

451 2370 633 2404 modolibet
662 2369 835 2402 innodatae
860 2369 1008 2408 existunt,
1037 2368 1077 2399 ad
1109 2365 1183 2399 etl'e-

452 2428 537 2455 ctum
560 2422 778 2465 praesentium
799 2422 959 2453 dumtaxat
983 2429 1184 2462 consequen-

453 2476 538 2517 dum,
559 2476 672 2508 harum
703 2474 785 2507 serie
811 2474 1011 2506 absolventes
1037 2477 1069 2505 et
1092 2472 1184 2506 abso-

453 2530 535 2563 lutas
560 2528 627 2560 sore
657 2531 829 2560 censentes
850 2552 857 2566 ‚
887 2524 1183 2568 supplicationibus

456 2591 570 2616 eorum
591 2580 722 2614 nomine
748 2578 841 2612 nobis
867 2588 967 2621 super
992 2578 1054 2611 hoc
1080 2577 1185 2609 buini-

1016 209 1196 236 BULLARIUM
1218 208 1368 234 Romnum

1204 257 1279 289 liter
1294 256 1457 301 porrectis
1475 256 1629 297 inclinati,
1656 257 1819 290 decretum
1843 266 1935 301 prae-

1202 308 1370 348 insertum,
1402 309 1590 343 auctoritate
1615 310 1797 354 apostolica,
1822 315 1934 343 tenore

1203 362 1440 404 praesentium,
1467 362 1679 405 approbamus
1709 369 1741 396 et
1768 363 1936 396 confirma-

1202 425 1280 454 mus,
1307 414 1417 457 illique
1446 414 1639 448 inviolabilis
1664 417 1857 458 apostolicae
1882 416 1936 449 sir-

1202 467 1321 500 mitatis
1338 468 1437 500 robur
1462 467 1647 507 adiicimus3
1675 470 1759 500 salva
1776 475 1884 501 tamen
1902 469 1934 501 in

1244 625 1259 667 ἓ
1283 625 1314 658 3.
1341 625 1561 658 Decernentes
1587 625 1718 658 easdem
1744 631 1935 668 praesentes

1202 679 1325 711 litteras
1351 688 1481 720 semper
1504 677 1632 718 firmas,
1667 678 1788 711 validas
1814 684 1845 711 et
1870 679 1936 712 effi-

1202 741 1293 763 caces
1326 731 1465 764 existere
1491 736 1523 762 et
1547 731 1633 771 sore,
1661 742 1800 774 suosque
1825 733 1936 775 plena-

1186 784 1267 816 =ri0s
1293 790 1324 816 et
1348 784 1491 826 integros
1517 783 1647 817 effectus
1673 784 1779 817 sortiri
1805 790 1837 818 et
1860 785 1937 818 obti-

1202 846 1292 875 nere,
1320 846 1356 869 ac
1380 835 1471 869 dictis
1496 837 1731 880 exponentibus
1750 837 1936 880 plenissime

1203 887 1378 930 suffragari,
1394 888 1505 931 sicque
1523 889 1556 921 in
1574 889 1760 932 praemissis
1774 900 1834 933 per
1847 900 1937 933 quos-

1202 951 1340 983 cumque
1358 940 1480 973 iudices
1506 941 1686 974 ordinarios
1705 948 1736 974 et
1752 942 1933 984 delegatos,

1203 993 1299 1025 etiam
1324 1003 1493 1026 causarum
1518 994 1630 1036 palatii
1654 994 1823 1037 apostolici
1849 995 1938 1027 audi-

1205 1050 1298 1084 tores,
1313 1045 1447 1078 iudicari
1465 1051 1497 1078 et
1515 1045 1641 1078 definiri
1655 1046 1787 1087 dehere,
1807 1057 1844 1079 ac
1866 1046 1937 1078 irri-

1204 1103 1269 1130 tum
1295 1103 1327 1130 et
1349 1098 1446 1130 inane
1471 1097 1497 1130 si
1522 1108 1614 1131 secus
1641 1108 1740 1142 super
1760 1099 1811 1132 his
1830 1110 1847 1131 a
1864 1109 1938 1142 quo·

1204 1161 1310 1194 quam,
1339 1150 1450 1194 quavis
1484 1151 1688 1191 auctoritate,
1723 1151 1864 1184 scienter
1887 1152 1938 1185 vel

1203 1202 1402 1246 ignoranter,
1430 1203 1601 1246 contigerit
1625 1205 1787 1237 attentari.

1248 1257 1262 1300 ᾗ
1287 1256 1318 1288 4.
1344 1256 1413 1289 Non
1446 1256 1649 1288 obstantibus
1673 1257 1877 1299 praemissis,
1903 1267 1939 1290 ac

1205 1309 1488 1342 constitutionibus
1520 1314 1551 1342 et
1578 1309 1838 1343 ordinationibus
1862 1321 1939 1354 apo-

1206 1362 1337 1404 stolicis,
1350 1362 1530 1405 ceterisque
1548 1361 1719 1395 contrariis
1737 1360 1939 1405 quibuscum-

1207 1426 1280 1459 que.

1250 1469 1362 1502 Datum
1386 1468 1516 1510 Romae,
1542 1469 1625 1512 apud
1645 1469 1675 1502 S.
1695 1468 1826 1501 Mariam
1845 1469 1941 1502 Maio-

1208 1532 1285 1562 rem,
1303 1522 1361 1554 sub
1384 1522 1506 1555 annulo
1523 1522 1703 1562 piscatoris,
1722 1522 1772 1555 die
1787 1532 1845 1555 xxx
1860 1522 1937 1554 iunii

1207 1584 1362 1615 uncnxiu,
1386 1574 1589 1617 pontificatus
1614 1574 1716 1607 nostri
1742 1584 1826 1607 anno
1851 1584 1894 1607 ix.

1244 1637 1302 1664 Dat.
1322 1637 1364 1664 die
1384 1636 1418 1664 30
1437 1636 1503 1664 iunii
1526 1636 1602 1670 ¹663,
1619 1636 1714 1671 pontis.
1732 1644 1801 1663 anno
1820 1643 1853 1662 tx.

1505 1779 1654 1813 CDXLIV.

1214 1859 1393 1893 Declaratio
1403 1859 1570 1892 nullitalis
1583 1858 1854 1902 capitulationum
1873 1858 1944 1892 sede

1254 1912 1522 1954 archiepiscopali
1546 1911 1786 1954 Salisbnrqensi
1813 1915 1945 1943 vacante

1255 1976 1276 1997 α
1296 1964 1530 2008 capitularibus
1554 1964 1657 1997 dictae
1676 1963 1823 1997 ecclesiae
1839 1964 1942 2006 sacta—

1254 2017 1355 2050 rum'.

1405 2096 1571 2123 Alexander
1591 2095 1669 2128 Papa
1688 2095 1752 2127 vn,

1337 2140 1373 2167 ad
1393 2143 1565 2173 perpetuam
1585 2140 1628 2166 rei
1648 2138 1828 2165 memoriam.

1258 2211 1273 2253 ἓ
1296 2210 1327 2242 1.
1355 2209 1443 2249 Cum,
1472 2209 1554 2241 sicut
1578 2208 1672 2241 nobis
1697 2208 1846 2249 innotuit,
1867 2207 1945 2240 alias

1216 2263 1352 2296 eeclesia
1376 2261 1613 2303 Salisburgensi
1646 2271 1706 2304 per
1738 2260 1861 2292 obitum
1889 2261 1947 2293 bo-

1215 2326 1276 2348 nac
1301 2315 1477 2347 memoriae
1502 2314 1633 2354 Paridii,
1660 2314 1736 2346 dum
1761 2313 1838 2346 vixit
1862 2313 1946 2345 illius

1216 2366 1465 2410 archiepiscopi,
1487 2366 1602 2399 solatio
1621 2365 1773 2399 destituta
1797 2363 1946 2408 pastoris,

1216 2419 1410 2461 capitulares
1429 2418 1576 2451 eiusdem
1594 2417 1762 2455 ecclesiae,
1781 2426 1949 2448 ¹successo-

1217 2481 1285 2503 rem
1311 2471 1461 2511 electuri,
1488 2471 1521 2502 in
1547 2470 1702 2513 quasdam
1729 2469 1788 2512 (ut
1811 2468 1947 2510 vocant)

1256 2586 1263 2611 l
1288 2584 1323 2610 Ex
1344 2585 1452 2619 Regest.
1475 2584 1502 2611 in
1521 2583 1623 2611 Secret.
1645 2582 1720 2609 Brev.

1945 207 1994 236 An.
2010 206 2038 235 C.
2060 206 2129 236 2663

1977 634 2096 657 Clausulao.

1954 1264 2064 1286 Contraria
2073 1264 2135 1286 toltit.

1987 2209 2075 2231 trouva.
