<?xml version="1.0" encoding="UTF-8"?>
<!DOCTYPE html PUBLIC "-//W3C//DTD XHTML 1.0 Transitional//EN"
    "http://www.w3.org/TR/xhtml1/DTD/xhtml1-transitional.dtd">
<html xmlns="http://www.w3.org/1999/xhtml" xml:lang="en" lang="en">
 <head>
  <title>
</title>
<meta http-equiv="Content-Type" content="text/html;charset=utf-8" />
  <meta name='ocr-system' content='tesseract 3.04.00' />
  <meta name='ocr-capabilities' content='ocr_page ocr_carea ocr_par ocr_line ocrx_word'/>
</head>
<body>
  <div class='ocr_page' id='page_1' title='image "./bullarumdiplomat17cath_0885.png"; bbox 0 0 2247 3208; ppageno 0'>
   <div class='ocr_carea' id='block_1_1' title="bbox 121 224 309 266">
    <p class='ocr_par' dir='ltr' id='par_1_1' title="bbox 121 224 309 266">
     <span class='ocr_line' id='line_1_1' title="bbox 121 224 309 266; baseline -0.005 0"><span class='ocrx_word' id='word_1_1' title='bbox 121 243 170 266; x_wconf 75' lang='lat' dir='ltr'>An.</span> <span class='ocrx_word' id='word_1_2' title='bbox 189 242 217 265; x_wconf 81' lang='lat'>‹:.</span> <span class='ocrx_word' id='word_1_3' title='bbox 243 224 309 265; x_wconf 56' lang='lat'>{6239</span> 
     </span>
    </p>
   </div>
   <div class='ocr_carea' id='block_1_2' title="bbox 145 579 262 606">
    <p class='ocr_par' dir='ltr' id='par_1_2' title="bbox 145 579 262 606">
     <span class='ocr_line' id='line_1_2' title="bbox 145 579 262 606; baseline -0.017 -5"><span class='ocrx_word' id='word_1_4' title='bbox 145 579 262 606; x_wconf 73' lang='lat' dir='ltr'>Espositio.</span> 
     </span>
    </p>
   </div>
   <div class='ocr_carea' id='block_1_3' title="bbox 153 1738 295 1764">
    <p class='ocr_par' dir='ltr' id='par_1_3' title="bbox 153 1738 295 1764">
     <span class='ocr_line' id='line_1_3' title="bbox 153 1738 295 1764; baseline 0 -7"><span class='ocrx_word' id='word_1_5' title='bbox 153 1738 295 1764; x_wconf 71' lang='lat' dir='ltr'>Supplicatio.</span> 
     </span>
    </p>
   </div>
   <div class='ocr_carea' id='block_1_4' title="bbox 933 233 1200 259">
    <p class='ocr_par' dir='ltr' id='par_1_4' title="bbox 933 233 1200 259">
     <span class='ocr_line' id='line_1_4' title="bbox 933 233 1200 259; baseline 0.011 -4"><span class='ocrx_word' id='word_1_6' title='bbox 933 233 1074 257; x_wconf 71' lang='lat' dir='ltr'>CLEMENS</span> <span class='ocrx_word' id='word_1_7' title='bbox 1099 235 1129 258; x_wconf 70' lang='lat' dir='ltr'>IX</span> <span class='ocrx_word' id='word_1_8' title='bbox 1154 236 1200 259; x_wconf 70' lang='lat' dir='ltr'>Pr.</span> 
     </span>
    </p>
   </div>
   <div class='ocr_carea' id='block_1_5' title="bbox 313 282 1056 2033">
    <p class='ocr_par' dir='ltr' id='par_1_5' title="bbox 313 282 1049 554">
     <span class='ocr_line' id='line_1_5' title="bbox 313 282 1045 340; baseline -0.012 -18"><span class='ocrx_word' id='word_1_9' title='bbox 313 301 474 340; x_wconf 67' lang='lat' dir='ltr'>spel-oque</span> <span class='ocrx_word' id='word_1_10' title='bbox 489 290 718 332; x_wconf 75' lang='lat' dir='ltr'>religiosorum</span> <span class='ocrx_word' id='word_1_11' title='bbox 736 287 876 318; x_wconf 81' lang='lat' dir='ltr'>virorum</span> <span class='ocrx_word' id='word_1_12' title='bbox 893 282 1045 315; x_wconf 60' lang='lat' dir='ltr'>:Xltissimi</span> 
     </span>
     <span class='ocr_line' id='line_1_6' title="bbox 313 338 1047 392; baseline -0.019 -9"><span class='ocrx_word' id='word_1_13' title='bbox 313 348 479 392; x_wconf 85' lang='lat' dir='ltr'>obsequiis</span> <span class='ocrx_word' id='word_1_14' title='bbox 505 346 563 378; x_wconf 88' lang='lat' dir='ltr'>sub</span> <span class='ocrx_word' id='word_1_15' title='bbox 583 343 734 378; x_wconf 72' lang='lat' dir='ltr'>laudabili</span> <span class='ocrx_word' id='word_1_16' title='bbox 757 342 837 374; x_wconf 80' lang='lat' dir='ltr'>vitae</span> <span class='ocrx_word' id='word_1_17' title='bbox 854 338 1047 372; x_wconf 75' lang='lat' dir='ltr'>monasticae</span> 
     </span>
     <span class='ocr_line' id='line_1_7' title="bbox 313 393 1045 446; baseline -0.016 -10"><span class='ocrx_word' id='word_1_18' title='bbox 313 405 388 446; x_wconf 80' lang='lat' dir='ltr'>iugo</span> <span class='ocrx_word' id='word_1_19' title='bbox 406 401 662 444; x_wconf 86' lang='lat' dir='ltr'>mancipatorum</span> <span class='ocrx_word' id='word_1_20' title='bbox 673 396 821 439; x_wconf 69' lang='lat' dir='ltr'>regimini</span> <span class='ocrx_word' id='word_1_21' title='bbox 835 400 862 427; x_wconf 89' lang='lat' dir='ltr'>et</span> <span class='ocrx_word' id='word_1_22' title='bbox 875 393 1045 436; x_wconf 74' lang='lat' dir='ltr'>gubernio,</span> 
     </span>
     <span class='ocr_line' id='line_1_8' title="bbox 313 448 1049 501; baseline -0.018 -11"><span class='ocrx_word' id='word_1_23' title='bbox 313 461 469 501; x_wconf 74' lang='lat' dir='ltr'>(plantum</span> <span class='ocrx_word' id='word_1_24' title='bbox 495 453 588 486; x_wconf 86' lang='lat' dir='ltr'>nobis</span> <span class='ocrx_word' id='word_1_25' title='bbox 611 463 647 485; x_wconf 80' lang='lat' dir='ltr'>ex</span> <span class='ocrx_word' id='word_1_26' title='bbox 667 452 731 483; x_wconf 82' lang='lat' dir='ltr'>alto</span> <span class='ocrx_word' id='word_1_27' title='bbox 753 448 952 486; x_wconf 74' lang='lat' dir='ltr'>conceditur,</span> <span class='ocrx_word' id='word_1_28' title='bbox 974 457 1049 489; x_wconf 88' lang='lat' dir='ltr'>pro-</span> 
     </span>
     <span class='ocr_line' id='line_1_9' title="bbox 315 514 642 554; baseline -0.009 -7"><span class='ocrx_word' id='word_1_29' title='bbox 315 514 423 547; x_wconf 81' lang='lat' dir='ltr'>videre</span> <span class='ocrx_word' id='word_1_30' title='bbox 448 518 642 554; x_wconf 79' lang='lat' dir='ltr'>satagamus.</span> 
     </span>
    </p>

    <p class='ocr_par' dir='ltr' id='par_1_6' title="bbox 316 559 1056 1715">
     <span class='ocr_line' id='line_1_10' title="bbox 358 559 1050 610; baseline -0.014 -11"><span class='ocrx_word' id='word_1_31' title='bbox 358 568 372 610; x_wconf 66' lang='grc' dir='ltr'>ξ</span> <span class='ocrx_word' id='word_1_32' title='bbox 409 567 439 598; x_wconf 83' lang='grc' dir='ltr'>Ἰ.</span> <span class='ocrx_word' id='word_1_33' title='bbox 474 564 595 607; x_wconf 83' lang='lat' dir='ltr'>Exponi</span> <span class='ocrx_word' id='word_1_34' title='bbox 632 562 792 606; x_wconf 83' lang='lat' dir='ltr'>siquidem</span> <span class='ocrx_word' id='word_1_35' title='bbox 826 559 917 593; x_wconf 92' lang='lat' dir='ltr'>nobis</span> <span class='ocrx_word' id='word_1_36' title='bbox 947 568 1050 601; x_wconf 80' lang='lat' dir='ltr'>nuper</span> 
     </span>
     <span class='ocr_line' id='line_1_11' title="bbox 317 612 1050 653; baseline -0.014 -1"><span class='ocrx_word' id='word_1_37' title='bbox 317 621 392 653; x_wconf 73' lang='lat' dir='ltr'>ferit</span> <span class='ocrx_word' id='word_1_38' title='bbox 405 620 540 651; x_wconf 84' lang='lat' dir='ltr'>dilectus</span> <span class='ocrx_word' id='word_1_39' title='bbox 555 617 638 649; x_wconf 79' lang='lat' dir='ltr'>silius</span> <span class='ocrx_word' id='word_1_40' title='bbox 659 620 768 648; x_wconf 86' lang='lat' dir='ltr'>noster</span> <span class='ocrx_word' id='word_1_41' title='bbox 781 614 913 646; x_wconf 77' lang='lat' dir='ltr'>Carolus</span> <span class='ocrx_word' id='word_1_42' title='bbox 932 612 1050 644; x_wconf 85' lang='lat' dir='ltr'>Barbe-</span> 
     </span>
     <span class='ocr_line' id='line_1_12' title="bbox 317 666 1050 706; baseline -0.015 0"><span class='ocrx_word' id='word_1_43' title='bbox 317 674 405 706; x_wconf 81' lang='lat' dir='ltr'>riuus</span> <span class='ocrx_word' id='word_1_44' title='bbox 425 672 455 704; x_wconf 80' lang='lat' dir='ltr'>S.</span> <span class='ocrx_word' id='word_1_45' title='bbox 475 671 511 703; x_wconf 81' lang='lat' dir='ltr'>R.</span> <span class='ocrx_word' id='word_1_46' title='bbox 532 671 566 702; x_wconf 87' lang='lat' dir='ltr'>E.</span> <span class='ocrx_word' id='word_1_47' title='bbox 590 667 761 702; x_wconf 86' lang='lat' dir='ltr'>cardinalis</span> <span class='ocrx_word' id='word_1_48' title='bbox 778 666 911 699; x_wconf 85' lang='lat' dir='ltr'>Carolus</span> <span class='ocrx_word' id='word_1_49' title='bbox 928 675 1050 697; x_wconf 81' lang='lat' dir='ltr'>nuncu-</span> 
     </span>
     <span class='ocr_line' id='line_1_13' title="bbox 316 717 1050 770; baseline -0.014 -12"><span class='ocrx_word' id='word_1_50' title='bbox 316 732 419 770; x_wconf 77' lang='lat' dir='ltr'>patus,</span> <span class='ocrx_word' id='word_1_51' title='bbox 438 721 704 766; x_wconf 76' lang='lat' dir='ltr'>Congregationis</span> <span class='ocrx_word' id='word_1_52' title='bbox 724 719 957 752; x_wconf 83' lang='lat' dir='ltr'>monachorum</span> <span class='ocrx_word' id='word_1_53' title='bbox 975 717 1050 749; x_wconf 84' lang='lat' dir='ltr'>Cae-</span> 
     </span>
     <span class='ocr_line' id='line_1_14' title="bbox 317 770 1052 816; baseline -0.015 -4"><span class='ocrx_word' id='word_1_54' title='bbox 317 778 510 813; x_wconf 80' lang='lat' dir='ltr'>lestinoruin</span> <span class='ocrx_word' id='word_1_55' title='bbox 537 778 794 816; x_wconf 82' lang='lat' dir='ltr'>nuncupatorum</span> <span class='ocrx_word' id='word_1_56' title='bbox 819 770 904 814; x_wconf 85' lang='lat' dir='ltr'>apud</span> <span class='ocrx_word' id='word_1_57' title='bbox 929 780 988 803; x_wconf 84' lang='lat' dir='ltr'>nos</span> <span class='ocrx_word' id='word_1_58' title='bbox 1021 774 1052 801; x_wconf 87' lang='lat' dir='ltr'>et</span> 
     </span>
     <span class='ocr_line' id='line_1_15' title="bbox 317 822 1052 872; baseline -0.015 -7"><span class='ocrx_word' id='word_1_59' title='bbox 317 832 432 865; x_wconf 87' lang='lat' dir='ltr'>Sedem</span> <span class='ocrx_word' id='word_1_60' title='bbox 458 827 676 872; x_wconf 73' lang='lat' dir='ltr'>Apostolicam</span> <span class='ocrx_word' id='word_1_61' title='bbox 701 831 876 868; x_wconf 85' lang='lat' dir='ltr'>protector,</span> <span class='ocrx_word' id='word_1_62' title='bbox 896 823 982 866; x_wconf 86' lang='lat' dir='ltr'>quod</span> <span class='ocrx_word' id='word_1_63' title='bbox 1004 822 1052 855; x_wconf 91' lang='lat' dir='ltr'>di-</span> 
     </span>
     <span class='ocr_line' id='line_1_16' title="bbox 319 877 1052 925; baseline -0.014 -8"><span class='ocrx_word' id='word_1_64' title='bbox 319 891 367 918; x_wconf 79' lang='lat' dir='ltr'>cta</span> <span class='ocrx_word' id='word_1_65' title='bbox 392 881 605 925; x_wconf 77' lang='lat' dir='ltr'>Congregatio</span> <span class='ocrx_word' id='word_1_66' title='bbox 631 878 838 921; x_wconf 73' lang='lat' dir='ltr'>distinguitur</span> <span class='ocrx_word' id='word_1_67' title='bbox 863 877 894 909; x_wconf 89' lang='lat' dir='ltr'>iu</span> <span class='ocrx_word' id='word_1_68' title='bbox 916 881 1052 919; x_wconf 86' lang='lat' dir='ltr'>quatuor</span> 
     </span>
     <span class='ocr_line' id='line_1_17' title="bbox 317 929 1051 977; baseline -0.014 -7"><span class='ocrx_word' id='word_1_69' title='bbox 317 937 475 975; x_wconf 78' lang='lat' dir='ltr'>nationes,</span> <span class='ocrx_word' id='word_1_70' title='bbox 501 945 559 967; x_wconf 86' lang='lat' dir='ltr'>seu</span> <span class='ocrx_word' id='word_1_71' title='bbox 584 932 760 977; x_wconf 87' lang='lat' dir='ltr'>quarteria,</span> <span class='ocrx_word' id='word_1_72' title='bbox 787 940 921 974; x_wconf 85' lang='lat' dir='ltr'>quorum</span> <span class='ocrx_word' id='word_1_73' title='bbox 948 929 1051 972; x_wconf 91' lang='lat' dir='ltr'>primo</span> 
     </span>
     <span class='ocr_line' id='line_1_18' title="bbox 319 983 1050 1027; baseline -0.014 -4"><span class='ocrx_word' id='word_1_74' title='bbox 319 991 430 1023; x_wconf 87' lang='lat' dir='ltr'>decem</span> <span class='ocrx_word' id='word_1_75' title='bbox 456 988 601 1021; x_wconf 87' lang='lat' dir='ltr'>abbatiae</span> <span class='ocrx_word' id='word_1_76' title='bbox 627 992 658 1019; x_wconf 86' lang='lat' dir='ltr'>et.</span> <span class='ocrx_word' id='word_1_77' title='bbox 693 985 837 1027; x_wconf 82' lang='lat' dir='ltr'>quinque</span> <span class='ocrx_word' id='word_1_78' title='bbox 870 983 1050 1027; x_wconf 73' lang='lat' dir='ltr'>prioratus,</span> 
     </span>
     <span class='ocr_line' id='line_1_19' title="bbox 319 1037 1054 1078; baseline -0.012 -2"><span class='ocrx_word' id='word_1_79' title='bbox 319 1043 461 1076; x_wconf 88' lang='lat' dir='ltr'>secundo</span> <span class='ocrx_word' id='word_1_80' title='bbox 493 1040 642 1073; x_wconf 81' lang='lat' dir='ltr'>undecim</span> <span class='ocrx_word' id='word_1_81' title='bbox 673 1037 818 1071; x_wconf 72' lang='lat' dir='ltr'>abbatiae</span> <span class='ocrx_word' id='word_1_82' title='bbox 851 1043 882 1068; x_wconf 81' lang='lat' dir='ltr'>et</span> <span class='ocrx_word' id='word_1_83' title='bbox 916 1040 1054 1078; x_wconf 87' lang='lat' dir='ltr'>quatuor</span> 
     </span>
     <span class='ocr_line' id='line_1_20' title="bbox 319 1091 1053 1143; baseline -0.007 -11"><span class='ocrx_word' id='word_1_84' title='bbox 319 1100 491 1143; x_wconf 74' lang='lat' dir='ltr'>prioratus,</span> <span class='ocrx_word' id='word_1_85' title='bbox 509 1099 604 1131; x_wconf 83' lang='lat' dir='ltr'>tertio</span> <span class='ocrx_word' id='word_1_86' title='bbox 622 1104 736 1130; x_wconf 78' lang='lat' dir='ltr'>novem</span> <span class='ocrx_word' id='word_1_87' title='bbox 757 1091 904 1128; x_wconf 69' lang='lat' dir='ltr'>abbatiae</span> <span class='ocrx_word' id='word_1_88' title='bbox 923 1101 954 1129; x_wconf 90' lang='lat' dir='ltr'>et</span> <span class='ocrx_word' id='word_1_89' title='bbox 971 1106 1053 1128; x_wconf 90' lang='lat' dir='ltr'>unus</span> 
     </span>
     <span class='ocr_line' id='line_1_21' title="bbox 320 1148 1055 1195; baseline -0.004 -12"><span class='ocrx_word' id='word_1_90' title='bbox 320 1152 492 1195; x_wconf 76' lang='lat' dir='ltr'>prioratus,</span> <span class='ocrx_word' id='word_1_91' title='bbox 517 1162 553 1183; x_wconf 89' lang='lat' dir='ltr'>ac</span> <span class='ocrx_word' id='word_1_92' title='bbox 579 1155 692 1194; x_wconf 87' lang='lat' dir='ltr'>quarto</span> <span class='ocrx_word' id='word_1_93' title='bbox 718 1159 833 1182; x_wconf 88' lang='lat' dir='ltr'>novem</span> <span class='ocrx_word' id='word_1_94' title='bbox 858 1148 1005 1182; x_wconf 76' lang='lat' dir='ltr'>abbatiae</span> <span class='ocrx_word' id='word_1_95' title='bbox 1024 1153 1055 1180; x_wconf 92' lang='lat' dir='ltr'>et</span> 
     </span>
     <span class='ocr_line' id='line_1_22' title="bbox 321 1201 1055 1248; baseline -0.003 -12"><span class='ocrx_word' id='word_1_96' title='bbox 321 1210 384 1237; x_wconf 89' lang='lat' dir='ltr'>tres</span> <span class='ocrx_word' id='word_1_97' title='bbox 408 1204 567 1248; x_wconf 81' lang='lat' dir='ltr'>prioratus</span> <span class='ocrx_word' id='word_1_98' title='bbox 592 1204 767 1248; x_wconf 71' lang='lat' dir='ltr'>respective</span> <span class='ocrx_word' id='word_1_99' title='bbox 793 1201 946 1245; x_wconf 74' lang='lat' dir='ltr'>assignati</span> <span class='ocrx_word' id='word_1_100' title='bbox 964 1212 1055 1245; x_wconf 87' lang='lat' dir='ltr'>repe-</span> 
     </span>
     <span class='ocr_line' id='line_1_23' title="bbox 318 1255 1055 1299; baseline -0.004 -9"><span class='ocrx_word' id='word_1_101' title='bbox 318 1258 464 1297; x_wconf 84' lang='lat' dir='ltr'>riuntur,</span> <span class='ocrx_word' id='word_1_102' title='bbox 489 1268 524 1290; x_wconf 77' lang='lat' dir='ltr'>ac</span> <span class='ocrx_word' id='word_1_103' title='bbox 549 1257 682 1299; x_wconf 86' lang='lat' dir='ltr'>insuper</span> <span class='ocrx_word' id='word_1_104' title='bbox 706 1257 804 1289; x_wconf 86' lang='lat' dir='ltr'>habet</span> <span class='ocrx_word' id='word_1_105' title='bbox 829 1257 941 1289; x_wconf 80' lang='lat' dir='ltr'>eadem</span> <span class='ocrx_word' id='word_1_106' title='bbox 976 1255 1055 1288; x_wconf 89' lang='lat' dir='ltr'>Con-</span> 
     </span>
     <span class='ocr_line' id='line_1_24' title="bbox 321 1309 1055 1354; baseline -0.003 -11"><span class='ocrx_word' id='word_1_107' title='bbox 321 1311 465 1354; x_wconf 80' lang='lat' dir='ltr'>gregatio</span> <span class='ocrx_word' id='word_1_108' title='bbox 490 1309 650 1343; x_wconf 85' lang='lat' dir='ltr'>abbatiam</span> <span class='ocrx_word' id='word_1_109' title='bbox 676 1310 706 1342; x_wconf 87' lang='lat' dir='ltr'>S.</span> <span class='ocrx_word' id='word_1_110' title='bbox 733 1310 847 1342; x_wconf 83' lang='lat' dir='ltr'>Mariae</span> <span class='ocrx_word' id='word_1_111' title='bbox 880 1309 912 1341; x_wconf 92' lang='lat' dir='ltr'>in</span> <span class='ocrx_word' id='word_1_112' title='bbox 946 1310 1055 1342; x_wconf 82' lang='lat' dir='ltr'>Poste-</span> 
     </span>
     <span class='ocr_line' id='line_1_25' title="bbox 321 1364 1054 1407; baseline -0.004 -10"><span class='ocrx_word' id='word_1_113' title='bbox 321 1366 389 1398; x_wconf 80' lang='lat' dir='ltr'>rula</span> <span class='ocrx_word' id='word_1_114' title='bbox 415 1369 629 1407; x_wconf 80' lang='lat' dir='ltr'>nuncupatam</span> <span class='ocrx_word' id='word_1_115' title='bbox 655 1364 693 1396; x_wconf 91' lang='lat' dir='ltr'>de</span> <span class='ocrx_word' id='word_1_116' title='bbox 720 1364 815 1403; x_wconf 87' lang='lat' dir='ltr'>Urbe,</span> <span class='ocrx_word' id='word_1_117' title='bbox 844 1364 927 1406; x_wconf 88' lang='lat' dir='ltr'>apud</span> <span class='ocrx_word' id='word_1_118' title='bbox 958 1373 1054 1405; x_wconf 85' lang='lat' dir='ltr'>quam</span> 
     </span>
     <span class='ocr_line' id='line_1_26' title="bbox 320 1418 1055 1460; baseline -0.003 -10"><span class='ocrx_word' id='word_1_119' title='bbox 320 1418 442 1450; x_wconf 82' lang='lat' dir='ltr'>residet</span> <span class='ocrx_word' id='word_1_120' title='bbox 460 1427 595 1460; x_wconf 83' lang='lat' dir='ltr'>eamque</span> <span class='ocrx_word' id='word_1_121' title='bbox 612 1418 773 1459; x_wconf 73' lang='lat' dir='ltr'>gubernat</span> <span class='ocrx_word' id='word_1_122' title='bbox 797 1421 986 1459; x_wconf 87' lang='lat' dir='ltr'>procurator</span> <span class='ocrx_word' id='word_1_123' title='bbox 1006 1426 1055 1458; x_wconf 82' lang='lat' dir='ltr'>ge-</span> 
     </span>
     <span class='ocr_line' id='line_1_27' title="bbox 321 1469 1055 1513; baseline -0.003 -10"><span class='ocrx_word' id='word_1_124' title='bbox 321 1470 439 1504; x_wconf 84' lang='lat' dir='ltr'>neralis</span> <span class='ocrx_word' id='word_1_125' title='bbox 464 1470 564 1513; x_wconf 83' lang='lat' dir='ltr'>ipsius</span> <span class='ocrx_word' id='word_1_126' title='bbox 590 1469 862 1513; x_wconf 78' lang='lat' dir='ltr'>Congregationis,</span> <span class='ocrx_word' id='word_1_127' title='bbox 890 1480 971 1512; x_wconf 84' lang='lat' dir='ltr'>quae</span> <span class='ocrx_word' id='word_1_128' title='bbox 1001 1469 1055 1501; x_wconf 86' lang='lat' dir='ltr'>ab·</span> 
     </span>
     <span class='ocr_line' id='line_1_28' title="bbox 320 1521 1055 1566; baseline -0.001 -11"><span class='ocrx_word' id='word_1_129' title='bbox 320 1524 424 1563; x_wconf 82' lang='lat' dir='ltr'>batia,</span> <span class='ocrx_word' id='word_1_130' title='bbox 465 1527 625 1566; x_wconf 81' lang='lat' dir='ltr'>tamquam</span> <span class='ocrx_word' id='word_1_131' title='bbox 655 1522 879 1555; x_wconf 87' lang='lat' dir='ltr'>communibus</span> <span class='ocrx_word' id='word_1_132' title='bbox 913 1521 1055 1554; x_wconf 83' lang='lat' dir='ltr'>omnium</span> 
     </span>
     <span class='ocr_line' id='line_1_29' title="bbox 320 1575 1055 1620; baseline -0.004 -11"><span class='ocrx_word' id='word_1_133' title='bbox 320 1583 456 1619; x_wconf 86' lang='lat' dir='ltr'>quatuor</span> <span class='ocrx_word' id='word_1_134' title='bbox 492 1576 732 1620; x_wconf 86' lang='lat' dir='ltr'>quarteriorum</span> <span class='ocrx_word' id='word_1_135' title='bbox 776 1575 961 1608; x_wconf 89' lang='lat' dir='ltr'>huiusmodi</span> <span class='ocrx_word' id='word_1_136' title='bbox 998 1575 1055 1607; x_wconf 92' lang='lat' dir='ltr'>im-</span> 
     </span>
     <span class='ocr_line' id='line_1_30' title="bbox 320 1628 1056 1672; baseline -0.003 -10"><span class='ocrx_word' id='word_1_137' title='bbox 320 1630 428 1672; x_wconf 82' lang='lat' dir='ltr'>pensis</span> <span class='ocrx_word' id='word_1_138' title='bbox 453 1634 571 1667; x_wconf 83' lang='lat' dir='ltr'>erecta.</span> <span class='ocrx_word' id='word_1_139' title='bbox 597 1629 675 1662; x_wconf 88' lang='lat' dir='ltr'>nulli</span> <span class='ocrx_word' id='word_1_140' title='bbox 709 1629 838 1662; x_wconf 90' lang='lat' dir='ltr'>illorum</span> <span class='ocrx_word' id='word_1_141' title='bbox 870 1628 1056 1671; x_wconf 74' lang='lat' dir='ltr'>specialiter</span> 
     </span>
     <span class='ocr_line' id='line_1_31' title="bbox 321 1682 586 1715; baseline -0.004 -1"><span class='ocrx_word' id='word_1_142' title='bbox 321 1693 445 1715; x_wconf 76' lang='lat' dir='ltr'>annexa</span> <span class='ocrx_word' id='word_1_143' title='bbox 469 1682 586 1715; x_wconf 82' lang='lat' dir='ltr'>existit.</span> 
     </span>
    </p>

    <p class='ocr_par' dir='ltr' id='par_1_7' title="bbox 322 1734 1056 2033">
     <span class='ocr_line' id='line_1_32' title="bbox 365 1734 1056 1779; baseline -0.003 -11"><span class='ocrx_word' id='word_1_144' title='bbox 365 1736 380 1779; x_wconf 71' lang='lat'>§</span> <span class='ocrx_word' id='word_1_145' title='bbox 404 1735 436 1768; x_wconf 72' lang='grc' dir='ltr'>Ξ).</span> <span class='ocrx_word' id='word_1_146' title='bbox 463 1735 538 1768; x_wconf 85' lang='lat' dir='ltr'>Cum</span> <span class='ocrx_word' id='word_1_147' title='bbox 564 1739 677 1773; x_wconf 88' lang='lat' dir='ltr'>autem,</span> <span class='ocrx_word' id='word_1_148' title='bbox 697 1734 776 1767; x_wconf 87' lang='lat' dir='ltr'>sicut</span> <span class='ocrx_word' id='word_1_149' title='bbox 797 1734 909 1766; x_wconf 86' lang='lat' dir='ltr'>eadem</span> <span class='ocrx_word' id='word_1_150' title='bbox 927 1734 1056 1776; x_wconf 72' lang='lat' dir='ltr'>exposi-</span> 
     </span>
     <span class='ocr_line' id='line_1_33' title="bbox 323 1787 1056 1830; baseline 0 -10"><span class='ocrx_word' id='word_1_151' title='bbox 323 1787 366 1821; x_wconf 87' lang='lat' dir='ltr'>tio</span> <span class='ocrx_word' id='word_1_152' title='bbox 385 1787 609 1830; x_wconf 80' lang='lat' dir='ltr'>subiungebat,</span> <span class='ocrx_word' id='word_1_153' title='bbox 632 1798 810 1830; x_wconf 81' lang='lat' dir='ltr'>progressu</span> <span class='ocrx_word' id='word_1_154' title='bbox 836 1788 989 1830; x_wconf 86' lang='lat' dir='ltr'>temporis</span> <span class='ocrx_word' id='word_1_155' title='bbox 1014 1787 1056 1820; x_wconf 89' lang='lat' dir='ltr'>ir-</span> 
     </span>
     <span class='ocr_line' id='line_1_34' title="bbox 322 1840 1054 1884; baseline -0.001 -11"><span class='ocrx_word' id='word_1_156' title='bbox 322 1840 473 1884; x_wconf 87' lang='lat' dir='ltr'>repserit,</span> <span class='ocrx_word' id='word_1_157' title='bbox 500 1846 549 1880; x_wconf 84' lang='lat' dir='ltr'>ut,</span> <span class='ocrx_word' id='word_1_158' title='bbox 576 1840 720 1883; x_wconf 84' lang='lat' dir='ltr'>sequutis</span> <span class='ocrx_word' id='word_1_159' title='bbox 745 1840 965 1872; x_wconf 84' lang='lat' dir='ltr'>vacationibus</span> <span class='ocrx_word' id='word_1_160' title='bbox 993 1845 1054 1872; x_wconf 83' lang='lat' dir='ltr'>tam</span> 
     </span>
     <span class='ocr_line' id='line_1_35' title="bbox 322 1893 1056 1937; baseline -0.001 -10"><span class='ocrx_word' id='word_1_161' title='bbox 322 1893 523 1928; x_wconf 83' lang='lat' dir='ltr'>abbatiarum</span> <span class='ocrx_word' id='word_1_162' title='bbox 553 1904 648 1937; x_wconf 84' lang='lat' dir='ltr'>quam</span> <span class='ocrx_word' id='word_1_163' title='bbox 680 1894 880 1936; x_wconf 85' lang='lat' dir='ltr'>prioratuum</span> <span class='ocrx_word' id='word_1_164' title='bbox 915 1894 1056 1935; x_wconf 83' lang='lat' dir='ltr'>Congre-</span> 
     </span>
     <span class='ocr_line' id='line_1_36' title="bbox 322 1946 1055 1990; baseline 0 -11"><span class='ocrx_word' id='word_1_165' title='bbox 322 1947 460 1990; x_wconf 85' lang='lat' dir='ltr'>gationis</span> <span class='ocrx_word' id='word_1_166' title='bbox 484 1947 663 1990; x_wconf 75' lang='lat' dir='ltr'>praefatae,</span> <span class='ocrx_word' id='word_1_167' title='bbox 696 1946 816 1979; x_wconf 89' lang='lat' dir='ltr'>iustitia</span> <span class='ocrx_word' id='word_1_168' title='bbox 851 1946 1055 1979; x_wconf 83' lang='lat' dir='ltr'>distributiva</span> 
     </span>
     <span class='ocr_line' id='line_1_37' title="bbox 322 2000 1055 2033; baseline 0 0"><span class='ocrx_word' id='word_1_169' title='bbox 322 2000 353 2033; x_wconf 90' lang='lat' dir='ltr'>in</span> <span class='ocrx_word' id='word_1_170' title='bbox 387 2000 545 2033; x_wconf 84' lang='lat' dir='ltr'>electione</span> <span class='ocrx_word' id='word_1_171' title='bbox 575 2001 807 2033; x_wconf 85' lang='lat' dir='ltr'>monachorum</span> <span class='ocrx_word' id='word_1_172' title='bbox 842 2000 1055 2033; x_wconf 85' lang='lat' dir='ltr'>nationalium</span> 
     </span>
    </p>
   </div>
   <div class='ocr_carea' id='block_1_6' title="bbox 322 2052 1079 2096">
    <p class='ocr_par' dir='ltr' id='par_1_8' title="bbox 322 2052 1079 2096">
     <span class='ocr_line' id='line_1_38' title="bbox 322 2052 1079 2096; baseline 0.005 -12"><span class='ocrx_word' id='word_1_173' title='bbox 322 2052 575 2095; x_wconf 84' lang='lat' dir='ltr'>uniuscuiusque</span> <span class='ocrx_word' id='word_1_174' title='bbox 590 2053 754 2096; x_wconf 88' lang='lat' dir='ltr'>quarterii,</span> <span class='ocrx_word' id='word_1_175' title='bbox 775 2053 884 2086; x_wconf 88' lang='lat' dir='ltr'>habito</span> <span class='ocrx_word' id='word_1_176' title='bbox 905 2058 1056 2096; x_wconf 88' lang='lat' dir='ltr'>respectu</span> <span class='ocrx_word' id='word_1_177' title='bbox 1077 2075 1079 2088; x_wconf 55' lang='grc' dir='ltr'><strong>ι</strong></span> 
     </span>
    </p>
   </div>
   <div class='ocr_carea' id='block_1_7' title="bbox 322 2106 1057 2149">
    <p class='ocr_par' dir='ltr' id='par_1_9' title="bbox 322 2106 1057 2149">
     <span class='ocr_line' id='line_1_39' title="bbox 322 2106 1057 2149; baseline 0.001 -11"><span class='ocrx_word' id='word_1_178' title='bbox 322 2106 362 2138; x_wconf 86' lang='lat' dir='ltr'>ad</span> <span class='ocrx_word' id='word_1_179' title='bbox 387 2116 559 2139; x_wconf 87' lang='lat' dir='ltr'>numerum</span> <span class='ocrx_word' id='word_1_180' title='bbox 583 2107 782 2139; x_wconf 84' lang='lat' dir='ltr'>abbatiarum</span> <span class='ocrx_word' id='word_1_181' title='bbox 809 2112 840 2139; x_wconf 88' lang='lat' dir='ltr'>et</span> <span class='ocrx_word' id='word_1_182' title='bbox 857 2106 1057 2149; x_wconf 83' lang='lat' dir='ltr'>prioratuum</span> 
     </span>
    </p>
   </div>
   <div class='ocr_carea' id='block_1_8' title="bbox 321 2158 1080 2202">
    <p class='ocr_par' dir='ltr' id='par_1_10' title="bbox 321 2158 1080 2202">
     <span class='ocr_line' id='line_1_40' title="bbox 321 2158 1080 2202; baseline 0.003 -12"><span class='ocrx_word' id='word_1_183' title='bbox 321 2158 425 2201; x_wconf 88' lang='lat' dir='ltr'>ipsius</span> <span class='ocrx_word' id='word_1_184' title='bbox 450 2159 614 2202; x_wconf 84' lang='lat' dir='ltr'>quarterii,</span> <span class='ocrx_word' id='word_1_185' title='bbox 633 2170 698 2192; x_wconf 92' lang='lat' dir='ltr'>non</span> <span class='ocrx_word' id='word_1_186' title='bbox 722 2160 815 2192; x_wconf 87' lang='lat' dir='ltr'>fuerit</span> <span class='ocrx_word' id='word_1_187' title='bbox 836 2164 981 2192; x_wconf 83' lang='lat' dir='ltr'>servata:</span> <span class='ocrx_word' id='word_1_188' title='bbox 1001 2170 1057 2192; x_wconf 88' lang='lat' dir='ltr'>no·</span> <span class='ocrx_word' id='word_1_189' title='bbox 1078 2171 1080 2180; x_wconf 68' lang='grc'>’</span> 
     </span>
    </p>
   </div>
   <div class='ocr_carea' id='block_1_9' title="bbox 322 2212 1055 2255">
    <p class='ocr_par' dir='ltr' id='par_1_11' title="bbox 322 2212 1055 2255">
     <span class='ocr_line' id='line_1_41' title="bbox 322 2212 1055 2255; baseline -0.001 -11"><span class='ocrx_word' id='word_1_190' title='bbox 322 2212 371 2245; x_wconf 88' lang='lat' dir='ltr'>bis</span> <span class='ocrx_word' id='word_1_191' title='bbox 396 2217 569 2255; x_wconf 84' lang='lat' dir='ltr'>propterea</span> <span class='ocrx_word' id='word_1_192' title='bbox 594 2212 698 2245; x_wconf 85' lang='lat' dir='ltr'>dictus</span> <span class='ocrx_word' id='word_1_193' title='bbox 723 2212 856 2245; x_wconf 86' lang='lat' dir='ltr'>Carolus</span> <span class='ocrx_word' id='word_1_194' title='bbox 881 2212 1055 2245; x_wconf 84' lang='lat' dir='ltr'>cardinalis</span> 
     </span>
    </p>
   </div>
   <div class='ocr_carea' id='block_1_10' title="bbox 271 2265 1055 2308">
    <p class='ocr_par' dir='ltr' id='par_1_12' title="bbox 271 2265 1055 2308">
     <span class='ocr_line' id='line_1_42' title="bbox 271 2265 1055 2308; baseline 0 -11"><span class='ocrx_word' id='word_1_195' title='bbox 271 2287 274 2289; x_wconf 22' lang='grc' dir='ltr'><strong>Α</strong></span> <span class='ocrx_word' id='word_1_196' title='bbox 323 2269 355 2298; x_wconf 83' lang='lat' dir='ltr'>et</span> <span class='ocrx_word' id='word_1_197' title='bbox 377 2271 543 2307; x_wconf 87' lang='lat' dir='ltr'>protector</span> <span class='ocrx_word' id='word_1_198' title='bbox 567 2265 731 2298; x_wconf 88' lang='lat' dir='ltr'>humiliter</span> <span class='ocrx_word' id='word_1_199' title='bbox 753 2265 946 2308; x_wconf 75' lang='lat' dir='ltr'>supplicavit</span> <span class='ocrx_word' id='word_1_200' title='bbox 974 2266 1055 2297; x_wconf 86' lang='lat' dir='ltr'>utin</span> 
     </span>
    </p>
   </div>
   <div class='ocr_carea' id='block_1_11' title="bbox 131 2422 310 2469">
    <p class='ocr_par' dir='ltr' id='par_1_13' title="bbox 131 2422 310 2469">
     <span class='ocr_line' id='line_1_43' title="bbox 131 2422 310 2469; baseline 0 -26"><span class='ocrx_word' id='word_1_201' title='bbox 131 2448 139 2469; x_wconf 46' lang='grc' dir='ltr'>ί</span> <span class='ocrx_word' id='word_1_202' title='bbox 156 2422 232 2443; x_wconf 70' lang='lat' dir='ltr'>Annuit</span> <span class='ocrx_word' id='word_1_203' title='bbox 242 2422 310 2443; x_wconf 56' lang='lat' dir='ltr'>Ponti</span> 
     </span>
     <span class='ocr_line' id='line_1_44' title="bbox 139 2454 171 2469; baseline 0.031 -1"><span class='ocrx_word' id='word_1_204' title='bbox 139 2454 171 2469; x_wconf 77' lang='lat' dir='ltr'>ex.</span> 
     </span>
    </p>
   </div>
   <div class='ocr_carea' id='block_1_12' title="bbox 323 2318 1058 2684">
    <p class='ocr_par' dir='ltr' id='par_1_14' title="bbox 323 2318 1058 2684">
     <span class='ocr_line' id='line_1_45' title="bbox 323 2318 1057 2361; baseline -0.001 -11"><span class='ocrx_word' id='word_1_205' title='bbox 323 2318 507 2361; x_wconf 82' lang='lat' dir='ltr'>praemissis</span> <span class='ocrx_word' id='word_1_206' title='bbox 533 2324 715 2361; x_wconf 88' lang='lat' dir='ltr'>opportune</span> <span class='ocrx_word' id='word_1_207' title='bbox 751 2319 921 2361; x_wconf 80' lang='lat' dir='ltr'>providere</span> <span class='ocrx_word' id='word_1_208' title='bbox 958 2324 990 2351; x_wconf 85' lang='lat' dir='ltr'>et</span> <span class='ocrx_word' id='word_1_209' title='bbox 1023 2322 1057 2350; x_wconf 91' lang='lat' dir='ltr'>ut</span> 
     </span>
     <span class='ocr_line' id='line_1_46' title="bbox 324 2370 1058 2413; baseline 0.001 -11"><span class='ocrx_word' id='word_1_210' title='bbox 324 2370 407 2403; x_wconf 85' lang='lat' dir='ltr'>infra</span> <span class='ocrx_word' id='word_1_211' title='bbox 441 2371 610 2412; x_wconf 83' lang='lat' dir='ltr'>indulgere</span> <span class='ocrx_word' id='word_1_212' title='bbox 645 2372 683 2403; x_wconf 91' lang='lat' dir='ltr'>de</span> <span class='ocrx_word' id='word_1_213' title='bbox 708 2371 906 2413; x_wconf 74' lang='lat' dir='ltr'>benignitate</span> <span class='ocrx_word' id='word_1_214' title='bbox 931 2375 1058 2413; x_wconf 88' lang='lat' dir='ltr'>aposto-</span> 
     </span>
     <span class='ocr_line' id='line_1_47' title="bbox 325 2423 1058 2467; baseline 0 -12"><span class='ocrx_word' id='word_1_215' title='bbox 325 2423 385 2456; x_wconf 76' lang='lat' dir='ltr'>lica</span> <span class='ocrx_word' id='word_1_216' title='bbox 409 2423 628 2465; x_wconf 78' lang='lat' dir='ltr'>dignaremur.</span> <span class='ocrx_word' id='word_1_217' title='bbox 649 2424 711 2456; x_wconf 84' lang='lat' dir='ltr'>Nos</span> <span class='ocrx_word' id='word_1_218' title='bbox 730 2424 834 2466; x_wconf 67' lang='lat' dir='ltr'>igitur,</span> <span class='ocrx_word' id='word_1_219' title='bbox 861 2424 964 2467; x_wconf 87' lang='lat' dir='ltr'>ipsum</span> <span class='ocrx_word' id='word_1_220' title='bbox 991 2433 1058 2456; x_wconf 87' lang='lat' dir='ltr'>car-</span> 
     </span>
     <span class='ocr_line' id='line_1_48' title="bbox 324 2475 1057 2518; baseline -0.001 -10"><span class='ocrx_word' id='word_1_221' title='bbox 324 2476 463 2509; x_wconf 89' lang='lat' dir='ltr'>dinalem</span> <span class='ocrx_word' id='word_1_222' title='bbox 489 2481 519 2509; x_wconf 89' lang='lat' dir='ltr'>et</span> <span class='ocrx_word' id='word_1_223' title='bbox 543 2482 762 2518; x_wconf 80' lang='lat' dir='ltr'>protectorem</span> <span class='ocrx_word' id='word_1_224' title='bbox 792 2475 986 2518; x_wconf 87' lang='lat' dir='ltr'>specialibus</span> <span class='ocrx_word' id='word_1_225' title='bbox 1017 2475 1057 2507; x_wconf 89' lang='lat' dir='ltr'>sa-</span> 
     </span>
     <span class='ocr_line' id='line_1_49' title="bbox 323 2528 1053 2571; baseline -0.003 -10"><span class='ocrx_word' id='word_1_226' title='bbox 323 2528 452 2561; x_wconf 87' lang='lat' dir='ltr'>voribus</span> <span class='ocrx_word' id='word_1_227' title='bbox 488 2534 517 2561; x_wconf 89' lang='lat' dir='ltr'>et</span> <span class='ocrx_word' id='word_1_228' title='bbox 554 2529 662 2570; x_wconf 78' lang='lat' dir='ltr'>gratiis</span> <span class='ocrx_word' id='word_1_229' title='bbox 698 2529 851 2571; x_wconf 78' lang='lat' dir='ltr'>prosequi</span> <span class='ocrx_word' id='word_1_230' title='bbox 885 2529 1053 2565; x_wconf 73' lang='lat' dir='ltr'>volentes,</span> 
     </span>
     <span class='ocr_line' id='line_1_50' title="bbox 325 2580 1055 2625; baseline -0.005 -9"><span class='ocrx_word' id='word_1_231' title='bbox 325 2582 509 2616; x_wconf 88' lang='lat' dir='ltr'>huiusmodi</span> <span class='ocrx_word' id='word_1_232' title='bbox 533 2581 823 2625; x_wconf 84' lang='lat' dir='ltr'>supplicationibus</span> <span class='ocrx_word' id='word_1_233' title='bbox 841 2580 996 2619; x_wconf 84' lang='lat' dir='ltr'>inclinati,</span> <span class='ocrx_word' id='word_1_234' title='bbox 1017 2580 1055 2612; x_wconf 81' lang='lat' dir='ltr'>de</span> 
     </span>
     <span class='ocr_line' id='line_1_51' title="bbox 324 2637 1058 2684; baseline 0 -16"><span class='ocrx_word' id='word_1_235' title='bbox 324 2637 556 2669; x_wconf 83' lang='lat' dir='ltr'>nonnullorum</span> <span class='ocrx_word' id='word_1_236' title='bbox 581 2638 741 2672; x_wconf 72' lang='lat' dir='ltr'>Romanae</span> <span class='ocrx_word' id='word_1_237' title='bbox 768 2639 874 2671; x_wconf 78' lang='lat' dir='ltr'>euriae</span> <span class='ocrx_word' id='word_1_238' title='bbox 900 2640 1058 2684; x_wconf 86' lang='lat' dir='ltr'>praelato-</span> 
     </span>
    </p>
   </div>
   <div class='ocr_carea' id='block_1_13' title="bbox 431 2702 1020 2749">
    <p class='ocr_par' dir='ltr' id='par_1_15' title="bbox 431 2702 1020 2749">
     <span class='ocr_line' id='line_1_52' title="bbox 431 2702 1020 2749; baseline -0.029 -3"><span class='ocrx_word' id='word_1_239' title='bbox 431 2717 509 2749; x_wconf 63' lang='lat' dir='ltr'>Ball.</span> <span class='ocrx_word' id='word_1_240' title='bbox 526 2716 606 2744; x_wconf 85' lang='lat' dir='ltr'>Rom.</span> <span class='ocrx_word' id='word_1_241' title='bbox 622 2728 657 2734; x_wconf 94' lang='lat'>—</span> <span class='ocrx_word' id='word_1_242' title='bbox 676 2712 734 2740; x_wconf 88' lang='lat' dir='ltr'>Vol.</span> <span class='ocrx_word' id='word_1_243' title='bbox 752 2708 842 2737; x_wconf 75' lang='lat' dir='ltr'><em>XVII.</em></span> <span class='ocrx_word' id='word_1_244' title='bbox 985 2702 1020 2730; x_wconf 82' lang='lat'>98</span> 
     </span>
    </p>
   </div>
   <div class='ocr_carea' id='block_1_14' title="bbox 1071 489 1083 2609">
    <p class='ocr_par' dir='ltr' id='par_1_16' title="bbox 1071 489 1083 2609">
     <span class='ocr_line' id='line_1_53' title="bbox 1071 489 1083 2609; baseline 0 0"><span class='ocrx_word' id='word_1_245' title='bbox 1071 489 1083 2609; x_wconf 95' lang='lat' dir='ltr'> </span> 
     </span>
    </p>
   </div>
   <div class='ocr_carea' id='block_1_15' title="bbox 1733 224 1795 257">
    <p class='ocr_par' dir='ltr' id='par_1_17' title="bbox 1733 224 1795 257">
     <span class='ocr_line' id='line_1_54' title="bbox 1733 224 1795 257; baseline 0 0"><span class='ocrx_word' id='word_1_246' title='bbox 1733 224 1795 257; x_wconf 85' lang='lat'>777</span> 
     </span>
    </p>
   </div>
   <div class='ocr_carea' id='block_1_16' title="bbox 1093 281 1844 2669">
    <p class='ocr_par' dir='ltr' id='par_1_18' title="bbox 1093 281 1833 1551">
     <span class='ocr_line' id='line_1_55' title="bbox 1094 281 1830 326; baseline -0.007 -9"><span class='ocrx_word' id='word_1_247' title='bbox 1094 292 1174 322; x_wconf 80' lang='lat' dir='ltr'>rum,</span> <span class='ocrx_word' id='word_1_248' title='bbox 1201 282 1316 326; x_wconf 87' lang='lat' dir='ltr'>quibus</span> <span class='ocrx_word' id='word_1_249' title='bbox 1341 282 1507 325; x_wconf 81' lang='lat' dir='ltr'>negotium</span> <span class='ocrx_word' id='word_1_250' title='bbox 1532 281 1717 316; x_wconf 86' lang='lat' dir='ltr'>huiusmodi</span> <span class='ocrx_word' id='word_1_251' title='bbox 1743 291 1830 314; x_wconf 86' lang='lat' dir='ltr'>com-</span> 
     </span>
     <span class='ocr_line' id='line_1_56' title="bbox 1094 334 1828 378; baseline -0.008 -6"><span class='ocrx_word' id='word_1_252' title='bbox 1094 339 1252 376; x_wconf 85' lang='lat' dir='ltr'>misimus,</span> <span class='ocrx_word' id='word_1_253' title='bbox 1267 337 1413 373; x_wconf 79' lang='lat' dir='ltr'>consilio,</span> <span class='ocrx_word' id='word_1_254' title='bbox 1432 336 1624 369; x_wconf 84' lang='lat' dir='ltr'>auetoritate</span> <span class='ocrx_word' id='word_1_255' title='bbox 1642 334 1828 378; x_wconf 76' lang='lat' dir='ltr'>apostolica,</span> 
     </span>
     <span class='ocr_line' id='line_1_57' title="bbox 1093 387 1830 434; baseline -0.007 -10"><span class='ocrx_word' id='word_1_256' title='bbox 1093 398 1206 424; x_wconf 82' lang='lat' dir='ltr'>tenore</span> <span class='ocrx_word' id='word_1_257' title='bbox 1232 391 1462 434; x_wconf 88' lang='lat' dir='ltr'>praesentium,</span> <span class='ocrx_word' id='word_1_258' title='bbox 1488 389 1697 422; x_wconf 83' lang='lat' dir='ltr'>concedimus</span> <span class='ocrx_word' id='word_1_259' title='bbox 1723 393 1757 419; x_wconf 92' lang='lat' dir='ltr'>ut</span> <span class='ocrx_word' id='word_1_260' title='bbox 1774 387 1830 420; x_wconf 86' lang='lat' dir='ltr'>eli-</span> 
     </span>
     <span class='ocr_line' id='line_1_58' title="bbox 1093 442 1830 487; baseline -0.008 -10"><span class='ocrx_word' id='word_1_261' title='bbox 1093 450 1208 487; x_wconf 76' lang='lat' dir='ltr'>gantur</span> <span class='ocrx_word' id='word_1_262' title='bbox 1233 450 1280 476; x_wconf 84' lang='lat' dir='ltr'>tot</span> <span class='ocrx_word' id='word_1_263' title='bbox 1304 444 1436 475; x_wconf 82' lang='lat' dir='ltr'>abbates</span> <span class='ocrx_word' id='word_1_264' title='bbox 1461 448 1492 475; x_wconf 82' lang='lat' dir='ltr'>et</span> <span class='ocrx_word' id='word_1_265' title='bbox 1524 442 1647 485; x_wconf 83' lang='lat' dir='ltr'>priores</span> <span class='ocrx_word' id='word_1_266' title='bbox 1681 451 1717 473; x_wconf 82' lang='lat' dir='ltr'>ex</span> <span class='ocrx_word' id='word_1_267' title='bbox 1750 451 1791 472; x_wconf 89' lang='lat' dir='ltr'>un</span> <span class='ocrx_word' id='word_1_268' title='bbox 1802 449 1830 472; x_wconf 73' lang='lat' dir='ltr'>o-</span> 
     </span>
     <span class='ocr_line' id='line_1_59' title="bbox 1093 493 1829 541; baseline -0.005 -12"><span class='ocrx_word' id='word_1_269' title='bbox 1093 507 1222 541; x_wconf 86' lang='lat' dir='ltr'>quoque</span> <span class='ocrx_word' id='word_1_270' title='bbox 1248 497 1434 539; x_wconf 83' lang='lat' dir='ltr'>quarterio,</span> <span class='ocrx_word' id='word_1_271' title='bbox 1468 500 1545 538; x_wconf 85' lang='lat' dir='ltr'>quot</span> <span class='ocrx_word' id='word_1_272' title='bbox 1576 499 1649 527; x_wconf 86' lang='lat' dir='ltr'>sunt</span> <span class='ocrx_word' id='word_1_273' title='bbox 1681 493 1829 526; x_wconf 86' lang='lat' dir='ltr'>abbatiae</span> 
     </span>
     <span class='ocr_line' id='line_1_60' title="bbox 1093 546 1829 593; baseline -0.005 -11"><span class='ocrx_word' id='word_1_274' title='bbox 1093 555 1124 582; x_wconf 89' lang='lat' dir='ltr'>et</span> <span class='ocrx_word' id='word_1_275' title='bbox 1142 550 1302 593; x_wconf 82' lang='lat' dir='ltr'>prioratus</span> <span class='ocrx_word' id='word_1_276' title='bbox 1319 548 1427 591; x_wconf 78' lang='lat' dir='ltr'>vigore</span> <span class='ocrx_word' id='word_1_277' title='bbox 1446 547 1706 580; x_wconf 82' lang='lat' dir='ltr'>constitutionum</span> <span class='ocrx_word' id='word_1_278' title='bbox 1725 546 1829 578; x_wconf 81' lang='lat' dir='ltr'>dictae</span> 
     </span>
     <span class='ocr_line' id='line_1_61' title="bbox 1093 599 1829 645; baseline -0.005 -11"><span class='ocrx_word' id='word_1_279' title='bbox 1093 600 1361 645; x_wconf 76' lang='lat' dir='ltr'>Congregationis</span> <span class='ocrx_word' id='word_1_280' title='bbox 1380 600 1531 643; x_wconf 83' lang='lat' dir='ltr'>assignati</span> <span class='ocrx_word' id='word_1_281' title='bbox 1545 599 1721 642; x_wconf 85' lang='lat' dir='ltr'>unicuique</span> <span class='ocrx_word' id='word_1_282' title='bbox 1736 608 1829 641; x_wconf 86' lang='lat' dir='ltr'>quar-</span> 
     </span>
     <span class='ocr_line' id='line_1_62' title="bbox 1094 652 1829 697; baseline -0.01 -7"><span class='ocrx_word' id='word_1_283' title='bbox 1094 657 1192 696; x_wconf 87' lang='lat' dir='ltr'>terio·,</span> <span class='ocrx_word' id='word_1_284' title='bbox 1219 656 1383 697; x_wconf 86' lang='lat' dir='ltr'>completo</span> <span class='ocrx_word' id='word_1_285' title='bbox 1401 659 1505 685; x_wconf 88' lang='lat' dir='ltr'>autem</span> <span class='ocrx_word' id='word_1_286' title='bbox 1524 663 1659 685; x_wconf 89' lang='lat' dir='ltr'>numero</span> <span class='ocrx_word' id='word_1_287' title='bbox 1676 652 1829 684; x_wconf 86' lang='lat' dir='ltr'>abbatum</span> 
     </span>
     <span class='ocr_line' id='line_1_63' title="bbox 1094 704 1830 752; baseline -0.01 -9"><span class='ocrx_word' id='word_1_288' title='bbox 1094 721 1130 743; x_wconf 86' lang='lat' dir='ltr'>ex</span> <span class='ocrx_word' id='word_1_289' title='bbox 1148 718 1344 752; x_wconf 87' lang='lat' dir='ltr'>unoquoque</span> <span class='ocrx_word' id='word_1_290' title='bbox 1363 706 1538 749; x_wconf 82' lang='lat' dir='ltr'>quarterio,</span> <span class='ocrx_word' id='word_1_291' title='bbox 1555 710 1588 736; x_wconf 91' lang='lat' dir='ltr'>ut</span> <span class='ocrx_word' id='word_1_292' title='bbox 1604 715 1709 747; x_wconf 84' lang='lat' dir='ltr'>supra,</span> <span class='ocrx_word' id='word_1_293' title='bbox 1728 709 1759 736; x_wconf 87' lang='lat' dir='ltr'>et</span> <span class='ocrx_word' id='word_1_294' title='bbox 1776 704 1830 736; x_wconf 83' lang='lat' dir='ltr'>de-</span> 
     </span>
     <span class='ocr_line' id='line_1_64' title="bbox 1094 755 1830 803; baseline -0.012 -8"><span class='ocrx_word' id='word_1_295' title='bbox 1094 763 1221 795; x_wconf 83' lang='lat' dir='ltr'>ficiente</span> <span class='ocrx_word' id='word_1_296' title='bbox 1247 761 1355 803; x_wconf 87' lang='lat' dir='ltr'>aliquo</span> <span class='ocrx_word' id='word_1_297' title='bbox 1381 760 1496 791; x_wconf 85' lang='lat' dir='ltr'>abbate</span> <span class='ocrx_word' id='word_1_298' title='bbox 1521 758 1553 789; x_wconf 94' lang='lat' dir='ltr'>in</span> <span class='ocrx_word' id='word_1_299' title='bbox 1580 755 1743 799; x_wconf 86' lang='lat' dir='ltr'>quarterio</span> <span class='ocrx_word' id='word_1_300' title='bbox 1774 755 1830 787; x_wconf 91' lang='lat' dir='ltr'>ha-</span> 
     </span>
     <span class='ocr_line' id='line_1_65' title="bbox 1094 814 1830 849; baseline -0.011 0"><span class='ocrx_word' id='word_1_301' title='bbox 1094 817 1190 849; x_wconf 89' lang='lat' dir='ltr'>bente</span> <span class='ocrx_word' id='word_1_302' title='bbox 1226 814 1374 847; x_wconf 85' lang='lat' dir='ltr'>abbatem</span> <span class='ocrx_word' id='word_1_303' title='bbox 1409 814 1495 845; x_wconf 85' lang='lat' dir='ltr'>ultra</span> <span class='ocrx_word' id='word_1_304' title='bbox 1530 821 1621 842; x_wconf 88' lang='lat' dir='ltr'>suum</span> <span class='ocrx_word' id='word_1_305' title='bbox 1662 819 1830 841; x_wconf 79' lang='lat' dir='ltr'>numerum</span> 
     </span>
     <span class='ocr_line' id='line_1_66' title="bbox 1094 862 1831 912; baseline -0.012 -11"><span class='ocrx_word' id='word_1_306' title='bbox 1094 872 1227 912; x_wconf 88' lang='lat' dir='ltr'>propter</span> <span class='ocrx_word' id='word_1_307' title='bbox 1252 865 1413 899; x_wconf 87' lang='lat' dir='ltr'>abbatiam</span> <span class='ocrx_word' id='word_1_308' title='bbox 1442 865 1473 897; x_wconf 80' lang='lat' dir='ltr'>S.</span> <span class='ocrx_word' id='word_1_309' title='bbox 1508 863 1625 896; x_wconf 82' lang='lat' dir='ltr'>Mariae</span> <span class='ocrx_word' id='word_1_310' title='bbox 1654 862 1686 893; x_wconf 91' lang='lat' dir='ltr'>in</span> <span class='ocrx_word' id='word_1_311' title='bbox 1719 862 1831 893; x_wconf 83' lang='lat' dir='ltr'>Poste-</span> 
     </span>
     <span class='ocr_line' id='line_1_67' title="bbox 1095 913 1828 962; baseline -0.014 -7"><span class='ocrx_word' id='word_1_312' title='bbox 1095 924 1164 956; x_wconf 86' lang='lat' dir='ltr'>rula</span> <span class='ocrx_word' id='word_1_313' title='bbox 1188 920 1290 959; x_wconf 88' lang='lat' dir='ltr'>Urbis,</span> <span class='ocrx_word' id='word_1_314' title='bbox 1313 929 1395 962; x_wconf 87' lang='lat' dir='ltr'>quae</span> <span class='ocrx_word' id='word_1_315' title='bbox 1414 922 1461 950; x_wconf 85' lang='lat' dir='ltr'>est</span> <span class='ocrx_word' id='word_1_316' title='bbox 1481 926 1604 949; x_wconf 83' lang='lat' dir='ltr'>annexa</span> <span class='ocrx_word' id='word_1_317' title='bbox 1624 913 1828 958; x_wconf 85' lang='lat' dir='ltr'>procuratori</span> 
     </span>
     <span class='ocr_line' id='line_1_68' title="bbox 1096 965 1831 1019; baseline -0.016 -10"><span class='ocrx_word' id='word_1_318' title='bbox 1096 974 1240 1019; x_wconf 78' lang='lat' dir='ltr'>generali</span> <span class='ocrx_word' id='word_1_319' title='bbox 1265 984 1323 1016; x_wconf 87' lang='lat' dir='ltr'>pro</span> <span class='ocrx_word' id='word_1_320' title='bbox 1348 978 1503 1014; x_wconf 89' lang='lat' dir='ltr'>tempore,</span> <span class='ocrx_word' id='word_1_321' title='bbox 1530 969 1562 1001; x_wconf 89' lang='lat' dir='ltr'>in</span> <span class='ocrx_word' id='word_1_322' title='bbox 1587 968 1642 1000; x_wconf 87' lang='lat' dir='ltr'>tali</span> <span class='ocrx_word' id='word_1_323' title='bbox 1669 977 1743 999; x_wconf 82' lang='lat' dir='ltr'>casu</span> <span class='ocrx_word' id='word_1_324' title='bbox 1773 965 1831 999; x_wconf 82' lang='lat' dir='ltr'>eli·</span> 
     </span>
     <span class='ocr_line' id='line_1_69' title="bbox 1096 1019 1831 1071; baseline -0.014 -11"><span class='ocrx_word' id='word_1_325' title='bbox 1096 1033 1187 1071; x_wconf 83' lang='lat' dir='ltr'>gatur</span> <span class='ocrx_word' id='word_1_326' title='bbox 1212 1036 1313 1059; x_wconf 87' lang='lat' dir='ltr'>novus</span> <span class='ocrx_word' id='word_1_327' title='bbox 1339 1025 1437 1057; x_wconf 86' lang='lat' dir='ltr'>abbas</span> <span class='ocrx_word' id='word_1_328' title='bbox 1464 1033 1501 1055; x_wconf 83' lang='lat' dir='ltr'>ex</span> <span class='ocrx_word' id='word_1_329' title='bbox 1528 1019 1694 1065; x_wconf 86' lang='lat' dir='ltr'>quarterio</span> <span class='ocrx_word' id='word_1_330' title='bbox 1719 1019 1831 1051; x_wconf 89' lang='lat' dir='ltr'>imme-</span> 
     </span>
     <span class='ocr_line' id='line_1_70' title="bbox 1097 1072 1830 1123; baseline -0.018 -8"><span class='ocrx_word' id='word_1_331' title='bbox 1097 1083 1181 1116; x_wconf 86' lang='lat' dir='ltr'>diate</span> <span class='ocrx_word' id='word_1_332' title='bbox 1210 1078 1381 1123; x_wconf 86' lang='lat' dir='ltr'>sequenti·‚</span> <span class='ocrx_word' id='word_1_333' title='bbox 1416 1082 1511 1119; x_wconf 89' lang='lat' dir='ltr'>atque</span> <span class='ocrx_word' id='word_1_334' title='bbox 1543 1075 1568 1107; x_wconf 92' lang='lat' dir='ltr'>si</span> <span class='ocrx_word' id='word_1_335' title='bbox 1602 1073 1768 1114; x_wconf 78' lang='lat' dir='ltr'>contingat</span> <span class='ocrx_word' id='word_1_336' title='bbox 1799 1072 1830 1104; x_wconf 90' lang='lat' dir='ltr'>in</span> 
     </span>
     <span class='ocr_line' id='line_1_71' title="bbox 1096 1125 1831 1176; baseline -0.018 -8"><span class='ocrx_word' id='word_1_337' title='bbox 1096 1135 1127 1168; x_wconf 89' lang='lat' dir='ltr'>in</span> <span class='ocrx_word' id='word_1_338' title='bbox 1154 1134 1262 1176; x_wconf 85' lang='lat' dir='ltr'>aliquo</span> <span class='ocrx_word' id='word_1_339' title='bbox 1284 1130 1450 1175; x_wconf 87' lang='lat' dir='ltr'>quarterio</span> <span class='ocrx_word' id='word_1_340' title='bbox 1468 1139 1532 1161; x_wconf 91' lang='lat' dir='ltr'>non</span> <span class='ocrx_word' id='word_1_341' title='bbox 1551 1125 1685 1170; x_wconf 87' lang='lat' dir='ltr'>reperiri</span> <span class='ocrx_word' id='word_1_342' title='bbox 1707 1125 1831 1157; x_wconf 85' lang='lat' dir='ltr'>haben-</span> 
     </span>
     <span class='ocr_line' id='line_1_72' title="bbox 1096 1178 1832 1229; baseline -0.016 -9"><span class='ocrx_word' id='word_1_343' title='bbox 1096 1194 1145 1220; x_wconf 81' lang='lat' dir='ltr'>tes</span> <span class='ocrx_word' id='word_1_344' title='bbox 1170 1185 1325 1229; x_wconf 87' lang='lat' dir='ltr'>requisita</span> <span class='ocrx_word' id='word_1_345' title='bbox 1345 1194 1380 1216; x_wconf 81' lang='lat' dir='ltr'>ex</span> <span class='ocrx_word' id='word_1_346' title='bbox 1402 1180 1684 1215; x_wconf 82' lang='lat' dir='ltr'>constitutionibus</span> <span class='ocrx_word' id='word_1_347' title='bbox 1703 1178 1742 1210; x_wconf 90' lang='lat' dir='ltr'>ad</span> <span class='ocrx_word' id='word_1_348' title='bbox 1770 1178 1832 1210; x_wconf 86' lang='lat' dir='ltr'>hoe</span> 
     </span>
     <span class='ocr_line' id='line_1_73' title="bbox 1097 1231 1832 1278; baseline -0.016 -4"><span class='ocrx_word' id='word_1_349' title='bbox 1097 1247 1131 1274; x_wconf 92' lang='lat' dir='ltr'>ut</span> <span class='ocrx_word' id='word_1_350' title='bbox 1155 1242 1186 1273; x_wconf 88' lang='lat' dir='ltr'>in</span> <span class='ocrx_word' id='word_1_351' title='bbox 1213 1239 1346 1272; x_wconf 86' lang='lat' dir='ltr'>abbates</span> <span class='ocrx_word' id='word_1_352' title='bbox 1371 1236 1446 1278; x_wconf 81' lang='lat' dir='ltr'>eligi</span> <span class='ocrx_word' id='word_1_353' title='bbox 1471 1234 1604 1278; x_wconf 85' lang='lat' dir='ltr'>possint,</span> <span class='ocrx_word' id='word_1_354' title='bbox 1632 1238 1707 1264; x_wconf 89' lang='lat' dir='ltr'>tunc</span> <span class='ocrx_word' id='word_1_355' title='bbox 1731 1231 1763 1263; x_wconf 90' lang='lat' dir='ltr'>in</span> <span class='ocrx_word' id='word_1_356' title='bbox 1781 1241 1832 1263; x_wconf 89' lang='lat' dir='ltr'>ca-</span> 
     </span>
     <span class='ocr_line' id='line_1_74' title="bbox 1097 1283 1830 1337; baseline -0.018 -10"><span class='ocrx_word' id='word_1_357' title='bbox 1097 1295 1200 1337; x_wconf 90' lang='lat' dir='ltr'>pitulo</span> <span class='ocrx_word' id='word_1_358' title='bbox 1236 1290 1380 1335; x_wconf 78' lang='lat' dir='ltr'>generali</span> <span class='ocrx_word' id='word_1_359' title='bbox 1421 1289 1520 1332; x_wconf 88' lang='lat' dir='ltr'>ipsius</span> <span class='ocrx_word' id='word_1_360' title='bbox 1549 1283 1830 1328; x_wconf 76' lang='lat' dir='ltr'>Congregationis,</span> 
     </span>
     <span class='ocr_line' id='line_1_75' title="bbox 1098 1336 1833 1384; baseline -0.018 -5"><span class='ocrx_word' id='word_1_361' title='bbox 1098 1347 1183 1379; x_wconf 84' lang='lat' dir='ltr'>iuxta</span> <span class='ocrx_word' id='word_1_362' title='bbox 1214 1345 1397 1378; x_wconf 84' lang='lat' dir='ltr'>facultatem</span> <span class='ocrx_word' id='word_1_363' title='bbox 1432 1341 1460 1374; x_wconf 91' lang='lat' dir='ltr'>ei</span> <span class='ocrx_word' id='word_1_364' title='bbox 1493 1350 1552 1384; x_wconf 89' lang='lat' dir='ltr'>per</span> <span class='ocrx_word' id='word_1_365' title='bbox 1587 1336 1833 1371; x_wconf 85' lang='lat' dir='ltr'>constitutiones</span> 
     </span>
     <span class='ocr_line' id='line_1_76' title="bbox 1098 1390 1833 1440; baseline -0.016 -7"><span class='ocrx_word' id='word_1_366' title='bbox 1098 1399 1294 1440; x_wconf 76' lang='lat' dir='ltr'>attributam,</span> <span class='ocrx_word' id='word_1_367' title='bbox 1321 1395 1535 1429; x_wconf 87' lang='lat' dir='ltr'>habilitentur</span> <span class='ocrx_word' id='word_1_368' title='bbox 1559 1391 1659 1435; x_wconf 82' lang='lat' dir='ltr'>aliqui</span> <span class='ocrx_word' id='word_1_369' title='bbox 1689 1390 1833 1423; x_wconf 86' lang='lat' dir='ltr'>eiusdem</span> 
     </span>
     <span class='ocr_line' id='line_1_77' title="bbox 1099 1441 1832 1498; baseline -0.019 -11"><span class='ocrx_word' id='word_1_370' title='bbox 1099 1452 1252 1498; x_wconf 84' lang='lat' dir='ltr'>quarterii</span> <span class='ocrx_word' id='word_1_371' title='bbox 1266 1449 1471 1495; x_wconf 82' lang='lat' dir='ltr'>professione</span> <span class='ocrx_word' id='word_1_372' title='bbox 1489 1445 1697 1489; x_wconf 82' lang='lat' dir='ltr'>antiquiores,</span> <span class='ocrx_word' id='word_1_373' title='bbox 1716 1441 1832 1475; x_wconf 84' lang='lat' dir='ltr'>ceteris</span> 
     </span>
     <span class='ocr_line' id='line_1_78' title="bbox 1099 1508 1239 1551; baseline -0.029 -10"><span class='ocrx_word' id='word_1_374' title='bbox 1099 1508 1239 1551; x_wconf 50' lang='lat' dir='ltr'>paribus</span> 
     </span>
    </p>

    <p class='ocr_par' dir='ltr' id='par_1_19' title="bbox 1099 1553 1840 2292">
     <span class='ocr_line' id='line_1_79' title="bbox 1142 1553 1832 1605; baseline -0.023 -9"><span class='ocrx_word' id='word_1_375' title='bbox 1142 1562 1157 1605; x_wconf 62' lang='grc' dir='ltr'>ξ</span> <span class='ocrx_word' id='word_1_376' title='bbox 1182 1562 1213 1596; x_wconf 77' lang='lat'>3.</span> <span class='ocrx_word' id='word_1_377' title='bbox 1239 1560 1458 1592; x_wconf 85' lang='lat' dir='ltr'>Decernentes</span> <span class='ocrx_word' id='word_1_378' title='bbox 1483 1553 1613 1586; x_wconf 86' lang='lat' dir='ltr'>easdem</span> <span class='ocrx_word' id='word_1_379' title='bbox 1644 1553 1832 1594; x_wconf 83' lang='lat' dir='ltr'>praesentes</span> 
     </span>
     <span class='ocr_line' id='line_1_80' title="bbox 1099 1601 1832 1654; baseline -0.025 -4"><span class='ocrx_word' id='word_1_380' title='bbox 1099 1617 1220 1650; x_wconf 86' lang='lat' dir='ltr'>litteras</span> <span class='ocrx_word' id='word_1_381' title='bbox 1251 1621 1379 1654; x_wconf 86' lang='lat' dir='ltr'>semper</span> <span class='ocrx_word' id='word_1_382' title='bbox 1404 1609 1536 1646; x_wconf 87' lang='lat' dir='ltr'>firmas,</span> <span class='ocrx_word' id='word_1_383' title='bbox 1565 1604 1684 1637; x_wconf 87' lang='lat' dir='ltr'>validas</span> <span class='ocrx_word' id='word_1_384' title='bbox 1709 1607 1741 1635; x_wconf 90' lang='lat' dir='ltr'>et</span> <span class='ocrx_word' id='word_1_385' title='bbox 1765 1601 1832 1634; x_wconf 81' lang='lat' dir='ltr'>effi-</span> 
     </span>
     <span class='ocr_line' id='line_1_81' title="bbox 1099 1654 1834 1702; baseline -0.023 0"><span class='ocrx_word' id='word_1_386' title='bbox 1099 1679 1188 1702; x_wconf 85' lang='lat' dir='ltr'>caces</span> <span class='ocrx_word' id='word_1_387' title='bbox 1209 1666 1344 1699; x_wconf 82' lang='lat' dir='ltr'>existere</span> <span class='ocrx_word' id='word_1_388' title='bbox 1363 1668 1394 1695; x_wconf 88' lang='lat' dir='ltr'>et</span> <span class='ocrx_word' id='word_1_389' title='bbox 1412 1662 1490 1700; x_wconf 89' lang='lat' dir='ltr'>fore,</span> <span class='ocrx_word' id='word_1_390' title='bbox 1509 1667 1649 1700; x_wconf 88' lang='lat' dir='ltr'>suosque</span> <span class='ocrx_word' id='word_1_391' title='bbox 1666 1654 1834 1699; x_wconf 83' lang='lat' dir='ltr'>plenarios</span> 
     </span>
     <span class='ocr_line' id='line_1_82' title="bbox 1099 1707 1832 1761; baseline -0.023 -7"><span class='ocrx_word' id='word_1_392' title='bbox 1099 1727 1130 1754; x_wconf 81' lang='lat' dir='ltr'>et</span> <span class='ocrx_word' id='word_1_393' title='bbox 1155 1721 1299 1761; x_wconf 78' lang='lat' dir='ltr'>integros</span> <span class='ocrx_word' id='word_1_394' title='bbox 1325 1710 1454 1748; x_wconf 76' lang='lat' dir='ltr'>effectus</span> <span class='ocrx_word' id='word_1_395' title='bbox 1479 1710 1589 1744; x_wconf 86' lang='lat' dir='ltr'>sortiri</span> <span class='ocrx_word' id='word_1_396' title='bbox 1615 1714 1647 1741; x_wconf 91' lang='lat' dir='ltr'>et</span> <span class='ocrx_word' id='word_1_397' title='bbox 1671 1707 1832 1745; x_wconf 85' lang='lat' dir='ltr'>obtinere,</span> 
     </span>
     <span class='ocr_line' id='line_1_83' title="bbox 1099 1765 1835 1812; baseline -0.026 -4"><span class='ocrx_word' id='word_1_398' title='bbox 1099 1785 1135 1808; x_wconf 86' lang='lat' dir='ltr'>ac</span> <span class='ocrx_word' id='word_1_399' title='bbox 1159 1772 1232 1811; x_wconf 87' lang='lat' dir='ltr'>illis,</span> <span class='ocrx_word' id='word_1_400' title='bbox 1259 1770 1298 1803; x_wconf 86' lang='lat' dir='ltr'>ad</span> <span class='ocrx_word' id='word_1_401' title='bbox 1323 1777 1403 1812; x_wconf 84' lang='lat' dir='ltr'>quos</span> <span class='ocrx_word' id='word_1_402' title='bbox 1422 1768 1546 1809; x_wconf 87' lang='lat' dir='ltr'>spectat</span> <span class='ocrx_word' id='word_1_403' title='bbox 1566 1767 1597 1795; x_wconf 90' lang='lat' dir='ltr'>et</span> <span class='ocrx_word' id='word_1_404' title='bbox 1614 1771 1672 1805; x_wconf 89' lang='lat' dir='ltr'>pro</span> <span class='ocrx_word' id='word_1_405' title='bbox 1691 1765 1835 1801; x_wconf 87' lang='lat' dir='ltr'>tempore</span> 
     </span>
     <span class='ocr_line' id='line_1_84' title="bbox 1099 1810 1836 1870; baseline -0.027 -9"><span class='ocrx_word' id='word_1_406' title='bbox 1099 1825 1266 1870; x_wconf 82' lang='lat' dir='ltr'>spectabit,</span> <span class='ocrx_word' id='word_1_407' title='bbox 1292 1819 1480 1866; x_wconf 87' lang='lat' dir='ltr'>plenissime</span> <span class='ocrx_word' id='word_1_408' title='bbox 1506 1813 1673 1856; x_wconf 78' lang='lat' dir='ltr'>suffragari</span> <span class='ocrx_word' id='word_1_409' title='bbox 1691 1816 1723 1844; x_wconf 89' lang='lat' dir='ltr'>et</span> <span class='ocrx_word' id='word_1_410' title='bbox 1740 1812 1778 1843; x_wconf 85' lang='lat' dir='ltr'>ab</span> <span class='ocrx_word' id='word_1_411' title='bbox 1798 1810 1836 1842; x_wconf 86' lang='lat' dir='ltr'>iis</span> 
     </span>
     <span class='ocr_line' id='line_1_85' title="bbox 1100 1863 1837 1922; baseline -0.026 -9"><span class='ocrx_word' id='word_1_412' title='bbox 1100 1878 1278 1922; x_wconf 81' lang='lat' dir='ltr'>respective</span> <span class='ocrx_word' id='word_1_413' title='bbox 1304 1870 1533 1907; x_wconf 86' lang='lat' dir='ltr'>inviolabiliter</span> <span class='ocrx_word' id='word_1_414' title='bbox 1559 1864 1751 1904; x_wconf 79' lang='lat' dir='ltr'>obeservari,</span> <span class='ocrx_word' id='word_1_415' title='bbox 1776 1863 1837 1896; x_wconf 89' lang='lat' dir='ltr'>sic-</span> 
     </span>
     <span class='ocr_line' id='line_1_86' title="bbox 1100 1915 1837 1977; baseline -0.026 -11"><span class='ocrx_word' id='word_1_416' title='bbox 1100 1943 1161 1977; x_wconf 87' lang='lat' dir='ltr'>que</span> <span class='ocrx_word' id='word_1_417' title='bbox 1179 1932 1212 1964; x_wconf 90' lang='lat' dir='ltr'>in</span> <span class='ocrx_word' id='word_1_418' title='bbox 1233 1927 1416 1973; x_wconf 86' lang='lat' dir='ltr'>praemissis</span> <span class='ocrx_word' id='word_1_419' title='bbox 1436 1934 1495 1968; x_wconf 85' lang='lat' dir='ltr'>per</span> <span class='ocrx_word' id='word_1_420' title='bbox 1513 1928 1732 1966; x_wconf 80' lang='lat' dir='ltr'>quoscumque</span> <span class='ocrx_word' id='word_1_421' title='bbox 1755 1915 1837 1949; x_wconf 91' lang='lat' dir='ltr'>iudi-</span> 
     </span>
     <span class='ocr_line' id='line_1_87' title="bbox 1099 1971 1837 2032; baseline -0.028 -12"><span class='ocrx_word' id='word_1_422' title='bbox 1099 1997 1153 2019; x_wconf 87' lang='lat' dir='ltr'>ces</span> <span class='ocrx_word' id='word_1_423' title='bbox 1179 1982 1362 2032; x_wconf 63' lang='lat' dir='ltr'>ordinariqs</span> <span class='ocrx_word' id='word_1_424' title='bbox 1386 1983 1419 2011; x_wconf 86' lang='lat' dir='ltr'>et</span> <span class='ocrx_word' id='word_1_425' title='bbox 1444 1977 1610 2017; x_wconf 79' lang='lat' dir='ltr'>delegatos</span> <span class='ocrx_word' id='word_1_426' title='bbox 1638 1971 1734 2004; x_wconf 83' lang='lat' dir='ltr'>etiam</span> <span class='ocrx_word' id='word_1_427' title='bbox 1763 1979 1837 2001; x_wconf 87' lang='lat' dir='ltr'>cau-</span> 
     </span>
     <span class='ocr_line' id='line_1_88' title="bbox 1099 2021 1838 2080; baseline -0.028 -7"><span class='ocrx_word' id='word_1_428' title='bbox 1099 2050 1207 2073; x_wconf 87' lang='lat' dir='ltr'>sarum</span> <span class='ocrx_word' id='word_1_429' title='bbox 1231 2033 1340 2080; x_wconf 90' lang='lat' dir='ltr'>palatii</span> <span class='ocrx_word' id='word_1_430' title='bbox 1373 2028 1542 2074; x_wconf 83' lang='lat' dir='ltr'>apostolici</span> <span class='ocrx_word' id='word_1_431' title='bbox 1576 2025 1761 2062; x_wconf 86' lang='lat' dir='ltr'>auditores,</span> <span class='ocrx_word' id='word_1_432' title='bbox 1791 2021 1838 2053; x_wconf 90' lang='lat' dir='ltr'>iu-</span> 
     </span>
     <span class='ocr_line' id='line_1_89' title="bbox 1100 2076 1840 2127; baseline -0.031 0"><span class='ocrx_word' id='word_1_433' title='bbox 1100 2092 1198 2127; x_wconf 88' lang='lat' dir='ltr'>dicari</span> <span class='ocrx_word' id='word_1_434' title='bbox 1225 2095 1257 2122; x_wconf 88' lang='lat' dir='ltr'>et</span> <span class='ocrx_word' id='word_1_435' title='bbox 1281 2084 1408 2121; x_wconf 84' lang='lat' dir='ltr'>definiri</span> <span class='ocrx_word' id='word_1_436' title='bbox 1434 2083 1563 2119; x_wconf 88' lang='lat' dir='ltr'>debere,</span> <span class='ocrx_word' id='word_1_437' title='bbox 1589 2089 1625 2111; x_wconf 86' lang='lat' dir='ltr'>ac</span> <span class='ocrx_word' id='word_1_438' title='bbox 1651 2076 1777 2109; x_wconf 87' lang='lat' dir='ltr'>irritum</span> <span class='ocrx_word' id='word_1_439' title='bbox 1807 2078 1840 2105; x_wconf 88' lang='lat' dir='ltr'>et</span> 
     </span>
     <span class='ocr_line' id='line_1_90' title="bbox 1101 2132 1838 2181; baseline -0.034 0"><span class='ocrx_word' id='word_1_440' title='bbox 1101 2149 1196 2181; x_wconf 83' lang='lat' dir='ltr'>inane</span> <span class='ocrx_word' id='word_1_441' title='bbox 1222 2142 1246 2176; x_wconf 86' lang='lat' dir='ltr'>si</span> <span class='ocrx_word' id='word_1_442' title='bbox 1272 2149 1366 2174; x_wconf 83' lang='lat' dir='ltr'>secus</span> <span class='ocrx_word' id='word_1_443' title='bbox 1392 2145 1489 2179; x_wconf 88' lang='lat' dir='ltr'>super</span> <span class='ocrx_word' id='word_1_444' title='bbox 1524 2132 1575 2165; x_wconf 88' lang='lat' dir='ltr'>his</span> <span class='ocrx_word' id='word_1_445' title='bbox 1605 2142 1623 2163; x_wconf 87' lang='lat' dir='ltr'>a</span> <span class='ocrx_word' id='word_1_446' title='bbox 1655 2137 1838 2172; x_wconf 86' lang='lat' dir='ltr'>quoquam,</span> 
     </span>
     <span class='ocr_line' id='line_1_91' title="bbox 1101 2180 1839 2246; baseline -0.034 -12"><span class='ocrx_word' id='word_1_447' title='bbox 1101 2200 1212 2246; x_wconf 79' lang='lat' dir='ltr'>quavis</span> <span class='ocrx_word' id='word_1_448' title='bbox 1249 2193 1461 2230; x_wconf 83' lang='lat' dir='ltr'>auctoritate,</span> <span class='ocrx_word' id='word_1_449' title='bbox 1491 2187 1630 2242; x_wconf 76' lang='lat' dir='ltr'>scienter</span> <span class='ocrx_word' id='word_1_450' title='bbox 1664 2182 1712 2214; x_wconf 90' lang='lat' dir='ltr'>vel</span> <span class='ocrx_word' id='word_1_451' title='bbox 1747 2180 1839 2222; x_wconf 80' lang='lat' dir='ltr'>igno-</span> 
     </span>
     <span class='ocr_line' id='line_1_92' title="bbox 1102 2244 1729 2292; baseline -0.033 -5"><span class='ocrx_word' id='word_1_452' title='bbox 1102 2258 1222 2291; x_wconf 86' lang='lat' dir='ltr'>ranter,</span> <span class='ocrx_word' id='word_1_453' title='bbox 1248 2244 1420 2289; x_wconf 80' lang='lat' dir='ltr'>contigerit</span> <span class='ocrx_word' id='word_1_454' title='bbox 1444 2245 1609 2275; x_wconf 83' lang='lat' dir='ltr'>attentari.</span> <span class='ocrx_word' id='word_1_455' title='bbox 1724 2287 1729 2292; x_wconf 94' lang='lat'>.</span> 
     </span>
    </p>

    <p class='ocr_par' dir='ltr' id='par_1_20' title="bbox 1101 2288 1844 2669">
     <span class='ocr_line' id='line_1_93' title="bbox 1146 2288 1840 2351; baseline -0.035 -11"><span class='ocrx_word' id='word_1_456' title='bbox 1146 2309 1161 2351; x_wconf 58' lang='grc' dir='ltr'>ξ</span> <span class='ocrx_word' id='word_1_457' title='bbox 1185 2306 1216 2339; x_wconf 71' lang='grc'>4.</span> <span class='ocrx_word' id='word_1_458' title='bbox 1238 2304 1309 2337; x_wconf 86' lang='lat' dir='ltr'>Non</span> <span class='ocrx_word' id='word_1_459' title='bbox 1333 2295 1537 2333; x_wconf 73' lang='lat' dir='ltr'>obstantibus</span> <span class='ocrx_word' id='word_1_460' title='bbox 1562 2288 1766 2335; x_wconf 81' lang='lat' dir='ltr'>praemissis,</span> <span class='ocrx_word' id='word_1_461' title='bbox 1804 2295 1840 2318; x_wconf 82' lang='lat' dir='ltr'>ac</span> 
     </span>
     <span class='ocr_line' id='line_1_94' title="bbox 1102 2341 1840 2395; baseline -0.035 -1"><span class='ocrx_word' id='word_1_462' title='bbox 1102 2353 1383 2395; x_wconf 85' lang='lat' dir='ltr'>constitutionibus</span> <span class='ocrx_word' id='word_1_463' title='bbox 1408 2355 1440 2383; x_wconf 85' lang='lat' dir='ltr'>et</span> <span class='ocrx_word' id='word_1_464' title='bbox 1469 2341 1730 2380; x_wconf 86' lang='lat' dir='ltr'>ordinationibus</span> <span class='ocrx_word' id='word_1_465' title='bbox 1764 2347 1840 2381; x_wconf 84' lang='lat' dir='ltr'>apo-</span> 
     </span>
     <span class='ocr_line' id='line_1_95' title="bbox 1102 2391 1838 2451; baseline -0.037 -3"><span class='ocrx_word' id='word_1_466' title='bbox 1102 2412 1231 2451; x_wconf 87' lang='lat' dir='ltr'>stolicis,</span> <span class='ocrx_word' id='word_1_467' title='bbox 1250 2416 1387 2445; x_wconf 89' lang='lat' dir='ltr'>necnon,</span> <span class='ocrx_word' id='word_1_468' title='bbox 1401 2406 1559 2447; x_wconf 85' lang='lat' dir='ltr'>quatenus</span> <span class='ocrx_word' id='word_1_469' title='bbox 1574 2405 1654 2440; x_wconf 88' lang='lat' dir='ltr'>opus</span> <span class='ocrx_word' id='word_1_470' title='bbox 1667 2393 1717 2434; x_wconf 84' lang='lat' dir='ltr'>sit,</span> <span class='ocrx_word' id='word_1_471' title='bbox 1733 2391 1838 2424; x_wconf 87' lang='lat' dir='ltr'>dictae</span> 
     </span>
     <span class='ocr_line' id='line_1_96' title="bbox 1101 2452 1839 2509; baseline -0.038 -7"><span class='ocrx_word' id='word_1_472' title='bbox 1101 2459 1366 2509; x_wconf 78' lang='lat' dir='ltr'>Congregationis</span> <span class='ocrx_word' id='word_1_473' title='bbox 1379 2485 1386 2498; x_wconf 86' lang='lat'>,</span> <span class='ocrx_word' id='word_1_474' title='bbox 1413 2456 1510 2489; x_wconf 87' lang='lat' dir='ltr'>etiam</span> <span class='ocrx_word' id='word_1_475' title='bbox 1534 2452 1716 2505; x_wconf 81' lang='lat' dir='ltr'>iuramento</span> <span class='ocrx_word' id='word_1_476' title='bbox 1731 2471 1738 2485; x_wconf 94' lang='lat'>,</span> <span class='ocrx_word' id='word_1_477' title='bbox 1752 2454 1839 2504; x_wconf 41' lang='lat' dir='ltr'>xcon.-</span> 
     </span>
     <span class='ocr_line' id='line_1_97' title="bbox 1103 2500 1841 2557; baseline -0.038 -3"><span class='ocrx_word' id='word_1_478' title='bbox 1103 2518 1282 2553; x_wconf 81' lang='lat' dir='ltr'>tirmatione</span> <span class='ocrx_word' id='word_1_479' title='bbox 1307 2509 1500 2557; x_wconf 76' lang='lat' dir='ltr'>apostoliea,</span> <span class='ocrx_word' id='word_1_480' title='bbox 1527 2505 1577 2538; x_wconf 88' lang='lat' dir='ltr'>vel</span> <span class='ocrx_word' id='word_1_481' title='bbox 1604 2510 1716 2546; x_wconf 80' lang='lat' dir='ltr'>quavis</span> <span class='ocrx_word' id='word_1_482' title='bbox 1743 2500 1841 2529; x_wconf 76' lang='lat' dir='ltr'>tirmi-</span> 
     </span>
     <span class='ocr_line' id='line_1_98' title="bbox 1101 2553 1843 2607; baseline -0.038 0"><span class='ocrx_word' id='word_1_483' title='bbox 1101 2580 1163 2607; x_wconf 88' lang='lat' dir='ltr'>tate</span> <span class='ocrx_word' id='word_1_484' title='bbox 1194 2570 1255 2604; x_wconf 80' lang='lat' dir='ltr'>alia</span> <span class='ocrx_word' id='word_1_485' title='bbox 1279 2563 1450 2601; x_wconf 79' lang='lat' dir='ltr'>roboratis,</span> <span class='ocrx_word' id='word_1_486' title='bbox 1477 2557 1600 2592; x_wconf 84' lang='lat' dir='ltr'>statutis</span> <span class='ocrx_word' id='word_1_487' title='bbox 1621 2560 1653 2587; x_wconf 89' lang='lat' dir='ltr'>et</span> <span class='ocrx_word' id='word_1_488' title='bbox 1672 2553 1843 2605; x_wconf 83' lang='lat' dir='ltr'>consuetu-</span> 
     </span>
     <span class='ocr_line' id='line_1_99' title="bbox 1101 2604 1844 2669; baseline -0.035 -12"><span class='ocrx_word' id='word_1_489' title='bbox 1101 2631 1230 2669; x_wconf 62' lang='lat' dir='ltr'>ffinjbus</span> <span class='ocrx_word' id='word_1_490' title='bbox 1246 2653 1254 2669; x_wconf 70' lang='lat'>,</span> <span class='ocrx_word' id='word_1_491' title='bbox 1283 2617 1460 2669; x_wconf 73' lang='lat' dir='ltr'>privilegiis</span> <span class='ocrx_word' id='word_1_492' title='bbox 1485 2620 1626 2659; x_wconf 83' lang='lat' dir='ltr'>quoque,</span> <span class='ocrx_word' id='word_1_493' title='bbox 1655 2604 1786 2638; x_wconf 80' lang='lat' dir='ltr'>indultis</span> <span class='ocrx_word' id='word_1_494' title='bbox 1811 2604 1844 2633; x_wconf 79' lang='lat' dir='ltr'>et</span> 
     </span>
    </p>
   </div>
   <div class='ocr_carea' id='block_1_17' title="bbox 1842 229 2026 258">
    <p class='ocr_par' dir='ltr' id='par_1_21' title="bbox 1842 229 2026 258">
     <span class='ocr_line' id='line_1_100' title="bbox 1842 229 2026 258; baseline -0.005 0"><span class='ocrx_word' id='word_1_495' title='bbox 1842 231 1893 258; x_wconf 83' lang='lat' dir='ltr'>An.</span> <span class='ocrx_word' id='word_1_496' title='bbox 1910 231 1938 258; x_wconf 85' lang='lat' dir='ltr'>C.</span> <span class='ocrx_word' id='word_1_497' title='bbox 1959 229 2026 258; x_wconf 77' lang='lat'>1669</span> 
     </span>
    </p>
   </div>
   <div class='ocr_carea' id='block_1_18' title="bbox 1856 1551 2029 1582">
    <p class='ocr_par' dir='ltr' id='par_1_22' title="bbox 1856 1551 2029 1582">
     <span class='ocr_line' id='line_1_101' title="bbox 1856 1551 2029 1582; baseline 0 -10"><span class='ocrx_word' id='word_1_498' title='bbox 1856 1579 1860 1582; x_wconf 21' lang='grc' dir='ltr'><strong><em>γ</em></strong></span> <span class='ocrx_word' id='word_1_499' title='bbox 1871 1552 1983 1572; x_wconf 73' lang='lat' dir='ltr'>Decretum</span> <span class='ocrx_word' id='word_1_500' title='bbox 1999 1551 2029 1573; x_wconf 79' lang='lat' dir='ltr'>lt·</span> 
     </span>
    </p>
   </div>
   <div class='ocr_carea' id='block_1_19' title="bbox 1844 1582 1918 1600">
    <p class='ocr_par' dir='ltr' id='par_1_23' title="bbox 1844 1582 1918 1600">
     <span class='ocr_line' id='line_1_102' title="bbox 1844 1582 1918 1600; baseline -0.027 0"><span class='ocrx_word' id='word_1_501' title='bbox 1844 1582 1918 1600; x_wconf 68' lang='grc' dir='ltr'><strong>ΠῑᾶΠΞ.</strong></span> 
     </span>
    </p>
   </div>
   <div class='ocr_carea' id='block_1_20' title="bbox 1851 2287 2033 2340">
    <p class='ocr_par' dir='ltr' id='par_1_24' title="bbox 1851 2287 2033 2340">
     <span class='ocr_line' id='line_1_103' title="bbox 1877 2287 2033 2307; baseline -0.019 0"><span class='ocrx_word' id='word_1_502' title='bbox 1877 2287 2033 2307; x_wconf 46' lang='lat' dir='ltr'>Contrariorum</span> 
     </span>
     <span class='ocr_line' id='line_1_104' title="bbox 1851 2315 1968 2340; baseline -0.026 -5"><span class='ocrx_word' id='word_1_503' title='bbox 1851 2315 1968 2340; x_wconf 63' lang='lat' dir='ltr'>dewgauo.</span> 
     </span>
    </p>
   </div>
  </div>
 </body>
</html>
