2247 3208
83 221 85 223 ’
129 219 231 248 hinc.
252 220 320 249 1663
347 214 351 221 ⁵

327 433 486 467 etantem,
514 433 546 460 et
570 428 644 460 situi
670 428 837 471 praedicto
863 427 1060 469 contiguam,

328 480 405 513 dicti
431 481 544 513 Adami
570 492 626 513 seu
651 481 827 514 Crescentii
846 481 893 513 vel
923 481 1061 512 aliorum

327 534 508 567 vicinorum
545 535 759 571 conductores
797 544 831 566 se
857 533 1060 576 reciperent,

328 585 436 629 ibique
461 586 567 629 pisces
588 587 779 626 venderent,
799 591 1060 629 procuraverant,

328 650 392 682 quo
418 640 534 672 sactum
556 640 660 672 suerat
682 644 717 671 ut
740 638 1009 681 archipresbyter
1026 649 1062 670 ac

327 694 503 735 capitulum
542 698 573 725 et
605 692 749 724 canonici
774 692 952 734 praedicti,
978 697 1080 735 post-¹

327 757 422 789 quam
447 745 552 788 spatio
574 750 647 778 octo
665 755 824 777 annorum
843 745 932 777 litem
957 745 1062 777 huius-

327 797 412 830 modi
434 797 665 837 sustinuerant,
685 797 790 837 aliam‚
810 798 1011 830 tantumdem
1030 803 1062 830 et

327 850 435 882 forsan
472 850 609 893 amplius
647 850 854 889 duraturam,
891 860 957 882 non
990 850 1060 883 sine

327 903 414 945 gravi
439 902 586 935 eiusdem
611 903 771 936 ecelesiae
798 903 974 946 dispendio
1000 914 1062 936 ma-

326 956 461 999 gnisque
487 956 664 997 laboribus,
691 962 837 990 exortam
869 957 959 990 litem
991 967 1063 1000 pro-

326 1009 416 1051 sequi
442 1009 584 1049 debere,
614 1020 712 1052 seque
739 1010 778 1042 de
809 1013 918 1042 cetero
951 1009 1062 1042 litibus

326 1061 512 1095 huiusmodi
538 1062 773 1105 prosequendis
799 1062 839 1094 ob
864 1062 991 1095 assidua
1015 1073 1062 1095 ex-

326 1125 503 1159 pensarum
528 1126 630 1148 onera
654 1115 773 1157 iugiter
800 1116 967 1148 subeunda
992 1126 1062 1158 gra-

326 1166 416 1201 vatos
442 1168 509 1201 sore
534 1169 777 1212 prospicerent:
804 1169 890 1201 idem
915 1169 1062 1202 Urbanus

326 1209 557 1264 praedecessor
581 1221 791 1264 primodictas
816 1221 892 1254 Sixti
922 1222 944 1253 V
973 1233 1062 1265 prae-

327 1274 504 1307 decessoris
529 1274 653 1307 litteras
678 1285 749 1307 cum
774 1275 924 1308 omnibus
949 1280 980 1307 et
1004 1275 1063 1307 sin-

326 1327 410 1370 gulis
437 1327 471 1360 in
505 1327 550 1360 eis
586 1328 746 1360 contentis
771 1328 881 1361 itidem
906 1334 1062 1372 perpetuo

325 1380 516 1423 approbavit
539 1385 571 1413 et
595 1380 816 1421 confirmavit,
843 1392 898 1421 ac,
925 1382 1062 1424 praeviis

325 1443 439 1466 causae
475 1444 530 1466 seu
565 1444 732 1466 causarum
769 1434 952 1467 huiusmodi
978 1434 1063 1467 inter

326 1487 487 1529 praefatos
505 1487 650 1530 aliosque
671 1486 886 1529 collitigantes
902 1492 1062 1521 motarum

325 1539 537 1582 pendentium
563 1546 595 1573 et
618 1540 849 1573 instructarum
875 1541 1061 1574 avocatione

326 1603 363 1625 ac
387 1593 614 1636 suppressione
650 1598 681 1626 et
716 1593 926 1634 extinctione,
952 1605 1063 1637 perpe-

326 1650 416 1677 tuum
452 1646 625 1688 praedictis
662 1646 845 1679 Crescentio
878 1652 910 1679 et
940 1647 1061 1679 Adamo

327 1698 465 1741 desuper
482 1699 646 1731 silentium
664 1699 826 1741 imposuit.
842 1699 984 1742 Insuper,
1002 1710 1061 1742 pro

326 1751 442 1783 maiori
478 1751 751 1794 archipresbyteri
791 1763 826 1784 ac
862 1752 993 1795 capituli
1032 1758 1063 1785 et

327 1805 558 1837 canonicorum
582 1805 823 1848 praedictorum
847 1808 980 1845 cautela,
1015 1807 1062 1838 iu-

327 1868 427 1900 raque
452 1858 574 1890 iuribus
599 1859 760 1897 addendo,
777 1859 916 1901 plateam
939 1860 1062 1902 praedi—

327 1916 411 1943 ctam
436 1916 511 1943 tunc
547 1916 577 1943 et
609 1922 669 1954 pro
703 1917 847 1954 tempore
873 1911 1061 1944 existentem

327 1963 448 1997 eisdem
473 1963 635 2004 ecclesiae,
665 1964 806 2006 capitulo
843 1970 874 1997 et
899 1965 1062 1997 canonicis

327 2016 487 2050 concessit
510 2022 541 2049 et
573 2022 729 2060 perpetuo
766 2017 913 2056 donavit,
947 2017 1061 2050 relicto

327 2070 497 2104 domorum
522 2081 577 2103 seu
602 2071 836 2113 apothecarum
863 2070 967 2104 cidem
998 2072 1062 2114 pla-

327 2127 397 2156 teae
422 2122 637 2155 adiacentium
663 2122 802 2155 dominis
827 2124 875 2156 vel
896 2124 1061 2166 inquilinis

327 2175 424 2208 trium
449 2176 615 2208 dumtaxat
638 2176 818 2218 palmorum
838 2182 926 2209 extra
947 2178 1061 2210 domos

326 2229 375 2261 vel
400 2229 575 2272 apothecas
599 2229 784 2262 huiusmodi
810 2229 928 2272 spatio,
955 2231 1059 2273 quoad

327 2292 419 2315 usum
454 2288 577 2315 tantum
611 2293 670 2326 pro
703 2283 863 2316 mercibus
898 2294 953 2317 seu
989 2284 1061 2316 aliis

328 2336 424 2368 rebus
448 2337 593 2379 ipsorum
617 2336 824 2369 dominorum
852 2347 905 2369 seu
930 2337 1062 2380 inquili-

328 2398 444 2421 norum
470 2394 602 2428 tantum,
628 2400 709 2432 quae
735 2394 841 2422 tamen
859 2390 892 2422 in
909 2389 987 2432 ipsis
1009 2390 1061 2422 do-

328 2442 432 2474 mibus
457 2443 506 2474 vel
531 2443 725 2486 apotheehis
761 2445 995 2486 venderentur,
1030 2450 1062 2478 et

328 2505 393 2528 non
418 2496 514 2536 alias,
546 2506 650 2539 neque
676 2497 715 2529 ad
740 2497 837 2529 alium
861 2508 973 2539 usum,
999 2498 1060 2531 nisi

328 2547 367 2581 de
391 2548 520 2582 lieentia
544 2551 694 2592 expressa
716 2549 859 2593 ipsorum
884 2551 1062 2594 archipres-

314 2600 429 2650 -byteri
464 2612 501 2635 ac
535 2602 666 2645 capituli
702 2608 733 2636 et
768 2603 995 2637 canonicorum
1027 2604 1059 2637 in

915 220 1102 244 ALEXANDER
1125 222 1169 245 vn
1196 222 1243 245 m).

327 269 467 302 iusmodi
494 268 625 301 eludere
649 268 808 307 volentes,
831 273 867 300 ut
890 269 922 301 in
956 273 1081 315 qnam-j

329 323 401 355 dam
420 333 551 365 parvam
565 322 756 365 apothecam
774 323 811 355 ad
830 323 978 355 cumdem
994 323 1063 355 Cre-
1079 321 1081 373 Ξ

328 376 488 408 scentium
514 375 563 418 (ut
587 376 814 415 asserebatur)
840 376 964 418 pariter
992 376 1081 418 spe-¹

1097 270 1224 312 seriptis
1249 270 1339 303 titulo
1364 271 1534 304 locationis
1564 272 1751 305 obtinenda.
1778 272 1831 305 Ul—

1098 323 1196 354 terius
1221 324 1389 356 domorum
1409 330 1440 357 et
1464 326 1697 368 apothecarum
1724 326 1831 359 huius-

1096 376 1183 407 modi
1206 376 1354 415 dominis,
1376 387 1500 411 necnon
1522 379 1683 419 magistris
1708 379 1831 412 viarum

1097 432 1128 459 et
1153 428 1222 460 aliis
1248 428 1439 462 officialibus
1464 442 1665 473 quocumque
1698 432 1830 465 nomine

1097 480 1319 524 nuncupatis¹,
1346 492 1381 513 ac
1399 482 1541 515 eiusdem
1560 483 1589 515 S.
1613 484 1648 516 R.
1669 484 1702 516 Ε.
1727 496 1831 517 came-

1096 533 1191 573 rario,
1218 533 1397 576 ceterisque
1419 535 1675 579 quibuscumque
1694 538 1732 569 ad
1751 549 1830 580 quos

1096 589 1172 617 tunc
1196 587 1441 628 quomodolibet
1456 589 1619 630 spectabat
1632 594 1663 621 et
1675 595 1830 632 perpetuo

1096 636 1129 669 in
1155 637 1296 670 futurum
1322 646 1490 682 spectaret,
1516 652 1556 673 ne
1578 642 1832 685 archipresbyte-

1096 700 1174 729 rum,
1201 692 1374 724 canonicos
1399 698 1429 725 et
1455 693 1628 735 capitulum
1648 695 1830 728 huiusmodi

1097 753 1195 786 super
1220 744 1389 777 universae
1414 746 1539 788 plateae
1566 747 1710 780 dominio
1736 753 1767 780 et
1792 748 1831 780 sa-

1097 796 1270 829 cultatibus
1285 798 1460 840 praedictis
1477 799 1645 842 impedire,
1657 801 1831 834 molestare

1096 849 1144 881 vel
1170 850 1368 892 perturbare,
1394 851 1495 883 autin
1518 852 1675 891 domibus,
1701 854 1831 895 apothe-

1097 902 1141 934 cis
1166 903 1301 946 aliisqne
1327 903 1438 937 sitibus
1464 905 1568 937 eidem
1593 907 1719 948 plateae
1744 906 1831 939 adia-

1098 956 1253 995 centibus,
1272 956 1392 990 circum
1409 958 1494 990 circa
1511 958 1595 991 infra
1612 964 1739 991 centum
1762 969 1832 991 can-

1096 1020 1210 1042 narum
1234 1010 1383 1053 spatium,
1409 1012 1514 1054 quoad
1540 1011 1660 1055 pisces,
1687 1012 1829 1053 tellinas‚

1097 1063 1267 1105 gambaros
1304 1065 1351 1097 vel
1389 1065 1521 1106 squillas
1557 1065 1740 1104 dumtaxat,
1773 1076 1833 1099 nec

1097 1116 1193 1149 etiam
1214 1116 1246 1148 in
1271 1117 1383 1149 eadem
1408 1118 1513 1159 platea
1538 1123 1570 1150 et
1593 1117 1762 1160 apothecis
1787 1118 1832 1151 vi-

1097 1169 1177 1202 cinis
1202 1179 1299 1212 super
1323 1169 1405 1202 dicta
1426 1171 1532 1213 platea
1548 1171 1830 1214 respondentibus,

1097 1233 1210 1255 carnes
1247 1223 1476 1266 cuiuscumque
1513 1224 1640 1266 generis
1669 1224 1754 1257 vivas
1782 1225 1832 1257 vel

1096 1281 1247 1315 mortuas,
1273 1276 1368 1308 etiam
1387 1276 1507 1309 haedos
1524 1282 1556 1309 et
1575 1287 1675 1319 agnos
1696 1283 1727 1310 et
1743 1278 1830 1317 alias,

1096 1339 1156 1361 nec
1181 1329 1300 1361 fructus
1325 1329 1553 1372 cuiuscumque
1579 1330 1715 1372 generis,
1742 1332 1833 1364 olera

1097 1387 1128 1414 et
1151 1382 1247 1414 flores
1270 1383 1420 1423 vendere,
1443 1389 1495 1415 aut
1520 1384 1692 1415 macellum
1717 1384 1765 1415 vel
1787 1384 1833 1416 la-

1097 1434 1227 1468 nienam
1251 1435 1384 1475 habere,
1411 1436 1531 1478 absque
1557 1438 1708 1479 expressa
1732 1437 1833 1469 archi-

1096 1489 1276 1532 presbyteri
1301 1500 1338 1522 ac
1363 1489 1596 1522 canonicorum
1634 1495 1665 1522 et
1700 1491 1833 1534 capituli

1096 1542 1335 1585 praedictorum
1353 1542 1492 1583 licentia,
1508 1543 1664 1576 auderent
1677 1554 1730 1576 seu
1746 1554 1833 1587 prae-

1096 1601 1271 1636 sumerent,
1292 1596 1349 1629 sub
1367 1596 1600 1638 indignationis
1620 1608 1694 1630 suae
1713 1603 1743 1629 et
1768 1608 1833 1631 suc-

1096 1659 1259 1682 cessorum
1284 1660 1435 1689 suorum,
1470 1655 1501 1682 et
1537 1649 1607 1682 aliis
1634 1651 1759 1683 arbitrii
1786 1651 1832 1684 sui

1097 1708 1127 1735 et
1151 1713 1370 1736 successorum
1400 1703 1638 1747 praedictorum
1659 1704 1779 1747 poenis,
1802 1709 1833 1738 et

1097 1756 1129 1789 in
1151 1757 1244 1789 dictis
1269 1756 1345 1789 sixti
1370 1756 1393 1787 V
1424 1757 1682 1799 praedecessoris
1719 1758 1832 1791 litteris

1096 1808 1225 1841 inflictis
1246 1815 1277 1841 et
1297 1809 1508 1849 comminatis,
1528 1809 1695 1842 interdixit
1713 1816 1744 1843 et
1758 1821 1831 1853 pro-

1097 1861 1211 1901 lubun,
1236 1862 1348 1894 volens
1373 1873 1500 1904 quoque
1526 1862 1711 1904 praedictos
1732 1863 1832 1895 archi·

1096 1914 1320 1957 presbyterum
1347 1920 1377 1947 et
1402 1914 1576 1947 canonicos
1601 1920 1632 1947 et
1656 1915 1832 1958 capitulum

1096 1966 1135 1998 ad
1174 1966 1385 1998 resectionem
1424 1967 1567 1999 silicatae
1608 1973 1670 2000 tam
1706 1969 1831 2010 plateae

1095 2029 1196 2062 usque
1221 2019 1259 2051 ad
1285 2019 1424 2061 parietes
1449 2020 1621 2052 domorum
1647 2027 1678 2053 et
1699 2021 1831 2064 apothe-

1096 2082 1205 2104 carum
1242 2072 1478 2113 adiacentium,
1516 2084 1611 2116 quam
1646 2074 1769 2106 viarum
1799 2074 1831 2106 in

1096 2124 1260 2167 praedicta
1284 2126 1389 2167 platea
1415 2126 1692 2168 respondentium,
1712 2137 1771 2169 pro
1792 2127 1832 2159 la-

1097 2178 1233 2211 titudine
1247 2184 1278 2210 et
1296 2177 1519 2221 longitudine‘2
1534 2185 1665 2218 tantum,
1683 2180 1783 2211 teneri
1800 2185 1832 2212 et

1095 2237 1251 2274 perpetuo
1277 2232 1437 2275 obligatos
1462 2232 1608 2272 existere,
1631 2243 1667 2265 ac
1684 2233 1723 2265 ad
1741 2233 1831 2266 illam

1096 2285 1274 2318 faciendam
1299 2286 1370 2329 cogi
1395 2297 1497 2329 posse,
1523 2291 1555 2319 et
1574 2287 1651 2319 alias
1676 2292 1773 2330 prout
1796 2287 1830 2319 in

1095 2338 1193 2380 ipsius
1218 2338 1337 2371 Urbani
1355 2340 1613 2382 praedecessoris
1635 2339 1758 2377 litteris,
1778 2339 1829 2372 die

1095 2401 1125 2424 lx
1151 2391 1303 2424 februarii
1328 2401 1492 2426 iimcxxvnl
1527 2393 1560 2424 in
1597 2393 1691 2425 simili
1727 2393 1830 2426 forma

1095 2443 1203 2476 Brevis
1228 2444 1396 2487 expeditis,
1416 2446 1543 2488 plenius
1568 2445 1781 2479 continetur⁸.

1132 2523 1142 2549 1
1165 2522 1213 2550 Ed.
1229 2523 1308 2550 Μαίη.
1326 2524 1390 2559 legit
1405 2525 1566 2559 nuncupati
1581 2526 1617 2559 (a.
1633 2525 1680 2559 τ.).

1129 2567 1145 2593 Ξ
1162 2566 1197 2593 Ex
1212 2567 1263 2594 loc.
1281 2568 1375 2603 parall.
1392 2570 1487 2605 supple
1502 2570 1595 2597 dictae
1609 2570 1722 2603 plateae
1733 2572 1768 2598 (fl.
1779 2570 1827 2603 12).

1129 2611 1144 2638 3
1164 2612 1234 2642 Quas
1249 2613 1309 2640 ride
1325 2612 1351 2639 in
1367 2617 1431 2641 tom.
1448 2620 1504 2646 xm,
1521 2623 1580 2650 pag.
1593 2614 1641 2641 631
1660 2622 1716 2649 seq.
1729 2614 1767 2648 [n.
1780 2612 1828 2648 12).

1731 214 1794 247 ‘lsi-'3
1841 223 1889 250 An.
1911 223 1939 250 C.
1960 223 2030 254 1663
