2247 3208
254 210 304 236 Aa.
326 211 352 237 c.
380 210 444 237 1055
490 200 554 235 394

260 825 299 843 ⁴:¹¹¹
329 824 434 842 *illitit‘t'Ssl

254 844 359 869 wulmari
376 850 433 864 uian-

279 1264 389 1284 tit-erctum
408 1264 434 1284 ii·-

1038 210 1216 235 BL‘LLAIUI'M
1241 207 1304 233 fimi
1311 210 1391 235 -ἱῗίῐῖΜ

448 260 479 291 lo
505 259 537 289 in
566 257 723 290 similibus
745 256 841 289 etiam
859 257 899 289 de
918 257 1110 290 necessitate
1128 257 1185 289 ob·
1226 257 1364 298 petrato,
1383 267 1440 289 seu
1455 256 1550 289 etiam
1563 263 1652 290 motu
1666 257 1799 290 scientia
1816 262 1849 290 et
1872 263 1966 301 pote-

448 310 686 347 servandarum,
702 309 824 341 aliosve
846 319 1066 352 quoscumque
1085 319 1186 351 quan·
1227 307 1317 340 statis
1342 308 1547 351 plenitudine
1573 309 1705 351 paribus
1731 320 1887 343 concesso
1912 311 1962 342 vol

449 362 563 394 tumvis
577 361 728 393 formales
747 366 777 393 et
795 361 1023 394 substantiales
1042 371 1078 393 ac
1095 361 1185 394 inex·
1227 365 1390 400 emanato,
1408 361 1592 403 quempiam
1611 361 1642 393 in
1660 361 1781 394 iudicio
1808 363 1858 394 vel
1873 366 1963 394 extra

447 414 603 456 cogitatas
628 418 659 445 et
683 412 950 455 inexcogitabiles
975 413 1129 453 desectus,
1157 413 1183 445 si
1227 412 1307 445 illud
1342 413 1387 445 uti
1424 422 1480 446 seu
1507 423 1542 446 se
1574 413 1684 446 iuvare
1709 424 1828 456 posse,
1855 425 1961 457 neque

446 467 498 509 qui
525 466 556 497 in
582 465 768 508 praemissis
800 466 1026 508 principaliter
1056 466 1107 498 vel
1133 476 1184 498 ac-

446 518 584 551 cessorie
610 523 664 550 aut
688 517 765 550 alias
791 518 902 560 quovis
926 518 1022 551 modo
1051 517 1184 550 interve-

447 571 564 609 nerint,
591 580 646 602 seu
671 570 883 603 intervenisse
915 571 1000 610 dici,
1035 571 1180 611 censeri,

447 623 583 666 intelligi
608 624 658 655 vel
679 623 847 665 praetendi
868 629 1014 666 possent,
1032 624 1183 667 plenissi-

448 687 496 708 me
522 677 709 718 supplemus
741 680 774 708 et
808 686 968 715 sanamus,
993 686 1029 708 ac
1053 675 1183 718 penitus

448 735 479 762 et
502 730 635 762 omnino
662 729 803 762 tollimus
827 734 859 761 et
883 729 1063 761 abolemus.

492 783 506 825 g
532 782 562 814 5.
592 782 744 814 Volumus
769 786 875 814 autem
910 786 946 813 ut
970 781 1104 814 ecclesia
1129 791 1183 813 seu

448 835 594 877 cappella
607 834 761 876 praefata,
772 834 903 866 servatis
917 833 995 866 alias
1006 833 1182 872 servandis,

448 888 645 930 profanetur,
672 892 703 919 et
727 887 765 919 ad
791 887 958 929 profanos,
985 897 1049 919 non
1075 892 1183 918 tamen

447 940 595 972 sordidos
620 950 697 971 usus
723 939 891 972 memorati
917 939 1099 982 Pandulphi
1118 949 1184 971 ein-

446 993 548 1035 ptoris
574 992 769 1031 reducatur,
797 1002 860 1034 qua
892 1000 990 1034 super
1014 1002 1047 1023 re
1073 1002 1184 1034 quain·

446 1056 580 1087 cumque
607 1045 819 1077 necessariam
845 1049 876 1077 et
900 1049 1114 1087 opportunam
1139 1045 1184 1077 sa-

445 1100 595 1130 cultatem
619 1097 763 1140 praefato
785 1097 1034 1140 archiepiscopo
1065 1097 1184 1130 Raven-

446 1151 572 1183 natensi
593 1177 599 1189 ,
635 1150 827 1182 auctoritate
852 1150 1041 1192 apostolica,
1068 1150 1182 1182 harum

447 1203 542 1242 serie,
571 1203 739 1235 tribuimus
765 1207 796 1235 et
820 1202 1033 1245 impertimur.

490 1256 503 1298 ξ
529 1255 559 1287 [5.
599 1255 816 1287 Decernentes
838 1255 970 1287 easdem
995 1259 1181 1297 praesentes

447 1308 570 1340 litteras
588 1313 620 1339 et
639 1307 671 1339 in
693 1307 739 1339 eis
766 1312 920 1340 contenta
945 1317 1180 1350 quaecumque,

447 1360 542 1392 etiam
569 1370 605 1392 ex
632 1369 670 1392 eo
696 1360 781 1401 quod
808 1359 1003 1402 quicumque
1034 1359 1064 1391 in
1093 1370 1183 1403 prae-

446 1412 552 1444 missis
579 1412 740 1444 interesse
776 1411 935 1444 habentes
967 1422 1025 1444 seu
1058 1412 1181 1444 habere

447 1464 696 1507 quomodolibet
729 1464 983 1507 praetendentes
1016 1464 1080 1497 illis
1116 1475 1181 1498 non

447 1516 684 1556 consenserint,
703 1527 764 1549 nec
780 1517 820 1549 ad
845 1527 883 1549 ea
907 1517 1021 1556 vocati,
1042 1517 1131 1550 citati
1150 1523 1182 1550 et

447 1569 555 1609 auditi,
586 1580 641 1601 seu
670 1580 793 1609 causae,
826 1575 964 1612 propter
990 1580 1070 1612 quas
1092 1570 1181 1612 ipsae

446 1627 638 1664 11›raesentes
664 1626 869 1661 emanarunt,
892 1622 1059 1660 adductae,
1077 1622 1183 1654 verifi-

445 1680 534 1706 catae
560 1680 591 1706 et
615 1674 807 1707 iustificatae
823 1675 953 1714 suerint,
973 1685 1031 1707 seu
1057 1684 1094 1707 ex
1120 1675 1182 1707 alia

445 1738 647 1770 quacumque
667 1728 873 1770 quantumvis
899 1728 995 1767 iusta,
1020 1727 1081 1770 pia,
1102 1729 1182 1771 legi-

446 1780 521 1812 tima
549 1785 581 1811 et
604 1780 808 1823 privilegiata
825 1783 930 1821 eausa,
949 1782 1066 1821 colore,
1088 1791 1182 1824 prae-

447 1836 533 1863 textu
566 1837 598 1863 et
626 1833 742 1875 capite,
762 1832 859 1865 etiam
888 1833 920 1865 in
938 1841 1078 1875 corpore
1103 1833 1180 1866 iuris

444 1885 556 1916 clauso
576 1911 583 1923 ‚
620 1885 716 1917 etiam
742 1885 904 1926 enormis,
931 1886 1180 1919 enormissimae

444 1942 475 1968 et
502 1936 608 1969 totalis
635 1937 804 1977 laesionis,
823 1938 914 1970 nullo
939 1948 1082 1981 unquam
1101 1943 1181 1971 tem-

443 1999 522 2031 pore
558 1990 597 2021 de
640 1990 859 2033 subreptionis
892 1991 941 2023 vel
976 1991 1179 2034 obreptionis

443 2047 497 2073 aut
526 2041 683 2075 nullitatis
711 2043 801 2083 vitio,
824 2053 881 2075 seu
907 2043 1098 2076 intentionis
1124 2054 1182 2077 no-

443 2099 528 2126 strae
560 2099 615 2126 aut
638 2095 800 2128 interesse
829 2096 1018 2131 habentium
1043 2107 1179 2129 consen-

442 2157 495 2178 sus
511 2146 613 2179 aliove
633 2148 782 2190 quolibet
799 2149 896 2181 etiam
911 2149 1037 2182 formali
1056 2154 1087 2181 et
1103 2150 1180 2182 sub-

442 2200 584 2231 stauliali
613 2210 648 2232 ac
677 2200 852 2243 incogitato
878 2206 909 2234 et
934 2202 1178 2244 inexcogitabili

442 2252 568 2283 delectu
587 2253 706 2293 notari,
726 2253 917 2296 impugnari,
934 2254 1076 2297 infringi,
1090 2254 1179 2287 inva-

440 2303 543 2343 lidari,
562 2305 722 2347 restringi,
739 2307 922 2347 retractari,
942 2306 974 2339 in
991 2312 1179 2340 controver-

441 2355 520 2388 siam
549 2358 713 2397 revocari,
743 2363 799 2391 aut
837 2360 876 2392 ad
910 2359 1065 2393 terminos
1097 2359 1176 2393 iuris

440 2409 571 2447 reduci,
603 2420 659 2442 seu
692 2411 845 2444 adversus
879 2412 952 2445 illas
985 2412 1177 2455 aperitionis

440 2462 517 2501 oris,
542 2462 756 2497 restitutionis
782 2465 815 2496 in
840 2465 1020 2507 integrum,
1047 2465 1175 2499 aliudve

439 2515 669 2558 quodcumque
691 2516 777 2555 iuris,
804 2518 876 2550 sacti
902 2519 951 2550 vel
977 2518 1099 2560 gratiae
1125 2529 1176 2551 re-

439 2568 581 2601 medium
598 2569 747 2601 intentari
773 2571 821 2603 vel
847 2570 1021 2614 impetrari,
1041 2575 1097 2603 aut
1115 2570 1174 2602 im-

1227 465 1312 507 ipsas
1342 470 1532 508 praesentes
1561 466 1683 498 litteras
1714 467 1772 498 sub
1798 466 1961 509 quibusvis

1226 517 1379 549 similium
1396 518 1446 550 vel
1465 518 1670 551 dissimilium
1696 518 1962 561 suppressionum

1227 574 1258 602 et
1282 570 1533 609 extinctionum,
1560 570 1811 613 applicationum
1844 575 1876 603 et
1908 581 1963 614 ap-

1226 623 1497 666 propriationum,
1518 633 1554 655 ac
1570 623 1866 663 confirmationum,
1885 624 1962 657 alia-

1226 685 1361 718 rumque
1387 675 1563 717 gratiarum
1588 676 1853 715 revocationibus,
1880 676 1963 709 limi-

1228 727 1410 767 tationibus,
1437 727 1714 769 derogationibus,
1731 728 1867 770 aliisque
1888 739 1962 761 con-

1226 779 1331 813 trariis
1356 780 1638 823 dispositionibus,
1654 780 1748 812 etiam
1772 790 1831 823 per
1855 791 1913 813 nos
1931 787 1962 814 et

1226 843 1446 876 quoscumque
1464 833 1627 866 Romanos
1645 833 1817 867 Pontifices
1837 845 1962 868 succes-

1226 896 1317 918 sores
1328 886 1656 929 nostros,Sedemque
1666 887 1853 929 praefatam,
1867 887 1961 920 etiam

1226 943 1327 979 motu,
1348 939 1482 971 scientia
1507 944 1539 971 et
1562 939 1732 982 potestatis
1756 940 1960 982 plenitudine

1226 991 1369 1034 paribus,
1388 1001 1424 1023 ac
1448 991 1714 1024 consistorialiter
1737 997 1769 1024 et
1785 993 1863 1025 alias
1881 1003 1962 1035 quo-

1227 1043 1406 1076 modolibet
1416 1053 1475 1086 pro
1490 1048 1635 1086 tempore
1647 1044 1810 1084 faciendis,
1821 1055 1961 1087 unquam

1226 1096 1458 1139 comprehendi
1476 1102 1530 1129 aut
1543 1097 1795 1139 comprehensas
1810 1098 1959 1140 intelligi,

1226 1149 1283 1181 sed
1308 1158 1439 1191 semper
1455 1149 1494 1181 ab
1518 1149 1582 1182 illis
1600 1154 1759 1192 exceptas,
1782 1154 1814 1182 et
1832 1151 1960 1193 quoties

1225 1201 1300 1233 illae
1318 1201 1547 1241 emanaverint,
1566 1202 1660 1234 toties
1684 1202 1717 1234 in
1741 1202 1912 1245 pristinum
1931 1209 1963 1236 ct

1225 1253 1456 1286 validissimum
1473 1259 1590 1287 statum
1607 1254 1782 1295 restitutas,
1802 1256 1962 1298 repositas

1226 1311 1258 1339 et
1290 1306 1435 1349 plenarie
1467 1307 1694 1349 reintegrans,
1727 1318 1764 1340 ac
1795 1307 1891 1341 etiam
1922 1309 1961 1341 de

1226 1369 1309 1391 novo
1324 1360 1383 1392 sub
1398 1369 1599 1402 quacumque
1618 1359 1789 1402 posteriori
1809 1360 1881 1392 data
1901 1370 1962 1402 per

1225 1422 1299 1451 eos,
1324 1412 1362 1444 ad
1392 1423 1473 1455 quos
1505 1418 1631 1455 spectat
1660 1418 1692 1445 et
1722 1423 1782 1455 pro
1812 1418 1959 1456 tempore

1225 1465 1391 1507 spectabit,
1404 1464 1554 1507 eligenda
1570 1475 1740 1497 concessas
1755 1465 1894 1506 censeri,
1911 1464 1959 1497 sir-

1224 1526 1369 1559 masque,
1394 1517 1514 1550 validas
1547 1523 1580 1549 et
1603 1515 1748 1550 efficaces
1773 1517 1908 1550 existere
1930 1522 1961 1550 et
2008 1556 2011 1558 ¹

1225 1569 1304 1609 sore,
1329 1579 1471 1612 suosque
1497 1569 1663 1612 plenarios
1689 1574 1722 1602 et
1745 1569 1890 1612 integros
1915 1569 1960 1602 ef-

1225 1622 1326 1654 fectus
1352 1621 1460 1654 sortiri
1486 1626 1518 1654 et
1542 1621 1702 1663 obtinere,
1728 1632 1765 1654 ac
1782 1632 1960 1664 congrega-

1226 1674 1303 1706 tioni
1328 1679 1360 1707 et
1391 1674 1583 1717 Pandulpho
1618 1674 1792 1717 praedictis
1823 1674 1959 1716 aliisque

1224 1727 1263 1759 ad
1290 1737 1371 1770 quos
1386 1726 1419 1759 in
1439 1727 1579 1759 futurum
1601 1727 1870 1770 quandocumque
1888 1737 1960 1770 spe-

1224 1779 1323 1811 ctabit
1347 1779 1379 1812 in
1404 1778 1552 1812 omnibus
1577 1783 1609 1811 et
1633 1776 1691 1822 per
1708 1778 1815 1811 omnia
1839 1779 1961 1822 plenis-

1224 1832 1303 1865 sime
1337 1831 1521 1875 suffiagari,
1558 1832 1671 1875 sicque
1702 1837 1735 1864 et
1770 1842 1836 1865 non
1866 1831 1960 1865 aliter

1223 1885 1256 1917 in
1281 1885 1470 1928 praemissis
1495 1895 1555 1928 per
1586 1895 1809 1928 quoscumque
1833 1884 1958 1918 iudices

1223 1937 1406 1970 ordinarios
1425 1942 1458 1970 et
1474 1938 1651 1980 delegatos,
1672 1937 1769 1970 etiam
1789 1948 1958 1970 causarum

1223 1990 1333 2033 palatii
1354 1990 1525 2033 apostolici
1551 1990 1728 2030 auditores,
1755 2000 1791 2022 ac
1814 1990 1844 2023 S.
1867 1990 1905 2022 R.
1920 1990 1955 2022 Ε.

1223 2043 1434 2075 camerarium
1459 2053 1516 2075 seu
1541 2043 1815 2085 procamerarium
1828 2046 1860 2074 et
1876 2042 1957 2075 alios

1222 2095 1414 2137 cardinales,
1434 2096 1530 2128 etiam
1550 2096 1588 2128 de
1606 2097 1707 2128 latere
1724 2096 1863 2137 legatos,
1880 2105 1957 2127 ncc-

1221 2159 1287 2181 non
1306 2159 1450 2181 camerae
1469 2153 1598 2181 nostrae
1616 2147 1815 2191 apostolicae
1833 2147 1957 2190 praesi-

1222 2201 1344 2241 dentes,
1365 2201 1512 2241 clericos,
1535 2205 1726 2243 ceterosque
1751 2200 1905 2233 officiales
1926 2205 1957 2232 et

1220 2253 1394 2293 ministros
1409 2258 1440 2287 et
1453 2253 1533 2286 alios
1549 2253 1712 2296 quoslibet
1727 2253 1836 2296 quavis
1851 2257 1956 2285 aucto-

1221 2306 1328 2347 ritate,
1354 2305 1611 2350 praeeminentia
1643 2309 1675 2337 et
1697 2310 1860 2348 potestate
1886 2305 1957 2337 fun-

1220 2363 1332 2402 gentes
1347 2364 1379 2391 et
1398 2359 1576 2397 suncturos,
1588 2358 1714 2391 sublata
1728 2357 1773 2390 eis
1790 2364 1822 2390 et
1840 2368 1954 2390 eorum

1219 2412 1353 2445 cuilibet
1370 2412 1478 2455 quavis
1502 2412 1596 2445 aliter
1617 2411 1780 2444 iudicandi
1799 2415 1832 2444 et
1851 2410 1954 2444 inter-

1218 2464 1367 2508 pretandi
1393 2465 1544 2497 facultate
1574 2469 1607 2497 et
1631 2463 1837 2503 auctoritate,
1871 2463 1955 2496 iudi-

1218 2517 1284 2549 cari
1317 2522 1348 2550 et
1380 2517 1507 2549 definiri
1534 2518 1673 2555 debere,
1700 2527 1736 2548 ac
1760 2515 1889 2548 irritum
1923 2521 1955 2549 et

1217 2570 1314 2602 inane
1347 2570 1373 2602 si
1406 2580 1499 2603 secus
1525 2579 1624 2614 super
1649 2569 1699 2601 his
1726 2580 1742 2601 a
1768 2580 1930 2613 quoquam
1945 2594 1960 2611 ,>

1972 211 2017 236 An.
2040 210 2067 236 C.
2094 210 2151 238 §1³61
