2247 3208
250 200 416 235 Annaeo,
464 198 506 233 88

435 257 538 299 prima
569 257 638 289 vice
666 255 796 299 publice
825 260 997 298 arguatur,
1027 264 1087 297 pro
1115 264 1166 286 se-

434 309 538 342 cunda
556 318 668 341 severe
684 308 879 350 corrigatur,
900 317 960 350 pro
978 306 1073 339 tertia
1087 317 1164 339 vero

433 362 461 395 ci
480 361 652 404 disciplina
669 361 873 404 imponatur;
895 360 980 403 quod
1000 359 1026 392 si
1045 370 1111 392 non
1129 369 1163 392 se

432 414 661 454 emendaverit,
687 419 845 456 augeatur
862 413 891 446 ei
909 423 1016 456 poena
1041 412 1081 445 ad
1108 423 1164 455 pa-

432 466 489 498 tris
507 465 627 509 prioris
646 466 829 499 arbitrium.
861 466 892 498 Si
910 470 1018 498 autem
1043 465 1077 497 in
1096 469 1164 497 tan-

432 524 498 552 tum
515 530 711 562 progressus
730 519 827 551 suerit
844 520 963 551 malum
981 523 1016 550 ut
1038 519 1094 551 illa
1111 519 1162 551 vel

430 571 553 615 aliquid
570 572 658 605 aliud
674 572 799 604 furatus
826 572 933 611 suerit,
960 572 999 604 de
1026 571 1089 604 hoc
1117 572 1163 604 la-

431 625 570 658 trocinio
600 626 769 658 confessus
798 625 849 657 vel
881 625 1049 658 convictus
1083 629 1163 656 tam-

430 689 526 722 quam
556 678 608 710 fur
629 688 645 710 e
675 682 838 711 conventu
865 682 1029 721 perpetuo
1060 678 1162 710 indis-

428 730 646 774 pensabiliter
663 730 842 762 reiiciatur.
868 730 1025 773 Denique,
1045 731 1100 773 qui
1119 732 1160 764 ob

427 782 587 815 infirmam
621 783 840 815 valetudinem
874 782 960 815 victu
993 783 1159 815 communi

427 835 603 868 sustentari
621 835 815 878 nequiverit,
840 834 873 867 in
897 845 989 868 suam
1015 835 1161 868 remitta-

428 893 481 921 tur
497 888 711 931 provinciam.

468 951 526 975 v11.
553 941 592 974 Ut
623 945 733 984 patres
763 940 979 982 confessarii,
1008 952 1161 984 praeser-

428 994 483 1027 tim
505 995 560 1038 qui
584 994 692 1028 studio
720 994 916 1027 concionum
941 995 1038 1028 simul
1063 1006 1160 1029 occu-

425 1052 554 1090 pantur,
578 1047 679 1090 magis
706 1052 896 1081 assuescant
924 1048 1052 1081 casibus
1082 1059 1160 1081 con-

425 1100 591 1142 scientiae,
622 1111 639 1133 a
663 1102 787 1134 lectore
816 1112 949 1135 mensae
979 1101 1109 1145 prandii
1128 1106 1161 1134 et

425 1164 547 1187 coenae
565 1154 710 1197 quotidie
728 1155 856 1197 legatur
873 1155 912 1187 de
938 1155 1048 1198 aliquo
1072 1165 1160 1187 sum-

424 1207 521 1240 mista
537 1207 624 1239 inter
646 1207 781 1240 bibliam
805 1212 837 1240 et
860 1208 980 1240 librum
1005 1208 1160 1251 spiritua-

425 1260 498 1300 lem,
517 1270 578 1293 nec
592 1259 689 1293 etiam
707 1265 856 1304 tempore
875 1261 1064 1294 refectionis
1082 1271 1160 1294 con-

425 1312 561 1346 cedatur
577 1312 699 1346 silentii
717 1313 865 1346 solvendi
882 1313 1032 1346 facultas.

599 1365 614 1408 §
630 1365 677 1398 IV.
703 1365 749 1398 De
768 1366 980 1398 dormitoriis.

468 1428 490 1452 1.
511 1417 652 1461 Singulis
682 1419 796 1452 diebus
819 1420 938 1462 quibus
963 1420 1158 1452 matutinum

424 1471 533 1504 media
549 1476 645 1505 nocte
660 1471 787 1515 integre
806 1472 1008 1513 decantatur,
1027 1474 1158 1516 pulsato

424 1525 518 1568 signo
534 1525 656 1559 silentii
674 1530 750 1569 post
767 1526 950 1559 orationem
969 1527 1157 1567 serotinam,

424 1578 620 1611 conveniant
637 1589 749 1612 omnes
768 1579 884 1612 fratres
903 1584 977 1612 ante
1001 1580 1159 1613 sacellum

424 1631 539 1664 beatae
567 1631 684 1665 Mariae
701 1632 852 1675 Virginis,
876 1633 963 1676 quod
988 1633 1087 1666 situm
1110 1638 1159 1666 est

424 1684 456 1717 in
474 1684 621 1728 ipsorum
636 1684 751 1718 maiori
769 1685 973 1727 dorndtorio,
989 1686 1054 1726 ubi,
1070 1687 1160 1719 iuxta

425 1737 594 1780 antiquum
615 1748 748 1779 morem,
772 1739 909 1782 genibus
928 1739 1018 1772 ssexis
1040 1740 1158 1773 devote

424 1789 611 1823 recitabunt
627 1791 773 1824 eiusdem
794 1792 908 1824 beatae
923 1792 1041 1826 Mariae
1057 1792 1160 1835 Virgi-

425 1842 474 1875 nis
492 1843 619 1876 litanias
638 1855 711 1877 cum
736 1845 841 1877 solitis
868 1845 1058 1889 antiphonis
1077 1850 1109 1879 et
1126 1856 1160 1878 o-

426 1895 619 1937 rationibus;
630 1897 746 1940 quibus
761 1898 950 1942 persolutis,
965 1899 1160 1932 claudantur

425 1949 532 1983 omnia
549 1950 755 1993 dormitoria,
775 1963 915 1995 quorum
940 1953 1047 1985 claves
1072 1953 1159 1986 dese-

427 2007 539 2035 rantur
558 2003 643 2047 patri
667 2005 769 2048 priori
787 2007 836 2039 vel
864 2006 958 2039 alteri
988 2006 1026 2039 de
1055 2006 1158 2050 ipsius

426 2055 577 2089 mandato
601 2067 661 2100 per
686 2062 784 2090 totam
809 2063 940 2092 noctem
963 2060 1156 2092 servandae.

425 2108 559 2146 Quando
584 2120 661 2143 vcro
686 2112 793 2144 media
818 2112 936 2145 nocte¹
966 2113 1160 2146 decantatur

426 2162 630 2203 matutinum,
651 2168 682 2196 et
700 2164 738 2196 ad
766 2164 847 2197 illud
865 2165 1041 2199 dicendum
1060 2167 1159 2200 alter-

426 2212 475 2247 nis
496 2214 621 2248 vicibus
651 2222 790 2259 surgunt
817 2218 951 2259 fratres,
983 2223 1060 2252 tunc
1087 2219 1159 2252 lita-

425 2266 498 2301 niae
517 2268 673 2309 dicantur,
699 2275 862 2314 utsupra,
888 2272 927 2304 ab
951 2272 1007 2305 illa
1033 2273 1159 2305 dumta-

426 2327 479 2353 xat
500 2322 606 2355 media
631 2322 766 2356 fratrum
792 2330 883 2368 parte
909 2336 991 2368 quae
1018 2336 1084 2358 non
1109 2331 1159 2358 est

426 2378 628 2407 surrectura.
647 2374 738 2412 Quod
757 2376 783 2408 si
811 2377 929 2420 aliquis
954 2388 1036 2410 ausu
1058 2383 1159 2412 teme-

427 2425 513 2459 rario
547 2437 637 2460 seras
676 2433 844 2470 portarum
877 2430 1156 2471 dormitoriorum,

425 2480 476 2512 vel
505 2479 642 2513 alicuius
668 2481 800 2514 alterius
830 2487 958 2525 portae,
981 2488 1036 2516 aut
1061 2483 1157 2516 etiam

462 2552 473 2576 1
494 2549 557 2577 Heic
573 2550 676 2577 videtur
691 2551 785 2578 deesse
800 2561 857 2579 non
872 2552 944 2580 iuxta
959 2561 990 2580 ea
1005 2561 1072 2588 quae
1088 2553 1158 2581 dicta

426 2594 534 2622 luerunt
553 2603 633 2630 snpra
652 2603 713 2630 pag.
734 2596 778 2630 ⁰28,
799 2604 872 2624 num.
894 2603 910 2623 ιι
930 2597 968 2633 (n.
985 2600 1033 2631 Τ.).

1003 206 1181 231 BULLARIUM
1205 206 1356 231 ROMANUM

1198 264 1291 286 arcae
1317 250 1497 286 co'nventus
1515 255 1658 297 fregerit,
1690 255 1738 288 vel
1763 256 1869 288 claves
1898 265 1930 288 a-

1201 306 1378 339 ³ulte1=inas
1398 306 1560 347 habuerit,
1585 308 1709 351 absque
1735 310 1827 341 mora
1847 307 1930 341 irre-

1197 359 1403 392 missibiliter
1420 370 1436 392 e
1458 365 1621 392 conventu
1639 361 1833 403 expellatur.

1240 422 1275 445 11.
1298 411 1356 450 Qui
1382 412 1451 445 sine
1474 415 1628 456 expressa
1656 413 1776 456 prioris
1797 414 1930 447 licentia

1196 464 1438 498 introduxerint
1464 467 1629 498 seculares
1652 467 1685 498 in
1704 466 1837 510 aliquod
1855 467 1930 500 dor-

1196 517 1372 558 mitorium,
1395 519 1445 551 vel
1472 520 1587 552 cellam
1611 519 1763 562 aliquam,
1781 520 1929 563 quamvis

1195 570 1372 613 propriam,
1392 571 1590 614 duplicatam
1608 582 1748 614 poenam
1770 573 1930 605 constitu-

1197 622 1321 655 tionum
1340 623 1479 664 Ordinis,
1500 629 1585 667 part.
1605 635 1627 658 11
1648 635 1719 668 cap.
1736 635 1789 666 vn,
1807 625 1823 668 ἓ
1840 624 1860 658 5
1883 626 1930 658 la-

1196 680 1259 707 tam
1272 681 1385 708 contra
1400 686 1456 709 eos
1471 676 1644 719 religiosos
1662 677 1715 720 qui
1728 677 1851 710 intrant
1864 678 1930 710 cel-

1196 728 1257 760 lam
1277 728 1412 761 alterius
1436 729 1553 769 fratris,
1570 729 1753 773 respective
1769 730 1926 771 suheant;

1195 791 1301 824 neque
1331 781 1363 813 in
1393 782 1484 814 cellis
1514 782 1793 823 dormitoriorum,
1819 793 1928 827 neque

1195 834 1292 866 etiam
1312 834 1345 866 in
1364 834 1445 878 ipsis
1464 835 1676 876 dormitoriis,
1698 836 1760 869 nisi
1784 836 1817 869 in
1843 837 1929 870 cale-

1193 883 1351 929 factoriis,
1370 888 1501 931 publice
1519 889 1680 921 habeatur
1697 889 1801 932 ignis,
1819 900 1928 933 neque

1194 939 1263 972 sine
1281 939 1404 973 lumine
1431 941 1549 973 audeat
1573 941 1645 984 quis
1671 941 1710 974 de
1727 946 1822 975 nocte
1841 942 1929 975 ince-

1194 992 1282 1032 dere,
1300 1003 1408 1035 neque
1427 993 1533 1034 etiam,
1552 998 1583 1026 et
1597 994 1729 1037 quidem
1746 995 1806 1027 sub
1822 997 1929 1038 poena

1194 1045 1365 1077 eiectionis
1383 1056 1399 1078 e
1417 1051 1589 1086 conventu,
1609 1046 1741 1089 affigere
1759 1048 1929 1081 candelam

1193 1097 1282 1140 ligno
1317 1099 1367 1131 vel
1393 1098 1487 1131 alteri
1515 1099 1663 1131 materiei
1689 1100 1928 1141 combustibili,

1193 1152 1243 1183 vel
1279 1151 1377 1184 etiam
1406 1152 1600 1184 dormiendo
1625 1163 1797 1186 accensam
1830 1153 1929 1186 relin-

1193 1214 1316 1247 quere:
1351 1204 1436 1237 unde
1471 1215 1537 1238 non
1570 1210 1704 1238 utantur
1739 1206 1928 1239 candelabri

1193 1257 1255 1290 nisi
1273 1258 1384 1290 ferrei.

1236 1321 1284 1344 111.
1312 1311 1447 1344 Praeter
1474 1311 1666 1354 magistrum
1693 1311 1842 1355 pietatis,
1873 1312 1929 1356 qui

1193 1363 1225 1396 in
1251 1364 1414 1397 exercitiis
1440 1364 1668 1407 spiritualibus
1690 1376 1726 1398 ex
1748 1365 1856 1397 officio
1881 1365 1930 1397 in-

1193 1422 1323 1450 struere
1338 1422 1470 1450 tenetur
1488 1418 1677 1461 praedictos
1691 1418 1822 1459 fratres,
1835 1423 1930 1462 pater

1192 1471 1284 1515 prior
1301 1471 1397 1505 alios¹
1418 1476 1493 1511 tres,
1517 1472 1568 1504 vel
1594 1476 1744 1514 quatuor,
1762 1472 1814 1504 vel
1831 1471 1929 1504 etiam

1192 1525 1315 1568 plures,
1335 1524 1362 1557 si
1380 1535 1462 1568 opus
1487 1524 1594 1564 fuerit,
1618 1525 1762 1568 deputet,
1782 1524 1837 1568 qui
1856 1534 1930 1558 eos-

1193 1579 1266 1611 dem
1291 1578 1409 1610 fratres
1437 1577 1677 1610 studiosissime
1704 1578 1743 1610 de
1769 1577 1928 1610 ecclesiae

1193 1638 1289 1666 cantu
1306 1631 1487 1671 instruant,
1506 1631 1668 1674 praedicti
1684 1636 1793 1664 autem
1811 1631 1928 1664 fratres

1192 1696 1359 1728 nunquam
1377 1695 1394 1718 e
1413 1684 1606 1717 dormitorio
1633 1684 1854 1727 egrediantur,
1874 1689 1929 1717 aut

1192 1749 1253 1782 per
1270 1742 1465 1771 conventum
1484 1738 1610 1777 vadant,
1628 1737 1690 1769 nisi
1709 1737 1777 1770 bini
1795 1742 1827 1770 et
1844 1737 1926 1778 bini,

1193 1790 1467 1824 contrafacientes
1486 1789 1630 1832 graviter
1646 1789 1838 1833 puniantur.

1236 1855 1279 1878 1v.
1301 1843 1365 1877 Nec
1382 1843 1461 1876 item
1478 1844 1524 1876 sas
1543 1843 1585 1875 sit
1602 1842 1654 1875 in*z
1670 1843 1848 1886 praedictis
1866 1843 1930 1876 fra-

1195 1898 1297 1930 tribus
1324 1897 1439 1940 gallice
1467 1896 1577 1940 loqui,
1605 1896 1702 1928 etiam
1726 1896 1759 1928 in
1784 1896 1929 1939 assigna-

1194 1951 1233 1984 tis
1259 1950 1321 1983 sibi
1347 1950 1564 1990 dormitoriis,
1590 1950 1642 1982 vel
1668 1954 1758 1983 extra
1779 1960 1853 1982 cum
1877 1959 1929 1982 so-

1193 2003 1251 2036 ciis
1289 2003 1339 2036 vel
1365 2003 1592 2035 sacerdotibus
1617 2001 1755 2042 nostris,
1782 2002 1846 2035 nisi
1871 2001 1928 2034 ali-

1194 2056 1324 2099 quando
1363 2066 1380 2088 a
1404 2060 1496 2098 patre
1526 2055 1637 2098 priore
1667 2054 1800 2087 licentia
1831 2054 1871 2087 ad
1895 2054 1928 2087 id

1192 2108 1272 2151 ipsis
1298 2109 1507 2148 concedatur,
1527 2107 1680 2140 nimirum
1702 2107 1778 2140 dum
1804 2107 1928 2141 haben-

1194 2167 1246 2194 tur
1271 2161 1494 2195 recreationes
1520 2161 1552 2193 in
1578 2161 1685 2202 horto,
1708 2162 1758 2194 vel
1784 2160 1858 2194 alii³
1877 2171 1928 2194 se-

1193 2225 1249 2248 cus
1275 2212 1432 2247 facientes
1458 2214 1538 2247 dure
1563 2213 1756 2257 puniantur.
1783 2213 1854 2246 Non
1885 2213 1928 2246 si-

1192 2273 1247 2301 nat
1271 2272 1365 2311 pater
1388 2267 1480 2311 prior
1505 2278 1543 2300 ea
1566 2267 1709 2308 mobilia,
1737 2277 1821 2311 quae
1851 2272 1928 2299 sunt

1192 2322 1225 2354 in
1256 2321 1348 2355 cellis
1374 2321 1565 2354 eorumdem
1591 2320 1741 2361 fratrum,
1768 2331 1804 2353 ac
1829 2320 1928 2353 etiam

1192 2380 1339 2419 patrum,
1365 2385 1383 2407 a
1412 2384 1621 2417 quocumque
1647 2373 1760 2415 vendi,
1791 2372 1927 2406 alienari

1192 2429 1243 2462 vel
1261 2428 1324 2461 alio
1339 2427 1515 2471 asportari,
1532 2432 1564 2460 et
1577 2427 1640 2460 hoe
1654 2427 1714 2460 sub
1727 2428 1835 2471 poena
1850 2436 1928 2471 pro-

1228 2509 1239 2535 1
1262 2507 1332 2535 Male
1352 2507 1417 2534 edit.
1438 2506 1517 2534 Main.
1540 2506 1604 2542 legit
1623 2506 1679 2533 alii
1696 2506 1734 2540 (n.
1755 2506 1804 2540 Τ.).

1226 2553 1242 2579 2
1263 2552 1410 2587 Praeposit.
1431 2552 1464 2579 in
1483 2550 1636 2578 redundare
1656 2550 1762 2577 videtur
1779 2551 1821 2585 (n.
1841 2550 1891 2585 τ.).

1226 2596 1243 2624 3
1262 2596 1362 2624 Forsan
1383 2595 1530 2631 legendum
1550 2594 1593 2622 vel
1612 2594 1699 2629 alibi,-
1721 2595 1756 2630 (Β.
1771 2594 1820 2630 Τ.).

1946 206 1995 233 An.
2011 205 2040 233 C.
2063 205 2129 233 1662
