2247 3208
236 252 285 279 An.
302 251 331 279 c.
354 251 421 279 1669
463 242 530 276 798

255 1840 269 1863 Ι·
276 1844 375 1864 nuntium.

431 300 612 340 observata,
643 300 754 332 inserti
781 300 895 339 forent,
920 301 1042 332 eisdem
1076 311 1168 343 prae—

431 352 574 385 sentibus
590 363 649 395 pro
671 354 768 395 plene
783 358 815 385 et
829 353 1027 385 sufficienter
1041 363 1168 396 expres-

430 406 472 438 sis
499 411 530 438 et
553 405 686 437 insertis
724 406 883 438 habentes
900 433 907 447 ,
935 406 998 439 illis
1031 406 1110 438 alias
1133 406 1165 438 in

429 469 486 491 suo
512 459 631 491 robore
646 460 889 502 permansuris,
910 460 969 491 hac
987 459 1056 492 vice
1075 460 1167 492 dum-
1186 493 1188 503 Ι

429 516 514 543 taxat
538 511 693 544 latissime
716 517 747 544 et
771 512 959 554 plenissime
989 523 1024 545 ac
1045 512 1166 555 specia-

428 563 504 597 liter
528 569 558 597 et
576 563 735 607 'expresse
762 565 969 607 derogamus,
996 565 1164 598 contrariis

429 617 696 660 quibuscumque.

471 669 486 711 ἓ
510 669 541 702 5.
569 670 724 702 Volumus
756 676 861 702 autem
893 671 979 713 quod
1006 671 1165 712 guberna-

427 726 515 754 tores
541 732 600 764 pro
627 728 773 765 tempore
806 723 978 755 existentes
1009 723 1164 755 ecelesiae

428 779 460 806 et
484 773 653 816 hospitalis
690 785 750 817 per
785 780 815 806 te
852 775 1079 816 erigendorum
1105 776 1165 807 hu-

426 826 568 858 iusmodi
587 827 625 859 de
644 827 742 859 rebus
759 827 856 869 gestis
877 833 908 859 et
932 828 1163 860 administratis

427 878 485 911 tibi
510 879 597 911 iuxta
622 879 752 912 concilii
773 879 952 912 Tridentini
977 879 1164 923 dispositio-

426 943 499 965 nem
526 932 698 975 quotannis
722 932 879 965 rationem
900 933 1039 966 reddere
1066 934 1164 966 omni-

428 996 468 1017 no
487 990 671 1018 teneantur.

469 1038 583 1072 Datum
601 1039 735 1078 Romae,
753 1039 839 1082 apud
865 1039 896 1072 S.
916 1039 1046 1072 Mariam
1065 1040 1162 1073 Maio-

426 1101 505 1130 rem,
519 1102 603 1124 anno
620 1092 857 1124 incarnationis
870 1092 996 1124 Domini
1011 1103 1160 1133 MDCLXix,

426 1154 455 1176 lx
480 1144 558 1176 iunii
574 1144 590 1184 ¹,
617 1144 826 1187 pontificatus
845 1145 950 1177 nostri
976 1156 1060 1178 anno
1087 1156 1121 1179 11.

462 1205 519 1231 Dat.
541 1205 583 1232 die
603 1206 620 1232 9
639 1205 703 1232 iunii
726 1205 802 1240 1669,
823 1206 918 1242 pontif.
936 1215 1006 1233 anno
1026 1213 1054 1234 11.

748 1349 835 1382 CXII.

428 1427 620 1460 Conslz'lutz'o
638 1428 810 1471 prohibens
830 1432 1044 1460 mercaturam
1062 1433 1091 1461 et
1109 1439 1161 1461 ne-

469 1481 665 1523 qoeiationes
710 1482 867 1513 seculares
911 1482 1131 1514 ecclesiasticis
1151 1509 1157 1521 ,

466 1534 661 1575 praesertim
689 1534 851 1577 religiosis
883 1535 1097 1577 quibuslibet,
1126 1536 1160 1567 in

469 1586 578 1618 Indie's
604 1586 822 1619 Orientalibus
846 1592 875 1619 el
899 1588 1050 1620 Amerz'ca
1075 1599 1161 1621 nunc

468 1643 496 1671 el
518 1649 577 1681 pro
603 1643 741 1682 tempore
761 1641 983 1673 eoeistaztae‘bus.

644 1719 778 1745 Clemens
799 1720 876 1752 Papa
897 1720 941 1752 lx,

565 1762 601 1788 ad
621 1761 754 1788 futuram
774 1762 817 1789 rei
839 1763 1020 1790 memoriam.

469 1831 658 1865 Sollicitudo
683 1834 855 1875 pastoralis
880 1834 994 1874 officii,
1018 1845 1081 1877 quo
1105 1834 1161 1867 Ec-

424 1885 541 1918 clesiae
563 1887 739 1920 catholicae
764 1898 823 1930 per
841 1887 1027 1920 universum
1046 1889 1159 1921 orbem

424 1937 559 1971 diffusae
591 1939 741 1981 regimini
770 1950 827 1982 per
862 1939 1057 1973 inetl'abilem
1083 1941 1161 1973 divi-

423 2002 483 2023 nae
516 1992 695 2035 sapientiae
725 1999 820 2036 atque
846 1994 1035 2027 clementiae
1061 1996 1160 2028 abim-

424 2044 565 2077 dantiam
599 2046 837 2088 praesidemuS,
870 2057 927 2080 nos
952 2047 1096 2080 stimulat
1126 2054 1184 2087 ut,

423 2108 474 2137 ea,
502 2107 582 2139 quae
608 2098 803 2132 christianae
828 2100 998 2142 religionis
1025 2101 1159 2133 catholi-

424 2161 545 2194 caeque
570 2151 644 2184 fidei
670 2153 896 2194 propagationi
923 2164 1084 2186 remoram
1109 2155 1158 2186 vel

423 2202 695 2246 impedimentum
721 2204 875 2245 iniicere,
902 2216 937 2238 ac
960 2206 994 2238 in
1018 2206 1158 2239 virorum

422 2256 451 2287 in
479 2262 597 2289 sortem
622 2257 748 2290 Domini
774 2264 986 2299 vocatorum,
1013 2264 1045 2292 et
1068 2270 1159 2302 prac-

420 2310 532 2342 sertim
559 2311 794 2353 religiosorum,
814 2313 867 2355 qui
892 2314 1086 2355 semetipsos
1108 2314 1159 2345 ab·

422 2370 583 2403 negarunt
600 2370 631 2396 et
648 2365 811 2398 mundana
829 2365 936 2398 onmia
956 2371 1159 2408 contempse-

420 2420 495 2446 runt
521 2421 555 2447 ut
580 2415 741 2450 Christum
764 2419 991 2451 lucrifacerent
1019 2419 1155 2462 eiusque

418 2467 591 2511 ohsequiis
608 2471 727 2503 mundo
753 2474 849 2504 corde
882 2478 914 2504 et
938 2478 1045 2505 mente
1072 2478 1157 2504 tran-

420 2523 519 2562 quzlla
539 2522 631 2555 unice
649 2523 864 2565 intenderent,
889 2525 1069 2558 honestatis
1089 2526 1155 2567 glo-

461 2599 465 2603 ’
495 2592 551 2617 Edu
585 2593 662 2619 ⁴itam.
685 2593 750 2628 legit
773 2596 861 2628 iutae'c'‚·
891 2599 917 2622 at
946 2596 979 2622 ud
1011 2596 1158 2631 marginem

419 2637 499 2665 hate(
521 2646 596 2664 ιιιιιιι
620 2639 657 2672 (12.
675 2638 722 2673 r).

1010 253 1190 276 BULLAntUM
1215 253 1366 277 ROMANUM
1948 257 1998 284 An.
2015 259 2044 285 C.
2068 259 2133 286 1069

1209 301 1256 332 ria
1288 302 1446 334 maculam
1481 313 1602 345 ponere
1637 310 1792 346 possent,
1820 305 1943 338 salubri

1209 353 1374 386 sanctione
1400 365 1416 386 e
1441 355 1547 387 medio
1573 357 1686 389 tollere
1713 362 1807 401 atque
1831 358 1942 391 radici-

1209 411 1258 438 tus
1284 408 1423 440 evellere
1448 408 1648 442 studeamus,

1252 460 1266 499 ,ξ
1291 459 1321 492 1.
1350 460 1475 492 Dudum
1497 461 1655 503 siquidem
1674 462 1775 495 felicis
1793 464 1942 497 recorda-
1979 478 2073 499 tia-auus
2089 478 2134 500 vm

1209 513 1306 544 tionis
1333 512 1477 545 Urbanus
1503 514 1587 556 Papa
1618 514 1681 546 thl
1711 506 2134 557 praedecessorElssl't’fflssl'ffnfi'¹⁰33'

1208 571 1327 605 noster,
1353 566 1561 599 considerans
1580 577 1637 609 per
1655 578 1762 599 sacros
1789 579 1940 610 canones,
1952 558 2083 578 ⁰¹⁰³¹²¹⁵²⁵⁶¹⁵'

1207 618 1420 651 conciliorum
1459 619 1587 651 decreta
1626 624 1658 651 et
1695 620 1941 653 constitutiones

1207 671 1400 714 apostolicas
1425 671 1572 704 omnibus
1597 672 1767 714 religiosis,
1785 684 1821 705 ac
1845 673 1940 706 etiam

1207 724 1277 756 aliis
1292 725 1526 769 ecclesiasticis,
1536 725 1726 767 praesertim
1737 725 1768 757 in
1779 726 1876 758 sacris
1890 737 1940 759 or-

1207 777 1335 809 dinibus
1353 778 1776 817 constitutis,mercaturam
1794 784 1825 811 et
1842 789 1940 821 nego-

1207 829 1362 862 ciationes
1389 831 1552 863 seculares
1576 830 1720 863 districte
1749 831 1938 874 prohiberi,

1206 893 1241 914 ac
1257 883 1349 915 valde
1371 883 1574 923 damnosum,
1592 883 1781 916 indecorum
1799 890 1832 917 et
1849 884 1939 917 inde-

1205 946 1279 967 cens
1297 936 1434 968 existere
1453 936 1639 969 huiusmodi
1656 947 1812 979 personas
1830 936 1938 970 divino

1205 987 1305 1020 cultui
1319 988 1528 1030 mancipatas,
1540 999 1575 1021 ac
1588 988 1761 1032 praecipue
1773 989 1844 1022 illas
1856 999 1937 1032 quae

1204 1040 1243 1072 ad
1269 1040 1521 1083 praedicandum
1554 1047 1793 1074 sacrosanctum
1820 1041 1938 1074 Christi

1204 1093 1330 1126 Domini
1345 1093 1551 1135 Evangelium
1570 1094 1746 1126 destinatae
1764 1099 1847 1134 sunt,
1862 1105 1940 1126 mer·
1959 1100 1964 1104 '

1204 1152 1331 1179 caturae
1358 1152 1388 1179 et
1412 1147 1684 1189 negotiationibus
1702 1147 1888 1180 huiusmodi
1905 1159 1939 1181 se

1204 1199 1385 1232 immiscere
1413 1206 1467 1232 aut
1491 1210 1625 1242 operam
1650 1200 1735 1239 dare,
1757 1210 1816 1243 per
1840 1211 1940 1243 quan-

1204 1253 1275 1285 dam
1291 1263 1379 1285 suam
1399 1252 1430 1284 in
1448 1253 1546 1285 simili
1562 1253 1661 1285 torma
1680 1253 1787 1285 Brevis
1809 1253 1860 1285 die
1875 1263 1939 1286 xxti

1204 1306 1355 1338 februarii
1390 1315 1553 1339 uncxxxni
1590 1312 1770 1338 emanatam
1811 1305 1937 1338 consti-

1204 1359 1370 1399 tutionem,
1395 1359 1479 1391 inter
1503 1359 1575 1399 alia,
1600 1359 1763 1401 religiosis
1789 1359 1938 1392 omnibus

1203 1412 1433 1454 cuiuscumque
1459 1411 1587 1444 Ordinis
1622 1417 1653 1444 et
1685 1411 1841 1451 instituti,
1877 1418 1940 1444 tam

1204 1475 1266 1497 non
1292 1464 1542 1497 Mendieantium
1563 1476 1657 1507 quam
1679 1464 1940 1503 Mendieantium,

1204 1518 1299 1550 etiam
1323 1517 1492 1550 Societatis
1519 1518 1599 1557 lesu,
1626 1528 1804 1560 eorumque
1831 1518 1941 1561 singu·

1204 1572 1252 1611 lis,
1280 1576 1342 1603 tam
1370 1576 1443 1602 tunc
1468 1571 1500 1602 in
1527 1571 1658 1611 insulis,
1687 1571 1863 1614 provinciis
1889 1582 1940 1603 re-

1205 1624 1353 1665 gionibus
1378 1629 1410 1655 et
1434 1623 1543 1665 regnis
1562 1623 1669 1655 Indiae
1696 1623 1878 1661 ostentatis,
1903 1633 1939 1655 ac

1203 1676 1323 1708 Chinae
1349 1681 1380 1708 et
1404 1676 1559 1718 Iaponum
1589 1676 1818 1716 existentibus,
1845 1686 1940 1718 quarn

1203 1729 1236 1761 in
1257 1730 1400 1761 futurum
1426 1730 1464 1761 ad
1490 1728 1545 1761 illa
1563 1728 1738 1768 mittendis,
1760 1739 1890 1761 omnem
1910 1733 1941 1760 et

1204 1792 1439 1825 quamcumque
1471 1787 1686 1815 mercaturam
1719 1792 1774 1814 seu
1800 1781 1941 1824 negotia-

1204 1834 1323 1867 tionem
1349 1845 1553 1877 quocumque
1589 1835 1686 1867 modo
1720 1834 1759 1866 ab
1791 1833 1836 1866 eis
1869 1832 1940 1866 fieri

1203 1887 1416 1930 contingeret,
1444 1898 1500 1919 seu
1527 1898 1584 1930 per
1601 1898 1654 1927 se,
1672 1888 1736 1919 sive
1761 1897 1819 1930 per
1844 1887 1938 1926 alios,

1204 1941 1267 1973 sive
1293 1941 1437 1983 proprio,
1459 1940 1522 1973 sive
1541 1940 1779 1973 communitatis
1798 1939 1938 1979 nomine,

1205 1994 1334 2033 directe,
1362 1994 1428 2026 sive
1455 1993 1621 2032 indirecte,
1656 1998 1708 2025 aut
1739 1993 1851 2036 quovis
1876 1993 1939 2025 alio

1203 2052 1381 2090 praetextu,
1400 2049 1495 2079 causa
1512 2047 1562 2079 vel
1583 2047 1709 2085 colore,
1726 2045 1892 2078 interdixit
1909 2051 1940 2077 et

1202 2099 1368 2143 prohibuit
1401 2099 1460 2131 sul)
1490 2098 1831 2131 excommunicationis
1858 2098 1939 2130 latae

1202 2152 1381 2185 sententiae
1408 2154 1513 2195 poena
1528 2150 1601 2194 ipso
1627 2152 1708 2183 sacto
1734 2151 1937 2190 incurrenda,

1202 2216 1238 2238 ac
1264 2205 1453 2248 privationis
1478 2205 1564 2237 vocis
1591 2204 1710 2236 activae
1729 2209 1761 2235 et
1777 2202 1937 2246 passivae,

1203 2259 1379 2292 officiorum
1393 2268 1429 2290 ac
1445 2258 1600 2300 graduum
1618 2262 1648 2289 et
1663 2257 1852 2299 dignitatum
1868 2266 1940 2299 qua-

1202 2321 1420 2354 rumcumque,
1449 2316 1481 2342 et
1505 2309 1717 2342 inhabilitatis
1742 2309 1781 2341 ad
1814 2319 1873 2349 ea,
1904 2319 1940 2341 ac

1202 2365 1336 2407 insuper
1353 2363 1535 2396 amissionis
1554 2362 1711 2395 mercium
1730 2367 1760 2395 et
1777 2363 1938 2394 lucrorum

1202 2429 1239 2451 ex
1262 2418 1307 2450 cis
1330 2417 1502 2456 sactorum:
1528 2426 1610 2459 quae
1635 2415 1744 2448 omnia
1761 2426 1777 2448 a
1795 2414 1940 2458 superio-

1202 2472 1290 2503 ribus
1305 2470 1508 2513 religionum,
1526 2480 1561 2502 ex
1581 2469 1696 2512 quibus
1712 2468 1939 2510 delinquentes

1202 2525 1372 2557 existerent
1392 2550 1399 2561 ,
1426 2522 1621 2555 reservanda
1647 2527 1755 2554 essent
1780 2521 1818 2552 ad
1846 2530 1936 2552 usum

1202 2576 1402 2614 missionum,
1425 2588 1502 2618 qua<
1527 2575 1659 2607 eaedem
1684 2572 1857 2615 religiones
1885 2572 1938 2605 ha-

1201 2631 1321 2664 bebant
1340 2631 1419 2663 etin
1448 2632 1587 2662 tutin-um
1615 2628 1782 2660 habiturae
1802 2625 1939 2659 erantin
