2247 3208
177 202 228 230 Α11.
250 201 279 229 C.
298 202 365 230 1668

201 265 300 285 Clausula
317 264 360 284 snt*⁴

179 290 228 311 laed,

329 447 337 452 ᾖ
371 409 481 452 palatii
504 409 675 452 apostoliei
703 409 891 448 auditores,
918 414 948 441 et
966 408 1109 440 eiusdem

215 1001 360 1027 Exequutnres

175 1027 270 1054 deputat.

178 2580 291 2601 obstantia
302 2579 362 2600 toltit.

1003 200 1145 224 (ztmttth

418 251 432 293 ξ
458 250 511 283 Μ.
531 250 568 283 Et
585 250 629 282 sie
650 250 682 282 in
701 250 890 293 praemissis
912 249 1059 282 omnibns
1081 255 1108 281 et
1131 249 1133 259 '

373 303 509 345 singulis
536 314 595 346 per
621 314 847 346 quoscumque
875 302 1001 335 indices
1023 302 1111 334 ordi-

372 355 482 388 narios
516 361 548 387 et
585 356 774 397 delegatos,
808 355 906 387 etiam
939 365 1110 387 cansarum

371 462 401 493 S.
422 461 459 494 R.
478 461 512 494 E.
533 462 724 501 cardinales,
743 473 867 494 necnon
886 472 944 504 pro
964 466 1110 503 tempore

371 515 545 548 existentes
576 515 679 547 dietae
711 525 857 547 camerae
885 514 1108 553 camerarium,

373 568 596 610 praesidentes
623 573 652 601 et
671 567 807 600 clericos
830 567 860 599 iu
886 566 996 609 quavis
1016 567 1111 596 eausa

372 626 404 653 et
428 620 594 660 instantia,
622 621 749 653 sublata
774 619 820 651 eis
854 624 887 651 et
908 629 1017 650 eornm
1044 618 1111 650 eni-

373 673 453 706 libet
477 674 586 716 (piaris
605 673 699 706 aliter
717 672 878 705 indicandi
898 677 929 703 et
954 671 1112 713 interpre-

373 727 460 759 taudi
495 728 642 759 facultate
669 731 701 758 et
725 725 938 763 anctoritate,
974 723 1110 756 indicari

372 783 404 810 et
434 778 562 811 deliniri
583 779 718 815 debere,
736 789 771 809 ae
802 777 929 809 irritum
956 781 988 808 et
1014 776 1109 808 inane

372 831 398 863 si
433 842 529 863 secus
556 841 656 874 super
681 830 732 862 liis
758 841 775 862 a
801 840 977 873 quoquam,
997 829 1109 872 quavis

372 883 738 923 anetoritate,seienter
761 883 808 915 vel
824 883 1029 925 ignoranter,
1041 893 1110 914 eon—

374 936 485 979 tigerit
505 936 671 969 attentari.

416 991 430 1033 §
459 989 509 1022 15.
529 989 685 1027 Quocirca
699 989 939 1022 venerabilibus
961 989 1109 1021 fratribus

372 1043 489 1075 nostris
514 1041 655 1075 Ostiensi
686 1047 715 1074 et,
740 1042 908 1075 Portuensi
943 1042 1112 1074 cardinali-

372 1095 430 1127 bus
451 1094 611 1138 episeopis
632 1099 663 1126 et
685 1094 801 1127 dilecto
824 1095 888 1127 tilio
911 1095 1017 1126 curiae
1044 1105 1112 1127 eau-

372 1159 479 1180 sarnm
505 1158 651 1180 camerae
678 1148 875 1190 apostolicae
895 1148 1037 1190 generali
1060 1159 1113 1179 au-

373 1200 468 1234 ditori
489 1211 549 1244 per
577 1201 754 1243 apostoliea
779 1201 899 1243 scripta
925 1202 1112 1233 mandamns

373 1259 458 1286 motu
486 1252 593 1292 simili,
611 1258 768 1296 quatenus
786 1253 858 1295 ipsi,
889 1254 937 1285 rel
965 1254 1036 1292 dno,
1060 1259 1110 1285 ant

372 1317 454 1338 unus
469 1316 591 1345 eorum,
611 1316 670 1348 per
687 1316 731 1344 se,
750 1306 799 1337 vel
819 1305 929 1345 alium,
948 1317 1001 1337 <en
1022 1306 1111 1347 alios,

374 1364 564 1402 praesentes
598 1358 721 1390 litteras
758 1363 790 1390 et.
823 1358 854 1390 in
889 1358 934 1390 eis
961 1364 1112 1391 contenta

373 1421 608 1454 quaecumque,
623 1410 677 1443 nbi
696 1416 727 1443 et
752 1412 883 1454 qnando
905 1422 986 1454 opus
1005 1412 1109 1451 suerit,

373 1476 408 1498 ae
433 1465 559 1508 quoties
579 1476 637 1508 pro
655 1470 745 1507 parte
766 1467 867 1497 vestra
886 1466 1028 1508 desuper
1047 1466 1113 1498 sue-

374 1519 439 1550 rint
468 1518 637 1561 requisiti,
663 1518 855 1551 solemniter
888 1519 1110 1562 publicantes,

373 1571 527 1614 vobisque
561 1571 592 1603 in
624 1571 810 1614 praemissis
844 1572 980 1604 efficacis
1006 1572 1113 1604 desen-

373 1623 474 1656 sionis
500 1624 663 1667 praesidio
689 1624 890 1663 assistentes,
919 1625 1032 1657 saciant
1059 1637 1114 1657 au-

374 1676 521 1709 ctoritate
541 1679 651 1709 nostra
673 1678 801 1710 easdem
820 1684 1008 1720 praesentes
1034 1679 1114 1711 litte-

376 1740 426 1762 ras
447 1735 477 1762 et
492 1730 524 1762 in
543 1729 589 1762 eis
604 1735 756 1762 contenta
774 1730 960 1763 huiusmodi
977 1730 1113 1764 tirmiter

373 1783 549 1823 observari,
576 1794 611 1815 ae
635 1794 691 1816 vos
718 1783 782 1816 illis
807 1784 955 1817 omnibus
980 1785 1112 1827 paciliee

373 1835 433 1867 srui
460 1841 492 1868 et
517 1837 677 1879 gandere;
705 1847 768 1869 non
805 1837 1030 1880 permittentes
1060 1848 1113 1870 ros

372 1899 433 1932 per
458 1900 679 1932 quoscumque
699 1890 810 1932 quavis
837 1890 1027 1923 anctoritate
1048 1891 1114 1923 11111-

374 1948 487 1985 gentes
524 1948 634 1975 eontra
672 1943 857 1975 earumdem
890 1944 1112 1986 praesentium

374 2001 521 2028 tenorem
547 1996 792 2038 quomodolibet
822 1996 965 2028 indebite
998 1998 1114 2029 moles-

373 2048 442 2088 tari,
469 2048 641 2090 inquietari
672 2049 720 2080 vel
755 2049 960 2091 pertnrlmri2
986 2055 1114 2082 eontra-

373 2102 514 2134 dictores
541 2102 706 2145 quoslihet
731 2108 762 2134 et
788 2103 926 2135 rebelles
956 2114 1016 2146 per
1041 2114 1113 2135 sen-

373 2154 505 2194 tentias,
520 2164 672 2187 censuras
688 2160 719 2187 et
736 2165 857 2198 poenas
868 2155 1112 2195 ecclesiasticas,

374 2207 503 2249 aliaque
521 2213 706 2250 opportuna
720 2208 797 2239 iuris
814 2213 845 2239 et
866 2208 940 2240 faeti
958 2208 1112 2247 remedia,

374 2260 590 2303 appellatione
623 2261 819 2304 postposita,
856 2262 1112 2304 compescendo,

375 2323 428 2353 ae,
450 2313 601 2355 legitimis
619 2323 718 2356 super
738 2314 788 2345 liis
806 2314 964 2346 habendis
981 2315 1112 2347 servatis

373 2365 598 2408 processibus,
633 2376 785 2398 censuras
815 2372 845 2399 et
877 2377 998 2409 poenas
1026 2367 1111 2409 ipsas

373 2418 470 2451 etiam
495 2418 616 2450 iteratis
641 2418 763 2451 vicibus
789 2419 1004 2461 aggravando,
1026 2420 1114 2452 inro-

373 2476 443 2504 cato
469 2471 565 2503 etiam
591 2471 630 2503 ad
656 2472 735 2511 hoe,
762 2471 786 2503 si
813 2482 894 2514 opus
921 2472 1031 2511 suerit,
1058 2483 1113 2504 au-

373 2523 451 2556 xilio
475 2523 602 2555 braeliii
628 2525 795 2556 secularis

417 2578 432 2620 ξ
462 2576 509 2608 16.
538 2576 605 2609 Non
631 2577 833 2610 obstantibus
854 2578 1054 2621 praemissis,
1075 2590 1110 2611 ac

1171 201 1198 223 tx
1225 201 1272 223 1³1³.

1156 249 1226 291 piae
1241 248 1416 281 memoriae
1437 248 1592 282 Bonisaeii
1612 249 1715 292 Papae
1731 248 1793 280 Yttl
1808 259 1896 291 prae-

1156 302 1335 334 decessoris
1366 302 1489 344 pariter
1520 302 1623 334 nostri
1652 302 1689 334 de
1712 303 1785 341 nna,
1806 307 1839 334 et
1863 302 1895 333 in

1155 354 1292 387 coneilio
1318 354 1461 396 generali
1488 355 1574 386 edita
1592 355 1630 386 de
1646 354 1771 386 duabus
1789 354 1896 392 dietis,

1155 407 1332 439 duinmodo
1352 408 1435 439 ultra
1455 412 1520 439 tres
1546 408 1647 439 dietas
1667 407 1781 450 aliquis
1807 408 1896 449 vigo-

1155 468 1187 489 re
1204 459 1421 500 praesentium
1438 459 1475 491 ad
1491 459 1641 491 indieinm
1656 470 1721 491 non
1740 459 1896 500 trahatur,

1155 521 1281 543 necnon
1307 512 1533 543 Lateranensis
1560 512 1688 545 roneilii
1720 512 1894 545 novissime

1155 563 1307 595 celebrati
1335 564 1373 595 de
1399 570 1488 595 certo
1516 564 1714 597 notariorum
1742 575 1892 606 numero,

1155 615 1280 647 etiamsi
1303 616 1341 647 ad
1367 615 1457 648 illum
1477 617 1617 649 nondum
1638 618 1811 651 deventum
1833 618 1896 650 sue-

1155 669 1205 708 rit,
1232 669 1281 700 eui
1308 679 1366 711 per
1392 669 1453 700 1100
1480 669 1558 701 alias
1578 670 1736 712 derogare
1763 682 1827 704 non
1848 671 1896 703 in-

1155 722 1326 761 tendimus,
1346 732 1381 753 ae
1399 722 1438 754 de
1464 733 1622 754 consensu
1647 725 1844 766 praestando
1863 725 1895 757 iu

1155 773 1377 816 pensionibus,
1397 779 1428 805 et
1446 774 1612 817 quibusvis
1634 775 1703 807 aliis
1724 776 1819 809 etiam
1837 787 1896 820 per

1156 837 1214 858 nos
1245 832 1276 858 et
1308 825 1422 858 Sedem
1457 827 1654 869 praedictam
1688 829 1781 861 editis
1808 836 1840 862 et
1864 831 1896 862 in

1156 885 1323 922 posterum
1350 880 1483 913 edendis
1509 881 1722 914 cancellariae
1741 883 1898 925 apostoli-

1156 942 1210 963 eae
1237 933 1370 974 regulis,
1391 943 1427 964 ae
1447 934 1527 975 stylo
1553 933 1585 965 in
1611 933 1769 966 similibus
1790 935 1897 967 haete-

1156 995 1214 1016 nus
1240 986 1420 1025 observato,
1439 997 1475 1017 ae
1500 987 1693 1019 recolendae
1720 988 1895 1021 memoriae

1157 1038 1327 1070 Alexandri
1354 1039 1458 1082 Papae
1479 1039 1515 1071 vl
1541 1040 1637 1072 etiam
1664 1042 1897 1083 praedeeesso-

1158 1091 1200 1122 ris
1223 1092 1322 1124 nostri
1351 1092 1476 1126 tertiam
1504 1099 1626 1135 partem
1661 1094 1821 1127 bonorum
1847 1106 1898 1128 ee-

1157 1144 1412 1177 elesiastieorum
1424 1155 1570 1178 camerae
1585 1147 1768 1188 praedictae
1784 1148 1896 1181 deberi

1157 1196 1242 1228 inter
1267 1197 1327 1228 alia
1355 1198 1568 1239 disponente,
1595 1209 1723 1232 net-non
1750 1200 1896 1233 eiusdem

1157 1249 1311 1281 Bonifaeii
1338 1250 1441 1292 Papae
1468 1251 1529 1282 vttl
1555 1262 1614 1293 per
1644 1263 1738 1295 quam
1764 1263 1898 1285 eonces-

1157 1302 1263 1334 siones
1280 1302 1439 1334 fruetusin
1455 1304 1596 1336 absentia
1613 1305 1814 1348 percipiendi
1827 1306 1896 1339 sine

1157 1355 1384 1397 praefinitione
1402 1357 1555 1399 temporis
1575 1357 1644 1389 lieri
1666 1358 1895 1400 prohibentur,

1157 1418 1192 1439 ae
1218 1408 1261 1440 Pii
1290 1409 1393 1451 Papae
1420 1409 1455 1441 IV
1480 1411 1740 1453 praedecessoris
1773 1412 1895 1455 pariter

1157 1462 1255 1494 nostri
1284 1462 1321 1494 de
1347 1462 1457 1505 gratiis
1477 1465 1710 1507 qualecumque
1737 1464 1894 1498 interesse

1157 1525 1303 1547 camerae
1330 1516 1526 1557 apostolieae
1560 1518 1834 1551 concernentibus
1864 1519 1895 1551 111

1157 1567 1243 1599 dieta
1267 1570 1392 1600 ramera
1417 1568 1499 1601 intra
1523 1575 1647 1602 certum
1669 1576 1744 1603 tnnc
1769 1582 1898 1614 expres-

1157 1631 1227 1654 snm
1254 1627 1379 1664 tempus
1403 1623 1650 1664 praesentandis
1670 1628 1702 1656 et.
1719 1624 1896 1667 registran-

1157 1675 1217 1713 dis,
1247 1675 1289 1707 ita
1314 1676 1400 1718 quod
1426 1682 1615 1718 praesentes
1648 1677 1680 1709 in
1707 1678 1820 1711 eadem
1845 1689 1897 1711 ca-

1155 1731 1243 1760 mera
1268 1730 1358 1761 nullo
1384 1739 1524 1771 unquam
1551 1735 1697 1773 tempore
1722 1731 1895 1774 registrare

1157 1782 1350 1820 teneamini,
1376 1793 1411 1815 ae
1444 1782 1556 1815 similis
1583 1784 1815 1817 reeordationis
1840 1785 1897 1817 Ur-

1156 1835 1231 1867 bani
1268 1835 1370 1878 Papae
1402 1836 1462 1868 Vttl
1501 1836 1596 1869 etiam
1629 1838 1896 1880 praedeeessoris

1157 1888 1257 1921 nostri
1276 1888 1314 1920 de
1336 1889 1548 1931 pensionibus
1565 1890 1643 1922 alias
1663 1891 1824 1923 translatis
1841 1891 1898 1923 ite-

1157 1952 1227 1974 rum
1243 1952 1307 1974 non
1329 1943 1547 1983 trasferendis,
1570 1954 1604 1976 ae
1621 1944 1805 1986 quorumvis
1823 1944 1897 1977 alio-

1157 2004 1229 2026 rum
1255 1994 1471 2028 Romanorum
1493 1995 1682 2028 Pontificum
1706 1997 1897 2039 praedeces-

1158 2058 1268 2079 sorum
1306 2053 1512 2088 nostrorum,
1552 2054 1583 2081 et
1618 2050 1786 2092 quibusvis
1824 2050 1894 2082 aliis

1157 2101 1343 2143 apostolicis
1376 2112 1410 2134 ar
1444 2102 1476 2133 in
1504 2102 1739 2135 universalibus
1766 2103 1895 2145 provin-

1157 2153 1356 2196 cialibusque
1376 2159 1407 2186 et
1425 2154 1635 2196 synodalibus
1660 2156 1807 2188 conciliis
1835 2157 1895 2189 edi-

1157 2207 1206 2245 tis,
1234 2207 1440 2248 generalibus
1466 2208 1514 2239 vel
1541 2208 1754 2250 specialibus,
1781 2210 1898 2242 eonsti-

1158 2259 1334 2292 tutionibus
1379 2266 1409 2292 et
1450 2260 1731 2301 ordinationibus,
1769 2273 1895 2295 necnon

1158 2312 1283 2354 tegibus
1309 2313 1403 2345 etiam
1430 2313 1652 2356 imperialibus
1672 2320 1703 2347 et
1719 2315 1897 2358 municipa-

1157 2365 1251 2405 libus,
1272 2371 1334 2397 tam
1352 2365 1445 2398 Urbis
1471 2377 1566 2408 quarn
1585 2367 1719 2399 aliarum
1734 2368 1895 2400 civitatum

1157 2423 1189 2450 et
1212 2419 1380 2457 locorum,
1408 2418 1439 2450 in
1466 2418 1580 2461 quibus
1612 2419 1697 2452 cives
1730 2420 1896 2462 originarii

1157 2471 1253 2503 creati
1270 2470 1415 2510 existitis,
1432 2476 1461 2503 et
1477 2472 1659 2514 quarnmvis
1674 2474 1894 2512 ecelesiarum,

1156 2524 1450 2564 monasteriorum,
1483 2524 1638 2558 Ordinnm
1673 2531 1703 2558 et
1727 2526 1895 2569 hospitalis

1154 2579 1405 2621 pt·.·1edietornni‚
1433 2588 1560 2610 necnon
1585 2579 1773 2621 quorumvis
1798 2579 1889 2625 colle?

1796 190 1860 223 669
1907 199 1955 226 An.
1978 198 2092 226 01008
