2247 3208
195 234 234 261 An
264 232 379 261 (11661,
424 222 488 256 ⁶292

389 280 532 314 archivio
558 278 704 310 Romano
730 272 916 316 descriptis,
938 277 971 305 et
994 274 1057 304 una
1084 282 1121 304 ex

387 334 491 366 tribus
511 331 653 364 clavibus
675 334 823 361 servetur
847 336 950 370 penes
975 326 1121 369 priorem

387 390 566 418 conventus
591 393 651 425 pro
679 386 848 423 tempore,
876 384 908 412 et
932 379 1013 412 aliae
1039 378 1119 411 duae

385 448 487 482 penes
514 436 666 479 syndicos
692 434 840 466 eiusdem
866 437 1062 471 conventus,
1089 435 1121 463 et

386 491 466 523 aliae
493 489 607 532 copiae
633 487 784 520 similiter
801 485 1009 518 authenticae
1027 494 1121 527 prae-

385 543 543 575 dictarum
624 540 713 573 nium
739 539 973 582 scripturarum
999 538 1030 569 in
1056 537 1119 569 alio

384 595 508 639 pariter
533 552 676 626 zai-giivio
701 590 970 634 Congregationis
989 600 1121 622 conser-

384 652 502 680 ventur
536 645 732 687 assignando
764 645 797 676 in
830 648 991 676 conventu
1016 642 1046 674 S.
1074 641 1121 674 Ia-

384 699 457 732 cobi
482 699 513 731 in
538 698 718 740 Carignano
745 696 886 737 Genuae,
912 706 982 728 cum
1004 694 1121 726 iisdem

383 763 520 796 prorsus
547 750 790 784 conditionibus
817 759 915 792 supra
932 748 1117 790 assignatis,

384 805 535 848 expensis
561 804 718 836 interesse
745 802 953 841 habentium3
981 800 1121 833 retinea-

384 864 436 891 tur
461 863 568 890 tamen
602 857 635 888 in
666 855 808 888 archivio
845 854 1022 887 cuiuslibet
1046 863 1121 886 con-

383 915 498 943 ventus
518 910 612 952 copia
633 909 756 951 pariter
771 907 960 939 authentica
977 906 1121 939 omnium

384 963 677 995 instrumentorum
693 966 725 993 et.
740 961 977 1002 scripturarum
991 959 1028 991 ad
1044 967 1121 990 eun-

385 1015 458 1047 dem
483 1018 680 1047 conventum
707 1011 936 1055 spectantium.

427 1066 570 1105 Quorum
597 1065 741 1098 omnium
767 1063 913 1096 executio
939 1062 1050 1095 stricte
1076 1061 1122 1093 in-

384 1119 527 1162 iungitur
551 1118 633 1162 patri
659 1117 779 1150 vicario
805 1115 965 1159 generali,
987 1120 1022 1147 ut
1054 1125 1122 1147 om-

384 1173 461 1204 nino
486 1171 569 1203 infra
594 1181 712 1204 annum
737 1174 828 1202 curet
853 1169 984 1202 illorum
1008 1167 1122 1210 imple-

384 1229 536 1264 mentum,
558 1229 589 1257 et
614 1229 722 1266 patres
749 1222 931 1255 visitatores
949 1221 988 1253 de
1011 1220 1122 1252 huius-

383 1276 471 1310 modi
507 1277 718 1319 implemento
744 1275 776 1307 in
801 1273 981 1306 visitatione
1008 1272 1120 1305 sedulo

384 1329 562 1372 inquirant,
582 1334 622 1369 et,
642 1328 696 1360 ubi
723 1338 804 1371 opus
831 1327 936 1366 suerity
955 1326 1122 1369 praedicta

385 1381 557 1425 adimpleri
583 1386 697 1413 curent
721 1386 751 1413 et
776 1380 910 1419 saciant,
936 1384 967 1411 et
990 1379 1022 1410 in
1047 1388 1122 1421 pro-

384 1435 469 1468 ximo
495 1435 634 1478 capitulo
659 1433 803 1476 generali
829 1437 977 1465 accurate
995 1436 1026 1463 et
1045 1430 1123 1463 fide-

385 1488 459 1521 liter
482 1488 635 1520 reserant.

428 1551 496 1574 xm.
516 1541 687 1573 Decretum
706 1540 763 1572 suit
778 1539 862 1583 quod
877 1550 913 1571 ex
932 1538 1019 1571 mille
1035 1536 1122 1580 quin-

385 1594 490 1637 gentis
523 1594 629 1636 duplis
666 1593 771 1626 aureis
807 1591 1036 1635 Hispaniarum
1068 1591 1122 1623 de-

384 1647 497 1690 positis
527 1645 657 1678 Taurini
691 1656 727 1677 ex
764 1649 909 1677 retractu
944 1648 1120 1677 conventus

384 1699 415 1732 S.
442 1699 565 1732 Nicolai
590 1700 628 1732 de
654 1699 739 1731 Broi'i
764 1697 879 1740 Brorgi
902 1696 1026 1729 Brixiae
1053 1695 1120 1738 (qui

386 1752 517 1795 quidem
543 1756 727 1784 contractus
745 1751 849 1783 locum
867 1750 986 1782 habeat
1002 1748 1041 1780 ad
1061 1748 1124 1780 sor-

385 1815 470 1837 mam
488 1809 519 1837 et
538 1804 773 1848 praescriptum
795 1804 975 1836 litterarum
996 1807 1122 1844 aposto-

385 1857 521 1890 licarum
535 1856 731 1890 sanctissimi
747 1855 870 1888 domini
886 1855 997 1893 nostri,
1014 1859 1045 1886 et
1058 1864 1121 1886 non

385 1911 476 1951 alias,
493 1911 598 1950 aliter,
623 1921 682 1943 nec
710 1910 772 1942 alio
790 1910 895 1948 modo,
919 1908 998 1951 etc.)
1025 1913 1122 1940 trans-

384 1964 552 1995 mittantur
572 1973 634 2005 quo
652 1961 755 1994 nunc¹
778 1962 910 1994 Romam
925 1961 977 1992 hic
995 1960 1121 2001 integre

385 2016 600 2059 persolvenda
614 2021 702 2047 scuta
716 2020 854 2057 quatuor
867 2013 956 2046 mille
972 2016 1122 2045 monetae

386 2079 538 2101 romanae
560 2069 599 2100 ad
625 2068 773 2100 ess'ectum
798 2065 992 2098 investiendi
1018 2065 1050 2097 in
1079 2065 1124 2096 lo-

387 2121 432 2153 cis
456 2120 615 2153 montium
649 2130 713 2152 non
745 2118 937 2151 vacabilium
962 2117 1122 2149 Romanae

388 2173 494 2205 curiae
521 2173 737 2212 cameraliuni,
763 2182 819 2204 seu
844 2170 1122 2208 comnmnitatum,

388 2227 505 2259 dictam
523 2226 680 2268 integram
699 2235 854 2257 summam
873 2228 1032 2257 scutorum
1050 2233 1123 2266 qua-

388 2283 461 2312 tuor
485 2279 610 2311 milium
635 2283 781 2310 monetae
807 2277 984 2315 Romanam
1004 2282 1035 2308 et
1052 2275 1126 2308 reli-

389 2343 464 2375 qua,
490 2342 571 2374 quae
597 2336 796 2374 supersunt,
832 2330 1060 2373 relinquantur
1085 2329 1124 2361 ad

389 2385 594 2417 commodum
620 2384 715 2415 unius
739 2385 786 2415 vel
813 2383 954 2425 plurium
980 2391 1122 2415 conven-

390 2443 480 2469 tuum
494 2436 637 2478 rcgiouis
652 2435 895 2468 Pcdemontium
910 2440 1038 2468 nostrae
1050 2433 1127 2465 Con·

390 2489 586 2533 gregationis
612 2489 699 2520 iuxta
718 2488 930 2520 intentionem
955 2488 1061 2519 datam
1079 2496 1128 2518 se-

426 2604 437 2630 1
453 2602 551 2630 Forsan
563 2610 618 2637 pro
631 2610 706 2628 nuuc
718 2601 822 2636 legend.
837 2608 883 2635 pro
895 2608 949 2634 quo
962 2599 1126 2633 nanctus).

960 223 1140 248 BULLARIUM
1165 222 1316 247 ROMANUM

1165 271 1334 303 renissimo
1360 269 1539 303 Sabaudiae
1562 270 1644 309 duci,
1665 270 1712 302 vel
1737 269 1823 301 illius
1840 266 1899 300 mi-

1164 323 1287 360 nistris,
1314 328 1346 355 et
1370 323 1554 355 huiusmodi
1579 322 1750 365 applicatio
1775 320 1829 353 tiat
1857 320 1896 353 ad

1164 376 1367 409 commodum
1391 376 1484 408 unius
1505 376 1554 407 vel
1579 375 1719 417 plurium
1738 374 1896 406 dictorum

1164 434 1389 468 conventuum,
1409 439 1482 460 cum
1506 438 1605 460 onere
1631 437 1784 458 summam
1805 436 1897 468 prae-

1164 482 1258 513 fatam
1283 480 1474 513 investiendi
1500 481 1532 512 in
1556 480 1651 512 bonis
1675 479 1843 511 stabilibus
1861 478 1898 510 li-

1162 533 1248 567 beris
1275 539 1306 566 et
1330 534 1465 572 securis,
1493 537 1524 565 et
1549 532 1634 575 quod
1663 531 1733 564 talis
1758 530 1898 573 applica-

1164 587 1207 619 tio
1233 582 1274 619 sit
1298 587 1433 618 remissa
1463 586 1500 618 ad
1534 584 1703 616 arbitrium
1729 583 1828 626 patris
1854 583 1897 615 vi-

1164 640 1241 673 carii
1267 639 1426 682 generalis
1451 637 1641 681 praesentis,
1667 641 1827 669 reservato
1843 636 1898 668 be-

1163 692 1327 735 neplacito
1348 691 1536 735 apostolico,
1555 695 1587 722 et
1603 700 1668 722 non
1687 689 1775 728 alias,
1790 689 1895 730 aliter,

1164 756 1224 778 nec
1248 745 1312 778 alio
1338 745 1446 777 modo.

1206 807 1268 830 xiv.
1295 797 1467 829 Decretum
1489 796 1547 828 suit
1568 795 1706 828 ulterius
1725 793 1811 837 qnod
1832 794 1897 826 sru-

1164 855 1243 889 ctus,
1262 849 1466 893 percipiendi
1482 859 1517 881 ex
1537 848 1628 882 dictis
1643 848 1740 880 scutis
1757 852 1897 890 quatuor

1164 902 1307 934 millibus
1331 907 1479 934 monetae
1504 911 1656 933 romanae
1686 899 1898 932 investiendis

1164 955 1195 987 in
1229 960 1274 987 tot
1306 955 1385 987 locis
1417 955 1576 987 montium
1608 964 1672 986 non
1705 953 1897 986 vacabilium

1165 1007 1386 1047 cameralium,
1413 1016 1469 1039 seu
1495 1005 1772 1045 communitatum,
1791 1016 1826 1037 ex
1848 1015 1898 1037 re-

1164 1063 1267 1091 tractu
1303 1057 1460 1100 praedicti
1497 1062 1673 1089 conventus
1709 1055 1739 1088 S.
1774 1055 1897 1088 Nicolai

1165 1111 1203 1144 de
1229 1111 1338 1151 Broi'i,
1365 1111 1404 1143 ad
1441 1110 1580 1142 savorem
1614 1114 1645 1141 et
1671 1108 1703 1140 in
1739 1108 1897 1141 creditum

1164 1163 1428 1206 Congregationis
1463 1167 1592 1195 nostrae
1625 1160 1832 1204 applicentur
1867 1165 1899 1194 et

1165 1217 1389 1259 expendantur
1425 1220 1548 1247 tantum
1584 1224 1644 1257 pro
1676 1213 1835 1255 urgentiis
1867 1218 1899 1245 et

1165 1269 1412 1301 necessitatibus
1446 1267 1709 1301 extraordinariis
1735 1267 1898 1309 praefatae

1165 1321 1430 1364 Congregationis
1449 1332 1466 1353 a
1484 1319 1666 1353 definitorio
1691 1318 1821 1362 capituli
1845 1330 1898 1361 ge-

1165 1373 1283 1406 neralis
1300 1373 1534 1415 cognoscendis
1552 1377 1584 1404 et
1600 1370 1820 1415 approbandis
1841 1381 1899 1414 per

1164 1432 1236 1460 vota
1266 1431 1391 1459 secreta
1420 1427 1524 1458 tribus
1559 1426 1673 1458 saltem
1698 1436 1734 1457 ex
1761 1429 1899 1467 quatuor

1165 1480 1310 1523 partibus
1335 1479 1626 1518 concurrentibus,
1659 1478 1703 1510 ita
1728 1482 1833 1510 tamen
1854 1482 1897 1515 ut,

1165 1533 1191 1565 si
1216 1543 1326 1565 omnes
1352 1533 1470 1564 fructus
1494 1530 1662 1574 praedicti,
1687 1531 1737 1562 vel
1762 1540 1835 1572 pars
1853 1529 1900 1572 ip-

1166 1596 1290 1626 sorum,
1323 1586 1355 1617 in
1381 1584 1563 1617 huiusmodi
1589 1583 1836 1616 necessitatibus
1868 1587 1900 1614 et

1164 1638 1335 1681 urgentiis,
1363 1640 1487 1671 servata
1509 1638 1609 1670 forma
1633 1636 1806 1680 praedicta,
1834 1646 1899 1668 non

1165 1692 1399 1734 expendantur,
1416 1689 1559 1723 investiri
1585 1690 1725 1722 debeant
1741 1688 1773 1721 in
1792 1692 1838 1720 tot
1854 1688 1901 1720 1ο-

1165 1744 1210 1776 cis
1230 1744 1387 1776 montium
1413 1743 1580 1783 similium,
1607 1747 1637 1774 et
1661 1742 1723 1774 hoc
1748 1741 1835 1774 idem
1857 1740 1901 1772 sa-

1164 1797 1313 1829 ciendum
1337 1796 1377 1828 sit
1402 1797 1441 1829 de
1466 1796 1625 1828 fructibus
1657 1793 1876 1838 percipiendis
1891 1819 1899 1832 ‚

1165 1856 1230 1882 tani
1257 1850 1295 1882 de
1322 1849 1401 1883 locis
1426 1848 1582 1881 montium
1606 1847 1709 1890 primo
1735 1845 1902 1889 acquiren-

1166 1903 1226 1943 dis,
1254 1913 1349 1946 quam
1375 1903 1413 1934 de
1438 1901 1507 1934 aliis
1525 1900 1672 1933 emendis
1690 1910 1725 1931 ex
1745 1898 1899 1931 fructibus

1166 1955 1344 1988 successive
1382 1953 1611 1997 percipiendis.
1650 1951 1734 1989 Quae
1772 1950 1901 1993 quidem

1166 2009 1235 2041 loca
1259 2007 1425 2045 montium,
1452 2017 1488 2038 ex
1515 2005 1681 2043 fructibus,
1705 2009 1740 2035 ut
1759 2003 1902 2046 praeser-

1166 2066 1226 2101 tur,
1246 2060 1382 2093 emenda
1396 2065 1425 2091 et
1442 2058 1698 2100 multiplicanda,
1714 2060 1902 2088 remaneant

1166 2114 1226 2145 sub
1251 2114 1353 2146 libera
1378 2111 1593 2155 dispositione
1614 2109 1770 2152 praedicti
1792 2107 1903 2141 defini-

1166 2166 1238 2199 torii
1264 2165 1393 2208 capituli
1420 2162 1583 2206 generalis
1609 2173 1668 2205 pro
1688 2167 1844 2204 tempore,
1863 2160 1902 2192 ad

1167 2218 1315 2251 effectum
1337 2223 1442 2250 tamen
1464 2216 1617 2258 erogandi
1637 2214 1820 2258 praedictos
1839 2213 1903 2245 fru—

1167 2278 1235 2305 ctus
1261 2271 1389 2304 nonnisi
1416 2271 1447 2302 in
1478 2269 1677 2312 gravioribus
1708 2266 1903 2299 necessitati—

1167 2326 1227 2357 bus
1254 2330 1286 2357 et
1310 2323 1538 2365 contingentiis
1564 2328 1693 2354 nostrae
1722 2320 1903 2361 Congrega-

1168 2378 1277 2417 tionis,
1290 2377 1391 2409 trihus
1412 2377 1526 2408 saltem
1547 2386 1584 2407 cx
1603 2380 1739 2417 quatuor
1755 2377 1902 2405 votorum

1168 2431 1316 2474 partibus
1335 2429 1613 2468 concurrcntibus,
1632 2437 1690 2470 per
1709 2431 1779 2458 vota
1798 2434 1903 2457 secre-

1169 2489 1209 2521 ta,
1228 2488 1392 2515 reservato
1414 2493 1473 2524 pro
1492 2479 1701 2513 subsistentia
1718 2476 1901 2521 praesentis

1171 2535 1369 2569 delinitionis
1404 2533 1610 2576 beneplacito
1647 2530 1840 2574 apostolico,
1872 2533 1904 2562 ct

1170 2599 1235 2621 non
1261 2587 1467 2627 aliits,alitcr,
1494 2597 1552 2618 nec
1579 2585 1640 2618 alio
1664 2584 1774 2617 modo.

1901 217 1951 244 An.
1972 219 2001 244 C.
2025 217 2090 244 ¹661
