2247 3208
237 215 287 242 nn.
301 215 332 242 C.
356 216 420 254 1607
470 208 533 241 486
1013 217 1193 242 BULLARIUM
1217 218 1370 243 Romnum
1932 219 1934 221 ’
1952 221 2002 249 An.
2023 222 2053 249 G.
2073 221 2138 250 1667

431 266 554 309 pariter
571 266 626 299 filii
646 265 862 309 praepositus,
883 264 1070 298 definitores
1087 265 1169 298 Con·
1211 276 1269 308 pro
1295 277 1327 298 se
1352 266 1431 309 ipsis
1445 272 1477 299 et
1491 268 1635 310 quolibet
1658 269 1803 312 ipsorum
1823 275 1854 302 et
1869 270 1947 303 alio-

431 318 631 360 gregationis
657 319 753 350 etiam
778 318 948 351 Doctrinae
967 317 1167 350 Christianae
1210 328 1280 350 rum
1307 324 1435 361 patrum
1462 325 1493 352 et
1520 320 1651 353 fratrum
1673 323 1890 364 praesentium
1915 327 1947 356 et

431 371 469 403 de
495 370 590 409 Urbe,
616 372 779 413 praefatas
797 371 876 403 duas
897 371 1167 413 congregationes
1210 371 1388 403 successive
1415 372 1593 405 futurorum
1618 373 1649 405 in
1672 375 1783 407 eadem
1808 374 1947 417 Congre-

428 424 515 455 inter
539 434 572 456 se
598 424 789 464 unirerunt,
814 424 1047 467 publicumque
1073 424 1168 457 desu-
1210 423 1348 464 gastone,
1370 423 1402 455 in
1428 424 1540 467 primis
1560 431 1592 457 et
1607 425 1774 467 signanter
1794 426 1944 461 nomine¹
1998 417 2002 422 ⁴

430 486 487 519 per
522 476 770 509 instrumentum
814 477 864 510 die
905 487 948 510 v11
985 477 1167 510 decembris
1186 485 1188 501 1
1209 475 1315 507 fratris
1335 475 1463 508 Ioannis
1487 476 1648 520 Baptistae
1678 477 1847 512 Passarelli
1864 506 1871 519 ,
1897 490 1947 513 re-

429 538 547 562 11116111(
572 539 630 572 per
647 534 717 561 acta
734 529 842 562 dilecti
862 529 918 562 filii
939 530 1067 562 Ioannis
1088 530 1168 573 Bap-
1208 528 1339 561 verendi
1365 529 1464 571 patris
1490 529 1611 562 domini
1636 530 1795 562 Francisci
1813 531 1942 573 Perille,

429 581 797 615 tistaeAsinariinotarii
814 582 931 625 publici
950 583 1164 623 celebrarunt,
1185 571 1188 631 1
1209 580 1316 612 fratris
1340 581 1498 614 Dominici
1524 581 1690 622 GermanO,
1719 583 1824 616 fratris
1846 585 1945 617 Anto-

429 635 552 667 tenoris
580 634 632 677 qui
658 635 813 678 sequitur,
839 635 1006 669 videlicet:

478 699 490 717 α
511 686 566 719 Die
582 697 604 720 11
622 688 741 720 mensis
765 688 833 720 iulii
849 698 995 728 1106111111,
1018 688 1162 731 Neapoli.

428 744 460 771 ct
483 740 615 782 proprie
640 740 672 772 in
698 740 903 783 infrascripta
927 741 1071 776 ecclesia,
1087 747 1162 779 ete,

428 791 460 824 in
493 792 594 825 nostri
630 793 814 836 praesentia
850 793 1038 826 constituti¹
1070 794 1166 826 infra-

428 844 540 888 scripti
566 846 737 878 reverendi
756 852 863 889 patres
882 852 912 878 et
933 846 1047 879 fratres
1071 857 1167 878 vene-

427 897 538 930 rabilis
552 897 820 940 Congregationis
834 898 1001 931 Doctrinae
1016 899 1166 931 (1111151111-
1184 927 1186 935 ,

429 960 488 982 nae
504 956 631 983 erectae
657 951 688 982 in
715 951 849 983 ecclesia
867 951 897 983 S.
917 951 1038 984 Nieolai
1060 962 1077 983 a
1095 952 1165 985 divo

429 1003 524 1036 Petro
542 1004 580 1036 de
598 1003 730 1046 regione
752 1004 910 1046 (Iapuana,
938 1003 1089 1037 videlicet
1116 1005 1165 1037 ad-
1184 1020 1186 1024 ¹

429 1055 558 1087 modum
578 1056 777 1088 reverendus
803 1056 952 1089 dominus
968 1056 1165 1098 Augustinus

427 1108 617 1148 Braneovid,
640 1108 790 1151 superior
815 1114 847 1141 et
870 1114 978 1142 rector
1002 1109 1163 1151 generalis

426 1162 526 1194 totius
544 1161 811 1204 Congregationis
837 1163 1032 1205 praedictae,
1052 1169 1114 1196 tam
1132 1164 1163 1196 in

426 1213 510 1246 dicta
535 1214 671 1246 ecclesia
692 1214 722 1246 S.
742 1214 863 1247 Nicolai
889 1215 1051 1258 Neapolis,
1069 1226 1163 1258 quam

426 1266 458 1298 in
485 1267 623 1299 ecclesia
647 1267 677 1300 S.
706 1268 821 1300 Mariae
847 1268 985 1310 Virginis
1013 1270 1164 1312 Assump-

427 1324 476 1352 tae
508 1320 546 1352 de
580 1320 685 1352 Monte
718 1320 865 1354 Carmelo
899 1327 1002 1353 terrae
1035 1322 1162 1354 Laureti

427 1372 583 1405 dioecesis
618 1372 892 1416 Caputaquensis,
932 1374 961 1406 S.
1000 1374 1186 1422 Michaelis:

426 1425 622 1467 Archangeli
639 1431 741 1459 terrae
757 1426 902 1459 Lauriani
920 1427 1065 1460 eiusdem
1080 1428 1163 1460 dioe-

426 1477 506 1509 cesis
519 1476 539 1517 ⁹,
566 1484 663 1520 prout
697 1479 790 1511 nobis
815 1485 965 1512 constare
1001 1480 1073 1512 tecit
1105 1491 1164 1523 per

425 1530 522 1562 sidem
555 1531 669 1563 saetam
702 1543 760 1574 per
792 1532 952 1564 notarium
988 1533 1162 1566 Antonium

426 1582 537 1627 Crispo
563 1584 601 1616 de
628 1584 759 1627 Neapoli
787 1585 818 1617 in
844 1596 937 1628 posse
970 1591 1079 1619 nostro
1106 1587 1163 1618 sis-

426 1640 559 1676 tentem,
576 1637 785 1670 etadmodum
802 1639 996 1671 reverendus
1012 1639 1162 1671 dominus

425 1687 572 1721 Nicolaus
598 1689 750 1730 Pei-sone,
779 1690 958 1724 ricercctor
975 1691 1012 1723 ad
1031 1702 1163 1734 presens

424 1741 457 1772 in
483 1741 618 1774 ecclesia
634 1743 837 1786 praescripta
854 1743 884 1775 S.
901 1743 1020 1777 Nicolai
1040 1744 1164 1788 Neapo-

424 1792 485 1833 lis,
512 1793 611 1826 frater
643 1794 777 1827 Ioannes
808 1795 1031 1838 Yignapiano,
1066 1798 1164 1830 frater

424 1846 567 1887 Angelus
584 1846 718 1887 Baiano,
738 1847 837 1880 frater
861 1849 1033 1882 Casimirus
1050 1850 1089 1883 de
1106 1851 1164 1883 Po-

424 1898 561 1938 lonia,et
573 1905 666 1942 pater
683 1898 817 1933 Sanctus
831 1894 927 1935 Falvo
942 1903 1164 1946 capitulariter

424 1952 609 1993 congregati
636 1958 668 1984 et
692 1953 862 1986 coadunati
887 1955 926 1988 ad
947 1966 1062 1988 sonum
1080 1967 1163 1988 cam-

423 2004 572 2046 panellae
587 2004 620 2036 in
638 2005 774 2048 quadani
788 2009 914 2039 camera
931 2011 1047 2050 magna
1060 2008 1162 2042 dictae

424 2057 583 2089 ecclesiae
609 2059 679 2090 loco
705 2069 816 2091 eorum
843 2060 1020 2103 capitulari,
1049 2060 1102 2093 ubi
1129 2073 1162 2094 se

426 2111 618 2152 congregari
646 2112 753 2144 solent
777 2123 836 2155 pro
862 2123 974 2145 eorum
995 2113 1031 2146 N.
1060 2114 1161 2148 dictae

423 2160 691 2204 Congregationis
726 2164 905 2206 faciendis,
943 2166 1095 2198 t'acicntes
1132 2172 1163 2199 et

424 2221 709 2256 repraesentantes
747 2216 902 2250 maiorem
936 2224 967 2250 et
998 2219 1159 2251 saniorem

422 2272 547 2309 partem
564 2270 816 2302 reverendorum
830 2276 955 2313 patrum
977 2277 1008 2303 et
1029 2273 1160 2305 fratrum

423 2319 526 2352 dictae
552 2321 828 2364 Congregationis,
845 2323 907 2356 imo
925 2330 1024 2357 totam
1044 2325 1159 2358 dictam

422 2371 723 2415 Congregationem,
751 2381 786 2407 ut
810 2376 971 2417 dixerunt,
994 2383 1070 2417 etc.‚
1090 2388 1160 2410 con-

421 2425 599 2458 sentientes
625 2427 711 2469 prius
737 2429 768 2459 in
795 2434 951 2469 nos‚etc.,
978 2436 1110 2472 agentes
1128 2436 1159 2462 et

422 2477 636 2512 inservientes
661 2481 699 2512 ad
726 2481 927 2525 infrascripta
949 2484 1066 2521 omnia,
1085 2491 1158 2524 etc„

458 2550 467 2574 ¹
492 2548 640 2583 praeposit.
662 2551 692 2576 in
714 2551 836 2578 delemus
856 2557 892 2581 (a.
910 2555 958 2585 T.).

455 2593 471 2619 ⁹2
490 2592 564 2619 Intra
584 2593 681 2629 legitur
701 2594 832 2622 dioecesis
852 2596 983 2623 Nolanae
1004 2598 1040 2633 (n.
1058 2599 1107 2633 T.).

1209 632 1252 664 nii
1278 633 1457 676 Stoppiello
1482 634 1627 666 'eiusdem
1653 634 1941 677 congregationis,

1208 696 1267 729 pro
1293 687 1426 730 quibus,
1453 692 1526 727 etc,
1552 688 1774 729 promiserunt
1798 689 1837 721 de
1862 694 1942 729 rato,

1186 745 1279 779 ›ete.,
1307 740 1359 782 qui
1391 745 1506 783 sponte
1539 745 1687 773 asserunt
1711 751 1821 774 ceram
1851 741 1945 774 nobis

1208 792 1348 835 qualiter
1371 792 1404 825 in
1429 799 1514 825 anno
1539 802 1657 826 nnetix
1675 793 1725 826 die
1751 804 1795 826 vn
1821 794 1946 826 decem-

1207 843 1274 876 bris
1299 845 1503 887 pontisscatus
1527 844 1720 877 sanctissimi
1739 845 1861 878 domini
1886 856 1945 879 no-

1207 896 1264 928 stri
1291 897 1411 929 domini
1435 898 1606 930 Alexandri
1634 898 1737 941 Papae
1763 898 1812 931 Vll
1844 899 1943 932 ruisse

1207 950 1320 981 factam
1347 951 1502 982 unionem
1527 957 1560 983 et
1582 951 1877 993 incorporationem
1896 962 1944 984 su-

1207 1002 1370 1044 pradictae
1389 1002 1656 1045 Congregationis
1670 1003 1841 1036 Doctrinae
1855 1004 1945 1037 Chri-

1207 1055 1341 1095 stianae,
1367 1061 1431 1088 tam
1456 1055 1558 1089 dictae
1584 1056 1737 1089 ecclesiae
1763 1056 1793 1089 S.
1820 1057 1943 1090 Nieolai

1205 1107 1373 1150 Neapolis,
1401 1119 1495 1151 quani
1526 1109 1763 1151 praedictarum
1796 1111 1945 1143 ecelesia-

1207 1171 1278 1193 rum
1302 1160 1333 1193 S.
1361 1161 1477 1193 Mariae
1502 1162 1702 1204 Assumptae‚
1724 1161 1754 1194 S.
1776 1162 1943 1195 Michaelis

1206 1214 1402 1256 Archangeli
1427 1219 1459 1245 et
1484 1213 1536 1246 SS.
1556 1213 1737 1255 Salvatoris,
1759 1225 1829 1247 cum
1847 1225 1944 1248 vene-

1206 1266 1299 1298 rabili
1325 1266 1582 1309 Congregatione
1600 1267 1768 1300 Doctrinae
1793 1267 1945 1301 Christia-

1205 1329 1264 1351 nae
1282 1324 1314 1351 et
1338 1319 1424 1352 illins
1442 1320 1638 1363 presbyteris
1659 1320 1853 1363 degentibus
1878 1326 1942 1353 tam

1205 1372 1237 1404 in
1262 1373 1399 1404 ecclesia
1423 1372 1453 1404 S.
1482 1373 1626 1415 Agatliae
1651 1373 1744 1406 Urbis
1771 1374 1889 1407 Romae
1910 1374 1943 1406 in

1204 1425 1338 1467 regione
1364 1425 1611 1468 Transtyberim,
1635 1437 1728 1468 quam
1746 1426 1778 1458 in
1804 1426 1875 1459 aliis
1893 1436 1944 1459 ec—

1183 1464 1310 1510 Ι6165115
1338 1478 1474 1510 aliorum
1500 1479 1644 1510 locorum
1670 1478 1854 1521 provinciae
1880 1479 1944 1511 Ro-

1204 1541 1415 1571 manae,cum
1441 1531 1606 1563 nonnullis
1632 1531 1781 1574 capitulis
1813 1531 1943 1564 insertis

1204 1583 1236 1615 in
1263 1583 1470 1626 infrascripto
1502 1584 1715 1616 instrumento
1747 1584 1827 1616 inito
1857 1584 1944 1617 inter

1205 1638 1375 1670 admodum
1400 1638 1613 1670 reverendum
1644 1637 1864 1680 praepositum
1891 1647 1943 1680 ge-

1205 1692 1348 1723 neralem
1373 1690 1638 1733 Congregationis
1662 1690 1830 1723 Doctrinae
1857 1690 1943 1723 Chri-

1205 1742 1327 1776 stianae
1353 1744 1385 1775 in
1411 1743 1548 1776 ecclesia
1568 1743 1598 1776 S.
1625 1744 1767 1785 Agathae
1793 1744 1831 1776 de
1857 1743 1941 1776 Urbe

1206 1801 1238 1827 et
1258 1797 1432 1829 nonnullos
1446 1796 1526 1829 alios
1547 1797 1744 1829 reverendos
1769 1802 1879 1839 patres
1904 1806 1941 1828 ex

1205 1851 1269 1881 una
1292 1855 1390 1892 parte,
1406 1855 1437 1882 et
1456 1851 1629 1883 admodum
1649 1851 1862 1883 reverendum
1888 1850 1939 1883 do-

1205 1902 1327 1935 minum
1352 1903 1527 1935 Antonium
1552 1903 1746 1946 Montaquila
1765 1903 1803 1935 de
1828 1902 1941 1935 Svessa

1181 1965 1184 1988 1
1205 1955 1237 1987 111
1263 1966 1364 1997 regno
1389 1955 1537 1998 Neapolis
1563 1956 1766 1989 sacerdotem
1791 1960 1822 1989 et
1846 1965 1943 1988 cano-

1182 1990 1186 2026 1
1205 2008 1311 2040 111611111
1336 2008 1592 2051 Neapolitanum,
1610 2014 1856 2052 procuratorem
1871 2018 1942 2051 spe-

1178 2035 1185 2385 }
1205 2062 1329 2094 cialiter
1353 2062 1560 2094 constitutum
1580 2073 1638 2106 per
1657 2062 1868 2095 reverendum
1886 2062 1942 2094 do-

1204 2115 1326 2146 minum
1339 2115 1541 2147 Leonardum
1554 2115 1652 2147 Sacco
1675 2121 1832 2147 rectorem
1848 2123 1941 2157 gene-

1204 2167 1304 2198 ralem
1326 2172 1455 2210 patrum
1481 2166 1748 2209 Congregationis
1765 2166 1939 2199 Doctrinae

1203 2220 1401 2253 Christianae
1426 2220 1458 2252 in
1484 2221 1627 2253 ecclesiis
1648 2219 1820 2263 praedictis
1839 2220 1878 2252 de
1895 2229 1941 2252 re-

1203 2268 1267 2316 gno
1291 2273 1451 2316 Neapolis,
1465 2283 1501 2305 ex
1527 2274 1628 2305 altera
1652 2278 1749 2316 parte,
1776 2271 1940 2305 mediante

1202 2327 1418 2359 instrumento
1436 2332 1549 2369 rogato
1565 2326 1651 2359 dicto
1670 2326 1721 2359 die
1745 2336 1790 2358 vn
1817 2325 1941 2358 decem-

1201 2379 1268 2412 bris
1292 2389 1421 2418 MDctix,
1448 2390 1543 2411 manu
1570 2379 1690 2412 domini
1716 2378 1844 2411 Ioannis
1863 2377 1941 2420 Bap-

1201 2432 1296 2464 tistae
1321 2431 1472 2472 Asinarii,
1499 2431 1645 2472 Romani,
1664 2431 1785 2475 publici
1811 2435 1940 2475 aposto-

1201 2484 1261 2517 lica
1287 2485 1474 2516 auctoritate
1507 2484 1621 2516 notarii
1653 2485 1684 2516 in
1710 2484 1852 2517 archivio
1876 2483 1941 2517 Ro-

1175 2539 1179 2625 i
1237 2599 1248 2625 1
1272 2598 1341 2625 Edit.
1359 2598 1435 2625 Main.
1454 2598 1517 2634 legit
1539 2599 1658 2626 nomina
1677 2598 1714 2633 (rt.
1736 2598 1784 2634 Τ.).

2245 2682 2247 2707 -ᾈ
2240 2638 2247 2675 ;.-
2243 2603 2247 2625 ,.
2239 2235 2247 2591 ψ(ᾼ,-.ῃ-;.,,ᾼᾼ<.ᾸΛ-.ᾼ.
