2247 3208
210 217 260 244 nn.
277 215 305 243 e.
328 215 395 243 1668
441 207 528 241 6026*

243 1755 353 1775 Decretum
365 1759 401 1774 sa-

216 1788 264 1801 crae
285 1787 401 1807 congrega·

405 316 514 359 gnavit
539 316 710 357 quemdam
742 324 911 346 numerum
937 313 1142 356 praefinitum

405 367 664 402 conventualium
683 367 720 399 ad
742 367 805 398 hoc
821 371 857 398 ut
882 365 1069 398 huiusmodi
1088 365 1145 398 do-

404 431 486 460 mus,
511 421 559 453 vel
580 419 707 463 priores
724 418 821 459 eius¹‚
843 418 1023 461 gauderent
1048 417 1146 462 privi-

406 473 501 516 legiis
526 483 562 505 ac
588 471 712 504 iuribus
738 471 910 513 prioratus,
931 476 962 502 et
983 471 1015 502 in
1035 481 1144 503 conse·

406 535 509 569 quens
534 530 670 568 possent
687 521 875 565 suffragium
897 523 982 555 serre
1008 522 1041 555 in
1059 523 1145 565 capi-

406 579 494 611 tulis.
514 578 643 617 Verum,
665 577 739 621 quia
757 576 958 620 praedictum
977 576 1144 609 decretum

405 631 497 665 valde
523 622 724 674 praeiudicat
749 629 810 662 iuri
836 629 996 672 acquisito
1023 634 1053 662 et
1070 639 1145 672 pos-

406 684 545 717 sessioni
571 683 741 726 ipsiusmet
758 682 956 726 provinciae,
971 682 1144 725 praecipue

407 738 491 782 quia,
526 738 567 770 ob
593 737 754 770 desectum
781 741 812 769 et
838 736 1047 768 omissionem
1072 745 1146 778 pro-

406 790 551 824 vincialis
577 789 759 822 immediate
785 787 961 832 praeteriti,
988 798 1055 821 non
1080 788 1146 820 sue-

406 849 483 877 runt
506 842 659 885 assignati
692 841 879 874 huiusmodi
914 841 1145 874 conventuales

407 897 440 930 in
465 896 640 940 praedictis
658 895 806 929 domibus
832 895 871 928 ad
896 895 1030 927 sormam
1055 904 1146 937 prae-

408 949 484 983 dicti
511 949 650 987 decreti;
678 947 752 980 ideo
778 952 887 980 orator
911 946 1043 979 nomine
1069 956 1145 978 suae

407 1002 597 1047 provinciae
624 1001 785 1044 supplicat
810 1000 974 1033 humiliter
998 999 1057 1032 EE.
1085 998 1144 1031 W.

408 1061 444 1087 ut
469 1055 643 1097 dignentur
668 1053 871 1087 committere
897 1052 977 1095 patri
1004 1051 1146 1094 generali

408 1107 537 1141 Ordinis
575 1113 608 1139 ut
642 1107 791 1140 restituat
824 1106 923 1138 dictas
960 1105 1074 1138 domus
1109 1104 1147 1137 ad

408 1161 538 1193 titulum
566 1160 747 1203 prioratus,
773 1159 854 1191 itaut
884 1169 994 1191 earum
1019 1158 1146 1201 priores

408 1215 441 1247 in
467 1215 608 1246 saturum
633 1213 813 1256 gaudeant,
842 1211 923 1245 sicut
950 1217 1047 1251 ‘antea
1073 1221 1148 1253 gau-

409 1268 543 1307 debant,
571 1266 720 1300 omnibus
747 1266 889 1306 iuribus,
916 1264 1148 1309 praerogativis

410 1327 442 1355 et
456 1321 716 1363 exemptionibus
731 1319 901 1363 prioratus,
918 1318 1147 1361 praecipiendo

410 1375 505 1408 simul
527 1374 675 1407 omnibus
694 1372 948 1416 provincialibus
966 1372 1052 1414 quod
1076 1381 1149 1415 per-

410 1428 515 1472 petuis
540 1427 654 1459 suturis
680 1426 877 1469 temporibus
903 1425 1068 1468 assignent
1092 1435 1149 1456 nu-

410 1491 535 1514 merum
558 1479 820 1513 conventualium
840 1479 872 1510 in
890 1478 981 1511 dictis
1000 1477 1148 1511 domibus

410 1534 498 1567 iuxta
523 1534 690 1566 decretum
721 1532 824 1575 patris
857 1530 1010 1570 Lucl‘iini3
1046 1535 1080 1562 ut
1104 1530 1149 1562 sic

411 1587 551 1630 operarii
577 1586 609 1618 in
634 1585 726 1618 vinea
751 1584 877 1617 Domini
899 1583 1076 1627 praemium
1100 1594 1150 1615 re-

411 1644 544 1684 portent
569 1650 627 1683 pro
654 1649 765 1672 eorum
790 1637 966 1671 laboribus.
986 1636 1066 1675 Quas
1091 1636 1150 1668 De-

412 1705 459 1735 us,
483 1700 543 1727 etc,
564 1706 594 1725 γ).

456 1747 510 1780 Cui
545 1758 561 1779 a
597 1747 689 1778 sacra
713 1745 963 1788 congregatione
994 1744 1149 1788 praefata,

412 1800 563 1845 precibus
589 1798 724 1832 oratoris
748 1798 933 1831 humaniter
965 1803 1148 1838 annuente,

413 1853 574 1887 emanavit
598 1863 736 1896 sequens
762 1852 929 1885 decretum
946 1877 953 1891 ,
984 1850 1150 1884 videlicet:

419 1906 545 1939 «Sacra
577 1905 786 1948 congregatio
822 1903 1151 1938 eminentissimorum

414 1965 544 1993 sanctae
571 1959 733 1990 Romanae
754 1957 914 1991 Ecclesiae
941 1957 1152 1990 cardinalium

414 2013 554 2056 negotiis
572 2018 603 2045 ct
620 2011 908 2045 consultationibus
923 2011 1151 2054 episcoporum

414 2072 445 2100 et
463 2066 660 2109 regularium
688 2065 880 2108 praeposita,
902 2064 1030 2097 attentis
1048 2075 1152 2097 narra-

412 2120 461 2159 tis,
489 2119 613 2152 censuit
638 2118 912 2159 committendum,
942 2123 1039 2162 prout
1063 2128 1154 2161 prae-

413 2173 495 2206 senti
522 2174 651 2206 decreto
677 2171 860 2212 committit,
880 2171 981 2214 priori
1007 2170 1152 2214 generali

413 2226 541 2259 Ordinis
576 2225 761 2258 huiusmodi
795 2230 825 2257 ut
860 2235 957 2267 super
981 2223 1152 2267 expositis,

413 2279 534 2310 utendo
561 2278 625 2311 suis
652 2278 719 2310 iure
739 2283 769 2311 et
787 2277 1002 2318 facultatibus,
1022 2277 1154 2309 mandet

413 2330 570 2374 praefatis
596 2331 744 2363 domibus
770 2341 825 2363 seu
852 2329 1051 2373 prioratibus
1078 2329 1154 2361 assi-

415 2384 509 2426 gnari
536 2395 704 2417 numerum
726 2385 858 2417 fratrum
883 2383 921 2416 ab
945 2383 1021 2416 olim
1042 2383 1153 2426 priore

415 2437 560 2480 generali
588 2437 732 2470 Lurhino
750 2436 929 2480 praefixum
947 2437 985 2470 ad
1007 2435 1160 2469 effectum

414 2494 450 2523 ut
473 2490 600 2534 priores
625 2490 768 2533 ipsarum
795 2491 965 2524 domorum
984 2501 1040 2523 seu
1066 2490 1154 2534 prio-

415 2548 503 2576 ratus
530 2542 715 2585 suffragium
749 2543 780 2575 in
814 2543 961 2587 capitulis
986 2543 1069 2576 serre
1101 2553 1154 2575 va-

454 2607 462 2632 1
490 2606 580 2640 Aptius
601 2605 658 2640 lege
680 2613 780 2633 earum
800 2607 839 2639 (It⁴
857 2605 904 2639 12).

988 215 1169 239 mittamini
1191 215 1343 241 Romamn

405 265 454 298 sui
481 264 685 306 periculatus
702 289 709 301 ,
736 261 769 294 in
802 271 865 304 quo
899 260 1028 294 decreto
1065 261 1167 293 assi-¹

1188 263 1297 301 leant,
1324 263 1407 296 sicut
1431 264 1530 298 ceteri
1559 264 1698 308 priores.
1730 264 1872 305 Romae,
1898 274 1921 298 11

1188 315 1367 348 decembris
1392 325 1557 349 iioctxvu.

1319 368 1358 401 M.
1386 369 1558 402 cardinalis
1584 369 1754 404 an’mrrs.

1407 421 1442 454 E.
1463 422 1562 465 episc,
1582 422 1784 456 Camerinen.
1801 434 1881 457 secr.
1901 435 1914 455 io

1231 473 1305 507 Ideo
1330 484 1397 514 nos,
1424 474 1614 507 auctoritate
1638 475 1731 508 nobis
1750 476 1863 508 tradita
1886 481 1922 508 ut

1188 584 1304 612 tenore
1338 579 1557 622 praesentium
1594 579 1800 613 decernimus
1831 591 1923 624 prae-

1187 636 1383 664 memoratos
1408 631 1440 664 in
1467 631 1603 674 supplici
1629 632 1740 665 libello
1761 631 1922 676 prioratus

1187 683 1358 724 Indorum,
1386 684 1451 716 sive
1484 684 1615 717 nomine
1648 691 1824 718 conventus
1856 685 1921 719 sive

1189 737 1303 769 domus
1328 742 1360 769 et
1384 736 1549 770 doctrinae
1575 737 1705 769 nomine
1738 737 1924 771 indicentur

1189 790 1274 829 loca,
1307 789 1360 821 ubi
1386 789 1487 822 nostri
1521 789 1758 823 doctrinatores
1782 800 1924 823 commo-

1188 847 1300 875 rantur
1321 847 1352 875 et
1377 842 1508 885 degunt,
1535 843 1573 875 ad
1594 842 1768 886 pristinum
1784 843 1925 886 rigorem

1188 896 1399 935 restituenda·
1425 896 1640 939 praecipimus
1660 901 1704 937 ut,
1723 897 1810 929 nulla
1830 896 1926 929 inter·

1189 948 1296 991 posita
1328 951 1437 986 mora,
1469 948 1686 981 restituantur.
1715 949 1866 982 Yolentes
1891 954 1926 981 ut

1190 1001 1430 1044 praedictorum
1456 1002 1656 1044 prioratuum
1677 1002 1742 1034 sive
1769 1002 1926 1044 praefata-

1190 1064 1259 1086 rum
1284 1054 1454 1086 domorum
1469 1059 1499 1086 et
1517 1053 1736 1086 doctrinarum
1751 1054 1926 1097 praepositi

1190 1111 1347 1139 vocentur
1373 1107 1510 1150 priores,
1524 1112 1556 1139 et
1579 1106 1611 1139 in
1637 1106 1786 1150 capitulis
1799 1107 1926 1150 provin-

1190 1159 1324 1192 cialibus
1349 1165 1480 1192 nostrae
1513 1159 1694 1202 provinciae
1729 1159 1925 1193 Peruntinae

1190 1223 1299 1246 vocem
1325 1213 1466 1245 habeant
1483 1212 1618 1245 actIvam
1640 1223 1796 1256 suumque
1816 1212 1927 1245 suss'ra-

1191 1266 1277 1308 gium
1309 1265 1424 1298 serant.
1460 1265 1644 1298 Mandantes
1677 1265 1810 1308 insuper
1841 1275 1927 1299 reve-

1191 1319 1293 1351 rendo
1310 1318 1391 1361 patri
1414 1317 1612 1360 provinciali,
1634 1323 1688 1350 aut
1711 1318 1836 1362 privato
1861 1318 1928 1351 cui-

1192 1371 1279 1412 libet,
1307 1371 1408 1404 exiis
1441 1371 1590 1403 domitus
1623 1381 1677 1403 seu
1711 1371 1864 1404 doctrinis
1897 1377 1929 1404 et

1192 1425 1389 1468 prioratibus
1423 1431 1487 1457 tres
1522 1430 1649 1467 praeter
1673 1424 1817 1467 priorem
1851 1424 1929 1457 assi-

1193 1483 1292 1520 gnent
1305 1478 1544 1518 conventuales,
1562 1477 1617 1520 qui
1634 1476 1735 1520 priori
1750 1477 1929 1510 subdantur

1192 1532 1279 1564 iuxta
1295 1531 1461 1564 decretvm
1478 1531 1497 1563 ἒ
1514 1532 1528 1574 ἕ,
1547 1531 1584 1563 de
1602 1531 1689 1563 bono
1704 1531 1860 1573 regimine
1878 1541 1929 1563 re-

1194 1584 1419 1618 verendissimi
1436 1583 1700 1628 praedecessoris
1719 1584 1822 1616 nostri
1839 1584 1928 1617 Pauli

1193 1637 1269 1670 olim
1295 1637 1455 1680 generalis
1484 1636 1643 1676 Luchini,
1678 1636 1731 1679 qui
1763 1638 1827 1668 una
1858 1647 1930 1669 cum

1193 1690 1301 1733 priore
1327 1690 1447 1722 ibidem
1471 1689 1504 1721 in
1530 1689 1642 1722 eadem
1660 1689 1756 1721 domo
1774 1699 1829 1722 seu
1846 1689 1941 1732 prio-h

1193 1749 1263 1775 ratu
1288 1748 1343 1776 aut
1366 1742 1398 1774 in
1424 1743 1537 1775 eodem
1560 1742 1724 1775 territorio
1751 1742 1791 1784 (si
1818 1742 1930 1775 domus

1195 1800 1249 1828 aut
1272 1795 1433 1838 prioratus
1464 1805 1530 1827 non
1562 1795 1705 1827 habeant
1736 1794 1930 1827 sufficientes

1194 1849 1344 1882 introitus
1371 1849 1409 1881 ad
1435 1858 1610 1891 congruam
1627 1849 1757 1882 illorum
1775 1852 1930 1881 sustenta-

1196 1902 1333 1944 tionem)
1360 1902 1465 1934 vivant
1490 1907 1521 1934 et
1551 1906 1804 1934 commorentur.
1839 1900 1930 1934 Cete-

1194 1965 1264 1987 rum
1283 1960 1407 1998 autem,
1433 1954 1458 1987 si
1475 1965 1542 1987 non
1559 1954 1591 1986 in
1612 1955 1726 1987 eadem
1748 1954 1855 1993 domo,
1873 1954 1930 1986 sed

1195 2007 1227 2040 in
1253 2009 1366 2041 eodem
1393 2007 1557 2040 territorio
1582 2007 1719 2051 sparsim
1736 2017 1791 2040 eos
1811 2008 1931 2049 degere

1195 2062 1379 2104 contingat,
1406 2062 1552 2094 volumus
1585 2066 1616 2093 et
1644 2059 1863 2104 praecipimus
1896 2064 1932 2091 ut

1196 2116 1228 2148 in
1253 2115 1413 2158 aliquibus
1439 2114 1552 2147 diebus
1577 2113 1664 2154 anni,
1684 2118 1737 2145 aut
1762 2112 1848 2145 sestis
1873 2113 1933 2145 sat-

1196 2174 1261 2202 tem
1295 2168 1565 2208 solemnioribus,
1603 2166 1723 2199 subditi
1760 2171 1932 2199 teneantur

1197 2223 1285 2255 adire
1311 2221 1533 2265 superiorem,
1560 2220 1603 2253 ita
1633 2224 1669 2252 ut
1694 2230 1806 2252 omnes
1838 2219 1930 2252 simul

1197 2275 1393 2309 conveniant
1429 2280 1460 2307 et
1490 2278 1730 2317 congregentur
1760 2272 1793 2305 in
1817 2282 1929 2305 unum.

1196 2327 1390 2361 Huiusmodi
1427 2332 1536 2360 autem
1570 2325 1875 2360 determinationem
1900 2330 1933 2357 et

1198 2381 1463 2416 distributionem
1488 2379 1750 2414 conventualium
1775 2389 1835 2422 pro
1868 2378 1932 2411 sin-

1198 2437 1270 2479 gula
1295 2435 1392 2468 domo
1418 2440 1472 2467 aut
1490 2434 1647 2478 prioratu,
1665 2443 1682 2465 a
1698 2437 1787 2475 patre
1807 2431 1932 2475 provin-

1197 2488 1268 2521 ciali
1294 2489 1344 2521 vcl
1370 2487 1556 2521 delinitorio
1572 2486 1695 2525 factam,
1715 2485 1859 2517 volumus
1873 2494 1934 2528 per

1197 2541 1395 2585 provinciam
1419 2542 1524 2584 palam
1548 2538 1616 2572 sieri
1643 2543 1674 2571 ct
1698 2537 1870 2581 publicari,
1898 2542 1934 2569 ut

1197 2595 1347 2629 omnibus
1363 2594 1554 2627 innotescat.
1567 2592 1650 2632 Quae
1666 2591 1796 2635 quidem
1811 2590 1932 2631 omnia,

1933 216 1982 242 An.
1995 216 2023 242 C.
2052 215 2113 243 mos

1979 485 2117 510 t‘rnznqnuur

1932 513 2039 532 decretum
2059 517 2114 535 prio.

1187 536 1285 569 supra
1310 527 1349 559 ab
1375 527 1489 560 eadem
1523 529 1615 559 sacra
1650 528 1959 570 cong1·egatione,u‹
1979 538 2093 564 gum-rats.
