2247 3208
242 256 292 284 An.
310 257 340 284 c.
364 256 429 283 1669
475 246 538 281 822

261 790 380 811 Exordium.

287 1847 406 1868 {celan-tio

221 1874 332 1895 Alexandri
350 1875 390 1895 Vll.

749 302 837 335 CXX.

433 374 586 408 Eoetensio
597 373 705 405 declm
707 373 839 410 aliems,
853 372 892 404 ab
902 371 927 404 Α
936 371 1073 404 [emundi
1075 383 1091 403 0
1104 370 1188 404 VII

473 584 594 624 diebus,
623 583 781 616 decorata.

650 663 782 690 Clemens
803 663 881 696 Papa
902 663 949 693 IX,

552 707 587 734 ad
607 712 783 740 perpetuam
802 707 847 733 rei
867 706 1048 732 memoriam.

473 777 548 810 Cum
576 776 677 810 felicis
712 776 947 810 recordationis
981 776 1164 808 Alexander

428 829 514 873 Papa
537 829 587 862 Vll
611 830 847 873 praedecessor
871 833 982 862 noster
1007 828 1104 861 dubia
1129 828 1161 860 in

428 882 561 915 diversis
585 881 696 914 mundi
727 882 873 925 partibus
906 881 1074 914 occasione
1107 881 1162 913 de-

427 935 506 968 creti
546 934 807 977 congregationis
844 939 919 966 tunc
954 933 1161 966 existentium

426 987 457 1020 S.
478 988 515 1020 R.
537 988 570 1020 E.
592 987 802 1020 cardinalium
820 986 920 1019 sacris
938 987 1051 1019 ritibus
1068 997 1161 1030 prae·
1181 1007 1183 1022 ς

425 1041 602 1084 positorum
635 1041 685 1074 die
716 1051 735 1073 v
761 1040 888 1083 augusti
911 1049 1042 1073 MDCLXH
1075 1050 1182 1084 ema-3

425 1094 500 1134 nati,
520 1100 550 1127 et
574 1095 613 1126 ab
639 1094 708 1137 ipso
731 1093 911 1126 Alexandro
929 1093 1159 1136 praedecesso—

423 1157 458 1180 re
492 1147 680 1191 approbati,
707 1147 745 1179 de
772 1157 837 1179 non
858 1145 1057 1179 celebrandis
1085 1145 1180 1178 1111ss

1178 1221 1180 1239 2
1201 1196 1231 1229 S.
1255 1197 1292 1230 R.
1312 1198 1346 1230 E.
1367 1198 1579 1231 cardinalium
1599 1199 1698 1232 sacris
1719 1200 1832 1234 ritibus
1850 1211 1937 1244 prae-

1178 1242 1392 1292 ¹positorum‚
1420 1250 1473 1294 qui
1498 1261 1565 1283 rem
1590 1257 1716 1285 mature
1752 1253 1936 1296 perpende-

424 1201 467 1233 sis
493 1200 721 1233 defunctorum
746 1199 778 1232 in
805 1199 892 1232 sestis
910 1199 989 1231 ritus
1008 1198 1154 1242 duplicis,

423 1258 534 1286 exorta
560 1253 709 1286 dirimere
734 1252 882 1295 cupiens,
904 1252 989 1285 aliud
1014 1252 1157 1285 eiusdem

422 1305 683 1348 congregationis
709 1305 871 1337 decretum
899 1304 932 1336 in
963 1307 1026 1337 una
1055 1304 1179 1342 Nova-2

421 1358 529 1398 riensi,
557 1358 608 1391 die
632 1368 694 1390 xxu
720 1357 903 1389 novembris
928 1367 1067 1390 MDCinv
1093 1357 1179 1400 edi-3

1177 1403 1178 1418 ³
1199 1408 1276 1440 titur
1300 1409 1418 1442 editam
1437 1410 1475 1442 ad
1493 1409 1607 1443 altaria
1624 1416 1659 1443 ut
1672 1411 1854 1454 praefertur
1870 1422 1935 1445 non

421 1416 498 1452 tum,
524 1410 762 1454 approbaverit,
782 1420 845 1453 quo
867 1410 1064 1443 declaratum
1091 1410 1153 1443 sue-

419 1469 469 1496 rat
492 1462 712 1496 anniversaria
732 1468 762 1496 et
786 1463 900 1495 missas
927 1463 1155 1496 defunctorum

419 1522 514 1550 cantu
546 1527 583 1549 ex
616 1516 827 1559 dispositione
861 1520 1051 1548 testatorum
1076 1526 1155 1559 quo-

419 1570 525 1602 tannis
558 1573 745 1602 recurrente
781 1568 928 1611 ipsorum
965 1569 1071 1601 obitus
1103 1569 1176 1615 die¹

419 1622 650 1662 celebrandas,
678 1620 803 1653 tametsi
823 1621 891 1653 dies
910 1621 1016 1653 obitus
1044 1621 1154 1653 huius-
1175 1658 1177 1668 k

417 1675 506 1708 modi
530 1675 563 1707 in
590 1675 704 1707 festum
721 1674 802 1706 ritus
821 1674 943 1717 duplici
964 1674 1094 1707 maioris
1111 1675 1153 1706 in-

417 1729 549 1770 cideret,
568 1739 632 1761 non
658 1727 892 1770 comprehendi
911 1727 942 1759 in
961 1727 1152 1770 primodicto

418 1782 567 1821 decreto·,

461 1836 475 1877 ξ
500 1835 531 1867 l.
559 1835 602 1866 Ac
625 1834 761 1866 ulterius
788 1833 893 1876 quoad
920 1833 1033 1865 altaria
1057 1833 1152 1876 privi-

416 1887 502 1929 legio
528 1887 707 1930 apostolico
725 1897 784 1929 pro
809 1886 977 1918 animabus
1004 1885 1151 1918 fidelium

416 1940 645 1972 defunctorum
666 1939 699 1971 in
719 1944 915 1982 perpetuum
941 1939 1101 1978 decorata,
1123 1943 1154 1970 et

414 1993 446 2025 in
473 1993 589 2036 quibus
615 1992 752 2036 proinde
770 1992 913 2035 quotidie
938 1991 1032 2024 eliam
1058 1991 1090 2023 in
1108 1991 1153 2023 se-

414 2046 469 2079 stis
504 2046 583 2078 ritus
620 2042 765 2089 duplicis
794 2044 1009 2077 celebrandae
1046 2050 1154 2077 essent

413 2098 529 2131 missae
556 2098 780 2131 defunctorum
805 2108 842 2130 ex
868 2098 1079 2140 obligatione,
1101 2097 1153 2129 de-

414 2151 583 2184 claraverit
613 2161 673 2194 per
701 2151 953 2183 celebrationem
983 2150 1151 2182 missarum

415 2203 454 2236 de
469 2204 550 2236 sesto
565 2203 707 2236 currenti
729 2203 879 2236 satisfieri
903 2203 1056 2235 iniunctis
1076 2203 1151 2235 obli-

415 2256 608 2299 gationibus,
628 2262 659 2289 et
675 2256 893 2299 indulgentias
914 2266 971 2299 per
992 2255 1150 2288 eiusmodi

413 2311 584 2353 privilegia
601 2310 780 2353 apostolica
798 2320 967 2343 concessas
984 2309 1150 2342 animabus

413 2363 556 2397 fidelium
583 2365 812 2397 defunctorum
830 2364 862 2396 in
877 2363 1067 2406 Purgatorio
1087 2363 1151 2396 cxi-

413 2418 571 2451 stentibus
598 2418 763 2460 suffragari
789 2419 923 2461 perinde
946 2429 982 2450 ac
1013 2418 1040 2450 si
1069 2418 1150 2450 cele-

412 2471 524 2503 bratae
551 2471 687 2504 fuissent
710 2471 826 2504 missae
860 2471 1084 2504 defunctorum
1111 2470 1148 2503 ad

412 2523 548 2556 sormam
562 2524 718 2556 dictorum
737 2524 994 2567 privilegiorum,
1011 2529 1042 2557 et
1059 2524 1147 2563 alias,

412 2583 512 2621 prout
535 2578 567 2609 in
593 2577 738 2610 eiusdem
764 2577 935 2610 Alexandri
962 2577 1148 2620 praedeces-

413 2631 495 2663 soris
527 2630 642 2663 litteris
680 2630 819 2673 desuper
851 2630 882 2661 in
915 2629 1008 2662 simili
1047 2630 1147 2662 forma

1013 253 1193 277 BULLARIUM
1217 253 1368 277 ROMANUM

1187 300 1316 333 Brevis
1342 300 1393 333 die
1416 309 1479 334 xxn
1505 300 1641 334 ianuarii
1670 311 1822 336 iiucrxm
1847 313 1944 346 expc-

1186 335 1188 379 i
1209 352 1294 393 ditis,
1313 364 1446 397 qualum
1474 359 1617 388 tenorem
1642 346 1865 399 praesentibus
1883 368 1943 401 pro

477 437 563 459 circa
588 426 710 459 altaria
734 425 947 468 privzsslffqmla
965 428 1119 467 perpetua
1137 435 1167 456 c·
1186 411 1188 463 ff
1209 407 1303 448 ΡῙΡΠΕ
1329 413 1361 440 et
1385 407 1586 442 SUffifflssfflffl'
1606 419 1756 451 exp¹03³0
1774 415 1806 443 CL
1821 410 1943 444 ’ΠΨ-’ΝΟ

475 479 573 518 diffie]
602 478 643 510 ad
668 479 789 510 altaria
813 477 971 509 eiusmodi
995 477 1166 519 prim-[9950
1210 459 1321 492 haberi
1345 460 1500 500 volumus
1521 461 1653 494 uberius
1680 462 1883 503 continetu1;

476 536 687 574 temporaneo,
707 541 760 563 mc
780 531 928 563 ommibus
950 529 1166 562 hebdomadae
1186 538 1187 563 ἐ

1252 512 1266 554 ,ξ
1292 511 1322 544 9.
1346 512 1489 556 Cumque
1515 513 1613 555 (sicut
1637 515 1675 547 ad
1702 525 1795 547 aures
1816 521 1941 549 nostras

1208 565 1372 607 pervenit)
1399 566 1494 598 etiam
1519 566 1683 599 dubitetur
1711 573 1816 600 ulrum
1846 569 1944 601 dicta-

1208 627 1278 649 rum
1303 618 1484 650 litterarum
1510 618 1679 662 dispositio
1701 621 1805 663 quoad
1831 621 1943 654 altaria

1208 669 1329 711 pariter
1353 670 1480 713 quidem
1506 671 1720 714 privilegiata,
1740 672 1796 705 sed
1821 683 1887 706 non
1911 674 1943 706 in

1208 728 1410 765 perpetuum,
1429 734 1488 756 nec
1509 734 1567 767 pro
1592 725 1742 758 omnibus
1768 726 1945 759 hebdoma-

1208 774 1267 806 dae
1293 775 1416 816 diebus,
1443 781 1475 808 et
1498 777 1536 809 ad
1563 787 1644 820 quae
1670 777 1788 810 missae
1814 788 1878 811 non
1904 789 1941 812 ex

1206 826 1403 869 obligatione
1437 829 1493 861 sed
1520 839 1556 861 ex
1583 831 1652 862 sola
1677 829 1820 863 fidelium
1847 831 1942 864 devo-

1206 879 1295 912 tione
1320 881 1540 922 celebrantur,
1567 882 1674 915 locum
1700 883 1835 916 habeat:

1248 932 1263 974 ἓ
1287 931 1318 965 3.
1346 933 1426 965 Hinc
1451 935 1601 977 estquod
1627 945 1694 975 nos,
1722 936 1939 970 dubitationes

1205 984 1390 1018 huiusmodi
1424 996 1461 1018 ex
1493 986 1654 1020 iniunctae
1685 987 1778 1021 nobis
1804 989 1938 1022 caelitus

1202 1038 1374 1080 pastoralis
1393 1039 1619 1072 sollicitudinis
1636 1051 1770 1073 munere
1785 1041 1938 1075 dirimere

1202 1091 1325 1134 pariter
1341 1097 1438 1135 atque
1456 1093 1607 1126 decidere
1633 1094 1810 1136 cupientes,
1829 1095 1868 1128 de
1885 1105 1939 1128 ve-

1202 1144 1396 1177 nerabilium
1421 1146 1555 1178 fratrum
1580 1152 1766 1180 nostrorum
1791 1147 1936 1181 eiusdem

1199 1307 1283 1342 runt,
1295 1303 1443 1344 consilio,
1456 1303 1707 1337 declarationem
1722 1316 1739 1338 a
1756 1311 1936 1340 memorato

1200 1355 1382 1389 Alexandro
1407 1357 1658 1399 praedecessore
1684 1358 1766 1390 sicut
1781 1359 1937 1401 praemit-

1199 1461 1230 1492 in
1256 1466 1460 1505 perpetuum,
1486 1463 1542 1495 sed
1568 1463 1606 1496 ad
1631 1463 1849 1506 septennium,
1877 1474 1934 1497 seu

1198 1513 1287 1546 aliud
1318 1514 1448 1547 brevius
1478 1516 1529 1547 vel
1563 1515 1691 1558 longius
1721 1521 1872 1559 tempus,
1899 1526 1936 1548 ac

1198 1576 1263 1598 non
1289 1566 1454 1607 omnibus,
1481 1567 1537 1599 sed
1566 1568 1672 1610 aliquo
1697 1568 1748 1600 vel
1773 1567 1934 1610 aliquibus

1198 1623 1322 1651 tantum
1347 1621 1573 1653 hebdomadae
1599 1620 1720 1660 diebus,
1742 1630 1828 1652 nunc
1852 1619 1934 1653 etin

1198 1674 1338 1706 futurum
1364 1674 1631 1716 quandocumque
1652 1673 1863 1716 privilegiata,
1882 1683 1936 1706 au-

1197 1726 1344 1758 ctoritate
1362 1726 1552 1769 apostolica,
1572 1731 1685 1758 tenore
1702 1726 1933 1769 praesentium,

1197 1778 1412 1811 extendimus.
1432 1778 1470 1811 Et
1489 1778 1638 1822 proinde,
1654 1784 1688 1811 ut
1705 1779 1831 1819 missae,
1851 1789 1932 1822 quae

1197 1831 1316 1864 ibidem
1343 1832 1381 1864 de
1408 1832 1489 1864 sesto
1515 1831 1666 1871 currenti,
1682 1831 1715 1864 in
1733 1842 1797 1874 quo
1816 1832 1931 1864 missae

1197 1884 1422 1917 defunctorum
1444 1884 1601 1917 celebrari
1619 1895 1683 1916 non
1710 1884 1844 1927 possint,
1866 1885 1932 1917 sive

1197 1948 1232 1970 cx
1259 1938 1467 1980 obligatione,
1485 1937 1550 1970 sive
1567 1948 1603 1970 ex
1629 1939 1695 1971 sola
1712 1937 1856 1970 fidelium
1877 1938 1932 1970 de-

1196 1991 1326 2024 votione
1352 1992 1625 2031 celebrabuntur,
1652 1989 1865 2033 suffragentur
1888 1991 1932 2023 ita

1196 2049 1230 2077 ut
1261 2045 1384 2078 animae
1421 2044 1693 2084 christifidelium,
1720 2055 1779 2087 pro
1813 2044 1931 2087 quibus

1195 2099 1377 2130 celebratae
1403 2097 1531 2137 suerint,
1559 2097 1777 2140 indulgentias
1795 2108 1854 2140 per
1866 2097 1930 2140 pri-

1195 2151 1310 2193 vilegia
1335 2150 1520 2182 huiusmodi
1538 2160 1710 2182 concessas
1732 2159 1931 2192 consequan-

1196 2209 1246 2236 tur
1270 2204 1303 2236 in
1328 2203 1476 2236 omnibus
1501 2208 1531 2235 et
1562 2213 1619 2246 per
1654 2202 1760 2235 omnia
1792 2202 1928 2245 perinde

1194 2268 1230 2290 ac
1254 2257 1278 2289 si
1310 2257 1428 2289 missae
1461 2256 1685 2289 defunctorum
1721 2255 1759 2287 ad
1794 2257 1928 2287 sormam

1194 2311 1378 2343 eorumdem
1391 2309 1635 2352 privilegiorum
1653 2308 1834 2341 celebratae
1854 2308 1929 2340 suis-

1193 2369 1279 2403 sent,
1309 2362 1498 2395 auctoritate
1528 2366 1560 2394 et
1591 2367 1703 2394 tenore
1730 2360 1924 2406 praedictiS,

1194 2415 1400 2449 concedimus
1421 2421 1453 2448 et
1474 2415 1691 2458 indulgemus.

1236 2469 1250 2511 ἓ
1274 2468 1305 2501 4.
1325 2468 1542 2501 Decernentes
1557 2468 1677 2511 pariter
1694 2467 1822 2500 easdem
1836 2475 1927 2509 prae-

1193 2528 1300 2555 sentes
1325 2522 1447 2555 litteras
1468 2531 1596 2565 semper
1616 2521 1732 2554 firmas.
1752 2519 1873 2551 validas
1893 2523 1924 2551 et

1193 2576 1337 2609 efficaces
1361 2576 1502 2609 existere
1527 2579 1559 2607 et
1584 2574 1668 2613 sore,
1693 2582 1831 2614 suosque
1857 2572 1924 2614 ple-

1192 2630 1298 2663 narios
1338 2634 1371 2662 et
1409 2629 1553 2672 integros
1589 2625 1719 2659 effectus
1754 2623 1861 2657 sortiri
1894 2628 1926 2656 et

1951 255 2000 281 An.
2021 255 2050 282 C.
2074 255 2139 282 1659

1981 526 2078 548 lull-inm.

1985 947 2090 972 Exiensio.
2107 949 2134 971 du

1950 979 1990 1000 qua
2007 976 2026 994 in
2039 976 2132 997 rubrica.

2011 2469 2123 2499 clausulae

1936 2499 2068 2522 praeservati
2074 2502 2120 2517 vam.
