2247 3208
187 238 240 269 nn.
257 238 283 266 c.
307 239 372 266 ¹663
418 230 481 263 ‘120

213 981 330 1003 ctausutao.

185 1562 293 1584 Contraria
305 1563 363 1584 tollit.

224 2458 370 2484 Transumpus

187 2485 246 2506 credi
257 2486 349 2506 mandat.

387 288 548 320 decretum
564 284 694 328 capituli
713 281 871 326 generalis
892 281 1117 324 congregatio-

958 234 1136 258 BULLARIUM
1160 232 1311 258 ROMANUM

1132 288 1247 314 'sonae
1272 281 1305 313 in
1335 280 1548 314 ecclesiastica
1579 282 1734 325 dignitate
1765 282 1884 316 consti-

386 340 434 372 nis
452 337 633 371 huiusmodi
650 336 806 375 viderunt,
822 334 970 373 consilio,
988 334 1115 366 attentis
1132 354 1134 404 ¹
1151 338 1237 367 tutae
1254 334 1394 375 munitis,
1413 334 1524 367 eadem
1543 345 1673 378 prorsus
1689 334 1768 368 fides
1793 335 1883 367 adhi-

385 390 530 429 narratis,
564 388 752 421 auctoritate
785 386 970 430 apostolica,
1002 392 1114 419 tenore

384 442 610 487 praesentium,
626 441 827 474 decernimus
847 445 881 472 ut
897 440 929 472 in
949 445 1114 483 posterum

384 496 416 528 in
441 496 525 528 dicta
550 494 801 537 congregatione
827 493 942 525 fratres
966 493 1039 526 laici
1061 504 1114 526 seu

384 548 527 580 conversi
543 553 698 591 quartum,
713 548 796 579 ultra
812 546 873 579 tria
889 545 992 586 solita,
1006 550 1114 578 votum

384 601 504 634 addant
537 601 575 633 de
603 610 668 632 non
701 599 896 632 transeundo
928 598 968 632 ad
1000 604 1115 632 statum

385 653 566 686 clericalem
591 658 622 685 et
638 653 677 685 ad
695 651 824 685 ordines
842 662 950 685 sacros
973 662 1033 685 nec
1059 652 1116 684 hu-

384 705 520 738 iusmodi
546 705 713 738 transitum
738 704 857 737 directe
881 709 935 737 aut
958 704 1115 738 indirecte

383 758 596 802 procurando,
623 762 654 790 et
676 757 720 790 ita
744 756 861 790 servari
880 757 1112 801 praecipimus3

383 812 468 844 salva
496 816 601 843 tamen
631 820 759 853 semper
785 809 819 842 in
846 810 1030 853 praemissis
1060 822 1116 844 au-

383 864 529 898 ctoritate
550 863 811 907 congregationis
835 864 1022 897 eorumdem
1046 875 1115 898 car-

383 917 548 951 dinalium.

426 971 440 1014 ἓ
464 970 495 1004 3.
522 970 735 1012 Deeernentes
763 969 883 1014 pariter
913 969 997 1015 ipsas
1023 982 1116 1016 prae·

381 1029 486 1057 sentes
511 1023 631 1057 litteras
655 1034 781 1067 semper
804 1023 919 1064 sirmas,
945 1025 1066 1059 validas
1084 1031 1115 1059 et

382 1076 527 1109 efficaces
552 1076 687 1109 existere
712 1081 743 1109 et
767 1077 853 1117 sore,
886 1088 1024 1121 suosque
1047 1079 1115 1122 ple-

380 1130 487 1164 narios
512 1135 542 1163 et
565 1130 708 1172 integros
733 1128 860 1162 effectus
879 1131 986 1164 sortiri
1011 1136 1042 1164 et
1059 1132 1115 1165 ob-

380 1183 496 1223 tinere,
522 1184 631 1226 sieque
663 1182 696 1215 in
721 1183 904 1226 praemissis
934 1193 992 1226 per
1021 1195 1115 1227 quos-

380 1246 515 1279 cumque
539 1235 660 1268 iudices
686 1235 868 1269 ordinarios
886 1241 917 1269 et
937 1237 1112 1279 delegatos,

380 1289 473 1322 etiam
498 1299 664 1321 causarum
689 1288 799 1332 palatii
831 1289 1000 1332 apostolici
1025 1290 1114 1323 audi-

380 1346 473 1383 tores,
491 1341 625 1374 iudicari
646 1347 677 1375 ct
694 1341 821 1375 definiri
840 1342 968 1383 debere,
987 1352 1023 1375 ac
1043 1342 1114 1375 irri-

380 1400 445 1427 tum
470 1400 501 1427 et
523 1394 619 1427 inane
645 1394 803 1438 quidquid
827 1405 919 1427 secus
943 1405 1039 1438 super
1064 1395 1114 1427 his

379 1457 397 1480 a
421 1458 592 1491 quoquam,
619 1447 729 1491 quavis
753 1447 951 1488 auctoritate,
976 1448 1114 1481 scienter

379 1501 427 1534 vel
452 1501 649 1543 ignoranter,
671 1501 845 1544 contigerit
861 1501 1023 1534 attentari.

423 1555 437 1597 ἓ
462 1554 492 1586 4.
518 1553 589 1586 Non
610 1554 812 1587 obstantibus
830 1554 1114 1588 constitutionibus

381 1612 412 1640 ct
435 1606 693 1640 ordinationibus
726 1607 914 1650 apostolicis
929 1633 936 1646 ,
961 1617 1089 1640 necnon
1105 1634 1112 1648 ‚

382 1666 535 1704 quatenus
556 1671 636 1704 opus
654 1661 703 1701 sit,
722 1660 985 1703 congregationis
1011 1666 1042 1694 et
1061 1660 1133 1694 Or-.'

382 1714 465 1746 dinis
482 1714 707 1756 praefatorum,
723 1713 817 1746 etiam
835 1714 1025 1753 iuramento,
1041 1724 1116 1748 con·
1132 1717 1133 1724 ¹

382 1767 562 1801 firmatione
580 1767 765 1811 apostolica,
778 1769 827 1801 vel
843 1768 951 1811 quavis
964 1767 1115 1800 firmitate
1128 1764 1133 1801 ἶ

382 1820 443 1853 alia
465 1820 641 1860 roboratis,
674 1820 798 1853 statutis
823 1826 854 1853 et
878 1820 1117 1853 consuetudini-

381 1873 451 1913 bus,
478 1873 654 1916 privilegiis
679 1883 818 1916 quoque,
843 1872 976 1905 indultis
1012 1878 1043 1905 et
1066 1872 1117 1905 lit-

383 1926 458 1958 teris
482 1926 666 1969 apostolicis
690 1926 723 1958 in
749 1925 946 1959 contrarium
963 1917 1134 1969 praemis-f

382 1988 489 2010 sorum
525 1979 769 2022 quomodolibet
800 1979 970 2018 concessis,
1002 1977 1133 2011 confir-¹

382 2031 473 2063 matis
497 2037 528 2063 et
559 2031 735 2072 innovatis,
766 2031 880 2074 quibus
913 2031 1062 2064 omnibus
1087 2036 1118 2063 ct

1149 386 1262 418 beatur
1282 386 1412 429 ubique,
1442 397 1523 429 quae
1544 387 1766 429 praesentibus
1792 387 1883 419 adhi-

1150 439 1323 479 laberetur,
1333 439 1357 471 si
1372 439 1479 471 forent
1489 439 1650 472 exhibitae
1659 440 1708 472 vel
1722 445 1879 473 ostensae.

1193 492 1304 527 Datum
1335 492 1473 532 Romae,
1500 492 1584 534 apud
1609 492 1639 524 S.
1667 492 1794 527 Mariam
1820 493 1882 529 Ma-

1149 544 1265 586 iorem,
1291 545 1349 578 sub
1373 546 1493 578 annulo
1519 544 1708 584 piscatoris,
1744 545 1795 578 die
1825 556 1881 579 xm

1148 597 1307 631 iannuarii
1346 607 1499 638 MDCLxm,
1541 596 1745 640 pontificatus
1780 597 1881 630 nostri

1149 661 1234 683 anno
1257 660 1326 685 V111.

1183 712 1245 739 Dat.
1265 711 1308 740 die
1326 711 1357 740 13
1375 712 1491 740 ianuarii
1509 711 1585 746 1663,
1601 712 1697 748 pontif.
1714 720 1784 740 anno
1799 718 1857 739 vm.

1451 828 1580 888 (mxxi.

1151 935 1242 975 Quod
1266 935 1431 969 electiones
1466 935 1737 978 ynardz'anorwm
1758 936 1880 978 promi-

1191 989 1371 1021 nz'slrorum
1395 993 1424 1021 et
1443 988 1611 1020 custodum
1630 989 1666 1020 in
1683 989 1814 1031 familia
1830 988 1882 1020 ul-

1192 1042 1400 1073 tramontanci
1426 1040 1560 1074 Ordinis
1587 1042 1692 1073 sancti
1715 1041 1882 1074 Franciscz·

1189 1104 1248 1136 per
1271 1094 1430 1136 suffragia
1453 1097 1571 1125 secreta
1601 1097 1630 1125 et
1658 1093 1882 1126 ballotaliones

1190 1146 1280 1188 fiant,
1296 1146 1372 1178 etin
1387 1146 1531 1189 paritate
1546 1145 1777 1188 suffragyiornm
1792 1156 1883 1188 prae-

1190 1199 1297 1232 sidens
1317 1203 1425 1231 votmn
1448 1198 1624 1231 decisivum
1649 1197 1793 1232 haheat¹.

1349 1279 1511 1306 Alexander
1530 1279 1608 1313 Papa
1628 1279 1680 1307 VH
1722 1279 1728 1282 ”

1287 1323 1329 1350 Ad
1349 1323 1483 1350 futurum
1501 1323 1545 1350 rei
1565 1322 1744 1350 memoriam.

1191 1395 1337 1428 Creditae
1362 1394 1456 1427 nobis
1481 1395 1613 1427 caelitus
1631 1394 1882 1437 dispensationis

1146 1448 1228 1481 ratio
1254 1447 1367 1491 exigit,
1391 1453 1440 1488 ut,
1466 1453 1632 1490 paternam
1656 1447 1884 1490 religiosorum

1147 1501 1297 1541 virorum,
1323 1501 1389 1544 qui,
1412 1500 1608 1543 abnegantes
1632 1500 1832 1544 semetipsos,
1849 1505 1884 1533 ut

1147 1555 1290 1587 facerent
1319 1555 1518 1587 voluntatem
1541 1553 1687 1594 Domini,
1712 1564 1799 1586 suam
1825 1554 1885 1587 sre-

1148 1612 1280 1651 gerunt,
1305 1617 1413 1639 curam
1438 1612 1603 1649 gerentes,
1635 1606 1766 1640 illorum
1790 1607 1883 1639 statui

1148 1666 1180 1694 et
1209 1659 1294 1693 felici
1327 1659 1496 1703 regimini,
1531 1664 1684 1702 quantum
1719 1659 1814 1692 nobis
1847 1670 1883 1692 ex

1148 1714 1212 1746 alto
1238 1712 1436 1752 cenceditur,
1469 1713 1639 1745 consulere
1671 1711 1789 1755 iugiter
1821 1716 1885 1744 stu-

1149 1767 1291 1799 deamus.

1192 1819 1207 1862 §
1232 1819 1263 1851 l.
1291 1818 1367 1852 Cum
1390 1819 1508 1862 itaque,
1535 1818 1618 1851 sicut
1642 1818 1776 1851 dilectus
1801 1817 1885 1851 filius

1150 1873 1260 1905 Petrus
1293 1871 1424 1912 Roche,
1457 1871 1695 1905 commissarius
1726 1871 1885 1914 generalis

1150 1925 1256 1958 curiae
1281 1925 1409 1957 Ordinis
1434 1925 1566 1957 fratrum
1596 1925 1755 1957 Minorum
1783 1925 1884 1957 sancti

1149 1978 1309 2010 Francisci
1336 1979 1374 2011 de
1391 1977 1598 2010 observantia
1616 1983 1884 2020 nuncupatorum,

1150 2031 1244 2064 nobis
1270 2041 1374 2074 nuper
1398 2031 1516 2074 exponi
1542 2031 1627 2070 fecit,
1652 2030 1684 2062 in
1710 2030 1885 2073 provinciis

383 2083 526 2125 singulis,
539 2084 668 2117 illorum
680 2090 808 2117 tenores
822 2083 1044 2127 praesentibus
1058 2094 1116 2126 pro
1132 2116 1134 2127 Ι
1151 2084 1289 2116 familiae
1312 2085 1571 2116 ultramontanae
1589 2083 1733 2116 eiusdem
1757 2083 1886 2116 Ordinis

383 2136 476 2178 plene
502 2142 533 2169 et
557 2136 751 2169 sufficienter
781 2136 938 2179 expressis
963 2142 995 2168 et
1018 2131 1351 2181 inse1·-]intr0ductus
1376 2136 1416 2168 sit
1440 2136 1555 2168 abusus
1579 2135 1719 2178 eligendi
1739 2134 1887 2178 guardia-

385 2189 423 2221 tis
448 2189 614 2229 habentes,
647 2190 711 2223 illis
740 2190 818 2222 alias
848 2189 881 2222 in
913 2200 969 2222 suo
999 2189 1210 2225 robore3n0s
1245 2194 1276 2222 et
1307 2189 1534 2233 proministros
1571 2194 1600 2221 et
1637 2189 1785 2222 custodes
1819 2189 1888 2221 viva

383 2243 611 2284 permansuris,
632 2244 670 2275 ad
687 2243 935 2286 praemissorum
961 2241 1115 2283 effectum,
1150 2253 1238 2283 voce,
1263 2253 1298 2275 ac
1323 2253 1393 2275 cum
1413 2242 1542 2285 publica
1559 2242 1801 2275 concertatione
1826 2242 1889 2274 suf-

385 2294 445 2326 hac
458 2294 525 2327 vice
540 2295 712 2335 dumtaxat,
726 2295 908 2339 specialiter
922 2301 954 2328 et
968 2307 1117 2340 expresse
1132 2300 1135 2314 ¹
1152 2294 1354 2338 sragantiuiu,
1369 2294 1403 2327 in
1414 2305 1507 2337 grave
1524 2294 1681 2327 libertatis
1694 2294 1888 2327 electionum

385 2347 589 2389 derogamus;
608 2348 784 2391 ceterisque
801 2348 971 2381 contrariis
989 2349 1119 2392 quibus-
1134 2378 1135 2383 ,

386 2410 535 2443 cumque.
659 2397 662 2400 ’
1133 2385 1136 2434 i

429 2452 444 2495 ἓ
476 2451 506 2485 5.
540 2452 689 2486 Volumus
725 2458 828 2487 autem
863 2458 899 2486 ut
934 2438 1136 2494 earumdem*—

386 2504 602 2548 pracsentium
625 2505 800 2539 litterarum
820 2507 1038 2550 transumptis,
1063 2497 1136 2542 seui

386 2557 550 2600 exemplis,
571 2557 665 2590 ctiam
681 2558 854 2601 impressis,
871 2570 967 2592 manu
986 2559 1118 2593 alicuius

385 2610 502 2646 notarii
522 2610 641 2654 publici
659 2611 853 2655 subscriptis,
874 2617 905 2646 et
921 2612 1027 2656 sigillo
1044 2623 1118 2657 per-

1151 2348 1405 2392 praeiudicium,
1443 2353 1474 2380 et
1508 2358 1575 2380 non
1613 2347 1681 2380 sine
1718 2348 1888 2381 occasione

1152 2400 1431 2444 perturbationum
1455 2407 1487 2433 et
1510 2401 1697 2443 litigiorum,
1725 2411 1805 2444 quae
1838 2411 1889 2433 ex-

1152 2453 1227 2486 inde
1251 2453 1336 2486 inter
1361 2454 1517 2486 electores
1535 2453 1622 2486 nasci
1641 2454 1766 2486 solent:
1794 2452 1888 2486 nohis

1187 2533 1198 2559 1
1222 2532 1287 2558 Vide
1308 2532 1399 2559 Const.
1420 2539 1533 2559 nectxiv
1552 2533 1603 2566 (al.
1620 2531 1682 2566 725)
1701 2531 1800 2559 Urbani
1820 2531 1887 2565 vul,

1151 2577 1308 2611 Relz‘9z'osos
1328 2578 1418 2611 viros,
1439 2582 1505 2604 tom.
1531 2583 1590 2611 xiv,
1611 2584 1672 2613 pag.
1693 2576 1762 2611 215,
1788 2575 1814 2602 in
1836 2583 1890 2612 qua

1150 2621 1237 2656 agitur
1256 2621 1290 2648 de
1310 2620 1359 2647 tiae
1379 2620 1521 2648 electione.

1893 233 1943 260 An.
1961 231 1989 260 C.
2013 230 2078 260 lssssss

1924 1406 2043 1427 Exco-‘dium-

1926 1827 2069 1855 supplicatio.
