2247 3208
170 205 218 234 An.
237 204 266 233 c.
285 205 352 233 taes
396 195 460 231 378

194 265 305 288 Decretum
322 266 350 288 ir·

167 293 241 316 ruam.

205 996 298 1021 Damnat
305 1000 353 1017 eon·

191 1032 249 1044 §nmo

406 254 420 297 ἓ
446 253 476 286 2.
505 253 725 285 Decernentes
749 248 881 282 easdem
904 252 1095 291 praesentes

362 307 487 340 litteras
513 313 645 346 semper
668 302 794 341 firmas,
821 301 943 334 validas
974 305 1005 333 et
1029 299 1097 333 effi-

310 371 313 373 ’
362 367 454 392 caces
481 356 620 389 existere
647 360 678 387 et
703 355 793 394 fore,
821 364 963 396 suosque
989 354 1097 396 plena-

361 410 428 442 rios
455 413 487 441 et
511 407 658 449 integros
685 406 817 439 effectus
848 406 958 439 sortiri
984 410 1016 438 et
1040 405 1098 438 ob·

361 462 480 499 tinere,
514 470 549 492 ac
578 459 616 492 ab
642 459 717 499 illis,
744 459 890 502 aquuos
916 463 1042 501 spectat
1066 463 1097 490 et

360 524 421 557 pro
449 518 598 555 tempore
624 511 795 554 spectabit,
822 510 1014 554 plenissime
1039 510 1099 542 sus·

362 564 501 607 sragari,
525 570 557 597 et
577 564 616 597 ab
637 563 701 596 illis
719 562 901 606 respective
927 561 1098 594 inviolabi-

362 617 438 651 liter
456 616 632 655 observari,
652 617 762 660 sicque
779 617 811 648 in
831 615 1021 659 praemissis
1039 625 1099 657 per

364 680 589 714 quoscumque
609 669 732 702 iudices
752 669 936 702 ordinarios
957 673 990 700 et
1014 668 1100 700 dele·

363 728 468 765 gatos,
497 722 593 755 etiarn
611 732 779 754 causarum
800 721 911 764 palatii
927 720 1099 763 apostolici

363 775 548 815 auditores,
573 774 709 808 iudicari
743 780 774 807 et
806 773 934 806 definiri
961 773 1096 813 debere,

363 838 399 861 ac
423 828 553 860 irritum
579 832 611 860 et
635 827 730 859 inane
757 826 782 859 si
809 837 903 859 secus
922 836 1023 869 super
1047 825 1098 858 his

365 892 382 914 a
396 890 571 924 quoquam,
600 879 711 923 quavis
734 879 939 919 auctoritate,
957 879 1100 911 scienter

364 935 414 968 vel
434 934 636 975 ignoranter,
653 931 829 973 otntigerit
843 931 1010 963 attentari.

409 986 463 1029 gli.
478 986 545 1018 Non
558 984 759 1019 obstantibus
774 983 971 1026 praemissis,
983 993 1019 1015 ac
1029 993 1101 1015 con-

367 1038 584 1072 stitutionibus
597 1043 627 1069 et
637 1035 892 1069 ordinationibus
904 1034 1098 1078 apostolicis,

366 1101 504 1129 necnon,
523 1096 681 1133 quatenus
696 1099 775 1131 opus
793 1088 844 1128 sit,
861 1088 935 1120 dicti
953 1087 1097 1127 Ordinis,

367 1150 399 1178 et
415 1144 484 1176 aliis
509 1142 680 1185 quibusvis,
698 1141 793 1174 etiam
811 1140 1004 1179 iuramento,
1025 1150 1100 1172 con-

366 1197 548 1230 firmatione
575 1195 764 1238 apostolica,
791 1196 841 1227 vel
867 1194 977 1237 quavis
1003 1193 1100 1226 firmi-

366 1257 431 1284 tate
458 1250 519 1282 alia
538 1248 710 1287 roboratis,
730 1248 857 1280 statutis
883 1253 915 1280 et
931 1253 1101 1281 consuetu-

368 1304 507 1341 dinibus,
530 1302 711 1345 privilegiis
738 1312 877 1344 quoque,
905 1301 1038 1333 indultis
1068 1306 1101 1333 et

366 1356 482 1390 litteris
509 1354 694 1398 apostolicis
724 1354 756 1386 in
786 1353 980 1386 contrarium
1007 1364 1101 1396 prae-

367 1410 538 1443 missoium
557 1408 801 1451 quomodolibet
825 1407 1000 1447 concessis,
1027 1417 1101 1439 con—

368 1462 500 1495 firmatis
534 1468 566 1493 et
594 1461 778 1499 innovatis·‚
809 1460 923 1503 quibus
953 1459 1100 1492 omnibus

369 1521 401 1547 et
418 1514 562 1556 singulis,
581 1513 706 1545 illorum
728 1519 856 1545 tenores
875 1512 1100 1555 praesentibus

368 1578 426 1611 pro
451 1568 547 1609 plene
574 1572 605 1598 et
637 1565 837 1598 sufficienter
869 1565 1031 1608 expressis
1067 1576 1102 1598 ac

369 1619 408 1652 de
436 1619 533 1651 verbo
558 1619 597 1650 ad
625 1618 756 1650 verbum
782 1618 912 1650 insertis
932 1617 1101 1657 habentes,

368 1671 431 1705 illis
461 1671 537 1704 alias
572 1671 603 1703 in
629 1681 686 1703 suo
719 1671 837 1704 robore
864 1670 1100 1713 permansuris,

369 1725 408 1757 ad
434 1724 689 1767 praemissorum
726 1723 902 1763 ell'ectum,
939 1723 999 1755 hac
1033 1723 1102 1755 vice

370 1778 546 1815 dumtaxat,
568 1776 756 1820 specialiter
780 1782 812 1809 et
837 1787 991 1820 expresse
1011 1776 1105 1809 dero-

370 1840 503 1873 gamus3
542 1830 726 1873 ceterisque
767 1829 938 1863 contrariis
972 1829 1105 1872 quibus-

371 1894 524 1926 cumque.

414 1936 525 1969 Datum
557 1936 695 1975 Romae,
723 1936 806 1978 apud
831 1935 862 1968 S.
890 1935 1019 1968 Mariam
1043 1935 1106 1969 Ma-

370 1990 487 2028 iorem,
515 1990 571 2021 sub
597 1990 716 2021 annulo
734 1989 915 2028 piscatoris,
936 1989 987 2022 die
1007 2000 1104 2023 xxvul

371 2042 439 2074 iulii
459 2052 593 2081 uoccxv,
620 2041 824 2084 pontificatus
844 2042 945 2074 nostri
961 2052 1045 2075 anno
1059 2052 1102 2076 xl.

406 2103 465 2130 Dat.
481 2104 525 2130 die
540 2104 590 2131 28¹
606 2104 662 2130 iulii
682 2104 757 2136 1605,
775 2103 868 2138 pontif.
886 2111 955 2130 auno
971 2110 1007 2130 XI.

694 2236 798 2288 Dxlllq.

378 2306 416 2340 Ut
441 2306 476 2337 in
500 2306 676 2338 ditionibus
707 2310 734 2338 et
764 2305 920 2338 donu'nit's
951 2306 1025 2340 (luci
1050 2307 1106 2340 Sa-

420 2359 557 2391 bmtu'i‘ae
580 2359 727 2391 subiectis·
754 2359 791 2390 tle
809 2364 975 2402 praecepto
999 2361 1108 2392 recite-

421 2415 473 2443 tur
497 2411 637 2451 officinm
661 2415 690 2443 el
715 2412 812 2443 otissa
833 2412 1052 2454 Concepliom's
1066 2413 1105 2445 B.

419 2463 460 2495 M.
486 2463 515 2494 V.
537 2463 776 2504 [iunzucult·tme,
801 2475 872 2495 cnm
897 2463 1031 2497 octavff.

413 2534 422 2559 1
449 2532 495 2558 Et.
513 2532 590 2558 Main.
607 2532 638 2558 ad
657 2541 738 2567 marg.
756 2533 821 2567 legit
838 2534 869 2560 18
886 2535 921 2568 (u.
938 2536 985 2568 T.)-

412 2577 479 2603 212x
497 2576 602 2610 {tt-gost.
620 2577 644 2602 iu
660 2579 762 2602 secret.
780 2583 858 2607 arev.

932 200 1112 225 BULLARIUM
1134 199 1286 226 ROMANUM

1866 207 1915 236 An.
1936 209 1965 237 C.
1987 209 2055 238 ¹665

1330 249 1494 277 Alexander
1518 251 1594 285 Papa
1614 253 1675 287 VH,

1253 293 1289 318 ad
1313 297 1487 326 perpetuam
1507 295 1551 321 rei
1574 297 1751 325 memoriam.

1182 351 1351 385 Praeclara
1375 353 1485 386 dilecti
1510 354 1566 387 filii
1591 357 1708 390 nobilis
1732 358 1791 391 viri
1815 359 1871 392 Ca-

1138 404 1198 437 roli
1223 404 1406 438 Emanuelis
1431 405 1607 441 Sabaudiae
1634 409 1721 442 ducis
1750 416 1783 443 et
1813 412 1871 445 Pe-

1140 457 1294 490 demontii
1319 458 1476 501 principis
1503 469 1578 501 erga
1607 461 1872 502 gloriosissimam

1139 509 1302 551 Virginem
1326 510 1381 542 Dei
1406 510 1598 544 Genitricem
1622 512 1750 547 Mariam
1782 515 1871 549 devo-

1140 561 1183 594 tio
1209 561 1299 595 facile
1324 572 1383 595 nos
1407 563 1537 596 adducit
1558 569 1593 595 ut
1617 565 1670 606 pia
1694 565 1762 599 eius
1786 572 1870 608 vota,

1141 614 1257 657 quibus
1282 615 1427 648 eiusdem
1452 616 1697 657 augustissimae
1723 619 1803 651 caeli
1823 629 1873 652 re-

1141 667 1236 709 ginae
1263 668 1435 701 advocatae
1460 674 1586 702 nostrae
1610 671 1774 703 veneratio
1798 681 1874 715 pro-

1140 727 1304 762 movetur,
1330 722 1496 764 apostolici
1522 722 1638 755 favoris
1670 723 1873 767 benignitate

1140 784 1389 817 prosequamur.

1184 826 1198 868 ἓ
1216 825 1246 858 1.
1266 825 1560 869 supplicationibus
1577 827 1685 870 itaque
1703 830 1872 863 memorati

1141 878 1244 911 Caroli
1281 878 1465 912 Emanuelis
1493 880 1582 913 ducis
1615 881 1747 915 nomine
1779 882 1872 916 nobis

1142 941 1242 974 super
1265 932 1326 965 hoc
1351 932 1515 965 humiliter
1539 934 1695 976 porrectis
1719 934 1872 975 inclinati,

1140 984 1230 1016 utin
1265 984 1411 1016 omnibus
1448 984 1622 1017 ditionibus
1656 991 1688 1018 et
1722 986 1875 1020 dominiis

1143 1037 1247 1069 eidem
1272 1036 1384 1069 Carolo
1405 1036 1569 1070 Ernanueli
1600 1037 1672 1071 duci
1699 1039 1874 1081 subiectis,

1142 1094 1209 1121 tum
1239 1100 1257 1121 a
1286 1089 1485 1122 secularibus
1523 1095 1590 1122 tum
1622 1101 1638 1123 a
1670 1092 1874 1134 regularibus

1142 1142 1310 1185 utriusque
1335 1153 1427 1175 sexus
1451 1143 1504 1186 qui
1523 1144 1620 1176 boras
1638 1145 1806 1177 canonicas
1829 1156 1877 1178 re-

1142 1194 1239 1227 citare
1264 1200 1432 1235 tenentur,
1457 1195 1596 1228 officium
1621 1202 1652 1229 et
1676 1197 1772 1229 missa
1796 1197 1878 1230 Con-

1143 1249 1302 1291 ceptionis
1328 1249 1442 1281 Beatae
1467 1249 1583 1282 Mariae
1608 1249 1746 1293 Virginis
1763 1250 1877 1283 Imma-

1143 1303 1288 1341 culatae,
1323 1311 1396 1333 cum
1429 1304 1558 1342 octava,
1580 1302 1613 1334 in
1645 1308 1812 1346 posterum
1838 1304 1878 1336 de

1144 1359 1316 1396 praecepto
1342 1353 1506 1394 recitetur,
1531 1365 1603 1387 cum
1629 1355 1825 1388 lectionibus
1844 1355 1877 1388 in

1143 1406 1305 1438 octavario
1338 1417 1472 1439 romano
1502 1417 1519 1438 a
1551 1408 1801 1450 congregatione
1826 1419 1877 1441 ve-

1144 1459 1337 1491 nerabilium
1363 1459 1496 1492 fratrum
1521 1466 1706 1493 nostrorum
1731 1461 1762 1494 S.
1783 1461 1820 1494 R.
1840 1461 1874 1494 E.

1145 1511 1354 1544 cardinalium
1371 1512 1469 1544 sacris
1486 1512 1600 1544 ritibus
1619 1513 1879 1556 praepositorum

1145 1566 1323 1608 approbato
1349 1565 1520 1605 contentis,
1544 1571 1575 1597 et
1598 1576 1615 1597 a
1641 1565 1691 1598 die
1713 1569 1823 1599 octava
1839 1567 1878 1599 ad

1146 1617 1303 1650 decimam
1316 1618 1458 1660 quintam
1473 1618 1653 1650 decembris
1667 1618 1725 1651 rite
1744 1619 1880 1662 disposi-

1147 1670 1196 1709 tis,
1212 1670 1397 1703 auctoritate
1411 1670 1595 1713 apostolica,
1611 1677 1721 1704 tenore
1732 1681 1880 1714 praesen-

1148 1724 1236 1763 tium,
1249 1724 1436 1756 mandamus
1457 1729 1490 1756 et
1503 1724 1715 1765 decernimus,
1731 1724 1882 1768 idemque

1147 1776 1285 1809 officium
1299 1777 1336 1809 ad
1351 1787 1444 1809 usum
1465 1777 1541 1809 cleri
1557 1776 1714 1810 ditionum
1731 1783 1761 1809 et
1778 1778 1881 1810 domi-

1147 1829 1275 1861 niorum
1299 1829 1517 1872 praefatorum
1542 1829 1677 1862 seorsim
1703 1830 1742 1861 ab
1760 1836 1882 1863 octava-

1147 1882 1195 1915 rio
1219 1892 1351 1914 romano
1372 1881 1513 1924 imprimi
1538 1892 1633 1924 posse
1658 1882 1878 1915 concedimus.

1191 1936 1205 1978 ς
1230 1934 1260 1967 2.
1287 1934 1355 1967 Non
1374 1934 1574 1966 obstantibus
1599 1934 1881 1967 constitutionibus

1148 1993 1179 2021 et
1207 1987 1466 2021 ordinationibus
1491 1987 1686 2030 apostolicis,
1703 1987 1881 2030 ceterisque

1148 2040 1319 2074 contrariis
1337 2040 1603 2083 quibuscumque.

1192 2095 1206 2136 ἓ
1241 2093 1271 2127 3.
1310 2094 1462 2127 Volumus
1496 2099 1601 2126 autem
1633 2097 1667 2125 ut
1695 2093 1882 2126 earumdem
1932 2103 2076 2140 rransumptu

1149 2146 1372 2191 praesentium
1386 2147 1565 2179 litterarum
1589 2146 1810 2189 transumptis,
1825 2130 1945 2179 seusiii.⁹³
1965 2133 2076 2156 ⁹¹³⁶³²⁸w

1150 2200 1324 2243 exempliS,
1360 2199 1457 2232 etiam
1482 2199 1666 2242 impressis,
1696 2209 1794 2231 manu
1826 2200 1884 2232 ali-

1151 2253 1243 2285 cuius
1267 2252 1387 2284 notarii
1412 2251 1535 2295 publici
1567 2252 1772 2295 subscriptis,
1790 2257 1821 2284 et
1847 2252 1885 2284 si-

1151 2306 1228 2348 gillo
1246 2315 1407 2348 personae
1424 2305 1457 2337 in
1478 2304 1702 2337 ecclesiastica
1727 2305 1884 2347 dignitate

1151 2358 1349 2391 constitutae
1375 2358 1522 2398 munitis,
1549 2359 1663 2391 eadem
1689 2369 1825 2402 prorsus
1851 2357 1886 2390 fi-

1152 2413 1208 2444 des
1243 2412 1363 2454 ubique
1402 2413 1549 2445 locorum
1585 2417 1617 2444 et
1645 2412 1789 2454 gentium
1821 2417 1884 2445 tam

1151 2465 1183 2497 in
1202 2465 1322 2497 iudicio
1341 2475 1434 2507 quam
1459 2470 1549 2497 extra
1573 2465 1653 2498 illud
1678 2465 1883 2505 adhibeatur,

1153 2528 1235 2560 quae
1247 2517 1395 2560 ipsismet
1409 2517 1639 2559 praesentibus
1656 2516 1883 2557 adhiberetur,

1152 2571 1179 2602 si
1202 2570 1311 2602 forent
1335 2569 1499 2602 exhibitae
1525 2570 1576 2602 vel
1601 2575 1765 2603 ostensae.

1907 373 1995 396 Moun-

1910 843 2052 871 Suppueaue»

1889 1474 2004 1522 tisefomm
2017 1473 2072 1495 Pon-

1962 1945 2076 1966 nti-ontio

1891 1971 2052 1993 conti-afrorum.
