2247 3208
126 219 175 248 An.
190 221 219 249 C.
242 222 310 250 1663

166 1069 192 1090 Et
218 1074 297 1095 poenas

111 1097 188 1116 contra
227 1096 298 1116 mobe-

113 1121 195 1143 dientes
214 1123 297 1143 adiicit.

113 1543 224 1565 obstantia
237 1543 296 1565 tollit.

909 224 1095 248 ALEXANDER
1118 226 1161 248 vu
1188 225 1234 248 Pr.

321 269 379 313 pis,
399 280 434 302 ac
452 269 577 303 dilectis
602 268 679 302 filiis
699 270 844 303 locorum
867 271 1054 309 Ordinariis,

320 328 353 355 et
377 332 489 355 eorum
513 322 654 362 cuilibet,
678 334 735 366 per
758 329 944 366 praesentes
969 334 1056 356 com-

320 374 476 406 mittimus
501 380 531 407 et
555 376 761 416 mandamus,
793 381 948 418 quatenus
972 375 1052 418 ipsi,

321 431 479 459 eteorum
497 427 640 469 quilibet,
660 438 718 471 per
735 439 779 468 se,
797 429 847 461 vel
865 428 977 468 alium,
999 438 1053 460 seu

319 479 410 519 alios,
431 480 486 512 ubi
505 485 536 513 et
554 481 683 523 quando
702 492 782 524 opus
799 481 901 520 suerit,
924 486 956 513 et
976 491 1055 523 quo-

319 533 378 565 ties
403 533 546 575 ipsorum
571 533 689 576 aliquis
717 543 771 566 seu
789 533 887 576 aliqui
913 533 1054 576 desuper

318 585 438 618 suerint
468 586 638 629 requisiti,
665 587 728 618 sive
759 585 856 618 etiam
885 596 921 618 ex
948 585 1053 618 officio

319 638 544 680 procedentes,
566 639 695 672 easdem
723 642 911 680 praesentes
932 637 1054 671 litteras

319 696 350 723 et
368 691 400 723 in
418 691 464 723 eis
483 696 632 723 contenta
657 699 878 732 quaecumque
904 690 1054 723 solemni-

317 748 366 775 ter
390 743 614 785 publicantes,
641 742 759 774 saciant
782 742 972 775 anctoritate
998 753 1054 775 no-

316 797 380 826 stra
404 794 491 837 ipsas
518 798 704 837 praesentes
730 793 873 834 litteras,
896 797 927 827 et
950 794 982 826 in
1007 795 1053 826 eis

316 851 468 879 contenta
492 846 689 887 huiusmodi,
716 847 755 879 ab
787 848 851 880 illis
867 873 876 888 ,
906 847 945 880 ad
971 858 1052 890 quos

314 903 439 941 spectat
466 904 497 931 et
521 899 680 942 spectabit
704 900 814 942 quovis
840 900 935 933 modo
956 899 989 932 in
1010 900 1053 932 fu-

313 957 428 993 turum,
454 952 487 984 in
511 952 661 985 omnibus
686 958 718 985 et
741 963 800 996 per
824 954 932 986 omnia
950 953 1053 986 invio-

313 1005 454 1038 labiliter
479 1011 511 1038 et
535 1005 727 1039 inconcusse
754 1006 892 1045 servari,
924 1012 955 1039 et
980 1017 1051 1039 exe-

313 1058 461 1101 quutioni
476 1059 676 1099 demandari;
692 1059 946 1092 contradictores
961 1070 1053 1103 qnos-

312 1112 394 1145 libet
417 1117 449 1145 et
472 1113 612 1145 rebelles
636 1123 694 1155 pcr
719 1123 870 1145 censuras
899 1114 1052 1146 ecclesia—

313 1166 426 1205 sticas,
454 1166 582 1208 aliaque
609 1171 791 1209 opportuna
816 1166 895 1199 iuris
921 1172 951 1199 et
977 1167 1051 1200 sacti

312 1219 464 1258 remedia,
481 1219 569 1251 omni
583 1219 802 1262 appellatione
820 1221 952 1259 remota,
967 1230 1038 1252 com

312 1271 488 1313 poscendo,
509 1271 728 1314 legitimisque
746 1282 845 1314 super
861 1271 911 1304 his
930 1272 1052 1305 liaben-

313 1323 361 1356 dis
376 1324 509 1356 servatis
527 1324 745 1367 processibus,
762 1334 911 1357 censuras
931 1330 962 1357 et
980 1335 1051 1368 poe-

311 1385 368 1408 nas
392 1376 478 1419 ipsas
505 1376 601 1409 etiam
633 1376 755 1409 iteratis
790 1376 912 1409 vicibus
938 1388 1051 1420 aggra-

312 1429 431 1469 vando,
462 1429 608 1462 invocato
634 1429 730 1462 etiam
755 1430 795 1462 ad
820 1430 890 1469 hoc,
918 1430 943 1462 si
969 1441 1050 1474 opus

312 1480 415 1521 suerit,
443 1481 560 1514 auxilio
586 1481 709 1514 brachii
735 1482 899 1514 secularis.

355 1534 370 1577 g
394 1531 425 1567 8.
452 1534 523 1567 Non
548 1535 755 1568 obstantibus
774 1535 967 1578 supradictis
988 1534 1051 1569 Cle-

311 1587 430 1619 mentis
456 1587 718 1629 praedecessoris
743 1587 871 1627 litteris,
899 1599 936 1620 ac
960 1598 1051 1621 reco-

313 1639 427 1672 lendae
460 1639 635 1673 memoriae
667 1640 821 1673 Bonisacii
857 1641 961 1684 Papae
986 1641 1050 1673 VIII

314 1692 570 1735 praedecessoris
594 1692 718 1735 pariter
742 1693 844 1726 nostri
863 1694 901 1726 de
928 1695 1001 1733 una,
1020 1699 1051 1726 et

313 1745 443 1778 concilii
461 1745 621 1787 generalis
639 1746 678 1778 de
700 1745 823 1778 duabus
843 1745 948 1785 dietis,
964 1747 1050 1779 dum-

313 1798 411 1831 modo
426 1798 511 1830 ultra
526 1803 590 1830 tres
611 1798 713 1831 dietas
728 1798 843 1841 aliquis
860 1800 1048 1833 auctoritate

312 1850 533 1893 praesentium
558 1851 591 1882 in
616 1850 770 1883 iudicium
795 1862 859 1884 non
885 1852 1047 1893 trahatur,

313 1903 450 1946 aliisque
475 1903 760 1936 constitutionibus
787 1910 819 1937 et
836 1905 1050 1938 ordinationi-

311 1957 373 1988 bus
399 1956 602 1999 apostoliciS,
622 1966 762 1996 necnon,
785 1961 943 1999 qnatenus
968 1968 1050 2000 opus

312 2009 361 2048 sit,
376 2008 599 2052 praefatorum
611 2008 738 2041 Ordinis
756 2014 785 2042 et
800 2009 1049 2052 provinciarum,

312 2061 422 2094 aliisve
440 2062 615 2105 quibusvis,
637 2063 734 2095 etiam
755 2063 953 2103 iuramento,
973 2074 1050 2096 con-

311 2113 496 2147 firmatione
522 2115 716 2158 apostolica,
736 2116 786 2148 vel
812 2116 924 2158 quavis
950 2116 1050 2148 tirmi-

312 2172 377 2200 tate
403 2167 465 2200 alia
485 2168 650 2200 roboratis
666 2195 674 2208 ,
697 2169 827 2201 statutis
853 2174 886 2201 ct
910 2180 1050 2202 consue-

313 2220 504 2260 tudinibus,
527 2221 707 2263 privilegiis
735 2232 885 2265 quoque,
912 2223 1047 2255 indultis

313 2277 345 2304 et
376 2272 496 2305 litteris
541 2274 731 2315 apostolicis
775 2275 808 2306 in
846 2276 1048 2308 contrarium

311 2325 572 2368 praemissorum
598 2327 847 2369 quomodolibet
868 2329 1047 2369 concessis,

313 2377 513 2410 confirmatis
539 2383 571 2411 et
590 2379 773 2420 innovatis;
801 2381 919 2423 quilius
946 2382 1049 2414 omni-

312 2430 373 2463 bus
401 2435 433 2463 et
457 2431 605 2473 singulis,
627 2432 760 2464 illorum
789 2437 921 2466 tenores
954 2445 1049 2477 prae-

314 2483 464 2515 sentibus
492 2493 553 2526 pro
579 2484 678 2526 plene
705 2489 737 2516 et
768 2484 970 2519 sufficienter
996 2498 1049 2519 ex-

313 2536 438 2579 pressis
459 2541 491 2569 et
510 2537 642 2569 insertis
669 2537 843 2577 habentes,
870 2538 933 2571 illis
969 2540 1047 2572 alias

314 2588 347 2621 in
372 2599 431 2621 sno
462 2589 583 2622 robore
609 2590 833 2632 permansuris
853 2617 861 2630 ,
889 2591 927 2624 ad
953 2602 1048 2634 prae-

1071 272 1265 307 {missorum
1284 271 1446 311 effectum,
1468 272 1528 304 hac
1554 271 1621 303 vice
1644 271 1821 307 dumtaxat,

1071 324 1276 366 *specialiter
1297 329 1328 355 et
1353 334 1507 367 expresse
1535 324 1745 366 derogamus:
1772 331 1824 354 ce-

1089 376 1229 418 terisque
1256 377 1426 408 contrariis
1453 376 1719 419 quibuscumque.

1131 427 1189 469 §Sl
1206 428 1356 461 Volumus
1375 434 1523 461 autemut
1538 430 1723 462 earumdem
1733 440 1824 473 prae-

1087 479 1229 512 sentium
1258 481 1440 513 litterarum
1466 482 1698 524 transumptis,
1725 483 1822 515 etiam

1086 532 1266 575 impressis,
1286 544 1383 565 manu
1400 534 1538 566 alicuius
1563 535 1681 567 notarii
1699 536 1822 578 publici

1087 585 1293 628 subscriptis,
1313 592 1345 618 et
1365 586 1473 629 sigillo
1491 598 1654 630 personae
1672 587 1705 620 in
1723 589 1823 621 eccle-

1087 637 1219 669 siastica
1245 638 1401 680 dignitate
1438 641 1635 672 constitutae
1666 640 1821 681 munitis,

1087 689 1201 722 eadem
1226 701 1359 732 prorsus
1385 690 1465 724 fides
1490 693 1522 724 in
1543 693 1664 725 iudicio
1683 698 1715 725 et
1732 698 1823 725 extra

1086 741 1290 782 adhibeatur,
1307 754 1386 785 quae
1400 744 1628 787 praesentibus
1642 745 1720 788 ipS1s
1735 745 1823 777 adhi-

1087 794 1231 835 beretur,
1258 795 1284 828 si
1310 795 1419 829 forent
1443 797 1605 830 exhibitae
1635 798 1683 829 vel
1714 802 1823 831 osten-

1086 858 1154 881 sae.

1130 900 1245 933 Datum
1271 901 1406 941 Romae,
1433 902 1520 945 apud
1545 902 1576 934 S.
1604 902 1735 935 Mariam
1760 902 1823 935 Ma-

1086 952 1211 993 iorem,
1239 955 1299 986 sub
1325 955 1446 987 annulo
1471 955 1660 995 piscatoris,
1688 955 1740 988 die
1777 965 1822 988 vn

1086 1007 1216 1048 augusti
1237 1034 1245 1047 ‚
1282 1016 1443 1047 MDCanI,
1470 1006 1682 1051 pontificatus
1717 1008 1823 1042 nostri

1086 1069 1171 1092 anno
1197 1070 1237 1092 ix.

1120 1121 1181 1148 Dat.
1198 1121 1240 1148 die
1255 1121 1270 1148 7
1285 1122 1391 1157 augusti
1409 1122 1486 1158 1663,
1503 1123 1599 1158 pontis.
1620 1131 1689 1151 anno
1704 1131 1742 1151 ix.

1379 1262 1530 1298 CDXLIX.

1087 1341 1275 1376 Commissio
1293 1343 1532 1387 archiepiscopo
1549 1344 1581 1377 S.
1604 1344 1770 1377 Dominicz'
1786 1345 1821 1377 in

1128 1394 1236 1427 Incliz's
1268 1395 1520 1428 occidentalibus
1553 1407 1649 1440 super
1685 1407 1819 1440 separa-

1130 1449 1214 1481 tione
1238 1449 1367 1481 msulae
1383 1449 1439 1482 SS.
1463 1450 1634 1482 Trinitatis
1650 1461 1669 1482 a
1689 1450 1823 1483 dioecesi

1128 1500 1166 1533 cle
1189 1501 1366 1543 Portorico,
1385 1505 1413 1535 et
1430 1503 1547 1534 imione
1570 1503 1823 1547 archiepiscopa-

1130 1554 1179 1585 tui
1202 1554 1235 1587 S.
1262 1553 1360 1587 Fidei
1373 1554 1392 1586 ¹.

1084 1633 1253 1661 Venerabili
1273 1635 1361 1662 fratri
1381 1635 1607 1670 archiepiscopo
1627 1636 1656 1663 S.
1678 1635 1822 1664 Dominioi

1242 1677 1273 1704 in
1293 1678 1388 1706 Indiis
1409 1679 1662 1713 occidentalibus,

1276 1731 1444 1759 Alexander
1468 1732 1545 1766 Papa
1565 1733 1626 1761 VII.

1294 1793 1481 1821 Venerabilis
1502 1794 1609 1827 frater,

1118 1837 1247 1865 salutem
1267 1840 1298 1864 et
1318 1838 1516 1871 apostolicam
1534 1838 1783 1868 benedictionem.

1126 1906 1263 1939 Nomine
1289 1907 1448 1940 carissimi
1471 1908 1504 1940 in
1526 1908 1655 1941 Christo
1679 1908 1737 1942 filii
1763 1920 1821 1943 no-

1084 1959 1141 1991 stri
1167 1959 1310 2002 Pliilippi
1336 1960 1563 2003 Hispaniarum
1596 1961 1682 2004 regis
1709 1963 1822 1995 catho-

1084 2011 1136 2044 lici
1161 2012 1256 2044 nobis
1282 2023 1387 2055 nuper
1412 2013 1563 2056 exposuit
1580 2014 1717 2047 dilectus
1735 2014 1821 2048 filius

1083 2069 1198 2096 noster
1220 2064 1386 2098 Paschalis
1407 2065 1438 2098 S.
1460 2065 1496 2098 R.
1517 2065 1550 2097 E.
1572 2066 1727 2099 diaconus
1754 2078 1822 2100 car-

1063 2117 1200 2160 fldinalis
1227 2118 1266 2150 de
1292 2117 1454 2160 Aragonia
1479 2124 1682 2162 nuncupatus
1699 2145 1706 2159 ,
1735 2121 1821 2163 quod

1084 2170 1170 2212 (cum
1194 2170 1299 2203 eidem
1324 2170 1476 2214 Philippo
1494 2171 1562 2213 regi
1588 2173 1726 2204 relatum
1752 2174 1821 2206 sue-

1083 2223 1124 2254 rit
1137 2223 1277 2255 insulam
1294 2222 1347 2255 SS.
1364 2223 1528 2256 Trinitatis
1546 2223 1722 2257 Guaianam
1740 2236 1821 2258 nun-

1083 2282 1232 2319 cupatam
1256 2276 1288 2308 in
1313 2276 1412 2309 Indiis
1438 2277 1708 2319 occidentalibus,
1738 2291 1821 2323 quae

1084 2329 1115 2361 ln
1136 2329 1360 2372 spiritualibus
1376 2328 1507 2372 quidem
1526 2330 1726 2374 episcopatui
1743 2332 1821 2365 Por-

1083 2381 1267 2422 tusdivitis,
1296 2392 1352 2414 seu
1377 2382 1416 2415 dc
1441 2382 1625 2423 Portorico,
1652 2384 1820 2428 hucusque

1083 2434 1228 2466 subiecta
1252 2434 1332 2474 fnit,
1358 2434 1391 2467 in
1416 2435 1648 2478 temporalibus
1673 2447 1749 2469 vero
1779 2438 1819 2471 ad

1082 2487 1339 2520 iurisdictionem
1356 2488 1537 2521 audientiae
1549 2489 1581 2521 in
1594 2489 1700 2523 insula
1715 2490 1746 2523 S.
1763 2490 1819 2524 Do-

1117 2601 1127 2627 1
1147 2599 1184 2627 Ex
1199 2599 1304 2635 Regest.
1322 2600 1347 2627 in
1363 2600 1462 2628 secret.
1480 2601 1556 2630 Brev.

1731 211 1784 244 191
1835 219 1882 245 An.
1899 217 1927 244 c.
1951 216 2016 243 1663

1877 438 2022 465 Transumpiis

1838 465 1907 486 danda
1922 465 1981 486 fidon.

1862 1916 1979 1945 Expositio.
