2247 3208
184 232 236 258 An.
253 232 281 259 C.
305 231 372 259 ¹666
418 223 482 256 41⁶2

246 503 358 527 Denuntio

178 532 338 550 contrariorum.

186 2085 309 2107 Exordium.

371 280 507 314 iudicari
533 285 565 312 et
588 278 716 312 definiri
743 277 885 317 debere,
916 287 952 309 ac
981 276 1106 308 irritum

372 339 403 366 et
426 334 521 366 inane
537 332 561 364 si
588 341 681 364 secus
700 340 799 373 super
814 329 864 362 his
891 340 907 362 a
933 339 1105 372 quoquam,

372 385 482 429 quavis
508 384 710 423 auctoritate,
730 383 876 416 scienter
894 383 941 415 vel
957 382 1107 424 ignoran-

372 443 430 477 ter,
456 436 633 479 contigerit
652 435 818 468 attentari.

414 490 429 533 ξ
453 489 484 522 4.
511 489 582 522 Non
607 488 810 522 obstantibus
839 487 1042 530 apostolicis,
1069 497 1106 520 ac

371 544 403 575 in
429 542 666 575 universalibus
684 541 1002 585 provincialibusque
1029 550 1106 573 con-

371 595 452 629 ciliis
477 595 581 635 editis,
601 595 812 638 generalibus
831 594 1102 638 velspeeialilius‚

370 648 659 681 constitutionibus
680 653 711 681 et
731 647 1003 687 ordinationibus,
1021 652 1105 679 cete-

369 702 481 745 risque
499 701 673 735 contrariis
691 701 959 744 quibuscumque.

412 755 525 788 Datum
550 755 680 796 Rornae,
698 755 783 797 apud
808 754 839 787 S.
859 754 989 786 Mariam
1008 753 1104 786 Maio-

369 818 452 849 rem,
477 807 536 841 sub
561 809 681 841 annulo
707 807 891 846 piscatoris,
910 806 962 839 die
984 816 1039 839 viu
1062 806 1104 839 ia-

367 861 471 894 nuarii
505 871 662 901 MDCvai,
688 860 894 904 pontificatus
922 859 1022 892 nostri
1049 870 1103 891 an-

367 924 409 947 no
423 924 467 947 xi.

402 974 461 1002 Dat.
478 975 520 1002 die
537 975 551 1001 8
568 975 681 1002 ianuarii
701 975 777 1008 1666,
795 974 889 1009 pontif.
908 982 977 1000 anno
993 981 1029 1000 xi.

653 1116 815 1150 DXXXIII.

364 1196 574 1240 Confirmatio
597 1197 751 1230 binarum
778 1196 965 1229 litterarum
987 1200 1100 1239 palen-

408 1250 491 1282 tiam
504 1249 657 1292 mayistri
673 1249 834 1292 yeneralz's
852 1248 987 1282 Ordinis
1003 1249 1100 1281 Erae⁴

406 1303 589 1335 dicatorum
603 1313 662 1345 pro
682 1302 770 1344 felici
782 1306 869 1333 statu
886 1306 914 1334 el
931 1311 1100 1343 proyressu

405 1355 666 1397 conat-eqationis
701 1355 738 1386 B.
773 1354 882 1387 Iacobi
923 1354 1031 1387 Veneti
1066 1354 1100 1385 in

403 1408 574 1450 provincia
603 1408 717 1439 Veneto
733 1407 812 1439 ctiori
826 1406 960 1439 Ordinis
980 1417 999 1438 a
1016 1407 1100 1438 dicto

404 1459 565 1502 maflistro
589 1460 737 1502 yenerali
760 1461 940 1497 institutae,
966 1459 1100 1492 studiis-

405 1523 467 1555 que
490 1514 525 1545 in
550 1514 587 1545 eci
609 1523 668 1556 pro
690 1513 914 1556 promovendis
938 1517 1100 1545 emanata-

404 1575 498 1605 rum,
527 1576 599 1598 cum
620 1566 842 1608 prohibitione
876 1576 914 1597 ue
938 1565 976 1597 cle
1000 1569 1098 1597 celero

402 1619 519 1660 fratres
533 1619 670 1661 professi
683 1619 822 1651 eiusdem
842 1619 1098 1661 conyreqationis

402 1672 444 1703 ad
483 1676 653 1705 conventus
682 1673 848 1714 praefatae
882 1672 931 1704 vel
961 1672 1097 1704 alterius

402 1725 544 1757 cuiusvis
566 1725 750 1768 provinciae
763 1725 842 1757 dicti
856 1724 989 1758 Ordz'm's
1009 1729 1097 1757 tran-

401 1777 466 1809 sire
490 1779 612 1820 possint
636 1778 756 1820 absque
788 1778 936 1820 eoepressci
965 1778 1095 1809 licentia

401 1830 482 1862 dicti
505 1831 655 1873 mayz'slri
679 1831 841 1873 qeneralls
867 1841 926 1873 pro
957 1835 1096 1873 tempore

400 1883 588 1917 eoeistentis¹.

551 1964 716 1991 Alexander
735 1964 815 1997 Papa
834 1963 900 1995 vu,

477 2008 512 2035 ad
532 2011 707 2042 perpetuam
726 2008 770 2035 rei
793 2008 974 2035 memoriam.

400 2078 433 2111 ln
459 2079 588 2112 sublimi
614 2079 704 2111 Sedis
730 2079 937 2121 Apostolicae
963 2080 1094 2121 specula

356 2132 499 2164 omnium
514 2131 773 2164 christifidelium
790 2131 968 2164 commodis
985 2136 1015 2163 et
1035 2131 1094 2162 uti-

356 2185 499 2216 litatibus
514 2184 634 2226 iugiter
648 2183 862 2226 invigilantes,
877 2195 923 2224 ea,
935 2194 1014 2227 quae
1032 2194 1092 2227 pro

357 2237 441 2270 felici
460 2237 748 2279 congregationum
764 2237 906 2270 virorum
926 2237 1095 2279 religioso-

355 2300 425 2322 rum
449 2295 522 2322 vota
547 2300 602 2322 sua
623 2289 785 2322 Altissimo
811 2289 843 2322 in
868 2289 1036 2322 sanctitate
1062 2295 1093 2321 et

355 2343 476 2376 iustitia
489 2343 625 2375 reddere
644 2343 859 2386 satagentium
871 2348 954 2376 statu
972 2348 1003 2375 et
1019 2353 1093 2386 pro-

355 2405 467 2438 gressu
492 2395 665 2428 salubriter
698 2396 872 2428 constituta
904 2400 996 2438 atque
1030 2395 1092 2427 dis-

354 2449 461 2491 posita
485 2459 556 2481 esse
582 2454 769 2486 noscuntur,
782 2454 817 2480 ut
840 2448 932 2480 firma
963 2458 1092 2491 semper

353 2500 541 2543 illibataque
567 2506 797 2543 permaneant,
823 2499 995 2543 apostolici
1022 2510 1092 2532 mu-

393 2617 404 2643 1
427 2614 464 2642 Ex
485 2614 590 2650 Regcst.
612 2614 639 2641 in
659 2614 760 2641 Secret.
783 2613 856 2640 Brevv

957 228 1136 252 BULLARIUM
1161 226 1278 251 ROMANt
1289 229 1312 252 M

1150 272 1280 308 niminis
1317 275 1499 318 patrocinio
1535 276 1674 309 libenter
1707 276 1889 310 constabili-

1148 339 1230 368 mus,
1245 333 1276 361 et
1291 328 1370 361 alias
1388 334 1571 371 opportune
1590 329 1729 372 desuper
1745 330 1890 373 provide·

1148 392 1228 421 mus,
1248 387 1346 424 prout
1370 383 1408 414 ad
1427 382 1657 424 omnipotentis
1674 382 1729 415 Dei
1751 383 1888 425 gloriam

1149 444 1184 465 ac
1208 433 1377 476 religionis
1408 434 1643 467 incrementum
1669 435 1821 477 expedire
1854 436 1886 468 in

1147 485 1284 518 Domino
1310 486 1514 518 arbitramur.

1191 538 1206 580 ᾗ
1229 537 1260 570 i.
1287 537 1411 581 Exponi
1433 538 1594 581 siquidem
1613 539 1705 571 nobis
1722 549 1826 583 nuper
1843 540 1887 573 se-

1148 595 1262 623 cerunt
1286 590 1393 624 dilecti
1415 590 1471 624 filii
1491 592 1604 624 fratres
1624 592 1886 634 congregationis

1146 643 1181 675 B.
1208 642 1315 676 iacobi
1342 643 1453 676 Veneti
1479 643 1607 677 Ordinis
1625 645 1885 678 praedicatorum

1147 707 1163 728 a
1181 696 1299 729 dilecto
1320 695 1386 729 silio
1405 696 1558 739 magistro
1577 698 1718 740 generali
1739 698 1885 731 ciusdem

1145 748 1273 781 Ordinis
1298 749 1328 781 in
1354 749 1518 792 provincia
1543 749 1574 782 S.
1600 750 1757 782 Dominici
1782 750 1885 783 Vene-

1146 802 1261 834 tiarum
1286 808 1411 835 erectae
1437 808 1468 835 et
1492 802 1663 843 institutae,
1691 803 1777 846 quod
1803 804 1882 837 alias

1144 854 1230 887 idem
1256 856 1408 897 magister
1433 855 1605 898 generalis
1624 857 1805 898 regularem
1825 857 1884 889 ob-

1145 907 1339 940 servantiam
1358 908 1389 940 in
1415 908 1500 940 dicta
1518 909 1768 951 congregatione
1784 910 1884 942 stabi-

1144 959 1213 999 lire,
1235 960 1370 1004 eiusque
1397 961 1480 993 felici
1498 961 1682 1004 progressui
1702 963 1880 1005 providere,

1145 1018 1177 1045 et
1201 1013 1379 1046 litterarum
1400 1014 1505 1047 studia
1523 1025 1715 1057 promovere
1731 1015 1875 1058 cupiens,

1143 1066 1234 1099 binas
1259 1067 1360 1099 edidit
1385 1072 1533 1110 patentes
1569 1067 1691 1100 litteras
1729 1073 1880 1101 tenorum

1144 1120 1196 1163 qui
1222 1126 1410 1163 sequuntur,
1434 1120 1603 1153 videlicet:

1193 1185 1205 1203 <t
1230 1173 1264 1205 In
1289 1173 1344 1205 Dei
1370 1173 1451 1205 Filio
1477 1173 1536 1205 sibi
1563 1173 1682 1206 dilecto
1708 1174 1879 1207 admodum

1143 1226 1319 1258 reverendo
1345 1226 1428 1268 patri
1454 1226 1542 1258 fratri
1567 1226 1662 1259 Petro
1680 1226 1805 1270 Martyri
1822 1227 1880 1259 Pe-

1143 1288 1205 1320 gna
1248 1279 1434 1321 provinciae
1478 1284 1609 1311 nostrae
1649 1279 1679 1311 S.
1721 1279 1876 1312 Dominici

1142 1331 1269 1363 Ordinis
1306 1331 1589 1372 Praedicatorum,
1614 1332 1714 1365 frater
1743 1332 1878 1365 Ioannes

1143 1384 1286 1427 Baptista
1317 1384 1354 1416 de
1389 1384 1516 1416 Masinis
1549 1395 1658 1417 sacrae
1691 1385 1876 1427 theologiae

1142 1437 1305 1479 professor
1329 1437 1474 1469 eiusdem
1499 1437 1625 1469 Ordinis
1650 1437 1803 1480 magister
1823 1448 1877 1479 ge-

1143 1489 1262 1521 neralis
1286 1494 1318 1521 et
1342 1500 1463 1522 servus.

1190 1554 1202 1571 <‹
1217 1542 1385 1584 ingeniose
1401 1542 1577 1575 observavit
1593 1541 1753 1575 Gilbertus
1766 1543 1875 1581 abbas,

1141 1596 1372 1638 quod‚tametsi
1391 1596 1502 1636 Lucae,
1520 1606 1601 1635 esu,
1620 1595 1732 1627 unicus
1754 1600 1876 1628 tantum

1140 1653 1412 1681 commemoratur
1426 1648 1516 1681 sortis
1534 1654 1681 1687 armatus,
1700 1649 1753 1691 qui
1771 1653 1878 1680 custo-

1140 1702 1206 1735 diat
1223 1702 1337 1734 atrium
1356 1712 1456 1741 suum,
1471 1702 1644 1744 omniaque
1662 1702 1728 1733 illic
1746 1701 1778 1732 in
1796 1701 1873 1733 alia·

1139 1767 1216 1799 pace
1232 1755 1410 1794 contineat;
1429 1760 1580 1793 attamen,
1601 1754 1733 1794 Contio„
1752 1764 1799 1793 111,
1816 1754 1876 1786 cir-

1138 1819 1174 1841 ca
1198 1809 1321 1851 regium
1346 1807 1528 1840 Salomonis
1554 1808 1704 1840 lectulum
1721 1806 1876 1850 multipli-

1138 1867 1251 1894 centur
1275 1861 1387 1893 armati
1413 1860 1578 1899 custodes,
1605 1865 1637 1892 et
1662 1859 1792 1902 quidem
1818 1869 1875 1891 nu-

1137 1919 1300 1946 merentur
1325 1913 1490 1955 sexaginta
1510 1912 1579 1950 viri,
1597 1911 1684 1954 iique
1703 1911 1817 1944 delecti
1836 1921 1873 1944 ex

1138 1967 1318 2000 fortissimis
1342 1966 1459 2005 Israel,
1487 1966 1603 2008 quibus
1628 1965 1702 1997 illae
1728 1964 1874 1998 commit-

1137 2025 1245 2053 tantur
1269 2019 1435 2057 excubiae,
1461 2029 1578 2062 nempe
1606 2018 1733 2061 (inquit
1756 2018 1871 2050 citatus

1136 2073 1310 2116 Gilbertus)
1345 2072 1476 2104 uberior
1511 2072 1562 2103 hic
1599 2075 1873 2104 commemoratur

1135 2125 1292 2165 custodia,
1308 2126 1382 2167 quia
1406 2124 1539 2157 uberior
1563 2130 1609 2156 est
1639 2123 1742 2166 gratia
1762 2123 1870 2155 lectuli

1136 2190 1230 2223 quam
1256 2178 1338 2217 atrii,
1364 2178 1453 2220 quasi
1480 2178 1564 2209 dicat
1579 2177 1611 2208 in
1629 2176 1722 2215 atrio,
1745 2175 1799 2207 ubi
1818 2176 1873 2208 mi·

1134 2242 1196 2264 nor
1216 2236 1265 2264 est
1290 2242 1306 2263 a
1331 2231 1440 2263 seculo
1459 2229 1563 2272 quies,
1583 2229 1699 2261 suffieit
1715 2239 1779 2260 uua
1796 2228 1872 2260 sim-

1135 2276 1207 2328 plex
1234 2284 1397 2321 custodia,
1425 2288 1456 2315 et
1480 2281 1627 2315 interiori
1653 2281 1793 2314 cubiculi
1817 2281 1871 2313 Sa-

1134 2336 1283 2376 lomonis,
1309 2335 1365 2368 ubi
1390 2336 1459 2368 sine
1489 2335 1625 2378 strepitu
1651 2334 1771 2366 arctior
1795 2344 1872 2366 con-

1135 2390 1359 2433 templantium
1376 2389 1449 2421 silet
1462 2399 1618 2426 recessus,
1634 2387 1811 2429 multiplica
1836 2386 1869 2418 ,ti

1135 2450 1209 2477 sunt
1235 2444 1406 2483 custodes,
1432 2453 1470 2475 ne
1503 2441 1580 2485 quid
1608 2441 1701 2473 facile
1727 2439 1868 2479 turbari,

1135 2504 1189 2531 aut
1212 2496 1398 2530 secretioris
1430 2494 1651 2528 observantiae
1681 2492 1771 2536 quies
1795 2501 1871 2534 pos-

1172 2569 1181 2593 1
1206 2566 1252 2593 Vel
1268 2565 1410 2601 legendum
1428 2565 1458 2591 ἰη
1474 2564 1533 2590 alta
1546 2571 1634 2597 pace3
1654 2562 1695 2588 vel
1715 2561 1870 2596 omniaque

1135 2612 1196 2639 alia
1211 2611 1270 2638 illic
1286 2611 1316 2637 in
1329 2617 1400 2644 pace
1413 2610 1451 2643 (n.
1468 2608 1512 2642 in).

1899 226 1947 252 Αῐι.
1969 225 1998 252 C.
2019 224 2083 251 lsssss

1923 549 2039 576 Exposita.

2243 2014 2247 2162 l

2241 2201 2246 2280 ,t
