<?xml version="1.0" encoding="UTF-8"?>
<!DOCTYPE html PUBLIC "-//W3C//DTD XHTML 1.0 Transitional//EN"
    "http://www.w3.org/TR/xhtml1/DTD/xhtml1-transitional.dtd">
<html xmlns="http://www.w3.org/1999/xhtml" xml:lang="en" lang="en">
 <head>
  <title>
</title>
<meta http-equiv="Content-Type" content="text/html;charset=utf-8" />
  <meta name='ocr-system' content='tesseract 3.04.00' />
  <meta name='ocr-capabilities' content='ocr_page ocr_carea ocr_par ocr_line ocrx_word'/>
</head>
<body>
  <div class='ocr_page' id='page_1' title='image "./bullarumdiplomat17cath_0778.png"; bbox 0 0 2247 3208; ppageno 0'>
   <div class='ocr_carea' id='block_1_1' title="bbox 245 259 427 288">
    <p class='ocr_par' dir='ltr' id='par_1_1' title="bbox 245 259 427 288">
     <span class='ocr_line' id='line_1_1' title="bbox 245 259 427 288; baseline 0 -1"><span class='ocrx_word' id='word_1_1' title='bbox 245 259 293 287; x_wconf 78' lang='lat' dir='ltr'>An.</span> <span class='ocrx_word' id='word_1_2' title='bbox 313 259 342 288; x_wconf 85' lang='lat' dir='ltr'>C.</span> <span class='ocrx_word' id='word_1_3' title='bbox 362 259 427 288; x_wconf 77' lang='lat'>1668</span> 
     </span>
    </p>
   </div>
   <div class='ocr_carea' id='block_1_2' title="bbox 301 582 425 602">
    <p class='ocr_par' dir='ltr' id='par_1_2' title="bbox 301 582 425 602">
     <span class='ocr_line' id='line_1_2' title="bbox 301 582 425 602; baseline -0.008 0"><span class='ocrx_word' id='word_1_4' title='bbox 301 582 425 602; x_wconf 60' lang='lat' dir='ltr'>Conannuo</span> 
     </span>
    </p>
   </div>
   <div class='ocr_carea' id='block_1_3' title="bbox 243 607 425 655">
    <p class='ocr_par' dir='ltr' id='par_1_3' title="bbox 243 607 425 655">
     <span class='ocr_line' id='line_1_3' title="bbox 243 607 425 628; baseline 0 0"><span class='ocrx_word' id='word_1_5' title='bbox 243 607 355 628; x_wconf 68' lang='lat' dir='ltr'>Clementis</span> <span class='ocrx_word' id='word_1_6' title='bbox 381 609 425 628; x_wconf 67' lang='lat' dir='ltr'>rut</span> 
     </span>
     <span class='ocr_line' id='line_1_4' title="bbox 243 635 340 655; baseline -0.01 0"><span class='ocrx_word' id='word_1_7' title='bbox 243 635 340 655; x_wconf 73' lang='lat' dir='ltr'>refertur.</span> 
     </span>
    </p>
   </div>
   <div class='ocr_carea' id='block_1_4' title="bbox 237 1315 419 1363">
    <p class='ocr_par' dir='ltr' id='par_1_4' title="bbox 237 1315 419 1363">
     <span class='ocr_line' id='line_1_5' title="bbox 264 1315 419 1337; baseline 0.006 -2"><span class='ocrx_word' id='word_1_8' title='bbox 264 1315 343 1336; x_wconf 84' lang='lat' dir='ltr'>Motiva</span> <span class='ocrx_word' id='word_1_9' title='bbox 363 1316 419 1337; x_wconf 76' lang='lat' dir='ltr'>illam</span> 
     </span>
     <span class='ocr_line' id='line_1_6' title="bbox 237 1342 379 1363; baseline 0 0"><span class='ocrx_word' id='word_1_10' title='bbox 237 1342 379 1363; x_wconf 70' lang='lat' dir='ltr'>modificandi.</span> 
     </span>
    </p>
   </div>
   <div class='ocr_carea' id='block_1_5' title="bbox 237 2050 418 2099">
    <p class='ocr_par' dir='ltr' id='par_1_5' title="bbox 237 2050 418 2099">
     <span class='ocr_line' id='line_1_7' title="bbox 263 2050 418 2077; baseline 0 -5"><span class='ocrx_word' id='word_1_11' title='bbox 263 2050 362 2072; x_wconf 62' lang='lat' dir='ltr'>Convenit</span> <span class='ocrx_word' id='word_1_12' title='bbox 371 2057 418 2077; x_wconf 83' lang='lat' dir='ltr'>pro-</span> 
     </span>
     <span class='ocr_line' id='line_1_8' title="bbox 237 2079 392 2099; baseline 0 -1"><span class='ocrx_word' id='word_1_13' title='bbox 237 2080 257 2098; x_wconf 80' lang='lat' dir='ltr'>ut</span> <span class='ocrx_word' id='word_1_14' title='bbox 269 2079 289 2098; x_wconf 84' lang='lat' dir='ltr'>in</span> <span class='ocrx_word' id='word_1_15' title='bbox 300 2079 392 2099; x_wconf 78' lang='lat' dir='ltr'>rubrica.</span> 
     </span>
    </p>
   </div>
   <div class='ocr_carea' id='block_1_6' title="bbox 427 251 1175 2670">
    <p class='ocr_par' dir='ltr' id='par_1_6' title="bbox 437 251 1175 550">
     <span class='ocr_line' id='line_1_9' title="bbox 473 251 537 284; baseline 0 0"><span class='ocrx_word' id='word_1_16' title='bbox 473 251 537 284; x_wconf 73' lang='lat'>678</span> 
     </span>
     <span class='ocr_line' id='line_1_10' title="bbox 440 305 1175 348; baseline -0.005 -8"><span class='ocrx_word' id='word_1_17' title='bbox 440 308 586 341; x_wconf 84' lang='lat' dir='ltr'>sterioris</span> <span class='ocrx_word' id='word_1_18' title='bbox 611 307 692 340; x_wconf 88' lang='lat' dir='ltr'>vitae</span> <span class='ocrx_word' id='word_1_19' title='bbox 716 306 825 348; x_wconf 79' lang='lat' dir='ltr'>regula</span> <span class='ocrx_word' id='word_1_20' title='bbox 849 305 1104 348; x_wconf 69' lang='lat' dir='ltr'>mancipatorum</span> <span class='ocrx_word' id='word_1_21' title='bbox 1123 315 1175 336; x_wconf 91' lang='lat' dir='ltr'>cu-</span> 
     </span>
     <span class='ocr_line' id='line_1_11' title="bbox 439 357 1170 402; baseline -0.007 -9"><span class='ocrx_word' id='word_1_22' title='bbox 439 372 504 393; x_wconf 84' lang='lat' dir='ltr'>ram</span> <span class='ocrx_word' id='word_1_23' title='bbox 537 364 706 402; x_wconf 85' lang='lat' dir='ltr'>gerentes,</span> <span class='ocrx_word' id='word_1_24' title='bbox 736 359 867 390; x_wconf 89' lang='lat' dir='ltr'>illorum</span> <span class='ocrx_word' id='word_1_25' title='bbox 900 357 1170 397; x_wconf 80' lang='lat' dir='ltr'>necessitatibus,</span> 
     </span>
     <span class='ocr_line' id='line_1_12' title="bbox 439 410 1171 456; baseline -0.004 -12"><span class='ocrx_word' id='word_1_26' title='bbox 439 418 594 456; x_wconf 87' lang='lat' dir='ltr'>quantum</span> <span class='ocrx_word' id='word_1_27' title='bbox 619 422 691 443; x_wconf 89' lang='lat' dir='ltr'>cum</span> <span class='ocrx_word' id='word_1_28' title='bbox 716 411 849 444; x_wconf 91' lang='lat' dir='ltr'>Domino</span> <span class='ocrx_word' id='word_1_29' title='bbox 875 421 1059 453; x_wconf 83' lang='lat' dir='ltr'>possumus,</span> <span class='ocrx_word' id='word_1_30' title='bbox 1078 410 1171 442; x_wconf 88' lang='lat' dir='ltr'>beni-</span> 
     </span>
     <span class='ocr_line' id='line_1_13' title="bbox 438 463 1171 507; baseline -0.004 -10"><span class='ocrx_word' id='word_1_31' title='bbox 438 467 499 507; x_wconf 72' lang='lat' dir='ltr'>gna</span> <span class='ocrx_word' id='word_1_32' title='bbox 535 464 721 506; x_wconf 76' lang='lat' dir='ltr'>salubrique</span> <span class='ocrx_word' id='word_1_33' title='bbox 754 463 977 496; x_wconf 77' lang='lat' dir='ltr'>moderatione</span> <span class='ocrx_word' id='word_1_34' title='bbox 1004 464 1171 495; x_wconf 88' lang='lat' dir='ltr'>consulere</span> 
     </span>
     <span class='ocr_line' id='line_1_14' title="bbox 437 518 636 550; baseline 0 -2"><span class='ocrx_word' id='word_1_35' title='bbox 437 518 636 550; x_wconf 71' lang='lat' dir='ltr'>studeamus.</span> 
     </span>
    </p>

    <p class='ocr_par' dir='ltr' id='par_1_7' title="bbox 430 568 1171 1293">
     <span class='ocr_line' id='line_1_15' title="bbox 480 568 1170 612; baseline -0.003 -11"><span class='ocrx_word' id='word_1_36' title='bbox 480 570 494 612; x_wconf 55' lang='grc' dir='ltr'><em>ᾖ</em></span> <span class='ocrx_word' id='word_1_37' title='bbox 520 569 547 601; x_wconf 84' lang='grc'>1.</span> <span class='ocrx_word' id='word_1_38' title='bbox 574 568 698 611; x_wconf 78' lang='lat' dir='ltr'>Exponi</span> <span class='ocrx_word' id='word_1_39' title='bbox 716 568 875 611; x_wconf 86' lang='lat' dir='ltr'>siquidem</span> <span class='ocrx_word' id='word_1_40' title='bbox 901 568 995 600; x_wconf 85' lang='lat' dir='ltr'>nobis</span> <span class='ocrx_word' id='word_1_41' title='bbox 1013 578 1117 611; x_wconf 87' lang='lat' dir='ltr'>nuper</span> <span class='ocrx_word' id='word_1_42' title='bbox 1131 568 1170 599; x_wconf 84' lang='lat' dir='ltr'>se-</span> 
     </span>
     <span class='ocr_line' id='line_1_16' title="bbox 437 620 1169 659; baseline -0.003 -6"><span class='ocrx_word' id='word_1_43' title='bbox 437 621 479 653; x_wconf 85' lang='lat' dir='ltr'>cit</span> <span class='ocrx_word' id='word_1_44' title='bbox 515 622 650 654; x_wconf 88' lang='lat' dir='ltr'>dilectus</span> <span class='ocrx_word' id='word_1_45' title='bbox 678 620 761 653; x_wconf 78' lang='lat' dir='ltr'>filius</span> <span class='ocrx_word' id='word_1_46' title='bbox 786 621 898 653; x_wconf 86' lang='lat' dir='ltr'>Petrus</span> <span class='ocrx_word' id='word_1_47' title='bbox 925 621 963 652; x_wconf 87' lang='lat' dir='ltr'>de</span> <span class='ocrx_word' id='word_1_48' title='bbox 989 620 1169 659; x_wconf 84' lang='lat' dir='ltr'>Consentia,</span> 
     </span>
     <span class='ocr_line' id='line_1_17' title="bbox 437 672 1171 716; baseline -0.004 -10"><span class='ocrx_word' id='word_1_49' title='bbox 437 675 560 706; x_wconf 85' lang='lat' dir='ltr'>zelosus</span> <span class='ocrx_word' id='word_1_50' title='bbox 592 685 649 707; x_wconf 89' lang='lat' dir='ltr'>seu</span> <span class='ocrx_word' id='word_1_51' title='bbox 674 679 863 716; x_wconf 87' lang='lat' dir='ltr'>procurator</span> <span class='ocrx_word' id='word_1_52' title='bbox 892 673 1053 715; x_wconf 72' lang='lat' dir='ltr'>generalis</span> <span class='ocrx_word' id='word_1_53' title='bbox 1079 672 1171 705; x_wconf 85' lang='lat' dir='ltr'>Ordi-</span> 
     </span>
     <span class='ocr_line' id='line_1_18' title="bbox 436 725 1170 759; baseline -0.001 -1"><span class='ocrx_word' id='word_1_54' title='bbox 436 727 484 759; x_wconf 90' lang='lat' dir='ltr'>nis</span> <span class='ocrx_word' id='word_1_55' title='bbox 511 727 646 759; x_wconf 81' lang='lat' dir='ltr'>fratrum</span> <span class='ocrx_word' id='word_1_56' title='bbox 679 726 780 759; x_wconf 87' lang='lat' dir='ltr'>sancti</span> <span class='ocrx_word' id='word_1_57' title='bbox 812 725 972 757; x_wconf 83' lang='lat' dir='ltr'>Francisci</span> <span class='ocrx_word' id='word_1_58' title='bbox 1004 726 1042 757; x_wconf 87' lang='lat' dir='ltr'>de</span> <span class='ocrx_word' id='word_1_59' title='bbox 1075 726 1170 757; x_wconf 90' lang='lat' dir='ltr'>Paula</span> 
     </span>
     <span class='ocr_line' id='line_1_19' title="bbox 436 779 1167 821; baseline 0 -11"><span class='ocrx_word' id='word_1_60' title='bbox 436 779 637 812; x_wconf 75' lang='lat' dir='ltr'>Minimorum</span> <span class='ocrx_word' id='word_1_61' title='bbox 654 784 921 821; x_wconf 75' lang='lat' dir='ltr'>nuncupatorum,</span> <span class='ocrx_word' id='word_1_62' title='bbox 938 779 1020 821; x_wconf 89' lang='lat' dir='ltr'>quod</span> <span class='ocrx_word' id='word_1_63' title='bbox 1036 779 1167 815; x_wconf 86' lang='lat' dir='ltr'>dudum,</span> 
     </span>
     <span class='ocr_line' id='line_1_20' title="bbox 433 831 1169 871; baseline -0.001 -7"><span class='ocrx_word' id='word_1_64' title='bbox 433 832 584 864; x_wconf 77' lang='lat' dir='ltr'>videlicet</span> <span class='ocrx_word' id='word_1_65' title='bbox 612 842 697 864; x_wconf 86' lang='lat' dir='ltr'>anno</span> <span class='ocrx_word' id='word_1_66' title='bbox 723 841 852 871; x_wconf 80' lang='lat' dir='ltr'>Mnxcvi,</span> <span class='ocrx_word' id='word_1_67' title='bbox 887 831 987 863; x_wconf 78' lang='lat' dir='ltr'>felicis</span> <span class='ocrx_word' id='word_1_68' title='bbox 1021 832 1169 863; x_wconf 77' lang='lat' dir='ltr'>recorda-</span> 
     </span>
     <span class='ocr_line' id='line_1_21' title="bbox 435 883 1169 927; baseline -0.001 -11"><span class='ocrx_word' id='word_1_69' title='bbox 435 885 529 917; x_wconf 90' lang='lat' dir='ltr'>tionis</span> <span class='ocrx_word' id='word_1_70' title='bbox 553 884 701 917; x_wconf 80' lang='lat' dir='ltr'>Clemens</span> <span class='ocrx_word' id='word_1_71' title='bbox 727 884 812 927; x_wconf 86' lang='lat' dir='ltr'>Papa</span> <span class='ocrx_word' id='word_1_72' title='bbox 843 883 906 915; x_wconf 72' lang='lat' dir='ltr'>VIII</span> <span class='ocrx_word' id='word_1_73' title='bbox 934 884 1169 926; x_wconf 81' lang='lat' dir='ltr'>praedecessor</span> 
     </span>
     <span class='ocr_line' id='line_1_22' title="bbox 434 936 1166 980; baseline -0.003 -11"><span class='ocrx_word' id='word_1_74' title='bbox 434 942 544 970; x_wconf 84' lang='lat' dir='ltr'>noster</span> <span class='ocrx_word' id='word_1_75' title='bbox 577 937 732 980; x_wconf 77' lang='lat' dir='ltr'>peculiari</span> <span class='ocrx_word' id='word_1_76' title='bbox 758 936 986 969; x_wconf 89' lang='lat' dir='ltr'>constitutione</span> <span class='ocrx_word' id='word_1_77' title='bbox 1016 936 1166 968; x_wconf 78' lang='lat' dir='ltr'>fratribus</span> 
     </span>
     <span class='ocr_line' id='line_1_23' title="bbox 434 988 1169 1032; baseline -0.003 -11"><span class='ocrx_word' id='word_1_78' title='bbox 434 989 509 1022; x_wconf 92' lang='lat' dir='ltr'>dicti</span> <span class='ocrx_word' id='word_1_79' title='bbox 539 989 669 1025; x_wconf 72' lang='lat' dir='ltr'>Ordinis</span> <span class='ocrx_word' id='word_1_80' title='bbox 698 989 874 1032; x_wconf 85' lang='lat' dir='ltr'>prohibuit,</span> <span class='ocrx_word' id='word_1_81' title='bbox 891 990 949 1021; x_wconf 86' lang='lat' dir='ltr'>sub</span> <span class='ocrx_word' id='word_1_82' title='bbox 975 990 1081 1031; x_wconf 73' lang='lat' dir='ltr'>poena</span> <span class='ocrx_word' id='word_1_83' title='bbox 1106 988 1169 1031; x_wconf 89' lang='lat' dir='ltr'>pri-</span> 
     </span>
     <span class='ocr_line' id='line_1_24' title="bbox 432 1041 1169 1084; baseline -0.003 -10"><span class='ocrx_word' id='word_1_84' title='bbox 432 1042 569 1074; x_wconf 88' lang='lat' dir='ltr'>vationis</span> <span class='ocrx_word' id='word_1_85' title='bbox 600 1042 686 1074; x_wconf 81' lang='lat' dir='ltr'>vocis</span> <span class='ocrx_word' id='word_1_86' title='bbox 720 1042 839 1074; x_wconf 76' lang='lat' dir='ltr'>activae</span> <span class='ocrx_word' id='word_1_87' title='bbox 872 1047 903 1074; x_wconf 90' lang='lat' dir='ltr'>et</span> <span class='ocrx_word' id='word_1_88' title='bbox 933 1041 1079 1084; x_wconf 79' lang='lat' dir='ltr'>passivae</span> <span class='ocrx_word' id='word_1_89' title='bbox 1111 1051 1169 1083; x_wconf 85' lang='lat' dir='ltr'>per</span> 
     </span>
     <span class='ocr_line' id='line_1_25' title="bbox 433 1093 1167 1134; baseline -0.003 -8"><span class='ocrx_word' id='word_1_90' title='bbox 433 1095 616 1134; x_wconf 83' lang='lat' dir='ltr'>triennium,</span> <span class='ocrx_word' id='word_1_91' title='bbox 635 1105 687 1133; x_wconf 87' lang='lat' dir='ltr'>ne,</span> <span class='ocrx_word' id='word_1_92' title='bbox 706 1094 892 1126; x_wconf 76' lang='lat' dir='ltr'>durantibus</span> <span class='ocrx_word' id='word_1_93' title='bbox 915 1104 1024 1126; x_wconf 87' lang='lat' dir='ltr'>eorum</span> <span class='ocrx_word' id='word_1_94' title='bbox 1040 1093 1167 1125; x_wconf 82' lang='lat' dir='ltr'>infirmi-</span> 
     </span>
     <span class='ocr_line' id='line_1_26' title="bbox 431 1146 1168 1189; baseline -0.003 -10"><span class='ocrx_word' id='word_1_95' title='bbox 431 1147 569 1186; x_wconf 82' lang='lat' dir='ltr'>tatibus,</span> <span class='ocrx_word' id='word_1_96' title='bbox 594 1147 626 1178; x_wconf 92' lang='lat' dir='ltr'>in</span> <span class='ocrx_word' id='word_1_97' title='bbox 651 1147 768 1189; x_wconf 84' lang='lat' dir='ltr'>quibus</span> <span class='ocrx_word' id='word_1_98' title='bbox 795 1147 960 1179; x_wconf 63' lang='lat' dir='ltr'>dumtaxat</span> <span class='ocrx_word' id='word_1_99' title='bbox 983 1146 1106 1178; x_wconf 86' lang='lat' dir='ltr'>eisdem</span> <span class='ocrx_word' id='word_1_100' title='bbox 1132 1146 1168 1178; x_wconf 91' lang='lat' dir='ltr'>li-</span> 
     </span>
     <span class='ocr_line' id='line_1_27' title="bbox 431 1198 1167 1241; baseline -0.001 -11"><span class='ocrx_word' id='word_1_101' title='bbox 431 1200 526 1231; x_wconf 88' lang='lat' dir='ltr'>citum</span> <span class='ocrx_word' id='word_1_102' title='bbox 552 1204 600 1231; x_wconf 85' lang='lat' dir='ltr'>est</span> <span class='ocrx_word' id='word_1_103' title='bbox 623 1199 706 1231; x_wconf 84' lang='lat' dir='ltr'>vesci</span> <span class='ocrx_word' id='word_1_104' title='bbox 731 1198 811 1231; x_wconf 89' lang='lat' dir='ltr'>cibis</span> <span class='ocrx_word' id='word_1_105' title='bbox 836 1198 1044 1241; x_wconf 67' lang='lat' dir='ltr'>paschalibus</span> <span class='ocrx_word' id='word_1_106' title='bbox 1060 1225 1068 1238; x_wconf 84' lang='lat'>,</span> <span class='ocrx_word' id='word_1_107' title='bbox 1095 1208 1167 1230; x_wconf 85' lang='lat' dir='ltr'>con-</span> 
     </span>
     <span class='ocr_line' id='line_1_28' title="bbox 430 1252 854 1293; baseline -0.005 -9"><span class='ocrx_word' id='word_1_108' title='bbox 430 1252 577 1284; x_wconf 84' lang='lat' dir='ltr'>ventibus</span> <span class='ocrx_word' id='word_1_109' title='bbox 605 1252 854 1293; x_wconf 74' lang='lat' dir='ltr'>egrederentur.</span> 
     </span>
    </p>

    <p class='ocr_par' dir='ltr' id='par_1_8' title="bbox 428 1304 1167 2034">
     <span class='ocr_line' id='line_1_29' title="bbox 474 1304 1164 1347; baseline -0.001 -11"><span class='ocrx_word' id='word_1_110' title='bbox 474 1306 489 1347; x_wconf 56' lang='lat' dir='ltr'>g</span> <span class='ocrx_word' id='word_1_111' title='bbox 513 1304 543 1336; x_wconf 67' lang='lat'>2.</span> <span class='ocrx_word' id='word_1_112' title='bbox 570 1305 689 1336; x_wconf 73' lang='lat' dir='ltr'>Verum</span> <span class='ocrx_word' id='word_1_113' title='bbox 716 1304 907 1346; x_wconf 88' lang='lat' dir='ltr'>quotidiano</span> <span class='ocrx_word' id='word_1_114' title='bbox 939 1304 1164 1346; x_wconf 71' lang='lat' dir='ltr'>experimento</span> 
     </span>
     <span class='ocr_line' id='line_1_30' title="bbox 431 1357 1167 1400; baseline -0.003 -10"><span class='ocrx_word' id='word_1_115' title='bbox 431 1358 678 1400; x_wconf 87' lang='lat' dir='ltr'>comprobatum</span> <span class='ocrx_word' id='word_1_116' title='bbox 704 1362 750 1389; x_wconf 87' lang='lat' dir='ltr'>est</span> <span class='ocrx_word' id='word_1_117' title='bbox 780 1367 818 1388; x_wconf 75' lang='lat' dir='ltr'>ex</span> <span class='ocrx_word' id='word_1_118' title='bbox 843 1357 1082 1388; x_wconf 61' lang='lat' dir='ltr'>constitutionis</span> <span class='ocrx_word' id='word_1_119' title='bbox 1109 1357 1167 1388; x_wconf 91' lang='lat' dir='ltr'>hu-</span> 
     </span>
     <span class='ocr_line' id='line_1_31' title="bbox 430 1409 1163 1452; baseline -0.001 -10"><span class='ocrx_word' id='word_1_120' title='bbox 430 1410 582 1450; x_wconf 87' lang='lat' dir='ltr'>iusmodi,</span> <span class='ocrx_word' id='word_1_121' title='bbox 599 1410 719 1452; x_wconf 90' lang='lat' dir='ltr'>optimo</span> <span class='ocrx_word' id='word_1_122' title='bbox 740 1410 817 1442; x_wconf 90' lang='lat' dir='ltr'>licet</span> <span class='ocrx_word' id='word_1_123' title='bbox 833 1409 970 1441; x_wconf 80' lang='lat' dir='ltr'>consilio</span> <span class='ocrx_word' id='word_1_124' title='bbox 990 1414 1163 1447; x_wconf 84' lang='lat' dir='ltr'>emanatae,</span> 
     </span>
     <span class='ocr_line' id='line_1_32' title="bbox 430 1462 1163 1501; baseline -0.001 -6"><span class='ocrx_word' id='word_1_125' title='bbox 430 1462 656 1495; x_wconf 87' lang='lat' dir='ltr'>observatione</span> <span class='ocrx_word' id='word_1_126' title='bbox 692 1463 792 1494; x_wconf 85' lang='lat' dir='ltr'>multa</span> <span class='ocrx_word' id='word_1_127' title='bbox 823 1462 902 1494; x_wconf 88' lang='lat' dir='ltr'>oriri</span> <span class='ocrx_word' id='word_1_128' title='bbox 938 1462 1163 1501; x_wconf 86' lang='lat' dir='ltr'>incommoda,</span> 
     </span>
     <span class='ocr_line' id='line_1_33' title="bbox 430 1515 1163 1558; baseline 0 -11"><span class='ocrx_word' id='word_1_129' title='bbox 430 1526 503 1548; x_wconf 89' lang='lat' dir='ltr'>cum</span> <span class='ocrx_word' id='word_1_130' title='bbox 530 1516 643 1547; x_wconf 80' lang='lat' dir='ltr'>fratres</span> <span class='ocrx_word' id='word_1_131' title='bbox 667 1515 823 1558; x_wconf 76' lang='lat' dir='ltr'>praedicti</span> <span class='ocrx_word' id='word_1_132' title='bbox 843 1515 959 1547; x_wconf 87' lang='lat' dir='ltr'>talibus</span> <span class='ocrx_word' id='word_1_133' title='bbox 980 1515 1163 1557; x_wconf 69' lang='lat' dir='ltr'>saepissime</span> 
     </span>
     <span class='ocr_line' id='line_1_34' title="bbox 430 1568 1165 1612; baseline 0 -12"><span class='ocrx_word' id='word_1_134' title='bbox 430 1569 647 1612; x_wconf 77' lang='lat' dir='ltr'>corripiantur</span> <span class='ocrx_word' id='word_1_135' title='bbox 672 1569 817 1611; x_wconf 74' lang='lat' dir='ltr'>corporIs</span> <span class='ocrx_word' id='word_1_136' title='bbox 842 1568 1105 1609; x_wconf 77' lang='lat' dir='ltr'>infirmitatibus,</span> <span class='ocrx_word' id='word_1_137' title='bbox 1130 1574 1165 1600; x_wconf 89' lang='lat' dir='ltr'>ut</span> 
     </span>
     <span class='ocr_line' id='line_1_35' title="bbox 430 1621 1164 1665; baseline 0 -11"><span class='ocrx_word' id='word_1_138' title='bbox 430 1622 469 1654; x_wconf 90' lang='lat' dir='ltr'>ad</span> <span class='ocrx_word' id='word_1_139' title='bbox 494 1632 594 1665; x_wconf 84' lang='lat' dir='ltr'>aquas</span> <span class='ocrx_word' id='word_1_140' title='bbox 619 1621 876 1654; x_wconf 54' lang='lat' dir='ltr'>mineraleswel</span> <span class='ocrx_word' id='word_1_141' title='bbox 908 1622 1088 1664; x_wconf 84' lang='lat' dir='ltr'>potandas,</span> <span class='ocrx_word' id='word_1_142' title='bbox 1114 1623 1164 1654; x_wconf 84' lang='lat' dir='ltr'>vel</span> 
     </span>
     <span class='ocr_line' id='line_1_36' title="bbox 430 1674 1164 1716; baseline 0 -10"><span class='ocrx_word' id='word_1_143' title='bbox 430 1684 540 1707; x_wconf 83' lang='lat' dir='ltr'>earum</span> <span class='ocrx_word' id='word_1_144' title='bbox 564 1675 689 1707; x_wconf 80' lang='lat' dir='ltr'>balneis</span> <span class='ocrx_word' id='word_1_145' title='bbox 713 1674 826 1707; x_wconf 86' lang='lat' dir='ltr'>utendi</span> <span class='ocrx_word' id='word_1_146' title='bbox 853 1685 938 1716; x_wconf 73' lang='lat' dir='ltr'>ergo,</span> <span class='ocrx_word' id='word_1_147' title='bbox 959 1685 992 1706; x_wconf 90' lang='lat' dir='ltr'>se</span> <span class='ocrx_word' id='word_1_148' title='bbox 1014 1674 1164 1707; x_wconf 64' lang='lat' dir='ltr'>conterre</span> 
     </span>
     <span class='ocr_line' id='line_1_37' title="bbox 429 1727 1165 1770; baseline -0.001 -10"><span class='ocrx_word' id='word_1_149' title='bbox 429 1733 603 1770; x_wconf 79' lang='lat' dir='ltr'>cogantur,</span> <span class='ocrx_word' id='word_1_150' title='bbox 629 1738 711 1770; x_wconf 86' lang='lat' dir='ltr'>quae</span> <span class='ocrx_word' id='word_1_151' title='bbox 737 1727 880 1760; x_wconf 79' lang='lat' dir='ltr'>remedia</span> <span class='ocrx_word' id='word_1_152' title='bbox 901 1728 1085 1760; x_wconf 85' lang='lat' dir='ltr'>nullatenus</span> <span class='ocrx_word' id='word_1_153' title='bbox 1111 1728 1165 1759; x_wconf 86' lang='lat' dir='ltr'>ad-</span> 
     </span>
     <span class='ocr_line' id='line_1_38' title="bbox 429 1780 1165 1823; baseline -0.001 -10"><span class='ocrx_word' id='word_1_154' title='bbox 429 1781 537 1813; x_wconf 85' lang='lat' dir='ltr'>hiberi</span> <span class='ocrx_word' id='word_1_155' title='bbox 553 1782 667 1820; x_wconf 89' lang='lat' dir='ltr'>valent,</span> <span class='ocrx_word' id='word_1_156' title='bbox 683 1780 744 1813; x_wconf 90' lang='lat' dir='ltr'>nisi</span> <span class='ocrx_word' id='word_1_157' title='bbox 762 1780 841 1812; x_wconf 87' lang='lat' dir='ltr'>cibis</span> <span class='ocrx_word' id='word_1_158' title='bbox 856 1780 1061 1823; x_wconf 77' lang='lat' dir='ltr'>paschalibus</span> <span class='ocrx_word' id='word_1_159' title='bbox 1079 1781 1165 1812; x_wconf 79' lang='lat' dir='ltr'>iuxta</span> 
     </span>
     <span class='ocr_line' id='line_1_39' title="bbox 428 1834 1164 1876; baseline 0 -11"><span class='ocrx_word' id='word_1_160' title='bbox 428 1834 608 1866; x_wconf 78' lang='lat' dir='ltr'>medicinae</span> <span class='ocrx_word' id='word_1_161' title='bbox 641 1835 770 1876; x_wconf 69' lang='lat' dir='ltr'>regulas</span> <span class='ocrx_word' id='word_1_162' title='bbox 803 1839 953 1873; x_wconf 83' lang='lat' dir='ltr'>utantur,</span> <span class='ocrx_word' id='word_1_163' title='bbox 988 1840 1083 1876; x_wconf 85' lang='lat' dir='ltr'>atque</span> <span class='ocrx_word' id='word_1_164' title='bbox 1121 1834 1164 1865; x_wconf 92' lang='lat' dir='ltr'>ita</span> 
     </span>
     <span class='ocr_line' id='line_1_40' title="bbox 429 1886 1164 1929; baseline 0.001 -11"><span class='ocrx_word' id='word_1_165' title='bbox 429 1886 697 1919; x_wconf 85' lang='lat' dir='ltr'>constitutionem</span> <span class='ocrx_word' id='word_1_166' title='bbox 715 1886 911 1929; x_wconf 81' lang='lat' dir='ltr'>praedictam</span> <span class='ocrx_word' id='word_1_167' title='bbox 926 1886 1112 1928; x_wconf 64' lang='lat' dir='ltr'>infringant,</span> <span class='ocrx_word' id='word_1_168' title='bbox 1129 1898 1164 1919; x_wconf 87' lang='lat' dir='ltr'>ac</span> 
     </span>
     <span class='ocr_line' id='line_1_41' title="bbox 428 1938 1164 1981; baseline -0.001 -10"><span class='ocrx_word' id='word_1_169' title='bbox 428 1939 544 1981; x_wconf 86' lang='lat' dir='ltr'>poenis</span> <span class='ocrx_word' id='word_1_170' title='bbox 569 1950 629 1981; x_wconf 86' lang='lat' dir='ltr'>per</span> <span class='ocrx_word' id='word_1_171' title='bbox 654 1950 723 1971; x_wconf 88' lang='lat' dir='ltr'>eam</span> <span class='ocrx_word' id='word_1_172' title='bbox 750 1938 820 1971; x_wconf 89' lang='lat' dir='ltr'>latis</span> <span class='ocrx_word' id='word_1_173' title='bbox 846 1949 915 1971; x_wconf 84' lang='lat' dir='ltr'>sese</span> <span class='ocrx_word' id='word_1_174' title='bbox 942 1944 1112 1981; x_wconf 77' lang='lat' dir='ltr'>exponant,</span> <span class='ocrx_word' id='word_1_175' title='bbox 1139 1939 1164 1971; x_wconf 87' lang='lat' dir='ltr'>si</span> 
     </span>
     <span class='ocr_line' id='line_1_42' title="bbox 428 1991 1041 2034; baseline 0.003 -12"><span class='ocrx_word' id='word_1_176' title='bbox 428 1991 538 2024; x_wconf 88' lang='lat' dir='ltr'>mortis</span> <span class='ocrx_word' id='word_1_177' title='bbox 563 1992 742 2034; x_wconf 88' lang='lat' dir='ltr'>periculum</span> <span class='ocrx_word' id='word_1_178' title='bbox 769 1992 904 2024; x_wconf 78' lang='lat' dir='ltr'>evadere</span> <span class='ocrx_word' id='word_1_179' title='bbox 930 1992 1041 2024; x_wconf 80' lang='lat' dir='ltr'>velint.</span> 
     </span>
    </p>

    <p class='ocr_par' dir='ltr' id='par_1_9' title="bbox 427 2044 1166 2616">
     <span class='ocr_line' id='line_1_43' title="bbox 473 2044 1166 2088; baseline 0.001 -11"><span class='ocrx_word' id='word_1_180' title='bbox 473 2046 487 2087; x_wconf 64' lang='grc' dir='ltr'>,ξ</span> <span class='ocrx_word' id='word_1_181' title='bbox 512 2044 543 2077; x_wconf 80' lang='lat'>3.</span> <span class='ocrx_word' id='word_1_182' title='bbox 571 2044 648 2077; x_wconf 89' lang='lat' dir='ltr'>Cum</span> <span class='ocrx_word' id='word_1_183' title='bbox 675 2050 790 2084; x_wconf 86' lang='lat' dir='ltr'>autem,</span> <span class='ocrx_word' id='word_1_184' title='bbox 818 2045 899 2076; x_wconf 75' lang='lat' dir='ltr'>sicut</span> <span class='ocrx_word' id='word_1_185' title='bbox 925 2045 1037 2078; x_wconf 84' lang='lat' dir='ltr'>eadem</span> <span class='ocrx_word' id='word_1_186' title='bbox 1071 2056 1166 2088; x_wconf 71' lang='lat' dir='ltr'>expo-</span> 
     </span>
     <span class='ocr_line' id='line_1_44' title="bbox 429 2097 1163 2141; baseline 0.003 -13"><span class='ocrx_word' id='word_1_187' title='bbox 429 2097 502 2129; x_wconf 77' lang='lat' dir='ltr'>sitio</span> <span class='ocrx_word' id='word_1_188' title='bbox 532 2097 768 2139; x_wconf 68' lang='lat' dir='ltr'>subiungebat,</span> <span class='ocrx_word' id='word_1_189' title='bbox 798 2098 984 2141; x_wconf 79' lang='lat' dir='ltr'>praemissis</span> <span class='ocrx_word' id='word_1_190' title='bbox 1013 2099 1163 2139; x_wconf 86' lang='lat' dir='ltr'>attentis,</span> 
     </span>
     <span class='ocr_line' id='line_1_45' title="bbox 430 2150 1164 2193; baseline 0.001 -11"><span class='ocrx_word' id='word_1_191' title='bbox 430 2150 515 2183; x_wconf 88' lang='lat' dir='ltr'>Ordo</span> <span class='ocrx_word' id='word_1_192' title='bbox 542 2151 725 2193; x_wconf 85' lang='lat' dir='ltr'>praedictus</span> <span class='ocrx_word' id='word_1_193' title='bbox 748 2152 856 2183; x_wconf 82' lang='lat' dir='ltr'>zeloso</span> <span class='ocrx_word' id='word_1_194' title='bbox 882 2162 935 2183; x_wconf 82' lang='lat' dir='ltr'>seu</span> <span class='ocrx_word' id='word_1_195' title='bbox 961 2152 1164 2193; x_wconf 79' lang='lat' dir='ltr'>procuratori</span> 
     </span>
     <span class='ocr_line' id='line_1_46' title="bbox 428 2203 1166 2246; baseline 0 -11"><span class='ocrx_word' id='word_1_196' title='bbox 428 2203 571 2245; x_wconf 77' lang='lat' dir='ltr'>generali</span> <span class='ocrx_word' id='word_1_197' title='bbox 598 2204 700 2246; x_wconf 84' lang='lat' dir='ltr'>ipsius</span> <span class='ocrx_word' id='word_1_198' title='bbox 725 2203 852 2235; x_wconf 82' lang='lat' dir='ltr'>Ordinis</span> <span class='ocrx_word' id='word_1_199' title='bbox 878 2204 1001 2246; x_wconf 86' lang='lat' dir='ltr'>pluries</span> <span class='ocrx_word' id='word_1_200' title='bbox 1022 2204 1166 2236; x_wconf 77' lang='lat' dir='ltr'>iniunxe-</span> 
     </span>
     <span class='ocr_line' id='line_1_47' title="bbox 429 2255 1164 2289; baseline 0.003 -2"><span class='ocrx_word' id='word_1_201' title='bbox 429 2256 471 2287; x_wconf 83' lang='lat' dir='ltr'>rit</span> <span class='ocrx_word' id='word_1_202' title='bbox 502 2261 536 2287; x_wconf 88' lang='lat' dir='ltr'>ut</span> <span class='ocrx_word' id='word_1_203' title='bbox 564 2262 760 2288; x_wconf 73' lang='lat' dir='ltr'>memoratae</span> <span class='ocrx_word' id='word_1_204' title='bbox 788 2255 1028 2288; x_wconf 77' lang='lat' dir='ltr'>constitutionis</span> <span class='ocrx_word' id='word_1_205' title='bbox 1054 2258 1164 2289; x_wconf 84' lang='lat' dir='ltr'>mode-</span> 
     </span>
     <span class='ocr_line' id='line_1_48' title="bbox 428 2308 1162 2352; baseline 0.003 -13"><span class='ocrx_word' id='word_1_206' title='bbox 428 2308 584 2340; x_wconf 84' lang='lat' dir='ltr'>rationem</span> <span class='ocrx_word' id='word_1_207' title='bbox 610 2309 648 2341; x_wconf 92' lang='lat' dir='ltr'>ad</span> <span class='ocrx_word' id='word_1_208' title='bbox 675 2309 734 2340; x_wconf 85' lang='lat' dir='ltr'>hac</span> <span class='ocrx_word' id='word_1_209' title='bbox 751 2310 858 2340; x_wconf 75' lang='lat' dir='ltr'>sancta</span> <span class='ocrx_word' id='word_1_210' title='bbox 883 2308 964 2341; x_wconf 85' lang='lat' dir='ltr'>Sede</span> <span class='ocrx_word' id='word_1_211' title='bbox 991 2310 1162 2352; x_wconf 86' lang='lat' dir='ltr'>impetrare</span> 
     </span>
     <span class='ocr_line' id='line_1_49' title="bbox 428 2362 1161 2405; baseline 0.004 -13"><span class='ocrx_word' id='word_1_212' title='bbox 428 2367 570 2393; x_wconf 83' lang='lat' dir='ltr'>curaret:</span> <span class='ocrx_word' id='word_1_213' title='bbox 596 2362 687 2394; x_wconf 80' lang='lat' dir='ltr'>nobis</span> <span class='ocrx_word' id='word_1_214' title='bbox 714 2368 888 2405; x_wconf 88' lang='lat' dir='ltr'>propterea</span> <span class='ocrx_word' id='word_1_215' title='bbox 913 2363 1016 2395; x_wconf 86' lang='lat' dir='ltr'>dictus</span> <span class='ocrx_word' id='word_1_216' title='bbox 1040 2364 1161 2404; x_wconf 84' lang='lat' dir='ltr'>Petrus,</span> 
     </span>
     <span class='ocr_line' id='line_1_50' title="bbox 428 2414 1161 2460; baseline 0.004 -16"><span class='ocrx_word' id='word_1_217' title='bbox 428 2414 574 2446; x_wconf 72' lang='lat' dir='ltr'>eiusdem</span> <span class='ocrx_word' id='word_1_218' title='bbox 598 2415 726 2447; x_wconf 83' lang='lat' dir='ltr'>Ordinis</span> <span class='ocrx_word' id='word_1_219' title='bbox 744 2417 884 2455; x_wconf 85' lang='lat' dir='ltr'>nomine,</span> <span class='ocrx_word' id='word_1_220' title='bbox 909 2416 1075 2448; x_wconf 81' lang='lat' dir='ltr'>humiliter</span> <span class='ocrx_word' id='word_1_221' title='bbox 1092 2428 1161 2460; x_wconf 58' lang='lat' dir='ltr'>sup&lt;</span> 
     </span>
     <span class='ocr_line' id='line_1_51' title="bbox 427 2467 1161 2512; baseline 0.007 -15"><span class='ocrx_word' id='word_1_222' title='bbox 427 2467 541 2508; x_wconf 72' lang='lat' dir='ltr'>plicari</span> <span class='ocrx_word' id='word_1_223' title='bbox 568 2467 641 2499; x_wconf 60' lang='lat' dir='ltr'>lecit</span> <span class='ocrx_word' id='word_1_224' title='bbox 657 2473 691 2499; x_wconf 92' lang='lat' dir='ltr'>ut</span> <span class='ocrx_word' id='word_1_225' title='bbox 713 2468 745 2499; x_wconf 90' lang='lat' dir='ltr'>in</span> <span class='ocrx_word' id='word_1_226' title='bbox 771 2469 954 2510; x_wconf 75' lang='lat' dir='ltr'>praemissis</span> <span class='ocrx_word' id='word_1_227' title='bbox 979 2475 1161 2512; x_wconf 86' lang='lat' dir='ltr'>opportune</span> 
     </span>
     <span class='ocr_line' id='line_1_52' title="bbox 428 2520 1162 2564; baseline 0.007 -14"><span class='ocrx_word' id='word_1_228' title='bbox 428 2520 600 2561; x_wconf 56' lang='lat' dir='ltr'>providerev</span> <span class='ocrx_word' id='word_1_229' title='bbox 626 2525 657 2551; x_wconf 91' lang='lat' dir='ltr'>et</span> <span class='ocrx_word' id='word_1_230' title='bbox 680 2527 717 2552; x_wconf 91' lang='lat' dir='ltr'>ut</span> <span class='ocrx_word' id='word_1_231' title='bbox 742 2521 824 2553; x_wconf 77' lang='lat' dir='ltr'>infra</span> <span class='ocrx_word' id='word_1_232' title='bbox 848 2522 1020 2564; x_wconf 79' lang='lat' dir='ltr'>indulgere</span> <span class='ocrx_word' id='word_1_233' title='bbox 1047 2524 1084 2555; x_wconf 90' lang='lat' dir='ltr'>de</span> <span class='ocrx_word' id='word_1_234' title='bbox 1109 2524 1162 2556; x_wconf 82' lang='lat' dir='ltr'>be-</span> 
     </span>
     <span class='ocr_line' id='line_1_53' title="bbox 429 2572 1048 2616; baseline 0.005 -12"><span class='ocrx_word' id='word_1_235' title='bbox 429 2572 584 2614; x_wconf 74' lang='lat' dir='ltr'>nignitate</span> <span class='ocrx_word' id='word_1_236' title='bbox 610 2573 786 2616; x_wconf 77' lang='lat' dir='ltr'>apostolica</span> <span class='ocrx_word' id='word_1_237' title='bbox 808 2574 1048 2615; x_wconf 70' lang='lat' dir='ltr'>‹lignareinur¹.</span> 
     </span>
    </p>

    <p class='ocr_par' dir='ltr' id='par_1_10' title="bbox 466 2633 1036 2670">
     <span class='ocr_line' id='line_1_54' title="bbox 466 2633 1036 2670; baseline 0.005 -11"><span class='ocrx_word' id='word_1_238' title='bbox 466 2635 476 2658; x_wconf 88' lang='lat'><strong>1</strong></span> <span class='ocrx_word' id='word_1_239' title='bbox 500 2633 567 2659; x_wconf 80' lang='lat' dir='ltr'>Edit.</span> <span class='ocrx_word' id='word_1_240' title='bbox 586 2633 663 2660; x_wconf 81' lang='lat' dir='ltr'>Main.</span> <span class='ocrx_word' id='word_1_241' title='bbox 682 2634 745 2668; x_wconf 79' lang='lat' dir='ltr'>tegit</span> <span class='ocrx_word' id='word_1_242' title='bbox 760 2635 919 2669; x_wconf 70' lang='lat' dir='ltr'>diyuanzur</span> <span class='ocrx_word' id='word_1_243' title='bbox 933 2636 973 2670; x_wconf 79' lang='lat' dir='ltr'>(R.</span> <span class='ocrx_word' id='word_1_244' title='bbox 990 2638 1036 2669; x_wconf 87' lang='grc' dir='ltr'><strong>Τ.).</strong></span> 
     </span>
    </p>
   </div>
   <div class='ocr_carea' id='block_1_7' title="bbox 1012 255 1366 281">
    <p class='ocr_par' dir='ltr' id='par_1_11' title="bbox 1012 255 1366 281">
     <span class='ocr_line' id='line_1_55' title="bbox 1012 255 1366 281; baseline 0 -1"><span class='ocrx_word' id='word_1_245' title='bbox 1012 257 1191 281; x_wconf 63' lang='lat' dir='ltr'>BULLARIUM</span> <span class='ocrx_word' id='word_1_246' title='bbox 1215 255 1366 280; x_wconf 57' lang='lat' dir='ltr'>ROMANL&#39;M</span> 
     </span>
    </p>
   </div>
   <div class='ocr_carea' id='block_1_8' title="bbox 1183 420 1195 2514">
    <p class='ocr_par' dir='ltr' id='par_1_12' title="bbox 1183 420 1195 2514">
     <span class='ocr_line' id='line_1_56' title="bbox 1183 420 1195 2514; baseline 0 0"><span class='ocrx_word' id='word_1_247' title='bbox 1183 420 1195 2514; x_wconf 95' lang='lat' dir='ltr'> </span> 
     </span>
    </p>
   </div>
   <div class='ocr_carea' id='block_1_9' title="bbox 1204 297 1950 2671">
    <p class='ocr_par' dir='ltr' id='par_1_13' title="bbox 1207 297 1950 1764">
     <span class='ocr_line' id='line_1_57' title="bbox 1261 297 1950 347; baseline 0.007 -11"><span class='ocrx_word' id='word_1_248' title='bbox 1261 304 1275 347; x_wconf 61' lang='grc' dir='ltr'><strong>ἓ</strong></span> <span class='ocrx_word' id='word_1_249' title='bbox 1297 304 1328 336; x_wconf 74' lang='grc'>4.</span> <span class='ocrx_word' id='word_1_250' title='bbox 1357 297 1433 337; x_wconf 79' lang='lat' dir='ltr'>Nos</span> <span class='ocrx_word' id='word_1_251' title='bbox 1454 304 1561 347; x_wconf 81' lang='lat' dir='ltr'>igitur,</span> <span class='ocrx_word' id='word_1_252' title='bbox 1591 306 1733 339; x_wconf 85' lang='lat' dir='ltr'>eiusdem</span> <span class='ocrx_word' id='word_1_253' title='bbox 1760 307 1845 340; x_wconf 87' lang='lat' dir='ltr'>Petri</span> <span class='ocrx_word' id='word_1_254' title='bbox 1870 308 1950 341; x_wconf 86' lang='lat' dir='ltr'>votis</span> 
     </span>
     <span class='ocr_line' id='line_1_58' title="bbox 1216 356 1949 404; baseline 0.01 -17"><span class='ocrx_word' id='word_1_255' title='bbox 1216 356 1436 389; x_wconf 83' lang='lat' dir='ltr'>favorabiliter</span> <span class='ocrx_word' id='word_1_256' title='bbox 1458 367 1598 390; x_wconf 87' lang='lat' dir='ltr'>annuere</span> <span class='ocrx_word' id='word_1_257' title='bbox 1623 359 1781 400; x_wconf 87' lang='lat' dir='ltr'>volentes,</span> <span class='ocrx_word' id='word_1_258' title='bbox 1810 371 1949 404; x_wconf 88' lang='lat' dir='ltr'>eumque</span> 
     </span>
     <span class='ocr_line' id='line_1_59' title="bbox 1215 409 1950 456; baseline 0.008 -16"><span class='ocrx_word' id='word_1_259' title='bbox 1215 419 1231 440; x_wconf 91' lang='lat' dir='ltr'>a</span> <span class='ocrx_word' id='word_1_260' title='bbox 1256 409 1420 452; x_wconf 82' lang='lat' dir='ltr'>quibusvis</span> <span class='ocrx_word' id='word_1_261' title='bbox 1447 411 1797 452; x_wconf 82' lang='lat' dir='ltr'>excommunicationis,</span> <span class='ocrx_word' id='word_1_262' title='bbox 1816 424 1950 456; x_wconf 86' lang='lat' dir='ltr'>suspen-</span> 
     </span>
     <span class='ocr_line' id='line_1_60' title="bbox 1215 461 1950 505; baseline 0.01 -14"><span class='ocrx_word' id='word_1_263' title='bbox 1215 461 1315 493; x_wconf 84' lang='lat' dir='ltr'>sionis</span> <span class='ocrx_word' id='word_1_264' title='bbox 1342 467 1374 493; x_wconf 87' lang='lat' dir='ltr'>et</span> <span class='ocrx_word' id='word_1_265' title='bbox 1398 461 1573 502; x_wconf 85' lang='lat' dir='ltr'>interdicti,</span> <span class='ocrx_word' id='word_1_266' title='bbox 1593 462 1727 505; x_wconf 84' lang='lat' dir='ltr'>aliisque</span> <span class='ocrx_word' id='word_1_267' title='bbox 1754 465 1950 498; x_wconf 85' lang='lat' dir='ltr'>ecclesiasti-</span> 
     </span>
     <span class='ocr_line' id='line_1_61' title="bbox 1214 512 1947 557; baseline 0.007 -13"><span class='ocrx_word' id='word_1_268' title='bbox 1214 512 1258 545; x_wconf 87' lang='lat' dir='ltr'>cis</span> <span class='ocrx_word' id='word_1_269' title='bbox 1284 513 1462 553; x_wconf 82' lang='lat' dir='ltr'>sententiis,</span> <span class='ocrx_word' id='word_1_270' title='bbox 1485 514 1632 547; x_wconf 83' lang='lat' dir='ltr'>censuris</span> <span class='ocrx_word' id='word_1_271' title='bbox 1650 520 1681 547; x_wconf 87' lang='lat' dir='ltr'>et</span> <span class='ocrx_word' id='word_1_272' title='bbox 1698 516 1824 557; x_wconf 89' lang='lat' dir='ltr'>poenis,</span> <span class='ocrx_word' id='word_1_273' title='bbox 1845 527 1862 549; x_wconf 89' lang='lat' dir='ltr'>a</span> <span class='ocrx_word' id='word_1_274' title='bbox 1878 517 1947 549; x_wconf 86' lang='lat' dir='ltr'>iure</span> 
     </span>
     <span class='ocr_line' id='line_1_62' title="bbox 1213 566 1948 609; baseline 0.007 -12"><span class='ocrx_word' id='word_1_275' title='bbox 1213 566 1263 598; x_wconf 84' lang='lat' dir='ltr'>vel</span> <span class='ocrx_word' id='word_1_276' title='bbox 1288 566 1328 598; x_wconf 86' lang='lat' dir='ltr'>ab</span> <span class='ocrx_word' id='word_1_277' title='bbox 1362 566 1516 606; x_wconf 88' lang='lat' dir='ltr'>homine,</span> <span class='ocrx_word' id='word_1_278' title='bbox 1552 567 1659 609; x_wconf 89' lang='lat' dir='ltr'>quavis</span> <span class='ocrx_word' id='word_1_279' title='bbox 1695 568 1867 601; x_wconf 86' lang='lat' dir='ltr'>occasione</span> <span class='ocrx_word' id='word_1_280' title='bbox 1898 571 1948 602; x_wconf 90' lang='lat' dir='ltr'>vel</span> 
     </span>
     <span class='ocr_line' id='line_1_63' title="bbox 1213 618 1949 661; baseline 0.005 -12"><span class='ocrx_word' id='word_1_281' title='bbox 1213 620 1310 650; x_wconf 79' lang='lat' dir='ltr'>causa</span> <span class='ocrx_word' id='word_1_282' title='bbox 1334 618 1418 658; x_wconf 88' lang='lat' dir='ltr'>latis,</span> <span class='ocrx_word' id='word_1_283' title='bbox 1438 618 1462 650; x_wconf 89' lang='lat' dir='ltr'>si</span> <span class='ocrx_word' id='word_1_284' title='bbox 1489 618 1606 661; x_wconf 89' lang='lat' dir='ltr'>quihus</span> <span class='ocrx_word' id='word_1_285' title='bbox 1632 620 1877 661; x_wconf 83' lang='lat' dir='ltr'>quomodolibet</span> <span class='ocrx_word' id='word_1_286' title='bbox 1902 620 1949 653; x_wconf 92' lang='lat' dir='ltr'>in-</span> 
     </span>
     <span class='ocr_line' id='line_1_64' title="bbox 1213 671 1948 715; baseline 0.005 -13"><span class='ocrx_word' id='word_1_287' title='bbox 1213 671 1350 703; x_wconf 88' lang='lat' dir='ltr'>nodatus</span> <span class='ocrx_word' id='word_1_288' title='bbox 1381 671 1509 710; x_wconf 79' lang='lat' dir='ltr'>existit,</span> <span class='ocrx_word' id='word_1_289' title='bbox 1540 671 1578 703; x_wconf 86' lang='lat' dir='ltr'>ad</span> <span class='ocrx_word' id='word_1_290' title='bbox 1613 671 1763 704; x_wconf 77' lang='lat' dir='ltr'>effectum</span> <span class='ocrx_word' id='word_1_291' title='bbox 1794 683 1948 715; x_wconf 89' lang='lat' dir='ltr'>praesen-</span> 
     </span>
     <span class='ocr_line' id='line_1_65' title="bbox 1215 722 1947 766; baseline 0.007 -13"><span class='ocrx_word' id='word_1_292' title='bbox 1215 722 1290 754; x_wconf 87' lang='lat' dir='ltr'>tium</span> <span class='ocrx_word' id='word_1_293' title='bbox 1334 728 1458 755; x_wconf 86' lang='lat' dir='ltr'>tantum</span> <span class='ocrx_word' id='word_1_294' title='bbox 1501 725 1770 766; x_wconf 87' lang='lat' dir='ltr'>consequendum</span> <span class='ocrx_word' id='word_1_295' title='bbox 1792 751 1798 764; x_wconf 92' lang='lat'>,</span> <span class='ocrx_word' id='word_1_296' title='bbox 1833 725 1947 758; x_wconf 87' lang='lat' dir='ltr'>harum</span> 
     </span>
     <span class='ocr_line' id='line_1_66' title="bbox 1212 775 1948 811; baseline 0.007 -5"><span class='ocrx_word' id='word_1_297' title='bbox 1212 775 1296 807; x_wconf 86' lang='lat' dir='ltr'>serie</span> <span class='ocrx_word' id='word_1_298' title='bbox 1311 776 1517 808; x_wconf 84' lang='lat' dir='ltr'>absolventes</span> <span class='ocrx_word' id='word_1_299' title='bbox 1536 781 1568 808; x_wconf 84' lang='lat' dir='ltr'>et</span> <span class='ocrx_word' id='word_1_300' title='bbox 1585 777 1767 809; x_wconf 87' lang='lat' dir='ltr'>absolutum</span> <span class='ocrx_word' id='word_1_301' title='bbox 1786 777 1855 810; x_wconf 80' lang='lat' dir='ltr'>fore</span> <span class='ocrx_word' id='word_1_302' title='bbox 1873 788 1948 811; x_wconf 91' lang='lat' dir='ltr'>cen-</span> 
     </span>
     <span class='ocr_line' id='line_1_67' title="bbox 1212 828 1947 871; baseline 0.005 -13"><span class='ocrx_word' id='word_1_303' title='bbox 1212 832 1336 868; x_wconf 85' lang='lat' dir='ltr'>sentes,</span> <span class='ocrx_word' id='word_1_304' title='bbox 1365 828 1549 860; x_wconf 87' lang='lat' dir='ltr'>huiusmodi</span> <span class='ocrx_word' id='word_1_305' title='bbox 1583 829 1875 871; x_wconf 87' lang='lat' dir='ltr'>supplicationibus</span> <span class='ocrx_word' id='word_1_306' title='bbox 1899 830 1947 862; x_wconf 87' lang='lat' dir='ltr'>in-</span> 
     </span>
     <span class='ocr_line' id='line_1_68' title="bbox 1211 879 1945 919; baseline 0.004 -8"><span class='ocrx_word' id='word_1_307' title='bbox 1211 879 1330 919; x_wconf 86' lang='lat' dir='ltr'>clinati,</span> <span class='ocrx_word' id='word_1_308' title='bbox 1346 880 1385 912; x_wconf 88' lang='lat' dir='ltr'>de</span> <span class='ocrx_word' id='word_1_309' title='bbox 1403 881 1637 913; x_wconf 85' lang='lat' dir='ltr'>nonnullorum</span> <span class='ocrx_word' id='word_1_310' title='bbox 1652 881 1815 914; x_wconf 84' lang='lat' dir='ltr'>Romanae</span> <span class='ocrx_word' id='word_1_311' title='bbox 1837 882 1945 915; x_wconf 89' lang='lat' dir='ltr'>curiae</span> 
     </span>
     <span class='ocr_line' id='line_1_69' title="bbox 1211 934 1947 977; baseline 0.005 -13"><span class='ocrx_word' id='word_1_312' title='bbox 1211 934 1429 974; x_wconf 81' lang='lat' dir='ltr'>praelatorum</span> <span class='ocrx_word' id='word_1_313' title='bbox 1453 944 1469 965; x_wconf 91' lang='lat' dir='ltr'>a</span> <span class='ocrx_word' id='word_1_314' title='bbox 1494 934 1588 966; x_wconf 86' lang='lat' dir='ltr'>nohis</span> <span class='ocrx_word' id='word_1_315' title='bbox 1615 945 1714 977; x_wconf 83' lang='lat' dir='ltr'>super</span> <span class='ocrx_word' id='word_1_316' title='bbox 1734 935 1866 977; x_wconf 74' lang='lat' dir='ltr'>negotio</span> <span class='ocrx_word' id='word_1_317' title='bbox 1892 936 1947 968; x_wconf 87' lang='lat' dir='ltr'>hu-</span> 
     </span>
     <span class='ocr_line' id='line_1_70' title="bbox 1211 985 1946 1029; baseline 0.004 -12"><span class='ocrx_word' id='word_1_318' title='bbox 1211 985 1348 1018; x_wconf 84' lang='lat' dir='ltr'>iusmodi</span> <span class='ocrx_word' id='word_1_319' title='bbox 1374 986 1562 1028; x_wconf 81' lang='lat' dir='ltr'>specialiter</span> <span class='ocrx_word' id='word_1_320' title='bbox 1587 987 1810 1029; x_wconf 85' lang='lat' dir='ltr'>deputatorum</span> <span class='ocrx_word' id='word_1_321' title='bbox 1842 988 1946 1020; x_wconf 87' lang='lat' dir='ltr'>consi-</span> 
     </span>
     <span class='ocr_line' id='line_1_71' title="bbox 1211 1038 1945 1081; baseline 0.005 -12"><span class='ocrx_word' id='word_1_322' title='bbox 1211 1038 1263 1075; x_wconf 85' lang='lat' dir='ltr'>lio,</span> <span class='ocrx_word' id='word_1_323' title='bbox 1289 1038 1488 1080; x_wconf 85' lang='lat' dir='ltr'>praedictam</span> <span class='ocrx_word' id='word_1_324' title='bbox 1513 1038 1684 1071; x_wconf 84' lang='lat' dir='ltr'>Clementis</span> <span class='ocrx_word' id='word_1_325' title='bbox 1715 1040 1945 1081; x_wconf 84' lang='lat' dir='ltr'>praedecesso-</span> 
     </span>
     <span class='ocr_line' id='line_1_72' title="bbox 1210 1089 1942 1133; baseline 0.004 -12"><span class='ocrx_word' id='word_1_326' title='bbox 1210 1089 1252 1120; x_wconf 86' lang='lat' dir='ltr'>ris</span> <span class='ocrx_word' id='word_1_327' title='bbox 1269 1090 1545 1129; x_wconf 87' lang='lat' dir='ltr'>constitutionem,</span> <span class='ocrx_word' id='word_1_328' title='bbox 1564 1100 1622 1133; x_wconf 91' lang='lat' dir='ltr'>per</span> <span class='ocrx_word' id='word_1_329' title='bbox 1643 1101 1738 1133; x_wconf 85' lang='lat' dir='ltr'>quam</span> <span class='ocrx_word' id='word_1_330' title='bbox 1759 1092 1848 1123; x_wconf 87' lang='lat' dir='ltr'>locus</span> <span class='ocrx_word' id='word_1_331' title='bbox 1870 1102 1942 1124; x_wconf 88' lang='lat' dir='ltr'>esus</span> 
     </span>
     <span class='ocr_line' id='line_1_73' title="bbox 1210 1143 1943 1186; baseline 0.003 -12"><span class='ocrx_word' id='word_1_332' title='bbox 1210 1143 1355 1175; x_wconf 84' lang='lat' dir='ltr'>ciborum</span> <span class='ocrx_word' id='word_1_333' title='bbox 1380 1143 1583 1186; x_wconf 83' lang='lat' dir='ltr'>paschalium</span> <span class='ocrx_word' id='word_1_334' title='bbox 1607 1154 1666 1186; x_wconf 90' lang='lat' dir='ltr'>pro</span> <span class='ocrx_word' id='word_1_335' title='bbox 1692 1144 1843 1176; x_wconf 82' lang='lat' dir='ltr'>fratribus</span> <span class='ocrx_word' id='word_1_336' title='bbox 1868 1145 1943 1177; x_wconf 89' lang='lat' dir='ltr'>dicti</span> 
     </span>
     <span class='ocr_line' id='line_1_74' title="bbox 1208 1194 1946 1228; baseline 0.001 -1"><span class='ocrx_word' id='word_1_337' title='bbox 1208 1194 1336 1227; x_wconf 87' lang='lat' dir='ltr'>Ordinis</span> <span class='ocrx_word' id='word_1_338' title='bbox 1368 1196 1406 1227; x_wconf 91' lang='lat' dir='ltr'>ad</span> <span class='ocrx_word' id='word_1_339' title='bbox 1440 1194 1630 1228; x_wconf 80' lang='lat' dir='ltr'>infirmarias</span> <span class='ocrx_word' id='word_1_340' title='bbox 1655 1201 1871 1228; x_wconf 87' lang='lat' dir='ltr'>conventuum</span> <span class='ocrx_word' id='word_1_341' title='bbox 1897 1207 1946 1228; x_wconf 88' lang='lat' dir='ltr'>re-</span> 
     </span>
     <span class='ocr_line' id='line_1_75' title="bbox 1208 1248 1943 1291; baseline 0.003 -12"><span class='ocrx_word' id='word_1_342' title='bbox 1208 1248 1388 1289; x_wconf 68' lang='lat' dir='ltr'>stringitur,</span> <span class='ocrx_word' id='word_1_343' title='bbox 1408 1248 1597 1281; x_wconf 87' lang='lat' dir='ltr'>auctoritate</span> <span class='ocrx_word' id='word_1_344' title='bbox 1623 1249 1810 1291; x_wconf 74' lang='lat' dir='ltr'>apostolica,</span> <span class='ocrx_word' id='word_1_345' title='bbox 1829 1254 1943 1282; x_wconf 89' lang='lat' dir='ltr'>tenore</span> 
     </span>
     <span class='ocr_line' id='line_1_76' title="bbox 1209 1300 1943 1342; baseline 0.004 -12"><span class='ocrx_word' id='word_1_346' title='bbox 1209 1300 1440 1342; x_wconf 88' lang='lat' dir='ltr'>praesentium,</span> <span class='ocrx_word' id='word_1_347' title='bbox 1458 1301 1501 1332; x_wconf 88' lang='lat' dir='ltr'>ita</span> <span class='ocrx_word' id='word_1_348' title='bbox 1521 1301 1739 1341; x_wconf 85' lang='lat' dir='ltr'>moderamur,</span> <span class='ocrx_word' id='word_1_349' title='bbox 1764 1306 1799 1333; x_wconf 85' lang='lat' dir='ltr'>ut</span> <span class='ocrx_word' id='word_1_350' title='bbox 1823 1302 1943 1334; x_wconf 88' lang='lat' dir='ltr'>eisdem</span> 
     </span>
     <span class='ocr_line' id='line_1_77' title="bbox 1209 1353 1944 1386; baseline 0.003 -2"><span class='ocrx_word' id='word_1_351' title='bbox 1209 1353 1359 1384; x_wconf 78' lang='lat' dir='ltr'>fratribus</span> <span class='ocrx_word' id='word_1_352' title='bbox 1386 1353 1481 1385; x_wconf 88' lang='lat' dir='ltr'>liceat</span> <span class='ocrx_word' id='word_1_353' title='bbox 1509 1353 1605 1385; x_wconf 84' lang='lat' dir='ltr'>etiam</span> <span class='ocrx_word' id='word_1_354' title='bbox 1639 1358 1728 1386; x_wconf 79' lang='lat' dir='ltr'>extra</span> <span class='ocrx_word' id='word_1_355' title='bbox 1752 1353 1944 1386; x_wconf 82' lang='lat' dir='ltr'>infirmarias</span> 
     </span>
     <span class='ocr_line' id='line_1_78' title="bbox 1209 1406 1944 1448; baseline 0.001 -11"><span class='ocrx_word' id='word_1_356' title='bbox 1209 1406 1392 1438; x_wconf 89' lang='lat' dir='ltr'>huiusmodi</span> <span class='ocrx_word' id='word_1_357' title='bbox 1425 1406 1504 1437; x_wconf 86' lang='lat' dir='ltr'>cibis</span> <span class='ocrx_word' id='word_1_358' title='bbox 1532 1406 1741 1448; x_wconf 83' lang='lat' dir='ltr'>paschalibus</span> <span class='ocrx_word' id='word_1_359' title='bbox 1772 1406 1857 1438; x_wconf 80' lang='lat' dir='ltr'>vesci</span> <span class='ocrx_word' id='word_1_360' title='bbox 1890 1407 1944 1438; x_wconf 91' lang='lat' dir='ltr'>du·</span> 
     </span>
     <span class='ocr_line' id='line_1_79' title="bbox 1209 1459 1944 1498; baseline 0.001 -9"><span class='ocrx_word' id='word_1_361' title='bbox 1209 1464 1298 1490; x_wconf 86' lang='lat' dir='ltr'>rante</span> <span class='ocrx_word' id='word_1_362' title='bbox 1324 1459 1516 1491; x_wconf 86' lang='lat' dir='ltr'>necessitate</span> <span class='ocrx_word' id='word_1_363' title='bbox 1548 1469 1716 1498; x_wconf 86' lang='lat' dir='ltr'>accessus,</span> <span class='ocrx_word' id='word_1_364' title='bbox 1741 1469 1888 1491; x_wconf 84' lang='lat' dir='ltr'>recessus</span> <span class='ocrx_word' id='word_1_365' title='bbox 1913 1464 1944 1491; x_wconf 91' lang='lat' dir='ltr'>et</span> 
     </span>
     <span class='ocr_line' id='line_1_80' title="bbox 1207 1511 1944 1551; baseline 0 -8"><span class='ocrx_word' id='word_1_366' title='bbox 1207 1522 1316 1543; x_wconf 84' lang='lat' dir='ltr'>morae</span> <span class='ocrx_word' id='word_1_367' title='bbox 1341 1512 1380 1543; x_wconf 88' lang='lat' dir='ltr'>ad</span> <span class='ocrx_word' id='word_1_368' title='bbox 1405 1511 1530 1551; x_wconf 84' lang='lat' dir='ltr'>balnea,</span> <span class='ocrx_word' id='word_1_369' title='bbox 1549 1511 1588 1543; x_wconf 91' lang='lat' dir='ltr'>de</span> <span class='ocrx_word' id='word_1_370' title='bbox 1614 1511 1749 1543; x_wconf 86' lang='lat' dir='ltr'>consilio</span> <span class='ocrx_word' id='word_1_371' title='bbox 1776 1511 1892 1543; x_wconf 88' lang='lat' dir='ltr'>medici</span> <span class='ocrx_word' id='word_1_372' title='bbox 1912 1516 1944 1543; x_wconf 87' lang='lat' dir='ltr'>et</span> 
     </span>
     <span class='ocr_line' id='line_1_81' title="bbox 1207 1563 1944 1606; baseline 0.001 -12"><span class='ocrx_word' id='word_1_373' title='bbox 1207 1573 1277 1595; x_wconf 88' lang='lat' dir='ltr'>cum</span> <span class='ocrx_word' id='word_1_374' title='bbox 1302 1563 1431 1595; x_wconf 79' lang='lat' dir='ltr'>licentia</span> <span class='ocrx_word' id='word_1_375' title='bbox 1456 1563 1679 1606; x_wconf 87' lang='lat' dir='ltr'>superiorum,</span> <span class='ocrx_word' id='word_1_376' title='bbox 1708 1574 1847 1605; x_wconf 88' lang='lat' dir='ltr'>quorum</span> <span class='ocrx_word' id='word_1_377' title='bbox 1868 1573 1944 1596; x_wconf 92' lang='lat' dir='ltr'>con-</span> 
     </span>
     <span class='ocr_line' id='line_1_82' title="bbox 1208 1616 1944 1656; baseline 0.003 -9"><span class='ocrx_word' id='word_1_378' title='bbox 1208 1616 1373 1648; x_wconf 84' lang='lat' dir='ltr'>scientiam</span> <span class='ocrx_word' id='word_1_379' title='bbox 1394 1627 1583 1656; x_wconf 72' lang='lat' dir='ltr'>oneramus,</span> <span class='ocrx_word' id='word_1_380' title='bbox 1605 1616 1648 1648; x_wconf 89' lang='lat' dir='ltr'>ita</span> <span class='ocrx_word' id='word_1_381' title='bbox 1668 1622 1774 1649; x_wconf 85' lang='lat' dir='ltr'>tamen</span> <span class='ocrx_word' id='word_1_382' title='bbox 1792 1622 1826 1648; x_wconf 89' lang='lat' dir='ltr'>ut</span> <span class='ocrx_word' id='word_1_383' title='bbox 1848 1616 1882 1648; x_wconf 89' lang='lat' dir='ltr'>in</span> <span class='ocrx_word' id='word_1_384' title='bbox 1899 1627 1944 1649; x_wconf 71' lang='grc' dir='ltr'>ΓΘ·</span> 
     </span>
     <span class='ocr_line' id='line_1_83' title="bbox 1208 1668 1944 1711; baseline 0 -11"><span class='ocrx_word' id='word_1_385' title='bbox 1208 1668 1304 1711; x_wconf 84' lang='lat' dir='ltr'>liquis</span> <span class='ocrx_word' id='word_1_386' title='bbox 1329 1669 1410 1701; x_wconf 90' lang='lat' dir='ltr'>nihil</span> <span class='ocrx_word' id='word_1_387' title='bbox 1437 1670 1612 1701; x_wconf 75' lang='lat' dir='ltr'>relaxatum</span> <span class='ocrx_word' id='word_1_388' title='bbox 1635 1669 1835 1711; x_wconf 76' lang='lat' dir='ltr'>intelligatur</span> <span class='ocrx_word' id='word_1_389' title='bbox 1853 1668 1944 1702; x_wconf 85' lang='lat' dir='ltr'>disci-</span> 
     </span>
     <span class='ocr_line' id='line_1_84' title="bbox 1207 1721 1502 1764; baseline 0.007 -12"><span class='ocrx_word' id='word_1_390' title='bbox 1207 1721 1313 1763; x_wconf 88' lang='lat' dir='ltr'>plinae</span> <span class='ocrx_word' id='word_1_391' title='bbox 1332 1722 1502 1764; x_wconf 74' lang='lat' dir='ltr'>regularis.</span> 
     </span>
    </p>

    <p class='ocr_par' dir='ltr' id='par_1_14' title="bbox 1204 1775 1943 2618">
     <span class='ocr_line' id='line_1_85' title="bbox 1250 1775 1943 1818; baseline 0.003 -12"><span class='ocrx_word' id='word_1_392' title='bbox 1250 1776 1264 1817; x_wconf 52' lang='grc' dir='ltr'>ᾗ</span> <span class='ocrx_word' id='word_1_393' title='bbox 1279 1775 1310 1807; x_wconf 81' lang='grc'>5.</span> <span class='ocrx_word' id='word_1_394' title='bbox 1326 1775 1543 1807; x_wconf 87' lang='lat' dir='ltr'>Decernentes</span> <span class='ocrx_word' id='word_1_395' title='bbox 1554 1776 1682 1807; x_wconf 88' lang='lat' dir='ltr'>easdem</span> <span class='ocrx_word' id='word_1_396' title='bbox 1697 1780 1884 1818; x_wconf 85' lang='lat' dir='ltr'>praesentes</span> <span class='ocrx_word' id='word_1_397' title='bbox 1895 1775 1943 1808; x_wconf 86' lang='lat' dir='ltr'>lit-</span> 
     </span>
     <span class='ocr_line' id='line_1_86' title="bbox 1209 1827 1941 1870; baseline 0.003 -11"><span class='ocrx_word' id='word_1_398' title='bbox 1209 1833 1290 1859; x_wconf 85' lang='lat' dir='ltr'>teras</span> <span class='ocrx_word' id='word_1_399' title='bbox 1311 1838 1440 1870; x_wconf 86' lang='lat' dir='ltr'>semper</span> <span class='ocrx_word' id='word_1_400' title='bbox 1455 1827 1572 1868; x_wconf 69' lang='lat' dir='ltr'>firmas,</span> <span class='ocrx_word' id='word_1_401' title='bbox 1592 1828 1714 1860; x_wconf 83' lang='lat' dir='ltr'>validas</span> <span class='ocrx_word' id='word_1_402' title='bbox 1734 1834 1765 1860; x_wconf 84' lang='lat' dir='ltr'>et</span> <span class='ocrx_word' id='word_1_403' title='bbox 1797 1828 1941 1861; x_wconf 84' lang='lat' dir='ltr'>efficaces</span> 
     </span>
     <span class='ocr_line' id='line_1_87' title="bbox 1208 1882 1943 1924; baseline 0 -11"><span class='ocrx_word' id='word_1_404' title='bbox 1208 1882 1347 1913; x_wconf 55' lang='lat' dir='ltr'>existere</span> <span class='ocrx_word' id='word_1_405' title='bbox 1373 1886 1405 1913; x_wconf 87' lang='lat' dir='ltr'>et</span> <span class='ocrx_word' id='word_1_406' title='bbox 1431 1882 1497 1914; x_wconf 87' lang='lat' dir='ltr'>fore</span> <span class='ocrx_word' id='word_1_407' title='bbox 1517 1909 1524 1921; x_wconf 91' lang='lat'>,</span> <span class='ocrx_word' id='word_1_408' title='bbox 1550 1892 1688 1924; x_wconf 79' lang='lat' dir='ltr'>suosque</span> <span class='ocrx_word' id='word_1_409' title='bbox 1714 1882 1878 1924; x_wconf 85' lang='lat' dir='ltr'>plenarios</span> <span class='ocrx_word' id='word_1_410' title='bbox 1910 1887 1943 1914; x_wconf 89' lang='lat' dir='ltr'>et</span> 
     </span>
     <span class='ocr_line' id='line_1_88' title="bbox 1207 1934 1939 1977; baseline 0.001 -11"><span class='ocrx_word' id='word_1_411' title='bbox 1207 1935 1351 1977; x_wconf 76' lang='lat' dir='ltr'>integros</span> <span class='ocrx_word' id='word_1_412' title='bbox 1376 1934 1507 1967; x_wconf 75' lang='lat' dir='ltr'>etl&#39;cctus</span> <span class='ocrx_word' id='word_1_413' title='bbox 1531 1935 1639 1967; x_wconf 88' lang='lat' dir='ltr'>sortiri</span> <span class='ocrx_word' id='word_1_414' title='bbox 1664 1941 1696 1967; x_wconf 89' lang='lat' dir='ltr'>et</span> <span class='ocrx_word' id='word_1_415' title='bbox 1719 1935 1875 1975; x_wconf 87' lang='lat' dir='ltr'>obtinere,</span> <span class='ocrx_word' id='word_1_416' title='bbox 1902 1945 1939 1967; x_wconf 85' lang='lat' dir='ltr'>ac</span> 
     </span>
     <span class='ocr_line' id='line_1_89' title="bbox 1207 1988 1940 2031; baseline 0.001 -12"><span class='ocrx_word' id='word_1_417' title='bbox 1207 1988 1280 2028; x_wconf 83' lang='lat' dir='ltr'>illis,</span> <span class='ocrx_word' id='word_1_418' title='bbox 1312 1989 1350 2020; x_wconf 86' lang='lat' dir='ltr'>ad</span> <span class='ocrx_word' id='word_1_419' title='bbox 1379 1999 1459 2031; x_wconf 88' lang='lat' dir='ltr'>quos</span> <span class='ocrx_word' id='word_1_420' title='bbox 1485 1994 1607 2031; x_wconf 85' lang='lat' dir='ltr'>spectat</span> <span class='ocrx_word' id='word_1_421' title='bbox 1643 1993 1675 2021; x_wconf 86' lang='lat' dir='ltr'>et</span> <span class='ocrx_word' id='word_1_422' title='bbox 1706 1999 1765 2031; x_wconf 87' lang='lat' dir='ltr'>pro</span> <span class='ocrx_word' id='word_1_423' title='bbox 1792 1994 1940 2031; x_wconf 87' lang='lat' dir='ltr'>tempore</span> 
     </span>
     <span class='ocr_line' id='line_1_90' title="bbox 1207 2040 1940 2084; baseline -0.001 -11"><span class='ocrx_word' id='word_1_424' title='bbox 1207 2042 1382 2084; x_wconf 75' lang='lat' dir='ltr'>spectabit,</span> <span class='ocrx_word' id='word_1_425' title='bbox 1402 2041 1591 2084; x_wconf 87' lang='lat' dir='ltr'>plenissime</span> <span class='ocrx_word' id='word_1_426' title='bbox 1614 2040 1798 2083; x_wconf 77' lang='lat' dir='ltr'>suffragari,</span> <span class='ocrx_word' id='word_1_427' title='bbox 1826 2042 1940 2084; x_wconf 84' lang='lat' dir='ltr'>sicque</span> 
     </span>
     <span class='ocr_line' id='line_1_91' title="bbox 1208 2094 1940 2139; baseline 0 -13"><span class='ocrx_word' id='word_1_428' title='bbox 1208 2095 1239 2126; x_wconf 92' lang='lat' dir='ltr'>in</span> <span class='ocrx_word' id='word_1_429' title='bbox 1264 2095 1452 2137; x_wconf 81' lang='lat' dir='ltr'>praemissis</span> <span class='ocrx_word' id='word_1_430' title='bbox 1486 2106 1545 2139; x_wconf 88' lang='lat' dir='ltr'>per</span> <span class='ocrx_word' id='word_1_431' title='bbox 1570 2106 1789 2138; x_wconf 88' lang='lat' dir='ltr'>quoscumque</span> <span class='ocrx_word' id='word_1_432' title='bbox 1819 2094 1940 2127; x_wconf 80' lang='lat' dir='ltr'>indices</span> 
     </span>
     <span class='ocr_line' id='line_1_92' title="bbox 1207 2149 1941 2191; baseline -0.001 -11"><span class='ocrx_word' id='word_1_433' title='bbox 1207 2150 1389 2182; x_wconf 84' lang='lat' dir='ltr'>ordinarios</span> <span class='ocrx_word' id='word_1_434' title='bbox 1415 2154 1445 2181; x_wconf 82' lang='lat' dir='ltr'>ct</span> <span class='ocrx_word' id='word_1_435' title='bbox 1471 2151 1647 2191; x_wconf 73' lang='lat' dir='ltr'>delegatos,</span> <span class='ocrx_word' id='word_1_436' title='bbox 1662 2149 1757 2181; x_wconf 89' lang='lat' dir='ltr'>etiam</span> <span class='ocrx_word' id='word_1_437' title='bbox 1775 2159 1941 2181; x_wconf 85' lang='lat' dir='ltr'>causarum</span> 
     </span>
     <span class='ocr_line' id='line_1_93' title="bbox 1206 2202 1943 2245; baseline 0.001 -13"><span class='ocrx_word' id='word_1_438' title='bbox 1206 2202 1316 2244; x_wconf 85' lang='lat' dir='ltr'>palatii</span> <span class='ocrx_word' id='word_1_439' title='bbox 1341 2202 1508 2245; x_wconf 80' lang='lat' dir='ltr'>apostolici</span> <span class='ocrx_word' id='word_1_440' title='bbox 1533 2202 1717 2242; x_wconf 75' lang='lat' dir='ltr'>ariditores,</span> <span class='ocrx_word' id='word_1_441' title='bbox 1750 2202 1885 2234; x_wconf 89' lang='lat' dir='ltr'>iudicari</span> <span class='ocrx_word' id='word_1_442' title='bbox 1912 2207 1943 2234; x_wconf 89' lang='lat' dir='ltr'>et</span> 
     </span>
     <span class='ocr_line' id='line_1_94' title="bbox 1207 2256 1942 2299; baseline 0.001 -13"><span class='ocrx_word' id='word_1_443' title='bbox 1207 2256 1334 2287; x_wconf 77' lang='lat' dir='ltr'>deliniri</span> <span class='ocrx_word' id='word_1_444' title='bbox 1354 2257 1484 2295; x_wconf 86' lang='lat' dir='ltr'>debere,</span> <span class='ocrx_word' id='word_1_445' title='bbox 1501 2266 1535 2288; x_wconf 86' lang='lat' dir='ltr'>ac</span> <span class='ocrx_word' id='word_1_446' title='bbox 1551 2256 1676 2288; x_wconf 86' lang='lat' dir='ltr'>irritum</span> <span class='ocrx_word' id='word_1_447' title='bbox 1694 2261 1724 2288; x_wconf 89' lang='lat' dir='ltr'>et</span> <span class='ocrx_word' id='word_1_448' title='bbox 1742 2256 1836 2288; x_wconf 88' lang='lat' dir='ltr'>inane</span> <span class='ocrx_word' id='word_1_449' title='bbox 1855 2256 1942 2299; x_wconf 89' lang='lat' dir='ltr'>quid-</span> 
     </span>
     <span class='ocr_line' id='line_1_95' title="bbox 1207 2309 1940 2352; baseline 0.003 -12"><span class='ocrx_word' id='word_1_450' title='bbox 1207 2309 1283 2351; x_wconf 84' lang='lat' dir='ltr'>quid</span> <span class='ocrx_word' id='word_1_451' title='bbox 1303 2320 1393 2341; x_wconf 84' lang='lat' dir='ltr'>secus</span> <span class='ocrx_word' id='word_1_452' title='bbox 1420 2320 1518 2352; x_wconf 85' lang='lat' dir='ltr'>super</span> <span class='ocrx_word' id='word_1_453' title='bbox 1544 2309 1592 2341; x_wconf 85' lang='lat' dir='ltr'>his</span> <span class='ocrx_word' id='word_1_454' title='bbox 1611 2322 1628 2341; x_wconf 85' lang='lat' dir='ltr'>a</span> <span class='ocrx_word' id='word_1_455' title='bbox 1643 2320 1814 2352; x_wconf 83' lang='lat' dir='ltr'>quoquam,</span> <span class='ocrx_word' id='word_1_456' title='bbox 1830 2310 1940 2352; x_wconf 89' lang='lat' dir='ltr'>quavis</span> 
     </span>
     <span class='ocr_line' id='line_1_96' title="bbox 1207 2362 1940 2405; baseline 0 -11"><span class='ocrx_word' id='word_1_457' title='bbox 1207 2362 1404 2402; x_wconf 83' lang='lat' dir='ltr'>auctoritate,</span> <span class='ocrx_word' id='word_1_458' title='bbox 1419 2363 1560 2395; x_wconf 85' lang='lat' dir='ltr'>scienter</span> <span class='ocrx_word' id='word_1_459' title='bbox 1577 2364 1627 2395; x_wconf 85' lang='lat' dir='ltr'>vcl</span> <span class='ocrx_word' id='word_1_460' title='bbox 1653 2363 1849 2405; x_wconf 78' lang='lat' dir='ltr'>ignoranter,</span> <span class='ocrx_word' id='word_1_461' title='bbox 1870 2373 1940 2395; x_wconf 88' lang='lat' dir='ltr'>con-</span> 
     </span>
     <span class='ocr_line' id='line_1_97' title="bbox 1206 2415 1940 2457; baseline 0 -10"><span class='ocrx_word' id='word_1_462' title='bbox 1206 2416 1313 2457; x_wconf 75' lang='lat' dir='ltr'>tigerit</span> <span class='ocrx_word' id='word_1_463' title='bbox 1338 2416 1503 2455; x_wconf 73' lang='lat' dir='ltr'>attentari,</span> <span class='ocrx_word' id='word_1_464' title='bbox 1523 2426 1588 2448; x_wconf 90' lang='lat' dir='ltr'>non</span> <span class='ocrx_word' id='word_1_465' title='bbox 1606 2416 1755 2447; x_wconf 82' lang='lat' dir='ltr'>obstante</span> <span class='ocrx_word' id='word_1_466' title='bbox 1777 2415 1940 2457; x_wconf 76' lang='lat' dir='ltr'>praedicta</span> 
     </span>
     <span class='ocr_line' id='line_1_98' title="bbox 1205 2468 1938 2512; baseline -0.001 -12"><span class='ocrx_word' id='word_1_467' title='bbox 1205 2468 1377 2501; x_wconf 83' lang='lat' dir='ltr'>Clementis</span> <span class='ocrx_word' id='word_1_468' title='bbox 1395 2469 1653 2512; x_wconf 80' lang='lat' dir='ltr'>praedecessoris</span> <span class='ocrx_word' id='word_1_469' title='bbox 1672 2468 1804 2511; x_wconf 83' lang='lat' dir='ltr'>aliisque</span> <span class='ocrx_word' id='word_1_470' title='bbox 1826 2472 1938 2500; x_wconf 86' lang='lat' dir='ltr'>consti-</span> 
     </span>
     <span class='ocr_line' id='line_1_99' title="bbox 1205 2521 1935 2563; baseline -0.001 -10"><span class='ocrx_word' id='word_1_471' title='bbox 1205 2523 1380 2555; x_wconf 84' lang='lat' dir='ltr'>tutionibus</span> <span class='ocrx_word' id='word_1_472' title='bbox 1407 2528 1438 2554; x_wconf 88' lang='lat' dir='ltr'>et</span> <span class='ocrx_word' id='word_1_473' title='bbox 1461 2521 1719 2555; x_wconf 87' lang='lat' dir='ltr'>ordinationibus</span> <span class='ocrx_word' id='word_1_474' title='bbox 1739 2521 1935 2563; x_wconf 84' lang='lat' dir='ltr'>apostolicis,</span> 
     </span>
     <span class='ocr_line' id='line_1_100' title="bbox 1204 2574 1874 2618; baseline -0.003 -11"><span class='ocrx_word' id='word_1_475' title='bbox 1204 2576 1383 2618; x_wconf 88' lang='lat' dir='ltr'>ceterisque</span> <span class='ocrx_word' id='word_1_476' title='bbox 1407 2575 1575 2607; x_wconf 83' lang='lat' dir='ltr'>contrariis</span> <span class='ocrx_word' id='word_1_477' title='bbox 1603 2574 1874 2617; x_wconf 82' lang='lat' dir='ltr'>quibuscumque.</span> 
     </span>
    </p>

    <p class='ocr_par' dir='ltr' id='par_1_15' title="bbox 1246 2627 1935 2671">
     <span class='ocr_line' id='line_1_101' title="bbox 1246 2627 1935 2671; baseline 0 -11"><span class='ocrx_word' id='word_1_478' title='bbox 1246 2629 1260 2671; x_wconf 61' lang='lat' dir='ltr'>g</span> <span class='ocrx_word' id='word_1_479' title='bbox 1291 2628 1322 2660; x_wconf 86' lang='grc'>6.</span> <span class='ocrx_word' id='word_1_480' title='bbox 1356 2628 1507 2660; x_wconf 82' lang='lat' dir='ltr'>Volumus</span> <span class='ocrx_word' id='word_1_481' title='bbox 1540 2631 1646 2659; x_wconf 85' lang='lat' dir='ltr'>autem</span> <span class='ocrx_word' id='word_1_482' title='bbox 1681 2631 1715 2658; x_wconf 85' lang='lat' dir='ltr'>nt</span> <span class='ocrx_word' id='word_1_483' title='bbox 1750 2627 1935 2660; x_wconf 85' lang='lat' dir='ltr'>earumdem</span> 
     </span>
    </p>
   </div>
   <div class='ocr_carea' id='block_1_10' title="bbox 1951 247 2141 291">
    <p class='ocr_par' dir='ltr' id='par_1_16' title="bbox 1951 247 2141 291">
     <span class='ocr_line' id='line_1_102' title="bbox 1951 247 2141 291; baseline 0.021 -5"><span class='ocrx_word' id='word_1_484' title='bbox 1951 260 2001 288; x_wconf 67' lang='lat' dir='ltr'>An.</span> <span class='ocrx_word' id='word_1_485' title='bbox 2021 263 2051 289; x_wconf 85' lang='lat' dir='ltr'>c.</span> <span class='ocrx_word' id='word_1_486' title='bbox 2073 247 2141 291; x_wconf 65' lang='lat' dir='ltr'>itit-3</span> 
     </span>
    </p>
   </div>
   <div class='ocr_carea' id='block_1_11' title="bbox 1952 1793 2138 1840">
    <p class='ocr_par' dir='ltr' id='par_1_17' title="bbox 1952 1793 2138 1840">
     <span class='ocr_line' id='line_1_103' title="bbox 1963 1793 2138 1822; baseline 0.006 -10"><span class='ocrx_word' id='word_1_487' title='bbox 1963 1820 1966 1822; x_wconf 23' lang='lat' dir='ltr'>q</span> <span class='ocrx_word' id='word_1_488' title='bbox 1980 1793 2091 1813; x_wconf 78' lang='lat' dir='ltr'>Decretum</span> <span class='ocrx_word' id='word_1_489' title='bbox 2110 1793 2138 1813; x_wconf 79' lang='lat' dir='ltr'>ir-</span> 
     </span>
     <span class='ocr_line' id='line_1_104' title="bbox 1952 1822 2024 1840; baseline 0.014 -2"><span class='ocrx_word' id='word_1_490' title='bbox 1952 1822 2024 1840; x_wconf 65' lang='lat' dir='ltr'>vitans.</span> 
     </span>
    </p>
   </div>
   <div class='ocr_carea' id='block_1_12' title="bbox 2020 2423 2135 2447">
    <p class='ocr_par' dir='ltr' id='par_1_18' title="bbox 2020 2423 2135 2447">
     <span class='ocr_line' id='line_1_105' title="bbox 2020 2423 2135 2447; baseline 0 -5"><span class='ocrx_word' id='word_1_491' title='bbox 2020 2423 2135 2447; x_wconf 61' lang='lat' dir='ltr'>Dei-agano</span> 
     </span>
    </p>
   </div>
   <div class='ocr_carea' id='block_1_13' title="bbox 1921 2449 2112 2472">
    <p class='ocr_par' dir='ltr' id='par_1_19' title="bbox 1921 2449 2112 2472">
     <span class='ocr_line' id='line_1_106' title="bbox 1921 2449 2112 2472; baseline 0.005 -5"><span class='ocrx_word' id='word_1_492' title='bbox 1921 2468 1926 2472; x_wconf 71' lang='grc'><strong>,</strong></span> <span class='ocrx_word' id='word_1_493' title='bbox 1950 2449 2112 2469; x_wconf 61' lang='lat' dir='ltr'>contrariorum.</span> 
     </span>
    </p>
   </div>
   <div class='ocr_carea' id='block_1_14' title="bbox 1948 2617 2116 2670">
    <p class='ocr_par' dir='ltr' id='par_1_20' title="bbox 1948 2617 2116 2670">
     <span class='ocr_line' id='line_1_107' title="bbox 1982 2617 2116 2647; baseline 0 -9"><span class='ocrx_word' id='word_1_494' title='bbox 1982 2617 2044 2638; x_wconf 83' lang='lat' dir='ltr'>Fides</span> <span class='ocrx_word' id='word_1_495' title='bbox 2060 2617 2116 2647; x_wconf 70' lang='lat' dir='ltr'>(land</span> 
     </span>
     <span class='ocr_line' id='line_1_108' title="bbox 1948 2647 2091 2670; baseline -0.007 -5"><span class='ocrx_word' id='word_1_496' title='bbox 1948 2647 2091 2670; x_wconf 69' lang='lat' dir='ltr'>transumptis.</span> 
     </span>
    </p>
   </div>
  </div>
 </body>
</html>
