2247 3208
146 214 195 241 An.
216 214 244 240 C.
269 214 336 241 1663

164 806 278 827 Contrariis
289 806 324 828 de-

142 836 209 859 rogat.

935 215 1121 238 ALExmnEn
1144 216 1187 238 x'11
1214 216 1261 238 Pr.

343 261 433 295 Sedis
457 267 488 295 et
508 272 654 294 camerae
669 262 907 304 praedictarum
927 262 1080 295 officiales

344 320 376 347 et
388 315 564 354 ministros,
580 321 744 347 ceterosve
761 325 985 358 quoscumqne
1006 326 1078 358 qua-

342 367 388 400 vis
423 367 614 400 auctoritate
648 373 677 400 ct
709 372 869 411 potestate
904 368 1076 409 fungentes

342 426 373 453 et
396 421 573 460 suncturos,
593 421 718 453 sublata
743 421 789 453 eis
816 426 847 453 ct
872 416 984 453 eorum
1010 419 1076 452 cui-

343 474 423 507 libet
453 474 563 517 quavis·
590 474 685 506 aliter
709 473 871 507 iudicandi
908 478 940 505 et
974 473 1076 505 inter-

340 527 491 571 pretandi
510 527 659 560 facultate
674 533 705 560 et
719 527 919 565 auctoritate,
938 526 1074 558 iudicari

343 586 375 613 et
397 580 525 613 definiri
552 580 684 619 debere,
703 591 739 612 ac
765 580 891 612 irritum
921 584 952 612 et
976 579 1073 611 inane

341 634 367 666 si
398 644 491 666 secus
517 644 616 677 super
645 633 695 665 his
721 644 738 665 a
763 643 940 676 quoquam,
962 632 1072 675 quavis

341 687 552 725 auctoritate,
583 686 728 718 scienter
763 687 813 718 vel
853 685 1071 728 ignoranter,

341 739 516 781 contigerit
540 738 702 771 attentari.

383 792 398 834 ἓ
423 791 453 823 5.
471 791 541 823 Non
567 791 773 823 obstantibus
796 791 947 823 omnibus
967 795 999 824 et
1015 790 1074 823 sin-

341 844 423 887 gulis
446 844 638 887 praemissis
655 871 662 884 ,
690 855 725 876 ac
758 844 796 877 de
831 845 901 877 iure
926 845 1072 888 quaesito

340 907 405 930 non
430 897 592 937 tollendo,
619 897 755 940 aliisque
787 897 907 930 nostris
936 902 967 930 et
999 908 1073 930 can-

341 950 490 984 cellariae
527 950 725 993 apostolicae
758 950 891 992 regulis,
926 961 1070 990 necnon,

341 1009 499 1048 quatenus
527 1013 608 1047 opus
636 1003 698 1043 sit,
733 1003 845 1036 similis
880 1004 1091 1049 recolendae3

340 1056 538 1100 Symmachi,
565 1066 645 1099 quae
677 1056 790 1099 incipit
823 1056 870 1089 Νε
895 1056 1008 1096 liceat,
1043 1062 1091 1099 eti]

340 1110 428 1143 Pauli
453 1111 487 1150 H,
514 1110 713 1153 aliotumque
741 1110 967 1143 Romanorum
992 1110 1075 1143 Pon-

341 1163 461 1196 tificum
495 1164 670 1206 praedeces
674 1174 783 1196 solum
814 1169 1001 1196 nostrorum
1036 1162 1091 1196 de'

286 1214 289 1220 '
340 1218 437 1250 rebus
468 1216 630 1249 Ecclesiae
667 1227 703 1248 ac
739 1226 886 1249 camerae
922 1222 953 1249 et
986 1216 1074 1249 Sedis

340 1270 581 1314 praedictarum
599 1280 664 1302 non
690 1269 879 1309 alienandis,
901 1280 937 1302 ac
962 1269 1092 1303 similis

339 1322 515 1356 memoriae
545 1322 590 1354 Pii
625 1322 729 1365 Papae
754 1322 789 1355 lv
814 1322 1075 1366 praedecessoris

339 1375 463 1420 pariter
493 1375 596 1408 nostri
627 1376 665 1408 de
696 1375 805 1418 gratiis
838 1378 1075 1419 qualecumque

339 1428 497 1462 interesse
512 1428 617 1461 dictae
638 1439 785 1461 camerae
803 1429 1074 1462 concernentibus
1091 1459 1092 1463 ,

1090 1493 1229 1525 ,gamus
1256 1493 1292 1515 ac
1317 1482 1504 1526 plenissime
1525 1488 1556 1515 et
1580 1483 1775 1526 amplissime
1792 1484 1841 1517 de-

338 1545 486 1578 pressum
511 1540 637 1578 tempus
662 1535 909 1578 praesentandis
941 1541 971 1568 et
996 1536 1074 1578 regi·
1090 1557 1092 1586 3
1108 1541 1254 1578 rogatum
1279 1546 1347 1568 esse
1371 1536 1539 1576 volumus3
1567 1536 1746 1580 ceterisque
1771 1547 1841 1570 con-

338 1480 371 1515 in
397 1482 509 1515 eadem
526 1485 652 1515 camera
669 1482 754 1515 intra
779 1488 904 1515 certum
930 1488 1006 1515 tunc
1027 1493 1075 1515 ex·

338 1588 487 1628 strandis‚
503 1587 547 1620 ita
562 1593 595 1620 ut
610 1594 796 1631 praesentes
814 1589 938 1621 litteras
953 1589 1075 1622 ibidem
1090 1594 1091 1623 l

338 1640 540 1685 praesentari
576 1646 607 1674 et
638 1642 807 1684 registrari
833 1653 997 1686 nunquam
1024 1651 1091 1675 ne*

339 1704 426 1726 cesse
451 1694 502 1733 sit,
530 1694 638 1727 aliisve
664 1694 859 1737 apostolicis,
882 1706 917 1728 ac
944 1696 976 1728 in
1002 1706 1072 1728 con-

338 1746 433 1787 ciliis,
460 1746 556 1779 etiam
579 1748 826 1787 universalibus,
853 1749 955 1789 editis,
983 1750 1089 1792 gene-l

338 1800 458 1833 ralibus
483 1802 531 1833 vel
563 1801 759 1844 specialibus
779 1802 1089 1845 eonstiunionibusj

339 1859 372 1887 et
387 1854 660 1893 ordinationibus,
673 1855 809 1887 decretis
821 1866 962 1898 quoque,
976 1857 1071 1888 etiam
1087 1846 1089 1857 i

338 1906 553 1939 cameralibus
565 1911 596 1938 et
609 1906 898 1947 consistorialibus‚
915 1918 951 1940 ac
968 1908 1070 1948 Urbis,
1085 1908 1089 1928 ¹

338 1969 484 1992 camerae
494 1965 523 1992 et
536 1959 689 1992 ecclesiae
706 1958 974 2003 praedictarum¹,
992 1961 1072 1994 aliis-

337 2023 375 2045 ve
399 2012 579 2055 quibusvis.
605 2013 702 2045 etiam
729 2013 931 2053 iuramento,
958 2014 1071 2047 confir-

335 2065 479 2098 matione
498 2065 692 2108 apostolica,
709 2067 759 2098 vel
783 2066 896 2109 quavis
917 2066 1070 2101 firmitate

336 2117 399 2151 alia
419 2118 596 2157 roboratis,
619 2118 758 2157 statutis⁷
774 2129 949 2162 eorumque
975 2121 1071 2154 resor-

335 2171 534 2204 mationibus
559 2177 591 2203 et
609 2172 698 2204 novis
724 2172 951 2213 additionibus,
972 2175 1068 2217 stylis,

335 2224 445 2257 usibus
471 2229 502 2256 et
519 2225 827 2266 consuetudinibus,
849 2226 945 2259 etiam
964 2227 1071 2260 imme-

336 2277 560 2316 morabilibus,
578 2277 759 2320 privilegiis
776 2289 917 2322 quoque,
934 2280 1069 2314 indultis

335 2336 367 2364 et
383 2331 499 2364 litteris
514 2332 710 2374 apostolicis,
724 2333 844 2366 eisdem
858 2334 1021 2374 ecclesiae,
1034 2346 1070 2368 ao

335 2394 481 2417 camerae
499 2390 530 2417 et
550 2384 640 2424 Urbi,
659 2385 824 2429 ipsiusque
844 2388 998 2420 ecclesiae
1024 2399 1069 2420 ar-

334 2437 578 2481 chipresbytero
604 2448 640 2470 ac
665 2438 806 2481 capitulo
832 2445 862 2472 et
887 2441 1050 2474 canonicis

334 2490 443 2522 aliisve
467 2490 616 2533 personis
633 2491 840 2534 quibuslibet,
862 2494 920 2525 sub
938 2494 1068 2537 quibus·
1083 2489 1084 2546 l

333 2553 473 2586 cumque
497 2543 671 2576 ve1b01um
697 2545 863 2578 tenoribus
888 2552 917 2578 et
945 2547 1064 2587 formis,

369 2605 381 2631 1
402 2604 474 2632 Edit.
495 2604 573 2633 Main.
589 2605 653 2640 tegit
670 2606 1003 2642 1›1aeclzctozu›12ta.r.).
1083 2626 1086 2639 ,

1113 274 1149 294 ac
1171 273 1243 295 cum
1269 260 1430 305 quibusvis
1451 263 1728 305 derogatoriarum
1754 264 1843 296 dero-

1112 316 1256 357 gatoriis,
1274 315 1408 359 aliisque
1423 316 1670 357 efficacioribus,
1690 315 1843 349 efficacis-

1111 368 1199 400 simis
1223 374 1254 400 et
1277 369 1416 401 insolitis
1442 369 1600 408 clausulis,
1628 369 1841 402 irritantibus-

1111 432 1172 464 que
1186 427 1218 454 et
1231 421 1301 454 aliis
1315 421 1462 463 decretis,
1478 423 1510 454 in
1526 432 1642 464 genere
1660 425 1708 457 vel
1725 423 1840 466 specie,

1109 474 1205 506 etiam
1230 479 1318 507 motu
1348 475 1431 517 pari,
1456 486 1491 507 ac
1517 476 1611 508 etiam
1637 476 1842 509 consistoria-

1108 526 1190 566 liter,
1206 531 1261 559 aut
1274 527 1351 559 alias
1372 528 1628 570 quomodolibet,
1641 529 1735 561 etiam
1752 529 1843 561 itera‘

1108 579 1146 611 tis
1172 579 1304 619 vicibus,
1323 580 1356 612 in
1370 581 1569 612 contrarium
1590 582 1841 623 praemissorum

1108 631 1355 674 quomodolibet
1385 633 1544 665 concessis
1561 660 1568 672 ‚
1595 634 1781 676 approbatis
1813 640 1844 667 et

1107 685 1284 725 innovatis,
1313 686 1428 729 quibus
1459 687 1610 719 omnibus
1642 691 1673 719 et
1698 687 1841 729 singulis,

1107 738 1230 770 etiamsi
1255 749 1316 781 pro
1348 739 1479 771 illorum
1511 739 1682 772 sufficienti
1708 740 1843 782 deroga-

1089 790 1194 825 ⁸tione
1221 791 1259 823 de
1285 791 1347 824 illis
1372 802 1551 835 eorumque
1576 792 1651 824 totis
1677 793 1842 825 tenoribus

1107 843 1263 886 specialis,
1277 844 1436 887 specifica,
1451 855 1601 888 expressa
1619 850 1650 877 et
1666 845 1841 885 individua,

1107 908 1143 929 ac
1165 897 1203 929 de
1228 898 1327 929 verbo
1348 898 1387 930 ad
1407 899 1548 937 verbum,
1567 909 1633 931 non
1657 903 1763 931 autem
1783 910 1842 943 per

1107 951 1268 983 clausulas
1301 952 1467 993 generales
1500 952 1585 984 idem
1610 952 1841 996 importantes,

1107 1004 1229 1036 mentio
1263 1014 1318 1036 seu
1345 1004 1473 1047 quaevis
1499 1005 1561 1037 alia
1592 1006 1755 1049 expressio
1785 1006 1842 1039 ha-

1106 1057 1213 1089 benda
1247 1063 1298 1089 aut
1332 1068 1553 1101 quaecumque
1586 1059 1648 1091 alia
1684 1059 1842 1102 exquisita

1108 1111 1211 1143 forma
1231 1111 1269 1143 ad
1293 1111 1353 1143 hoc
1371 1112 1526 1143 servanda
1542 1112 1633 1152 soret,
1648 1112 1780 1145 illorum
1801 1118 1841 1145 te-

1107 1175 1215 1204 nores,
1232 1164 1363 1203 formas,
1379 1175 1489 1197 causas
1503 1170 1533 1197 et
1550 1165 1734 1198 occasiones
1747 1176 1841 1209 prae-

1108 1218 1251 1249 sentibus
1273 1216 1349 1260 pro¹
1367 1219 1461 1260 plene
1480 1223 1511 1250 et.
1527 1218 1732 1258 sufficienter,
1758 1219 1840 1252 nihil

1108 1271 1237 1314 penitus
1248 1271 1375 1310 omisso,
1385 1271 1523 1310 insertis,
1532 1272 1699 1314 expressis,
1709 1272 1841 1304 servatis

1108 1328 1140 1355 et
1155 1323 1348 1366 specificatis
1366 1323 1533 1362 habentes,
1554 1323 1617 1356 illis
1635 1323 1712 1356 alias
1734 1324 1765 1356 in
1783 1335 1840 1357 suo

1091 1376 1227 1425 jrobore
1256 1376 1491 1420 permansuris,
1518 1377 1557 1409 ad
1588 1378 1841 1419 praemissorum

1108 1428 1256 1462 effectum
1289 1429 1474 1473 specialiter
1508 1435 1539 1462 et
1572 1441 1722 1473 expresse
1747 1431 1841 1464 dero-

1107 1589 1215 1621 trariis
1240 1589 1508 1632 quibuscumque.

1150 1642 1263 1675 Datum
1288 1642 1424 1683 Romae,
1450 1643 1533 1686 apud
1565 1643 1595 1675 S.
1623 1643 1753 1676 Mariam
1778 1643 1841 1676 Ma·

1089 1695 1219 1744 iorem,
1245 1696 1302 1728 sub
1328 1697 1448 1729 annulo
1473 1696 1655 1736 piscatoris,
1681 1697 1732 1729 die
1756 1707 1839 1730 xxvn

1106 1749 1219 1793 aprilis
1244 1759 1403 1789 MDCLXHI,
1430 1749 1637 1793 pontificatus
1662 1749 1765 1783 nostri
1790 1759 1841 1783 an-

1106 1813 1146 1836 no
1173 1814 1213 1836 lx.

1140 1866 1198 1892 Dat.
1216 1865 1259 1892 die
1275 1865 1308 1892 27
1325 1864 1417 1901 aprilis
1434 1865 1512 1897 1663,
1529 1865 1627 1900 pontit.
1650 1873 1719 1893 anno
1738 1871 1772 1893 ix.

1375 1981 1569 2014 CDXXXVII.

1106 2052 1293 2086 Commissz'o
1323 2062 1420 2095 super
1451 2051 1632 2085 divisione*
1655 2053 1841 2095 provinciae

1147 2105 1194 2138 Ss.
1221 2104 1378 2137 Ludovici
1411 2109 1439 2137 el
1470 2105 1613 2138 Elzearii
1646 2105 1748 2138 Tertii
1780 2105 1839 2140 Or-

1148 2157 1236 2190 dinis
1261 2157 1365 2190 sancti
1387 2157 1558 2190 Francisci
1581 2159 1840 2201 conyregyalionis

1148 2211 1339 2245 Gallicanae
1364 2211 1400 2243 in
1423 2210 1505 2243 duas
1528 2212 1733 2254 provincias,
1750 2211 1837 2244 eta'.

1296 2282 1464 2309 Alexander
1483 2282 1562 2316 Papa
1582 2282 1644 2315 VII,

1243 2327 1279 2354 ad
1295 2326 1428 2354 futuram
1446 2326 1491 2354 rei
1511 2327 1691 2355 memoriam.

1146 2388 1160 2431 ἓ
1185 2388 1215 2421 1.
1243 2388 1367 2431 Exponi
1391 2388 1486 2421 nobis
1510 2399 1612 2432 nuper
1632 2389 1780 2423 fecerunt
1797 2390 1840 2424 di—

1081 2441 1175 2485 lecti
1200 2441 1257 2474 filii
1291 2441 1435 2474 minister
1467 2442 1674 2485 provincialis
1706 2448 1737 2476 et
1762 2443 1838 2476 defi-

1139 2521 1147 2546 1
1172 2520 1319 2555 Praeposit.
1332 2528 1387 2555 pro
1403 2529 1451 2548 nos
1467 2520 1591 2548 addimus
1605 2523 1646 2556 (R.
1658 2523 1706 2557 τ.).

1135 2565 1150 2592 Ξ
1171 2565 1220 2591 Ed.
1236 2565 1315 2591 Main-
1331 2565 1396 2600 legit
1410 2566 1579 2593 dimissione
1593 2567 1634 2601 (n.
1651 2568 1699 2602 12).

1136 2608 1151 2636 3
1172 2608 1209 2635 Ex
1225 2608 1331 2644 aegest.
1347 2609 1374 2636 in
1390 2609 1492 2638 Secret.
1509 2609 1590 2638 BreV.

1764 207 1821 239 1⁴57
1868 214 1957 240 An.C.
1987 207 2052 241 1665

1880 2394 1997 2423 Expositis».
