2247 3208
181 257 233 283 An.
257 256 286 283 c.
306 255 372 283 1668
419 246 483 279 674

220 1898 300 1916 Petitur
322 1900 371 1916 con—

189 1922 278 1942 fxi-mano
287 1925 372 1948 aposto-

189 1949 236 1969 lica.

195 2555 204 2577 r
221 2529 296 2550 Annuit
307 2528 375 2549 Ponti-

205 2562 235 2576 cx.

374 305 483 343 ribus,
510 302 681 339 baifflivis,
710 298 996 343 praeceptoribus,
1030 308 1115 330 com-

376 356 595 394 mandatariis,
623 354 787 393 fratribus,
815 352 982 391 militibus,
1008 351 1113 384 subdi-

377 410 425 449 tis,
453 408 614 447 vassallis,
642 407 765 440 colonis
792 417 827 438 ac
846 405 1044 449 presbyteris
1062 415 1115 437 cu-

376 473 442 494 ram
467 461 647 493 animarum
673 459 897 492 exercentibus
929 458 1111 497 concessit;

376 515 553 547 decernens
568 512 729 555 hospitale
744 512 860 544 Beatac
875 511 991 544 Mariae
1009 510 1113 543 Theu-

376 567 567 606 tonicorum,
593 565 746 608 illiusque
765 565 961 607 magistrum,
973 564 1111 606 priores,

375 620 550 658 baiulivos,
585 622 836 661 praeceptores,
872 617 1114 650 commendata-

374 673 453 712 rios,
480 672 594 704 fratres
618 671 747 711 milites,
767 670 921 710 subditos,
940 669 1106 708 vassallos,

376 726 509 758 colonos
534 728 566 756 et
590 723 798 766 presbyteros
824 722 922 755 nullis
948 722 1019 755 aliis
1048 721 1114 764 pri-

376 777 510 820 vilegiis,
537 776 647 819 gratiis
672 781 704 809 et
728 775 872 815 indultis,
898 780 1056 818 quatenus
1079 774 1113 806 in

376 830 563 863 huiusmodi
583 828 793 861 concessione
815 838 879 861 non
900 828 1114 870 comprehen-

377 885 539 923 derentur,
553 883 665 926 quovis
680 887 847 926 praetextu
866 887 946 914 etex
965 890 1113 924 quacum-

377 947 439 979 que
465 938 574 975 causa,
601 936 666 975 uti,
695 935 755 967 frui
782 939 813 967 et
849 934 988 977 gaudere
1016 944 1113 976 posse

378 1000 437 1021 nec
458 989 590 1027 debere,
619 988 762 1031 quinimo
780 988 834 1020 illa
852 986 959 1019 omnia
975 996 1112 1026 cessare,

378 1052 414 1074 ae
438 1040 529 1073 irrita
553 1046 585 1073 et
609 1041 708 1080 nulla,
734 1040 919 1082 nulliusque
937 1039 1064 1072 roboris
1083 1043 1115 1070 et

378 1094 535 1126 momenti
561 1103 630 1126 esse
657 1098 688 1125 et
712 1093 800 1132 fore,
830 1097 926 1134 prout
957 1092 989 1124 in
1020 1091 1114 1124 dictis

378 1146 525 1189 Gregorii
550 1145 811 1189 praedecessoris
836 1145 869 1176 in
888 1144 990 1176 forma
1003 1144 1113 1177 Brevis

379 1201 518 1242 desuper
543 1200 602 1231 sub
624 1198 675 1231 die
694 1208 769 1232 xxm
788 1196 969 1230 decembris
983 1206 1115 1230 iincxxrl

380 1252 540 1295 expeditis
559 1250 687 1291 litteris,
708 1261 843 1294 quarum
862 1254 1007 1282 tenorem
1024 1259 1116 1293 prae—

379 1306 523 1339 sentibus
548 1314 607 1348 pro
633 1314 785 1347 expresso
811 1303 925 1336 haberi
950 1304 1112 1344 volumus,

380 1358 510 1402 plenius
548 1357 744 1390 continetur.
786 1357 824 1389 Et
862 1356 1001 1389 subinde
1041 1356 1115 1399 piae

380 1411 554 1445 memoriae
590 1410 738 1442 Urbanus
775 1410 861 1452 Papa
896 1409 982 1449 VIII,
1018 1409 1115 1442 etiam

380 1464 619 1507 praedecessor
651 1467 784 1501 noster,
808 1472 866 1504 per
898 1472 970 1494 suas
994 1461 1116 1504 pariter

380 1517 414 1549 in
434 1517 535 1549 forma
560 1515 670 1548 Brevis
689 1515 739 1547 die
755 1525 807 1548 xlx
827 1514 961 1547 ianuarii
979 1524 1116 1548 iincxxw

382 1569 542 1613 expeditis
568 1568 696 1608 litteris,
711 1578 845 1611 quarum
864 1572 1011 1600 tenorem
1024 1578 1117 1610 prae—

382 1623 529 1655 sentibus
564 1622 676 1654 itidem
716 1621 829 1653 haberi
870 1622 1018 1654 volumus
1057 1631 1116 1664 pro

383 1685 557 1718 expresso,
582 1675 645 1707 iam
670 1674 770 1707 dictas
804 1673 951 1716 Gregorii
982 1673 1117 1716 praede-

382 1728 520 1761 cessoris
546 1727 670 1760 litteras
690 1727 748 1759 sub
774 1727 870 1759 certis
894 1727 990 1759 modo
1010 1727 1117 1759 etfor·

382 1783 433 1813 ma
465 1786 542 1813 tunc
574 1780 735 1824 expressis
768 1779 970 1813 confirmavit
1007 1785 1042 1813 et.
1062 1790 1118 1823 ap-

382 1834 541 1878 probavit.

427 1888 441 1931 §
466 1886 497 1920 2.
524 1887 600 1920 Cum
624 1892 745 1928 autem,
772 1888 853 1920 sicut
876 1897 934 1931 pro
959 1890 1050 1930 parte
1072 1885 1118 1918 di-

382 1941 458 1974 lecti
486 1939 542 1973 filii
568 1941 714 1973 moderni
739 1940 847 1983 magni
872 1940 1016 1982 magistri
1042 1939 1118 1972 dicti

383 1994 552 2037 hospitalis
577 1994 692 2027 Beatae
719 1994 835 2026 Mariae
867 1993 1118 2026 Teutonicorum

383 2047 475 2080 nobis
501 2057 604 2090 nuper
629 2046 810 2090 expositum
834 2046 908 2085 suit,
933 2046 1118 2089 praedictae

384 2100 513 2143 quidem
538 2100 685 2142 Gregorii
706 2100 757 2132 XV
782 2105 813 2132 et
838 2099 957 2132 Urbani
984 2099 1115 2142 praede-

384 2164 549 2186 eessorum
574 2153 698 2186 litterae
727 2153 761 2186 in
791 2153 883 2185 viridi
913 2153 977 2185 sint
1009 2153 1120 2185 obser-

382 2207 497 2246 vantia,
524 2206 666 2239 firmiora
692 2211 798 2238 tamen
824 2210 855 2238 et
872 2206 1039 2238 stabiliora
1055 2205 1121 2237 sint

383 2269 441 2298 ea,
474 2259 589 2301 quibus
625 2259 752 2301 saepius
787 2258 994 2301 Apostolicae
1028 2257 1119 2290 Sedis

382 2311 567 2354 praedictae
589 2311 712 2343 accedit
735 2311 922 2350 auctoritas,
948 2311 1120 2354 cupiatque

384 2369 557 2406 propterea
573 2364 658 2395 idem
677 2374 810 2406 magnus
828 2364 982 2406 magister
999 2364 1121 2396 litteras

386 2416 571 2448 huiusmodi
587 2417 782 2459 apostolicae
794 2417 1055 2450 comffirmationis
1069 2427 1122 2449 no-

388 2475 471 2502 strae
496 2469 660 2511 praesidio
685 2470 856 2502 roborari:

433 2524 447 2565 ἓ
471 2522 503 2555 3.
531 2522 603 2561 Nos,
623 2522 722 2565 ipsius
740 2523 847 2565 magni
866 2523 1009 2565 magistri
1030 2523 1120 2564 votis,

959 250 1138 274 BULLARIUM
1162 249 1313 273 ROMANUM

1156 296 1278 339 gratiae
1296 297 1448 340 prosequi
1467 298 1621 339 volentes,
1641 303 1672 331 et
1689 309 1706 331 a
1726 298 1891 342 quibusvis

1156 350 1508 390 excommunicationis,
1535 352 1755 394 suspensionis
1781 357 1813 385 et
1843 353 1891 384 in-

1157 403 1294 443 terdicti,
1313 403 1447 445 aliisque
1467 404 1694 436 ecclesiasticis
1713 405 1890 446 sententiis,

1156 455 1302 488 censuris
1316 460 1348 488 et
1359 457 1482 498 poenis,
1499 467 1515 488 a
1534 457 1602 488 iure
1619 458 1667 489 vel
1690 457 1728 489 ab
1747 457 1889 497 homine,

1156 508 1267 550 quavis
1292 508 1459 541 occasione
1486 510 1534 541 vel
1559 511 1655 541 causa
1672 509 1755 548 latis,
1778 509 1804 541 si
1822 510 1892 552 qui-

1156 561 1214 592 bus
1239 561 1484 603 quomodolibet
1509 561 1684 594 Innodatus
1709 562 1825 601 existit,
1852 562 1891 595 ad

1156 613 1304 646 etl'ectum
1329 614 1550 656 praesentium
1583 615 1746 647 dumtaxat
1779 625 1892 647 conse-

1156 668 1343 709 quendum,
1370 668 1485 700 harum
1510 667 1593 700 serie
1625 668 1827 700 absolventes
1859 672 1892 700 et

1156 719 1336 752 absolutum
1354 720 1420 753 sore
1446 725 1622 760 censentes,
1650 719 1892 763 supplicationi-

1155 772 1214 805 bus
1234 773 1302 805 eius
1326 773 1455 806 nomine
1480 773 1575 805 nobis
1594 783 1689 816 super
1707 773 1769 805 hoc
1787 773 1892 805 humi-

1156 825 1231 857 liter
1255 826 1412 868 porrectis
1436 825 1593 866 inclinati,
1613 826 1651 858 de
1669 826 1892 868 congregatio-

1157 878 1205 910 nis
1239 880 1468 911 nonnullorum
1492 879 1727 912 venerabilium
1759 879 1892 911 fratrum

1156 935 1343 963 nostrorum
1368 931 1398 963 S.
1426 931 1463 964 R.
1490 931 1524 964 E.
1553 931 1765 964 cardinalium
1794 942 1892 974 nego-

1157 983 1210 1015 tiis
1236 988 1267 1015 et
1292 983 1599 1017 consultationibuse
1622 984 1831 1027 piscoporum
1861 988 1893 1016 ct

1156 1036 1355 1078 regularium
1370 1036 1631 1079 praepositorum
1645 1037 1791 1077 consilio,
1804 1047 1893 1079 prae-

1157 1088 1257 1120 dictas
1271 1087 1416 1131 Gregorii
1430 1089 1480 1121 XV
1495 1094 1527 1121 et
1543 1089 1663 1121 Urbani
1677 1089 1740 1121 VIII
1758 1089 1894 1132 praede-

1157 1141 1342 1174 cessorum¹
1357 1141 1491 1182 litteras,
1514 1142 1687 1185 omniaque
1712 1146 1743 1175 et
1767 1142 1893 1184 singula

1157 1193 1251 1236 inleis
1269 1199 1429 1234 contenta,
1448 1199 1560 1227 tenore
1577 1194 1803 1237 praesentium,
1826 1204 1893 1237 per-

1157 1251 1256 1289 petuo
1281 1247 1498 1290 approbamus
1523 1252 1555 1280 et
1579 1247 1818 1287 confirmamus,
1849 1246 1891 1279 il-

1157 1299 1262 1343 lisque
1286 1304 1464 1343 perpetuae
1489 1304 1520 1332 et
1540 1300 1734 1333 inviolabilis
1764 1304 1894 1343 aposto-

1157 1351 1238 1385 licae
1262 1352 1420 1385 firmitatis
1445 1353 1547 1386 robur
1571 1352 1752 1385 adiicimus.

1165 1404 1168 1405 ⁷
1201 1405 1271 1448 gli.
1307 1406 1520 1439 Decernentes
1553 1411 1739 1449 praesentes
1772 1406 1894 1438 litteras

1901 251 1949 276 An.
1966 250 1994 277 C.
2018 251 2083 278 1668

1932 1415 2045 1436 Decretum
2061 1414 2089 1435 ir-

1870 1459 1876 1464 .
1904 1443 1978 1463 ritaus.

1157 1459 1224 1491 ullo
1250 1470 1392 1502 unquam
1424 1464 1570 1502 tempore
1601 1459 1640 1491 de
1672 1459 1894 1502 subreptionis

1159 1513 1207 1545 vel
1234 1512 1433 1554 obreptionis
1457 1517 1511 1544 aut
1534 1511 1693 1545 nullitatis
1719 1511 1806 1552 vitio,
1841 1522 1896 1544 seu

1158 1564 1349 1597 intentionis
1368 1570 1497 1597 nostrae
1516 1565 1566 1597 vel
1589 1565 1741 1608 quopiam
1759 1565 1822 1597 alio
1841 1565 1896 1597 de-

1159 1618 1254 1657 fectu,
1282 1617 1376 1649 etiam
1403 1628 1440 1650 ex
1466 1628 1503 1650 eo
1525 1617 1611 1660 quod
1637 1618 1779 1650 locorum
1807 1617 1897 1650 Ordi-

1159 1670 1240 1702 narii
1267 1670 1305 1702 ad
1325 1670 1387 1702 hoc
1411 1670 1515 1702 vocati
1537 1680 1603 1702 non
1628 1669 1759 1710 suerint,
1778 1670 1894 1710 notari,

1159 1723 1356 1767 impugnari,
1381 1725 1430 1756 vel
1450 1723 1619 1756 invalidari
1636 1722 1766 1756 minime
1784 1734 1892 1766 posse,

1159 1777 1329 1819 minusque
1365 1777 1422 1808 sub
1459 1776 1624 1819 quibusvis
1660 1776 1812 1809 similium
1848 1778 1896 1809 vel

1161 1829 1362 1862 dissimilium
1381 1829 1555 1871 gratiarum
1573 1829 1842 1870 revocationibus,
1860 1829 1898 1862 li-

1160 1882 1390 1922 mitationibus,
1418 1882 1680 1915 restrictionibus
1706 1888 1737 1915 et
1763 1883 1898 1925 deroga-

1160 1936 1303 1968 tionibus
1317 1935 1551 1978 comprehendi
1570 1946 1678 1979 posse,
1697 1936 1753 1968 sed
1772 1947 1899 1979 semper

1161 1988 1199 2020 ab
1225 1988 1288 2021 illis
1313 1993 1472 2031 exceptas,
1499 1994 1539 2028 et,
1566 1989 1695 2031 quoties
1721 1989 1795 2021 illae
1813 1999 1898 2021 ema-

1161 2041 1294 2081 nabunt,
1320 2041 1413 2073 toties
1437 2041 1469 2073 in
1493 2041 1668 2084 pristinum
1701 2046 1818 2074 statum
1849 2052 1897 2074 re-

1162 2094 1300 2135 stitutas,
1328 2095 1489 2138 repositas
1511 2100 1541 2127 et
1559 2095 1703 2137 plenarie
1721 2095 1898 2137 reintegra-

1162 2155 1209 2182 tas
1235 2158 1314 2189 esse,
1341 2149 1450 2192 sieque
1476 2148 1516 2180 ab
1541 2148 1688 2181 omnibus
1713 2148 1848 2188 censeri,
1868 2152 1900 2180 et

1163 2204 1206 2236 ita
1231 2213 1288 2246 per
1312 2212 1533 2245 quoscumque
1559 2201 1681 2234 iudices
1702 2206 1734 2233 et
1754 2201 1899 2234 commis-

1163 2256 1263 2288 sarios
1277 2254 1387 2298 quavis
1403 2254 1590 2288 auctoritate
1605 2255 1785 2297 fungentes,
1802 2254 1899 2287 etiam

1163 2319 1330 2341 causarum
1349 2308 1459 2351 palatii
1484 2307 1650 2351 apostolici
1673 2308 1837 2340 auditores
1862 2318 1899 2340 ac

1164 2367 1294 2394 sanctae
1319 2361 1481 2394 Romanae
1506 2361 1668 2394 Ecclesiae
1701 2360 1896 2401 cardinales,

1164 2415 1299 2448 iudicari
1331 2419 1362 2447 et
1394 2414 1519 2447 definiri
1551 2414 1681 2453 debere,
1710 2424 1745 2446 ac
1772 2413 1897 2446 irritum

1165 2473 1197 2501 et
1221 2467 1315 2500 inane
1341 2467 1368 2500 si
1393 2478 1483 2500 secus
1501 2477 1596 2509 super
1622 2467 1672 2498 his
1690 2477 1706 2498 a
1724 2476 1895 2508 quoquam,

1166 2521 1275 2564 quavis
1302 2520 1499 2560 auctoritate,
1526 2520 1663 2552 scienter
1679 2520 1728 2551 vel
1746 2518 1897 2560 ignoran-

390 2580 545 2618 quantum
562 2586 632 2607 cum
648 2576 783 2607 Domino
802 2586 980 2618 possumus,
1001 2576 1123 2609 savera·
1167 2579 1222 2615 ter,
1249 2573 1424 2616 eontigerit
1448 2572 1611 2605 attentari.

388 2629 499 2662 biliter
524 2638 677 2670 annuere,
694 2639 828 2672 cumque
847 2629 996 2673 specialis
1014 2629 1122 2663 favore

1202 2638 1219 2678 I¹
1235 2636 1305 2664 Edit.
1323 2635 1401 2663 Main.
1419 2635 1482 2670 legit
1498 2632 1725 2670 praedecessoris
1739 2633 1779 2667 (R.
1795 2632 1844 2666 T.).
