2247 3208
143 263 195 291 1111.
211 261 241 290 C.
263 261 330 290 1689

336 310 403 344 vice
437 312 618 352 dumtaxat,
646 312 836 356 specialiter
861 318 893 345 et
917 323 1074 356 expresse

335 365 553 408 derogamus,
581 366 765 409 ceterisque
796 366 972 399 contrariis
1003 366 1075 410 qui-

333 419 551 463 buscumque.

375 471 491 505 Datum
517 473 652 513 Romae,
679 473 765 517 apud
789 473 820 506 S.
848 473 979 505 Mariam
1010 473 1073 505 Ma-

330 526 436 558 iorem
453 553 460 566 ,
487 527 545 559 sub
579 527 699 559 annulo
736 526 927 566 piscatoris,
955 525 1007 558 die
1032 537 1069 558 xv

329 578 469 611 ianuarii
514 589 672 620 MDCLXIX,
711 578 921 622 pontificatus
965 579 1070 611 nostri

329 641 416 664 anno
442 642 477 665 u.

363 693 422 722 Dat.
438 694 483 721 die
498 695 530 722 15
544 694 658 721 ianuarii
676 694 753 726 1669,
771 694 866 729 pontif.
881 702 952 721 anno
967 700 997 721 11.

648 837 750 870 XCIII.

323 915 509 950 Jubilaeum
522 927 581 960 pro
590 927 689 959 reque
707 917 908 957 Galliarum,
924 918 1066 962 aliisque

365 971 544 1013 provinciis
568 975 596 1003 el
614 971 793 1003 ditionibus
817 972 886 1014 φερέ
909 972 1063 1004 christia-

365 1024 502 1056 nissimo
518 1024 680 1064 subiectis,
697 1025 739 1056 ad
760 1025 1001 1067 implorandam.
1017 1025 1064 1058 di-

365 1078 478 1110 vinam
496 1088 586 1120 opem
598 1083 711 1110 contra
730 1079 861 1118 Turccts,
879 1090 951 1111 cum.
968 1090 1063 1122 prae-

364 1134 448 1172 cepto
474 1129 678 1169 ordinariis,
713 1135 749 1163 ul
777 1132 858 1163 serio
888 1132 1062 1174 inm'qilent

362 1186 399 1214 ul
423 1183 651 1226 eleemosynae,
676 1194 758 1226 quas
783 1184 946 1217 occasione
971 1184 1058 1216 iuba·-

364 1235 428 1267 laez'
452 1236 640 1269 huiusmodi
668 1248 688 1269 α
712 1237 979 1279 christifidelibus
1000 1248 1060 1280 pro

361 1298 471 1320 eorum
496 1288 661 1322 devotione
684 1294 794 1332 sponte
811 1290 952 1332 conferri
976 1295 1003 1322 et
1023 1291 1059 1322 in

361 1341 519 1384 capitulis
542 1341 750 1374 ecclesiarum
779 1343 919 1385 reperiri
950 1343 1059 1375 conti-

358 1394 453 1435 qeril,
478 1395 513 1426 in
538 1405 670 1427 causam
694 1395 771 1428 hetta·
794 1400 906 1428 contra
938 1397 1056 1428 Turcas

357 1445 498 1488 fideliler
522 1448 720 1490 eroqentur&

533 1528 667 1556 Clemens
688 1529 767 1562 Papa
788 1529 840 1561 1x,

454 1573 490 1599 ad
509 1573 643 1600 futuram
663 1573 709 1601 rei
725 1575 907 1601 memoriam.

142 1653 222 1686 Mouza
238 1659 300 1680 prae·
355 1643 370 1686 ἓ
395 1643 426 1676 1.
455 1643 531 1677 Cum
556 1655 614 1677 nos
638 1644 701 1677 iam
725 1645 856 1687 pluries,
876 1645 960 1678 inter
985 1656 1052 1687 gra-

115 1682 300 1727 ifo‘i‘iss.“⁰⁰²''¹¹¹'
312 1696 361 1728 ria
386 1695 583 1729 christianae
608 1697 810 1740 reipublicae
829 1697 984 1740 pericula,
999 1709 1052 1741 pu-

312 1749 422 1789 blicas,
450 1755 518 1782 tum
541 1749 575 1782 in
599 1752 683 1783 alma
700 1750 784 1783 Urbe
809 1753 922 1783 nestra
940 1752 1051 1784 ortho-

310 1804 413 1836 doxae
437 1803 606 1846 religionis
631 1815 720 1845 arce,
748 1809 814 1838 tuni
843 1804 875 1836 in
900 1805 1050 1838 universa

308 1856 399 1889 Italia
424 1857 679 1899 supplicationes
704 1863 798 1902 atque
828 1865 954 1901 preces,
982 1869 1050 1892 ero-

307 1909 388 1951 gatis
402 1909 565 1942 Ecclesiae
582 1910 750 1951 thesauris,
766 1921 905 1954 quorum
919 1912 1050 1954 dispen-

306 1963 466 1996 sationem
490 1963 586 1996 nobis
612 1964 775 1997 commisit
799 1964 895 2005 Deus,
923 1965 1048 1997 indixe-

305 2016 417 2055 rimus,
442 2022 477 2048 ut
498 2017 752 2050 clementissima
788 2017 914 2051 Domini
946 2019 1046 2051 nostri

306 2069 489 2111 benignitas
503 2069 797 2103 inl‘ensissimorum
812 2071 978 2103 christiani
995 2081 1047 2103 uo-

308 2122 404 2154 minis
432 2122 576 2155 hostium
602 2123 773 2156 Turcarum
799 2124 938 2167 impetus
958 2130 989 2156 et
1004 2124 1048 2157 vi-

305 2185 358 2207 res
383 2175 508 2208 virtutis
533 2186 608 2208 suae
634 2177 781 2219 potentia
811 2177 988 2220 reprimere
1015 2182 1047 2209 et

306 2233 484 2269 conterere,
503 2239 743 2272 prosperosque
769 2240 877 2261 rerum
902 2230 1045 2262 christia-

305 2290 419 2314 narum
450 2286 581 2313 eventus
610 2281 722 2323 largiri
755 2280 961 2323 dignaretur,
988 2283 1044 2315 sed

306 2333 403 2366 ell'era
421 2335 612 2367 eorumdem
629 2334 805 2366 'furcarum
823 2334 972 2377 impietas
993 2335 1045 2368 ob-

303 2439 337 2471 in
362 2440 429 2472 dies
454 2439 542 2472 rabie
567 2445 688 2482 urgeat,
715 2445 747 2472 et
770 2450 821 2472 res
851 2440 1043 2473 christianas

303 2492 390 2534 gravi
415 2493 505 2525 clade
523 2493 687 2526 involvere
705 2503 765 2536 pro
785 2492 906 2525 viribus
930 2494 1044 2526 molia-

300 2551 373 2586 tur·‚
393 2547 697 2580 christianissimum
719 2558 754 2579 ac
772 2547 899 2590 pietatis
922 2553 953 2580 et
977 2547 1043 2579 bel-

338 2662 351 2688 1
368 2660 407 2689 Ex
421 2661 530 2697 Regest.
547 2663 573 2689 in
588 2662 689 2690 Secret.
709 2662 784 2689 Brev.

961 263 1103 289 CLEMENS
1127 265 1157 288 ix
1181 265 1230 288 PF.

1755 256 1818 291 7(ss
1864 266 1960 293 Aac.
1985 266 2052 293 1ch

1120 312 1202 345 lieac
1228 313 1430 347 fortitudinis
1466 315 1562 348 laude
1594 315 1859 348 florentissimum

1095 356 1097 381 1
1118 366 1293 399 Galliarum
1310 378 1459 409 regnum,
1476 369 1561 401 unde
1588 374 1634 402 tot
1651 369 1774 412 egregii
1799 381 1859 413 pu-

1117 420 1199 462 giles
1225 421 1364 463 gloriosa
1388 433 1446 465 pro
1465 422 1583 455 Clu-isti
1603 423 1729 456 honore
1754 429 1857 456 certa-

1116 472 1203 505 mina
1227 473 1364 506 subituri
1390 485 1496 518 nuper
1513 476 1544 508 in
1570 475 1694 509 Cretam
1720 476 1858 511 insulam

1115 536 1186 558 sese
1213 528 1430 567 coutulerunt,
1457 529 1496 561 ad
1527 530 1667 562 divinam
1701 540 1795 574 opem
1823 532 1857 563 in

1115 576 1166 609 his
1193 579 1429 620 urgentissimis
1454 587 1584 616 sanctae
1616 582 1722 625 Matris
1747 584 1857 617 Eccle-

1113 630 1178 662 siae
1204 632 1450 665 necessitatibus
1481 635 1634 668 adversus
1667 647 1853 670 communes

1113 682 1224 716 hostes
1249 685 1428 718 coniunctis
1457 688 1580 730 pariter
1614 689 1764 731 precibus
1794 691 1853 723 im-

1111 736 1302 778 plorandam
1328 739 1536 782 amplissimis
1554 741 1767 784 spiritualium
1786 754 1852 786 gra-

1111 789 1226 821 tiarum
1250 791 1439 824 muneribus
1464 794 1649 827 censuimus
1675 806 1746 829 esse
1772 797 1853 830 invi-

1110 842 1254 876 tandum.
1290 844 1419 887 Itaque,
1452 846 1491 879 de
1529 848 1762 891 omnipotentis
1794 850 1850 883 Dei
1889 858 2003 891 tubuavrmv
2026 865 2047 881 m

1109 895 1334 931 misericordia
1352 909 1389 931 ac
1407 899 1576 934 beatorum
1597 902 1682 935 Petri
1708 909 1739 936 et
1760 888 2046 937 pauli{351¹51a.[?.tf''¹'

1110 951 1333 991 apostolorum
1359 952 1428 984 eius
1453 955 1647 992 auctoritate
1673 956 1794 997 confisi,
1811 969 1848 990 ex

1107 1002 1163 1034 illa
1199 1003 1319 1046 ligandi
1355 1012 1451 1049 atque
1486 1009 1630 1041 solvendi
1661 1015 1844 1052 potestate,

1107 1064 1202 1096 quam
1227 1057 1323 1089 nobis
1349 1056 1501 1092 Dominus
1519 1060 1593 1092 licet
1611 1060 1752 1104 indiguis
1770 1074 1847 1096 eon-

1107 1108 1196 1147 tulit,
1233 1109 1393 1143 universis
1436 1117 1469 1144 et
1505 1113 1641 1156 singulis
1678 1115 1845 1159 utriusque

1105 1171 1198 1194 sexus
1224 1162 1490 1198 christifidelibus
1508 1166 1541 1198 in
1559 1167 1709 1200 universo
1731 1168 1847 1201 Gallia-

1103 1224 1175 1246 rum
1200 1225 1301 1257 regno
1323 1217 1455 1260 aliisque
1481 1220 1631 1252 omnibus
1652 1227 1681 1253 et
1708 1222 1843 1264 singulis

1102 1268 1277 1309 provinciis
1315 1275 1346 1302 et
1386 1271 1564 1304 ditionibus
1608 1274 1776 1308 carissimo
1810 1275 1843 1307 in

1102 1320 1228 1354 Christo
1245 1321 1311 1355 filio
1330 1329 1441 1356 nostro
1459 1325 1619 1358 Ludorico
1645 1327 1843 1361 Francorum

1100 1373 1168 1416 regi
1186 1375 1455 1409 christianissimo
1470 1378 1625 1411 subiectis
1640 1380 1839 1423 degentibus,

1100 1428 1154 1471 qui
1180 1430 1336 1462 ecclesias
1359 1430 1398 1462 ab
1423 1429 1599 1464 Ordiuariis
1618 1434 1773 1474 locorum,
1793 1436 1839 1468 vel

1099 1491 1210 1516 eorum
1242 1483 1369 1515 vicariis
1401 1494 1456 1515 seu
1484 1484 1696 1526 officialibus,
1721 1492 1776 1518 aut
1801 1488 1840 1520 de

1098 1545 1211 1571 eorum
1235 1537 1397 1577 mandato,
1424 1543 1464 1577 et,
1491 1539 1568 1581 ipsis
1596 1540 1837 1582 deficientibus,

1096 1599 1155 1630 per
1180 1600 1235 1621 eos
1261 1590 1315 1632 qui
1341 1590 1384 1622 ibi
1411 1602 1521 1624 curam
1543 1592 1724 1626 aniuiaruin
1750 1605 1835 1626 exer-

1097 1646 1180 1679 cent,
1207 1647 1380 1684 postquam
1406 1643 1444 1675 ad
1465 1654 1578 1677 eorum
1604 1646 1749 1678 notitiam
1775 1647 1836 1679 liae

1095 1699 1224 1726 nostrae
1242 1695 1460 1737 pervenerint,
1478 1697 1704 1740 designandas,
1720 1700 1768 1731 vel
1784 1710 1837 1732 ec-

1095 1746 1269 1779 clesiarum
1284 1747 1469 1781 huiusmodi
1480 1749 1630 1792 aliquam,
1643 1751 1748 1793 spatio
1764 1752 1835 1785 dua-

1093 1810 1164 1831 rum
1190 1800 1465 1833 liebdomadarmn
1493 1813 1509 1834 a
1535 1803 1756 1845 publicatione
1783 1805 1835 1837 de-

1093 1852 1283 1895 signationis
1316 1865 1377 1897 per
1418 1854 1606 1888 Ordinarios
1646 1858 1694 1889 rel
1721 1868 1831 1890 comm

1092 1905 1228 1939 vicarios
1245 1918 1299 1939 seu
1325 1907 1488 1947 officiales,
1510 1910 1558 1942 vel
1580 1909 1670 1950 aiios,
1689 1917 1722 1942 ut
1739 1922 1833 1953 prae-

1092 1960 1213 2000 fertur,
1247 1960 1393 1993 facienda
1418 1962 1667 1995 (leeursuiaiaun
1684 1990 1691 2003 ,
1717 1965 1829 1995 saltem

1091 2013 1189 2045 semel
1221 2013 1435 2053 visitaverint,
1462 2014 1569 2057 ibique
1606 2024 1664 2058 per
1697 2015 1830 2058 aliquod

1091 2065 1247 2108 temporis
1280 2067 1416 2108 spatium
1447 2078 1507 2110 pro
1537 2068 1703 2111 prosperis
1729 2069 1831 2101 cbris-

1091 2118 1248 2150 tianarum
1274 2129 1382 2151 rerum
1408 2120 1619 2160 successibus,
1645 2132 1681 2153 ac
1708 2132 1829 2154 memo-

1089 2176 1232 2203 ratorum
1255 2171 1430 2205 Turearum
1452 2173 1674 2215 depressione,
1695 2174 1828 2216 aliisque

1090 2225 1236 2257 eiusdem
1254 2231 1381 2258 sanctae
1406 2226 1514 2258 Matris
1535 2227 1695 2260 Ecclesiae
1718 2238 1828 2260 ncces-

1089 2278 1238 2311 sitatibus
1270 2279 1338 2322 pias
1369 2280 1407 2311 ad
1437 2279 1537 2312 Deum
1562 2291 1675 2323 preces
1706 2281 1827 2313 elinde-

1088 2332 1164 2373 rint,
1184 2344 1219 2366 ae
1241 2336 1353 2377 quarta
1370 2339 1401 2365 et
1419 2336 1505 2366 sexta
1523 2334 1609 2366 feriis
1635 2346 1670 2367 ac
1694 2335 1825 2368 sabbato

304 2386 465 2419 sidionem
491 2386 626 2419 civitatis
648 2386 785 2419 Calidiae
805 2387 1043 2420 vehementiori
1064 2391 1066 2421 ἰ
1087 2386 1219 2419 alterius
1241 2397 1278 2418 ex
1304 2387 1517 2420 hebdomadis
1543 2387 1724 2421 huiusmodi
1751 2388 1826 2420 ieiu-

1063 2451 1065 2461 ·
1088 2440 1242 2481 naverint,
1263 2445 1303 2479 et,
1322 2446 1454 2483 peecata
1470 2452 1527 2473 sua
1547 2442 1696 2482 confessi,
1720 2442 1753 2473 111
1772 2442 1823 2474 die

1087 2493 1250 2525 dominica
1274 2493 1458 2525 immediate
1491 2495 1658 2538 sequenti,
1686 2496 1733 2527 rel
1764 2495 1824 2527 alia

1086 2546 1136 2578 die
1155 2546 1239 2578 intra
1261 2547 1407 2580 eamdem
1428 2547 1675 2589 hebdomadam,
1694 2548 1823 2580 sanctis·

1085 2599 1164 2631 sima
1182 2600 1410 2633 commuuione
1426 2601 1540 2633 resecti
1554 2601 1681 2640 fuerint,
1701 2606 1731 2633 et
1749 2611 1823 2643 pau-

1061 2653 1214 2696 ¹peribus
1251 2654 1389 2696 aliquam
1428 2655 1692 2697 eleemosynam,
1726 2659 1824 2695 prout
