2247 3208
70 196 78 202 '
121 211 174 237 An.
190 207 218 237 c.
242 208 309 236 1665

186 691 299 715 Dcropaiio

117 720 279 738 contrariorum.

309 256 356 289 vis
385 256 574 289 auctoritate
597 260 627 288 et
652 260 808 298 potestate
836 266 869 288 ae
895 256 1047 299 praeemi-

309 312 419 342 nentla
454 309 623 351 fungentes
658 314 689 341 et
713 309 895 347 iuncturos,
922 310 1044 341 sublata

309 363 355 395 eis
380 367 411 396 et
437 372 549 395 eorum
567 362 695 395 cuilibet
716 363 825 405 quavis
855 362 946 395 aliter
963 362 1046 394 111111-

309 414 402 448 candi
426 420 457 447 et
492 415 722 457 interpretandi
756 415 905 449 facultate
931 420 962 446 et
993 425 1046 447 au-

309 461 464 507 ctoritate,
490 467 623 501 iudicari
649 473 679 501 et
704 467 828 499 ‹lesiniri
855 467 982 503 ‹zlebere
1009 478 1045 500 ae

309 521 435 554 irritum
459 526 489 553 et
521 521 615 553 inane
648 520 672 552 si
705 531 795 553 secus
832 530 929 563 super
955 520 1003 554 his
1029 531 1045 552 a

310 585 483 618 quoquam,
499 575 608 617 quavis
626 573 822 611 auctoritate,
842 573 980 606 scienter
995 574 1043 606 vel

311 627 497 670 ignoranter
521 626 692 669 eontigerit
716 625 877 659 attentari.

355 680 369 723 ξ
393 679 424 713 6.
451 680 520 713 Non
545 679 747 712 obstantibus
772 678 970 721 praemissis,
997 684 1042 718 et,

311 738 469 777 quatenus
493 743 573 775 opus
587 732 634 772 sit,
653 734 761 766 nostra
779 737 809 765 et
833 732 1044 766 cancellariae

310 781 641 829 apostolicae'regula
659 785 696 817 de
720 796 783 818 non
810 786 954 818 tollendo
975 786 1043 818 iure

309 838 463 883 quaesito,
490 838 627 881 aliisque
652 838 848 881 apostolicis,
870 849 906 871 ae
930 838 962 871 in
980 839 1045 871 uni-

307 893 486 927 versalibus
508 892 823 935 provineialibusque
849 896 881 925 et
908 893 1045 935 synoda-

306 947 391 981 libus
428 945 573 979 conciliis
608 945 727 985 editis,
755 945 959 988 generalibus
995 947 1043 978 vel

307 1000 513 1044 specialibus,
540 1000 821 1033 constitutionibus
853 1004 884 1032 et
916 999 1045 1032 ordina-

307 1053 458 1092 tionibus,
478 1063 606 1085 necnon
624 1053 808 1096 quorumvis
832 1053 1044 1087 monasterio-

307 1117 397 1146 rum,
424 1110 639 1138 conventuum
670 1111 701 1138 et
725 1106 895 1140 domorum
920 1107 1044 1149 regula-

307 1160 410 1198 rium,
437 1169 472 1192 ae
496 1159 668 1196 Ordinum,
699 1164 762 1191 tam
796 1159 1043 1192 Mendieantium

308 1223 403 1256 quam
430 1222 494 1245 non
519 1211 783 1251 Mendieantium,
819 1213 1043 1255 congregatio-

307 1276 392 1305 num,
418 1265 606 1299 societatum
627 1271 658 1297 et
682 1265 911 1306 institutorum,
934 1266 1041 1299 aliisve

307 1318 512 1361 quibuslibet,
540 1318 636 1350 etiam
661 1318 852 1359 iuramento,
879 1319 1042 1352 confirma-

306 1371 394 1405 tione
421 1371 607 1414 apostoliea,
626 1372 674 1404 vel
694 1372 802 1414 quavis
817 1372 962 1404 firmitate
982 1373 1043 1404 alia

306 1424 478 1465 roboratis,
503 1424 635 1461 statutis,
662 1424 771 1456 usibus
789 1429 815 1456 et
839 1426 1043 1458 eonsuetudi-

306 1477 417 1517 nibus,
448 1477 543 1510 etiam
568 1477 888 1517 immemorabilibus,
919 1478 1042 1521 privile-

307 1531 366 1573 giis
384 1541 522 1573 quoque,
546 1531 684 1570 indultis,
707 1530 918 1571 libertatibus,
938 1542 1043 1564 exem-

306 1584 470 1626 ptionibus
506 1590 536 1616 et
560 1584 676 1617 litteris
710 1584 913 1627 apostolicis,
946 1585 1041 1618 etiam

305 1637 392 1670 mari
415 1648 544 1680 wtayno,
562 1648 617 1680 seu
643 1638 734 1670 [uallet
751 1638 861 1677 aureli,
879 1643 933 1670 aut
949 1638 1042 1671 aliter

305 1691 507 1734 noncupatis,
526 1690 645 1724 eisdem
669 1691 883 1731 monasteriis,
908 1699 1041 1724 eonven-

305 1744 451 1776 ventibus
476 1749 508 1777 et
531 1744 678 1777 domibus
703 1744 915 1787 regularibus,
936 1745 1042 1786 aestlr-

306 1797 433 1830 dinibns
451 1824 458 1837 ,
489 1798 808 1840 congregationibus,
836 1798 1041 1832 societatibus

306 1855 337 1883 et
360 1850 529 1890 institutis,
558 1861 732 1893 eorumque
768 1851 987 1894 superioribus
1012 1857 1043 1884 et.

305 1903 452 1946 personis
473 1904 678 1947 quibuslibet,
705 1905 762 1937 sub
788 1905 1041 1948 quilniscumque

303 1957 477 1990 verborum
507 1956 674 1989 tenoribus
701 1962 731 1988 et
756 1957 884 1997 formis,
910 1969 946 1990 ae
971 1970 1041 1991 eum

305 2009 469 2053 quibusvis
493 2010 589 2044 etiam
610 2011 886 2053 derogatoriarum
912 2012 1042 2054 deroga-

303 2063 410 2103 toriis,
444 2064 578 2106 aliisque
605 2063 856 2103 efficacioribus,
889 2064 1041 2097 effieaeis-

304 2116 392 2148 simis
417 2121 448 2148 et
472 2115 610 2149 insolitis
635 2117 801 2156 clausulis,
828 2117 1041 2149 irritantibus-

305 2180 366 2212 que
390 2174 422 2203 et
445 2170 514 2202 aliis
549 2170 701 2210 decretis,
735 2170 829 2203 eliani
855 2176 942 2203 motu
967 2182 1041 2213 pro—

304 2222 395 2266 prio,
425 2227 456 2255 et
480 2223 518 2255 de
548 2223 746 2265 apostolicare
777 2224 944 2266 potestatis
972 2225 1040 2267 ple.-

304 2276 451 2309 nitudine
468 2303 476 2316 ,
503 2287 539 2308 ac
563 2277 850 2317 consistorialiter,
883 2288 937 2310 seu
963 2278 1040 2311 alias·

305 2329 573 2373 quomodolibet,
608 2329 640 2362 in
671 2340 789 2372 genere
821 2332 870 2363 vel
903 2331 935 2363 in
971 2342 1040 2374 spe,-

304 2383 362 2423 cie,
382 2382 477 2415 etiam
500 2382 530 2414 in
550 2382 658 2415 limine
684 2383 890 2423 fundationis,
910 2389 963 2416 aut
983 2394 1040 2427 per

303 2435 387 2468 viam
411 2435 712 2468 communicationis
745 2446 800 2468 seu
826 2436 1038 2477 extensionis,

305 2488 338 2520 in
363 2488 557 2520 contrarium
583 2488 832 2530 praemissorum
858 2489 1037 2529 concessis,

305 2541 523 2580 confirmatis,
562 2546 593 2573 et
628 2541 748 2584 pluries
788 2541 974 2583 approbatis
1010 2547 1041 2573 et

304 2593 487 2633 innovatis,
515 2593 629 2636 quibus
655 2593 802 2626 omnibus
835 2598 866 2626 et
890 2593 1039 2636 singulis,

904 208 1089 231 :xLExitNDEfl
1114 210 1157 232 vt]
1185 211 1230 233 PF.

1727 207 1790 239 5:35

1091 257 1212 290 etiamsi
1238 269 1296 301 pro
1322 260 1450 293 illorum
1488 262 1655 296 suffirienti
1691 266 1810 308 deroga

1091 309 1176 343 tiene
1203 312 1241 343 de
1268 312 1332 345 illis
1362 324 1538 357 eorumque
1559 317 1633 349 totis
1658 318 1825 351 tenoribus

1089 363 1244 404 specialis,
1261 365 1415 407 speriliea,
1436 378 1585 409 expressa
1603 375 1631 401 et
1650 370 1823 412 individua,

1088 426 1123 447 ae
1148 416 1187 446 sle.
1212 418 1310 450 verbo
1337 419 1374 450 ad
1394 421 1535 461 verbum,
1555 432 1617 454 uon
1645 429 1750 457 autem
1769 436 1826 468 per

1088 468 1245 501 clausulas
1271 473 1440 511 generales
1478 473 1562 506 idem
1593 475 1822 518 importantes,

1088 521 1208 553 mentio
1239 532 1292 553 seu
1319 525 1449 565 quaevis
1481 525 1542 558 alia
1567 529 1732 570 expressio
1770 530 1824 562 ha-

1088 573 1212 614 benda,
1239 581 1292 607 aut
1317 586 1538 621 quaecumque
1573 580 1634 612 alia
1666 583 1824 625 exquisita

1089 626 1189 660 forma
1214 628 1252 661 atl
1284 629 1346 661 hoe
1381 632 1535 666 servanda
1561 632 1664 672 soret,
1691 639 1822 669 tenores

1088 679 1291 720 huiusmodi,
1319 692 1353 714 ae
1378 682 1402 714 si
1428 684 1466 716 de
1491 685 1590 718 verbo
1623 687 1661 720 ad
1691 688 1824 721 verbum

1088 732 1169 766 nihil
1205 735 1334 777 penitus
1360 736 1478 770 omisso
1510 743 1541 771 et
1572 738 1673 772 forma
1698 740 1729 773 in
1762 741 1824 774 illis

1088 780 1202 819 tradita
1226 787 1392 820 observata
1413 790 1671 832 exprimerentur
1694 799 1723 826 et
1744 793 1826 826 inse-

1087 845 1244 881 rerentur,
1266 843 1488 885 praesentibus
1512 854 1571 887 pro
1596 846 1692 888 plene
1719 851 1750 879 et
1767 847 1825 879 sus-

1087 892 1233 927 fieienter
1257 896 1416 938 expressis
1443 901 1474 929 et
1498 897 1624 930 insertis
1650 899 1823 940 habentes,

1088 947 1150 980 illis
1169 948 1246 981 alias
1272 948 1303 981 in
1328 959 1386 982 suo
1403 950 1521 983 robore
1542 953 1770 994 permansuris,
1784 954 1823 986 ad

1087 1001 1335 1043 praemissorum
1360 1002 1526 1044 ess'eetum,
1554 1004 1613 1037 hae
1636 1006 1703 1038 viee
1736 1006 1824 1039 dum-

1086 1058 1178 1093 taxat,
1198 1055 1380 1097 specialiter
1396 1061 1427 1088 et
1445 1066 1594 1099 expresse
1613 1058 1821 1101 derofftmuffi

1086 1107 1267 1150 ceterisque
1293 1109 1462 1141 contrariis
1487 1110 1753 1154 quilnisiaimque.

1130 1161 1199 1203 §T
1234 1161 1386 1194 Volumus
1422 1168 1529 1195 autem
1565 1169 1600 1195 ut
1635 1165 1820 1198 earumdem

1086 1213 1304 1255 praesentium
1329 1214 1506 1247 litterarum
1524 1217 1743 1260 transumptis,
1765 1229 1821 1251 seu

1085 1266 1248 1308 exemplis,
1268 1267 1364 1299 etiarn
1382 1267 1557 1310 impressis,
1576 1279 1672 1301 manu
1687 1270 1822 1303 alieuius

1085 1319 1200 1350 notarii
1221 1319 1341 1362 publiei
1357 1320 1559 1364 subscriptis,
1580 1327 1612 1354 et
1628 1322 1734 1365 sigillo
1752 1334 1822 1367 per-

1085 1381 1182 1404 sonae
1211 1371 1243 1403 111
1273 1372 1495 1406 ecclesiastiea
1520 1374 1677 1416 (lignitate
1708 1376 1823 1409 eonsti-

1086 1429 1171 1457 tutae.
1188 1424 1330 1465 munitis,
1350 1426 1463 1458 eadem
1489 1437 1622 1470 prorsus
1649 1428 1728 1461 sides
1753 1430 1823 1462 ubi-

1831 1207 1968 1229 sumptorum.

1067 1474 1145 1520 'que
1171 1480 1317 1511 locorum
1343 1484 1375 1511 et
1399 1480 1551 1522 gentium,
1570 1482 1679 1514 tamin
1702 1482 1820 1516 iudicio

1085 1543 1178 1574 quam
1193 1537 1278 1565 extra
1300 1533 1388 1573 iilud,
1408 1533 1611 1575 adhibeatur,
1630 1546 1711 1578 quae
1730 1536 1822 1578 ipsis-

1067 1591 1149 1622 ⁴met
1173 1586 1400 1628 praesentibus
1427 1587 1649 1627 adhiberetur,
1667 1588 1692 1621 si
1714 1589 1822 1622 forent

1084 1638 1247 1671 exhibitae
1273 1641 1321 1672 vel
1348 1646 1510 1673 ostensae.

1128 1692 1241 1724 Datum
1275 1693 1417 1733 Romae,
1439 1695 1525 1737 apud
1553 1695 1583 1727 S.
1608 1695 1738 1728 Mariam
1759 1696 1822 1729 Ma—

1084 1746 1201 1786 iorem,
1229 1747 1290 1779 sub
1316 1748 1437 1780 annulo
1464 1748 1656 1789 Piscatoris,
1687 1749 1738 1782 die
1764 1761 1821 1783 xxx

1084 1799 1220 1831 ianuarii
1271 1809 1419 1840 aiDchv,
1462 1800 1672 1843 pontificatus
1715 1803 1820 1835 nostri

1085 1863 1168 1885 anno
1183 1863 1211 1886 x.

1120 1915 1177 1942 Dat.
1195 1915 1238 1942 die
1253 1915 1286 1943 30
1302 1915 1414 1942 ianuarii
1432 1916 1508 1949 1665,
1525 1916 1619 1952 pontif.
1637 1925 1679 1944 an.
1700 1926 1726 1944 x,

1410 2064 1484 2097 DlV.

1083 2142 1222 2176 Eoelzibei
1262 2144 1437 2186 sbrmutam
1479 2145 1741 2177 subscribendam
1780 2146 1820 2177 ab

1126 2196 1272 2229 munibus
1297 2197 1517 2229 ecclesiasticis
1542 2197 1578 2229 in
1602 2198 1710 2240 ressnis
1736 2198 1816 2231 Gal-

1128 2249 1191 2281 liae
1212 2259 1272 2292 pro
1297 2249 1514 2292 confutatione
1538 2250 1683 2294 quinque
1698 2261 1816 2294 propo-

1126 2301 1281 2334 sitionum
1309 2301 1452 2335 Cornelii
1476 2302 1634 2343 Jansemfi,
1659 2307 1714 2336 etc.

1282 2381 1444 2408 Alexander
1459 2382 1618 2416 episcopus

1258 2432 1362 2452 servus
1394 2433 1545 2452 servorum
1575 2427 1641 2459 Dei,

1210 2471 1246 2496 ad
1262 2473 1436 2503 perpetuam
1452 2470 1497 2496 rei
1512 2472 1692 2498 memoriam.

1126 2541 1302 2583 Rsgiminis
1329 2541 1498 2583 apostolici
1524 2541 1630 2574 divina
1648 2542 1820 2585 providen-
1857 2549 1978 2570 Exordium·

1082 2594 1123 2626 tia
1149 2593 1249 2631 nobis,
1278 2594 1419 2636 quamvis
1444 2593 1625 2635 immeritis,
1659 2596 1819 2629 commissi

1837 218 1884 242 Axi.
1907 218 1933 242 (J.
1956 217 2021 243 16135

1872 1176 1935 1197 Fides
1959 1179 2015 1196 trari-
