2247 3208
127 182 177 208 An.
193 179 223 208 C.
242 179 311 208 1667

948 177 1090 203 CLEMENS
1115 179 1145 202 ix
1169 178 1217 201 ιη».
1740 163 1803 198 583

322 229 445 267 iorem,
472 228 530 260 sub
555 227 675 260 annulo
707 226 898 266 piscatoris,
931 227 983 259 die
1007 236 1059 259 xxi
1080 249 1081 276 χ

1850 175 1898 199 ΛΠ.
1916 171 1942 198 C.
1967 169 2033 198 itjffl

1103 226 1182 258 lium
1201 225 1334 258 fratrum
1352 229 1536 257 nostrorum
1552 224 1695 257 eiusdem
1709 227 1840 255 sanctae

322 279 464 313 octobris
504 288 680 320 nncrxvn,
721 278 926 323 pontificatus
957 279 1058 312 nostri
1080 282 1081 285 ’
1103 278 1267 311 Romanae
1299 277 1462 310 Ecclesiae
1494 277 1707 310 cardinalium
1738 275 1838 309 saeris

321 343 407 369 anno
432 342 454 366 1.

357 395 414 422 Dat.
432 395 476 423 die
495 395 524 422 21
549 394 670 422 octobris
688 395 765 427 1667,
783 395 880 430 pontif.
903 403 948 422 an.
970 400 986 423 1.

644 539 732 572 XXV.

323 619 519 653 Constantio
543 622 579 650 ut
599 617 741 660 officium
766 620 794 650 et
818 617 917 649 missa
938 617 1054 651 Conce-

362 671 485 715 plt'om's
509 671 628 704 Beatae
653 663 778 702 Mariae
807 668 955 712 Vi'ryi‘ni's
987 669 1059 702 Im-

365 724 548 757 ,vinculatae
580 734 650 756 cum
683 724 792 755 oclurci
828 724 863 754 in
902 723 984 755 Urbe
1022 732 1059 754 ac

365 778 516 810 universa
543 778 574 811 S.
602 778 638 811 R.
664 777 702 810 E.⁴
731 777 903 820 temporali
935 776 1080 824 diti'onel

365 831 403 864 de
425 830 592 876 'praecepto
617 832 779 864 recitetur.

541 912 674 939 Clemens
691 912 769 946 Papa
790 911 837 942 tx,

444 956 480 984 ad
500 961 676 991 perpetuam
695 956 740 983 rei
761 955 942 983 memoriam.

155 1036 274 1057 thor-ttoni·
364 1028 494 1062 Sincera
529 1034 640 1061 nostra
675 1038 752 1070 erga
794 1026 1058 1070 gloriosissimam

320 1080 483 1123 Virginem
515 1080 570 1114 Dei
603 1080 796 1113 Genitricem
825 1079 969 1117 Mariam,
1005 1090 1059 1122 pa-

322 1139 450 1166 tronam
477 1138 509 1165 et
532 1133 720 1165 advocatam
745 1138 900 1171 nostram,
928 1131 1056 1164 devotio

322 1187 417 1229 plane
440 1185 549 1228 exigit,
569 1192 611 1223 ut,
628 1186 689 1228 piis
704 1186 935 1219 nonnullorum
953 1196 989 1217 ex
1008 1195 1059 1217 ve-

321 1238 521 1271 nerabilibus
548 1238 698 1270 fratribus
730 1239 850 1270 nostris
883 1238 913 1270 S.
949 1238 985 1269 R.
1020 1237 1054 1270 E.

321 1291 537 1323 cardinalibus
564 1291 765 1333 aliorumque
787 1290 979 1329 antistitum,
1004 1290 1056 1332 qui

321 1343 469 1376 ecclesiis
495 1342 527 1375 in
554 1344 727 1386 temporali
760 1345 871 1376 nostra
905 1348 936 1375 et
967 1342 1058 1375 Sedis

321 1396 523 1439 Apostolicae
549 1396 673 1429 ditione
695 1396 947 1429 consistentibus
965 1406 1059 1438 prae-

320 1455 405 1488 sunt,
430 1459 467 1482 ac
485 1449 745 1482 christifidelium
765 1455 827 1481 tam
846 1450 947 1482 almae
962 1449 1056 1482 Urbis

321 1508 462 1541 nostrae,
475 1513 511 1535 ex
530 1512 593 1546 qua
617 1503 775 1535 bonorum
795 1513 931 1545 operum
950 1512 1058 1534 exem-

320 1555 374 1597 pla
397 1554 431 1586 in
456 1565 569 1588 omnes
595 1554 763 1587 christiani
783 1554 870 1587 orbis
888 1560 996 1597 partes
1016 1565 1059 1587 as-

319 1608 410 1641 sidue
437 1613 637 1651 promanant,
665 1618 760 1651 quam
785 1613 967 1640 ceterarum
984 1607 1059 1641 civi·

321 1666 432 1701 tatum‚
458 1662 658 1705 oppidorum
683 1667 715 1694 et
738 1663 883 1694 locorum
907 1662 1001 1694 nobis
1028 1667 1060 1694 et

321 1715 427 1748 dictae
452 1715 525 1748 Sedi
548 1715 580 1748 in
604 1715 835 1758 temporalibus
853 1715 1058 1748 subditorum

319 1768 402 1801 votis
426 1774 563 1811 paterno
588 1766 702 1800 atl'ectu
739 1773 939 1807 annuentes,
974 1768 1059 1800 eius-

321 1820 395 1853 dem
420 1820 667 1863 augustissimae
700 1821 780 1853 caeli
805 1821 937 1862 reginae
964 1831 1060 1853 reuc-

321 1873 481 1906 ratiouem
499 1873 531 1905 in
548 1873 640 1906 terris
659 1879 812 1917 quantum
830 1873 924 1906 nobis
942 1884 979 1906 ex
994 1874 1058 1906 alto

322 1926 512 1959 conceditur
536 1926 690 1969 ampliare
716 1927 910 1959 studeamus.

129 1984 312 2031 migafficiffineg}
367 1979 430 2022 g‘l.
455 1979 576 2022 ltaque,
597 1985 639 2018 ut,
661 1986 723 2012 tam
741 1980 772 2011 in
794 1979 879 2012 Urbe
895 1978 1060 2022 praedicta

129 2037 419 2088 {}{‘}?}j³d‡⁰;‚¹‡³ss2ql¹ssss¹
445 2033 478 2064 in
503 2032 620 2065 ceteris
643 2032 822 2065 civitatibus
848 2038 880 2065 et
904 2032 1061 2065 dioecesi-

129 2093 192 2116 αρ’-ο
207 2091 299 2110 manaa.
324 2086 393 2125 hus,
411 2085 550 2128 oppidis,
562 2085 658 2118 terris
675 2091 705 2118 et
725 2085 924 2125 locis,etiam
939 2085 1059 2117 nullius

325 2138 500 2176 dioecesis,
528 2138 620 2170 nobis
652 2143 688 2170 ct*
714 2137 1002 2183 Selii-praedictae
1028 2138 1060 2170 in

326 2190 559 2233 temporalibus
574 2191 714 2223 mediate
729 2192 777 2224 vel
792 2191 976 2223 immediate
990 2191 1062 2222 sub-

324 2242 425 2281 iectis,
448 2248 514 2274 tum
535 2253 552 2274 a
569 2244 770 2276 secularibus
788 2249 854 2275 tum
871 2255 887 2276 a
906 2243 1061 2286 regulari-

323 2296 385 2328 bus
404 2295 572 2338 utriusque
590 2306 696 2335 sexus,
713 2296 875 2339 quihoras
889 2296 1061 2329 canonicas

325 2347 462 2380 recitare
479 2353 642 2388 tenentur,
660 2348 802 2381 officium
821 2354 851 2381 et
869 2348 967 2381 missa
985 2349 1062 2382 Con-

324 2400 486 2443 ceptionis
512 2400 629 2432 Beatae
656 2400 770 2433 Mariae
788 2400 926 2443 Virginis
947 2401 1061 2434 Inuita-

325 2455 448 2486 culatae
466 2463 539 2485 cum
553 2455 665 2485 octavii
681 2453 713 2485 in
732 2458 901 2496 posterum
919 2453 957 2486 dc
973 2464 1061 2496 prae-

326 2510 419 2548 cepto
444 2506 600 2538 recitetur
618 2516 689 2538 cum
709 2505 902 2539 lectionibus
923 2506 956 2539 iu
977 2513 1062 2539 octa-

326 2558 414 2595 vario
431 2568 565 2592 romano
582 2569 598 2592 a
617 2559 871 2602 congregatione
891 2560 1061 2593 venerabi-

1102 331 1215 363 ritibus
1232 330 1492 375 praepositorum
1509 331 1688 374 approbato
1706 335 1840 363 conten-

1102 384 1141 417 tis
1168 390 1234 417 eta
1254 384 1305 417 die
1331 386 1441 417 octava
1465 385 1504 417 ad
1534 383 1839 427 decimamquintam

1102 437 1286 470 decembris
1322 438 1382 471 rite
1419 437 1610 480 dispositis,
1649 437 1838 471 auctoritate

1101 490 1289 533 apostolica,
1315 495 1428 523 tenore
1454 491 1685 534 praesentium,
1707 491 1838 524 manda-

1101 553 1173 576 mus
1199 549 1230 577 et
1255 543 1471 576 decernimus.

1145 596 1159 639 ᾗ
1185 596 1215 628 2.
1244 596 1396 640 Idemque
1423 597 1564 630 officium
1581 598 1620 630 ad
1640 607 1732 630 usum
1757 598 1838 631 cleri
1862 604 2031 631 inbanniatu-

1100 647 1194 681 Urbis
1219 659 1256 682 ac
1281 649 1452 689 civitatum,
1477 650 1674 689 dioecesum,
1701 650 1839 694 oppido-

1078 690 1080 733 l
1101 712 1182 741 rum,
1200 707 1360 735 terrarum
1381 707 1411 734 et
1431 703 1576 735 locorum
1597 703 1838 745 praedictorum

1101 755 1237 787 seorsim
1263 755 1303 787 ab
1337 755 1498 788 octavario
1528 766 1663 788 romano
1695 756 1837 799 imprimi

1101 818 1197 850 posse
1222 807 1446 841 concedimus.

1146 861 1159 904 ἐ
1177 861 1208 894 3.
1235 861 1306 894 Non
1328 861 1532 894 obstantibus
1550 861 1839 896 constitutionibus
1849 867 1985 921 rossiffffi‘m
1997 869 2032 889 d·-

1101 919 1133 947 et
1152 914 1413 947 ordinationibus
1435 915 1632 958 apostolicis,
1655 915 1839 958 ceterisque

1101 968 1275 1000 contrariis
1292 968 1563 1011 quibuscumque.

1145 1020 1216 1063 gli.
1250 1021 1404 1054 Volumus
1440 1028 1546 1054 autem
1587 1027 1621 1054 ut
1653 1022 2033 1076 earumdem,ugsffflgssf‘wm'

1101 1074 1321 1116 praesentium
1339 1075 1520 1108 litterarum
1541 1075 1762 1118 transumptis,
1779 1086 1836 1108 seu

1101 1127 1269 1169 exemplis,
1286 1127 1380 1160 etiam
1398 1128 1576 1171 impressis,
1591 1138 1687 1160 manu
1702 1128 1836 1161 alicuius

1100 1179 1216 1212 notarii
1232 1180 1355 1223 publici
1374 1181 1573 1223 subscriptis,
1589 1187 1620 1213 et
1638 1180 1745 1223 sigillo
1762 1190 1837 1224 per-

1100 1242 1199 1264 sonae
1221 1232 1254 1263 in
1283 1233 1500 1265 ecclesiastica
1532 1233 1689 1275 dignitate
1716 1233 1837 1265 consti-

1102 1289 1189 1317 tutae
1215 1286 1346 1318 munitis
1362 1312 1369 1325 ,
1403 1286 1516 1319 eadem
1542 1296 1674 1328 prorsus
1699 1285 1779 1319 sides
1805 1287 1837 1319 in

1100 1337 1218 1370 iudicio
1243 1343 1275 1370 et
1299 1343 1388 1371 extra
1413 1338 1620 1377 adhibeatur,
1649 1349 1730 1382 quae
1749 1349 1838 1382 prae-

1100 1390 1244 1423 sentibus
1281 1390 1360 1434 ipsis
1397 1391 1626 1432 adhiberetur,
1667 1391 1692 1424 si
1732 1391 1839 1424 forent

1100 1443 1264 1476 exhibitae
1290 1444 1341 1477 vel
1362 1449 1525 1477 ostensae.

1144 1497 1258 1530 Datum
1278 1497 1417 1537 Romae,
1444 1498 1529 1541 apud
1554 1498 1584 1531 S.
1613 1498 1742 1530 Mariam
1777 1498 1839 1531 Ma-

1100 1550 1226 1591 iorem,
1260 1551 1320 1584 sub
1346 1552 1466 1584 annulo
1492 1551 1686 1590 piscatoris,
1713 1551 1764 1584 die
1789 1561 1838 1585 xxt

1102 1603 1244 1637 octobris
1281 1614 1457 1644 iinctxvn,
1489 1604 1696 1647 pontificatus
1734 1603 1838 1636 nostri

1102 1667 1186 1690 anno
1212 1668 1234 1692 L

1136 1719 1193 1746 Dat.
1211 1720 1256 1747 die
1268 1720 1300 1748 21
1318 1720 1436 1748 octobris
1455 1720 1531 1752 1067,
1549 1719 1646 1755 pontif.
1664 1728 1734 1747 anno
1749 1726 1768 1747 1.

1418 1861 1522 1895 xxvi.

1104 1941 1194 1982 Quod
1206 1942 1423 1985 provinciales
1434 1941 1567 1975 Ordinis
1580 1943 1699 1975 Beatae
1715 1942 1842 1976 Mariae

1145 1996 1182 2028 cle
1213 1995 1354 2027 Mercede
1384 1995 1611 2038 reclempliom's
1639 1996 1842 2038 captivorum

1148 2048 1424 2080 Discalceatormn
1441 2049 1475 2080 in
1500 2049 1561 2090 fine
1575 2048 1712 2080 triennii
1731 2049 1784 2081 sui
1801 2050 1843 2091 of-

1146 2101 1214 2142 ficii
1247 2101 1508 2143 proviiiffl'alulus
1543 2100 1842 2134 aclmz'n{strationis

1146 2158 1174 2186 el
1199 2154 1354 2196 ymberm'i
1378 2155 1535 2186 rationem
1560 2155 1680 2186 vicario
1695 2154 1843 2197 yenerali

1147 2207 1279 2240 reddere
1302 2212 1485 2240 teneantur.

1330 2287 1461 2314 clemens
1479 2287 1557 2321 Papa
1571 2288 1617 2319 IX,

1228 2332 1262 2358 ad
1284 2335 1457 2365 perpetuam
1476 2332 1522 2358 rei
1542 2332 1723 2360 memoriam.

1889 2411 1958 2432 canza
1978 2411 2040 2431 hrum

1854 2438 2026 2459 coustituit-iun.

1148 2403 1233 2435 Alias
1258 2413 1317 2446 pro
1344 2407 1435 2446 parte
1462 2403 1571 2435 dilecti
1604 2403 1660 2436 tilii
1688 2414 1844 2447 procura-

1105 2455 1185 2488 toris
1211 2455 1373 2498 generalis
1399 2455 1531 2488 fratrum
1564 2455 1692 2489 Ordinis
1724 2458 1842 2491 Beatae

1104 2508 1220 2541 Mariae
1247 2509 1285 2540 de
1312 2508 1460 2541 Mercede
1481 2510 1714 2552 redemptionis
1741 2512 1844 2554 capti-

1104 2571 1214 2594 vorum
1261 2561 1536 2596 Discaleeatorum
1583 2570 1842 2608 nuncupatorum
