2247 3208
189 224 227 250 Λιι
260 223 289 250 C.
314 224 377 250 1567

212 1016 287 1038 Clausa
299 1022 331 1037 se.

425 215 489 247 5024

379 271 558 304 cacissimis
583 275 615 301 et
639 268 779 302 insolitis
798 268 964 306 clausulis,
984 267 1116 299 irritan-

380 325 532 365 tibusque
550 327 581 355 et
595 322 666 355 aliis
685 322 837 359 decretis,
855 320 949 353 etiam
960 320 1023 351 vim
1039 329 1116 352 con-

378 382 495 409 tractus
515 381 547 407 et
561 374 667 407 statuti
685 379 843 417 perpetuo
861 372 1112 412 continentibus,

378 440 413 461 ac
431 429 526 461 etiam
544 432 642 467 motu,
662 427 797 460 scientia
816 430 847 459 et
863 425 1028 468 potestatis
1047 425 1115 468 ple-

377 481 525 513 nitudine
551 481 678 523 paribus
705 484 735 512 et
768 478 1055 517 consistorialiter,
1080 487 1115 509 ac

377 534 464 571 alias,
484 533 515 565 in
532 533 727 565 contrarium
751 531 922 570 concessis,
949 529 1116 563 confirma-

379 588 424 624 tis,
441 586 627 629 approbatis
644 590 676 618 et
691 584 854 618 innovatis
870 584 993 616 iuribus
1011 583 1115 616 omni-

377 641 458 680 bus·‚
486 640 599 683 quibus
626 638 794 677 omnibus,
821 643 894 677 etc„
928 636 1053 669 etiamsi
1075 635 1113 668 de

379 694 450 731 illis,
478 699 553 731 eto,
579 703 689 725 eorum
715 696 858 729 tenores,
886 695 970 728 etc.,
994 689 1058 722 illis
1083 699 1115 721 a-

379 747 445 785 titis,
473 751 547 785 ete,
574 745 812 789 permansuris,
847 744 908 776 hac
931 743 998 776 vice
1024 743 1115 775 dum-

380 805 464 831 taxat
488 799 672 842 specialiter
697 804 727 831 et
753 807 902 840 expresse
933 800 1019 828 motu
1045 794 1114 838 pari

380 853 586 894 derogamus,
608 852 786 893 ceterisque
801 849 969 883 contrariis
985 848 1116 892 quibus-

379 916 525 948 cumq=uJ=,
552 915 622 937 eum
648 904 798 936 clausulis
823 902 1024 945 opportunis.

469 958 545 990 Fiat
571 961 657 990 melu
682 957 813 1000 proprio
839 955 866 989 J.

424 1013 461 1045 Et
486 1023 558 1045 cum
583 1011 789 1044 absolutione
812 1021 828 1042 a
854 1009 999 1041 censuris
1018 1008 1056 1040 ad
1078 1007 1117 1040 et*-

381 1067 521 1103 sectum,
550 1069 624 1103 etc.,
650 1069 681 1096 et
706 1063 790 1105 quod
816 1062 996 1094 obstantiae
1022 1061 1117 1093 etiam

379 1117 586 1151 bci‘ieticiales
625 1116 898 1149 conclavistarum
933 1119 964 1147 et
997 1115 1036 1146 ab
1070 1113 1116 1146 eis

380 1171 545 1212 subrogati
577 1168 761 1202 huiusmodi
793 1174 824 1200 et
856 1167 1116 1210 dispensationes

380 1236 415 1257 ac
436 1225 561 1256 indulta
587 1223 770 1255 habeantur
796 1233 853 1264 pro
872 1220 1043 1263 expressis,
1060 1230 1117 1251 seu

380 1279 412 1310 in
440 1282 505 1310 toto
531 1278 580 1309 vel
608 1277 638 1308 in
664 1281 757 1319 parte
783 1274 917 1317 exprimi
943 1274 1069 1316 possint
1085 1273 1117 1304 in

380 1330 498 1363 litteris
525 1335 556 1361 ct
581 1329 612 1360 in
638 1328 767 1360 casibus
794 1328 927 1368 regulae
954 1327 992 1357 de
1015 1326 1119 1358 insor-

381 1381 608 1420 desccntibus,
636 1391 706 1413 cum
732 1381 914 1422 opportuna
939 1377 1024 1410 illius
1059 1387 1120 1409 nec

381 1445 445 1466 non
481 1433 613 1466 alterius
651 1433 782 1474 regulae
808 1432 847 1463 (le
873 1441 939 1463 non
972 1430 1118 1463 tollendo

382 1488 450 1519 inre
477 1482 620 1529 quaesito
655 1485 883 1527 derogatione,
912 1488 943 1516 et.
968 1493 1120 1526 quarum-

381 1550 518 1582 cumque
545 1539 679 1572 aliarum
705 1537 972 1570 constitutionum
994 1540 1120 1578 aposto-

382 1593 516 1625 licarum
531 1598 561 1624 et
579 1591 789 1624 conciliorum
806 1590 901 1622 etiam
919 1588 1120 1632 generalium

384 1650 413 1678 et
439 1650 642 1681 statutorum,
670 1643 975 1680 stabilimentorum,
992 1652 1119 1681 usuum,

383 1703 581 1736 naturarum,
609 1696 874 1729 constitutionum
900 1694 1116 1738 synodalium,

384 1755 587 1789 statutorum,
606 1760 640 1781 ac
665 1748 911 1791 1-›1'ivilegioi'uin
929 1747 1042 1790 populi
1062 1746 1121 1779 no-

384 1804 477 1841 mani,
494 1808 523 1835 et
536 1802 766 1838 muniat-ensis,
780 1800 1015 1837 Cisterciensis,
1026 1800 1056 1833 S.
1069 1800 1121 1832 Be-

385 1856 529 1894 nedicti,
558 1855 588 1887 S.
618 1854 786 1897 Augustini
813 1859 844 1886 ct
868 1853 1005 1886 aliorum
1031 1852 1122 1885 Ordi-

385 1920 461 1940 uum
481 1913 512 1940 et
535 1908 733 1945 militiarum,
747 1907 842 1939 etiam
860 1906 888 1938 S.
903 1906 1031 1939 loannis
1049 1905 1122 1937 Hie.-

387 1961 611 2003 rosolymitani
636 1960 792 1998 ecclesiis,
814 1958 1028 1996 monasteriis,
1048 1958 1123 1990 civi-

387 2014 503 2045 tatibus
529 2018 559 2045 ct
584 2013 673 2051 locis,
701 2018 731 2044 et
756 2012 903 2054 personis
929 2016 957 2043 et
984 2010 1123 2043 dominis

389 2066 644 2108 temporalibus,
680 2065 738 2097 sub
772 2064 1029 2106 quibuscumque
1053 2073 1124 2095 ver-

388 2119 501 2150 borum
528 2118 650 2155 formis,
678 2128 713 2149 ac
738 2127 810 2149 cum
829 2116 994 2159 quibusvis
1020 2115 1124 2148 effica-

389 2171 550 2209 cicwibus,
578 2170 808 2203 efficacissimis
829 2174 860 2202 et
879 2169 1018 2202 insolitis
1039 2169 1125 2201 clau-

390 2225 466 2255 sulis
491 2229 522 2255 et
555 2223 717 2261 decretis,
756 2221 852 2255 etiam
891 2221 1125 2255 consistoriali-

390 2276 472 2314 bus,
501 2275 596 2307 etiam
622 2280 733 2307 tffontra
768 2274 968 2316 alienigenas
993 2278 1025 2306 et
1048 2272 1125 2305 alias

392 2338 546 2370 personas
582 2327 680 2359 certis
716 2326 820 2359 modis
855 2337 921 2359 non
958 2325 1123 2369 qualifica-

392 2385 453 2420 tas,
491 2385 545 2411 aut
573 2380 649 2411 alias
682 2379 925 2422 quomodolibet
960 2388 1129 2411 concesso-

391 2443 483 2471 rum,
520 2442 655 2474 quorum
693 2437 844 2469 tenores,
880 2437 965 2469 eto,
1002 2429 1124 2463 latissi-

392 2496 452 2524 me,
479 2494 514 2516 ac
539 2485 577 2516 de
602 2484 699 2516 verbo
717 2484 756 2515 ad
773 2484 915 2523 verbum,
930 2487 1025 2525 prout
1048 2481 1126 2524 ipsis

393 2535 599 2570 conclaristis
614 2536 715 2578 magis
730 2535 897 2578 placuerit,
908 2534 1043 2577 exprimi
1061 2544 1128 2577 pos-

395 2591 467 2630 sint,
484 2594 598 2622 etcum
620 2587 835 2631 suspensione
853 2595 1127 2631 quarumcumque

962 219 1142 243 nULLARIUM
1165 217 1319 242 ROMANUM

1159 264 1333 307 gratiarum
1351 267 1383 295 et
1406 262 1602 295 indultorum
1622 261 1789 305 quibusvis
1808 260 1894 294 ordi-

1158 317 1256 349 nariis
1281 316 1491 349 collatoribus
1516 315 1704 348 conserendi
1735 312 1894 347 beneficia

1158 368 1372 401 ecelesiastica
1397 368 1493 400 etiam
1517 371 1680 399 reservata
1712 367 1751 399 ad
1782 375 1894 398 eornm

1157 421 1371 460 collationem,
1397 424 1470 459 ete,
1485 419 1690 462 pertinentia,
1716 423 1748 451 et
1772 419 1805 450 in
1829 428 1895 451 om-

1156 474 1251 506 nibus
1286 478 1338 506 aut
1369 472 1464 505 certis
1494 471 1652 514 expressis
1682 471 1788 503 causis
1816 482 1894 514 quo-

1156 525 1334 558 modolibet
1358 524 1522 557 concessis
1548 523 1700 556 latissime
1719 524 1895 556 extenden-

1158 578 1272 610 dorum
1280 577 1299 617 ¹,
1318 577 1362 610 ita
1381 582 1417 609 ut
1434 576 1541 610 onmia
1560 577 1726 615 tollantur,
1751 580 1784 607 et
1808 575 1893 618 quod

1158 631 1227 663 sola
1256 630 1437 673 praesentis
1467 628 1698 672 motusproprii
1729 628 1895 671 signatura

1157 683 1293 715 sufficiat
1318 688 1349 715 et
1372 682 1492 725 ubique
1516 681 1612 714 fidem
1638 681 1740 720 saciat,
1759 681 1793 713 in
1813 680 1894 713 iudi-

1157 737 1206 769 cio
1231 742 1262 768 et
1287 740 1397 775 extra,
1424 736 1537 778 regula
1566 735 1725 768 contraria
1748 744 1814 767 non
1839 733 1895 766 ob-

1899 212 1947 238 Αη.
1966 210 1997 237 C.
2019 209 2085 238 ¹667

1158 793 1273 829 stante,
1302 794 1334 821 et
1358 789 1445 831 quod
1470 788 1724 831 praemissorum
1750 787 1917 819 omnium'

1158 846 1189 873 et
1202 841 1402 883 singulorum
1417 841 1626 880 indultorum,
1642 840 1893 878 concessionum,

1159 894 1343 935 gratiarum,
1363 894 1606 935 derogationum
1619 892 1720 925 maior
1737 897 1770 924 et
1788 891 1897 924 verior

1159 946 1353 988 specificatio
1380 951 1411 978 et
1435 946 1605 989 expressio
1638 945 1708 977 fieri
1732 944 1835 988 possit
1862 943 1896 976 in

1160 998 1283 1037 litteris,
1310 999 1335 1030 si
1358 998 1531 1038 videbitur,
1555 998 1588 1030 in
1613 998 1728 1041 quibus
1753 997 1898 1039 singulo-

1160 1062 1229 1084 rum
1261 1052 1528 1085 conclavistarum
1564 1051 1696 1084 nomina
1721 1056 1752 1083 et
1776 1060 1897 1093 cogno-

1160 1105 1257 1143 mina,
1271 1104 1452 1147 qualitates,
1466 1104 1606 1143 ordines,
1625 1103 1751 1146 gradus,
1771 1103 1898 1136 dioece-

1161 1157 1211 1197 sis,
1237 1157 1340 1200 patria
1365 1162 1396 1190 et
1420 1162 1527 1190 cetera
1542 1156 1695 1200 requisita
1712 1155 1848 1199 exprimi
1866 1160 1898 1188 et

1161 1209 1310 1249 describi,
1337 1221 1392 1242 seu
1416 1220 1474 1253 pro
1499 1209 1659 1252 expressis
1678 1214 1710 1242 et
1727 1208 1897 1251 descriptis

1162 1262 1275 1294 haberi
1300 1263 1441 1306 possint,
1468 1262 1551 1294 inter
1569 1271 1624 1294 eos
1643 1261 1775 1294 sacrista
1792 1265 1897 1293 etma-

1162 1314 1249 1356 gistri
1274 1315 1552 1347 caeremoniarum
1578 1315 1721 1357 capellae
1746 1318 1895 1353 nostrae,

1160 1378 1289 1399 necnon
1323 1367 1520 1400 secretarius
1551 1367 1679 1409 collegii
1712 1366 1898 1399 eorumdem

1161 1420 1383 1459 cardinalium,
1411 1425 1443 1452 et
1469 1420 1567 1452 ceteri
1585 1420 1638 1452 alii
1659 1420 1691 1452 in
1711 1420 1822 1452 notula
1839 1428 1898 1461 per

1161 1473 1250 1515 ipsos
1275 1474 1447 1515 magistros
1474 1472 1751 1506 caeremoniarum
1769 1472 1849 1503 sacta
1866 1476 1897 1503 et

1162 1525 1324 1568 descripta
1348 1526 1492 1558 adnotati
1517 1531 1549 1558 et
1574 1525 1734 1567 descripti,
1760 1524 1785 1556 si
1819 1523 1897 1556 alias

1162 1577 1200 1609 ad
1237 1578 1413 1619 pensiones
1450 1582 1482 1610 et
1515 1576 1673 1610 beneficia
1712 1575 1897 1608 huiusmodi

1162 1630 1287 1662 habiles
1313 1635 1344 1663 et
1368 1640 1501 1673 capaces
1527 1630 1656 1668 suerint,
1684 1628 1899 1671 comprehen-

1162 1684 1278 1715 dantur
1303 1689 1334 1716 et
1358 1683 1554 1716 adnotentur
1579 1683 1674 1715 simul
1698 1683 1748 1714 vel
1769 1681 1806 1713 ad
1828 1691 1900 1723 par-

1163 1741 1245 1775 tem,
1272 1737 1368 1769 etiam
1393 1737 1426 1768 in
1450 1739 1514 1769 una
1538 1746 1604 1768 non
1629 1735 1711 1768 sacta
1734 1733 1899 1766 mentione

1163 1791 1202 1823 de
1227 1789 1289 1821 alia
1312 1791 1361 1822 vel
1386 1789 1478 1828 aliis,
1501 1793 1600 1832 prout
1622 1787 1781 1820 videbitur
1805 1796 1901 1828 expe-

1164 1843 1365 1875 diendaruni.

1207 1896 1222 1937 ἓ
1247 1894 1299 1927 18.
1319 1894 1471 1927 Volumus
1490 1899 1597 1926 autem
1615 1893 1701 1937 quod
1718 1892 1899 1925 litterarum

1165 1958 1260 1991 super
1288 1947 1516 1990 praesentibus
1541 1946 1817 1980 conficiendarum
1842 1953 1900 1977 seu

1165 2000 1346 2043 praesentis
1363 1999 1595 2042 motusproprii
1613 1997 1823 2040 transumptis
1846 1997 1901 2029 im-

1165 2052 1311 2096 pressis,
1346 2057 1378 2085 et
1414 2052 1522 2094 sigillo
1559 2062 1595 2084 ac
1629 2061 1728 2083 manu
1761 2049 1900 2082 alicuius

1166 2116 1327 2148 personae
1345 2106 1377 2137 in
1398 2105 1555 2147 dignitate
1580 2102 1805 2136 ecclesiastica
1829 2112 1902 2134 con-

1167 2159 1300 2191 stitutae
1326 2158 1460 2191 munitis
1486 2164 1518 2190 et
1543 2157 1733 2200 subscriptis
1751 2183 1758 2196 ,
1787 2156 1902 2188 eadem

1166 2212 1247 2245 tides
1274 2217 1337 2244 tam
1361 2211 1393 2244 in
1425 2211 1546 2244 iudicio
1576 2221 1670 2253 quam
1702 2215 1793 2242 extra
1822 2209 1902 2242 illud

1167 2265 1383 2304 adhibeatur,
1411 2274 1495 2307 quae
1520 2262 1730 2305 originalibus
1764 2262 1900 2301 litteris,

1169 2329 1226 2351 seu
1266 2317 1433 2362 praesenti
1473 2316 1710 2359 motuiproprio
1751 2313 1902 2357 originali

1169 2371 1394 2409 adhiberetur,
1420 2370 1447 2402 si
1472 2370 1580 2402 forent
1605 2369 1769 2402 exhibitae
1794 2368 1846 2400 vel
1871 2376 1904 2399 o-

1170 2430 1311 2463 stensae,
1326 2430 1379 2456 aut
1395 2422 1556 2456 exhibitus
1570 2423 1620 2455 vel
1638 2427 1786 2454 ostensus
1807 2420 1902 2452 soret.

1258 2476 1335 2509 Fiat
1360 2476 1385 2509 I.

1208 2549 1217 2574 1
1242 2548 1280 2573 An
1301 2546 1417 2582 syntaxis
1437 2545 1591 2585 cohaereat,
1612 2543 1711 2571 iudicet
1730 2542 1815 2570 lector
1835 2540 1906 2581 scius

1172 2592 1207 2626 (a.
1226 2593 1273 2624 T.).

1943 1897 2092 1920 'transumpto-

1910 1930 1954 1944 runi
1970 1923 2030 1943 tides.
