2247 3208
224 222 274 250 An.
295 222 325 250 c.
343 221 410 251 1662
452 212 498 247 54

250 860 265 881 s.
273 861 369 881 :omium-

250 1229 365 1255 Expositis).

257 2279 369 2301 confirmat
378 2280 412 2300 de-

231 2310 318 2327 cretum.

760 265 818 298 CD.

423 340 630 390 Confirmatio
654 343 884 377 declarationis
915 346 943 374 et
974 341 1156 382 incorpora-

466 400 564 433 tionis
596 398 782 441 provinciae
810 395 985 429 Bolzcmiae
1021 393 1157 426 Ordinis

463 454 603 496 fratrum
622 452 783 484 Minormn
805 449 909 481 sancti
925 447 956 480 F
957 446 1094 479 rancisci
1109 447 1157 477 in-

466 510 512 538 ter
533 503 716 547 provincias
739 503 928 545 reformatas
941 499 1061 532 Italiae
1077 498 1156 530 dicti

466 557 600 591 Ordinis
630 567 648 588 a
671 555 822 588 ministro
845 552 991 596 yenerulz'
1014 556 1043 583 et
1067 551 1155 593 capi-

463 672 539 694 rum
553 661 570 694 ¹.

611 731 774 758 Alexander
793 730 872 763 Papa
891 729 959 759 VII,

559 776 596 803 ad
615 775 746 802 futuram
765 774 808 801 rei
828 773 1006 801 memoriam.

463 844 612 877 Debitum
637 842 811 887 pastoralis
837 840 947 880 officii,
975 841 1071 883 quod,
1098 851 1168 882 au-,

420 904 509 931 ctore
534 898 609 937 Deo,
636 897 786 939 gerimus,
813 896 957 939 postulat
974 899 1018 934 ut,
1043 899 1152 937 pater-

420 963 493 985 nam
533 950 793 984 christifidelium
809 977 816 989 ,
855 948 907 992 qui
949 959 965 980 e
1002 947 1150 980 fluctibus

420 1005 522 1038 seculi
552 1004 585 1036 in
614 1003 788 1046 religiosae
814 1002 894 1034 vitae
919 1006 1049 1044 portum
1075 1010 1167 1046 εοῑι-ἶ

420 1059 578 1101 sugerunt,
600 1067 709 1089 curam
730 1060 894 1098 gerentes,
915 1053 1000 1086 felici
1022 1049 1167 1086 illorum*

420 1110 515 1142 statui
527 1110 699 1142 consulere
714 1108 913 1146 studeamus,
930 1107 1011 1139 sicut
1030 1116 1152 1148 cogno·
1167 1115 1168 1129 1

420 1163 538 1196 scimus
563 1162 596 1194 in
620 1161 756 1195 Domino
782 1160 956 1193 salubriter
980 1158 1170 1202 expedire·

463 1215 533 1258 §AE
567 1214 690 1258 Exponi
723 1213 884 1257 siquidem
916 1212 1012 1245 nobis
1044 1222 1152 1255 nuper

421 1268 497 1300 fecit
522 1267 657 1300 dilectus
675 1266 758 1299 filius
776 1266 924 1298 minister
940 1265 1150 1309 provincialis
1166 1249 1169 1295 i

420 1320 607 1364 provinciae
646 1319 821 1352 Bohemiae
857 1318 984 1352 Ordinis
1017 1319 1151 1351 fratrum

420 1373 579 1406 MInorum
591 1372 693 1405 sancti
710 1372 873 1404 Francisci
887 1372 926 1404 de
941 1372 1151 1404 Observantia

420 1431 701 1469 nuncupatorum,
732 1425 837 1468 quod,
865 1436 936 1457 cum
961 1425 1070 1457 dilecti
1095 1424 1151 1457 filii

421 1479 537 1511 fratres
556 1479 658 1511 dietae
675 1478 861 1521 provinciae
879 1478 997 1511 dilecto
1011 1477 1077 1511 filio
1095 1479 1152 1510 mi-

421 1532 524 1564 nistro
550 1531 694 1574 generali
716 1537 747 1564 et
771 1531 912 1574 capitulo
933 1531 1079 1574 generali
1097 1542 1153 1564 an-

422 1595 464 1617 no
488 1594 633 1618 §ineman
657 1584 759 1617 Toleti
777 1585 943 1616 celebrato
962 1584 1036 1616 dieti
1062 1583 1153 1616 Ordi-

422 1638 471 1670 nis
509 1637 750 1681 supplicassent
778 1643 812 1669 ut
844 1638 991 1670 eamdem
1021 1637 1153 1680 provin-

424 1691 505 1723 ciam
541 1691 748 1723 reformatam
780 1691 987 1724 declararent
1017 1701 1152 1733 eamque

424 1744 494 1776 aliis
519 1744 694 1787 provinciis
725 1745 910 1778 reformatis
935 1744 1044 1776 Italiae
1071 1744 1154 1776 eius-

425 1797 498 1829 dem
512 1796 639 1829 Ordinis
658 1802 883 1839 aggregarent,
902 1797 1083 1840 praefatum
1103 1808 1155 1829 ca—

424 1849 561 1892 pitulum
578 1851 730 1891 generale
756 1850 801 1882 eis
821 1850 880 1882 bac
897 1850 928 1882 in
942 1861 976 1883 re
996 1849 1155 1892 gratifica—

424 1907 491 1934 tum
516 1908 586 1943 est,
614 1903 780 1946 dictusque
813 1904 961 1937 minister
992 1903 1153 1946 generalis

425 1954 476 1987 die
500 1966 518 1987 x
542 1956 723 1988 decembris
742 1966 847 1989 MDCLX
866 1967 926 1999 per
939 1967 1011 1989 suas
1030 1956 1153 1989 litteras

427 2006 611 2039 definitorio
652 2007 755 2040 dietae
792 2009 978 2051 provinciae
1016 2009 1154 2041 directas

427 2060 573 2092 eamdem
597 2061 797 2102 provinciam
822 2062 1031 2094 reformatam
1050 2062 1173 2094 declar

427 2112 526 2151 ravit,
553 2124 589 2145 ac
614 2113 701 2145 illam
735 2114 818 2147 inter
842 2115 1027 2158 provincias
1053 2115 1156 2147 resor-

427 2170 528 2197 matas
552 2165 661 2198 Italiae
690 2165 818 2199 Ordinis
843 2167 1024 2200 huiusmodi
1050 2167 1157 2200 incor-

428 2218 565 2261 poravit.

472 2270 486 2312 ἓ
510 2270 540 2302 *2.
568 2270 643 2303 Cum
666 2277 786 2311 autem,
813 2272 894 2304 sieut
922 2273 1035 2305 eadem
1060 2283 1158 2316 expo-

429 2323 502 2356 sitio
527 2323 753 2366 subiungebat,
781 2325 882 2357 dictus
909 2325 1057 2358 minister
1082 2325 1175 2369 p1·0-'

429 2376 575 2409 vincialis
593 2378 783 2420 praemissa,
799 2389 858 2421 pro
873 2377 1007 2411 firmiori
1026 2379 1157 2412 illorum
1174 2412 1176 2421 Α

430 2429 652 2469 subsistentia,
680 2430 877 2472 apostolicae
904 2428 1176 2464 confirmationis'

430 2487 563 2516 nostrae
588 2483 707 2515 robore
737 2483 927 2515 communiri
953 2478 1175 2528 summopere*

467 2598 478 2624 ¹
501 2596 537 2623 Ex
558 2595 663 2631 Hegest.
685 2596 834 2623 ixi-Secret.
856 2595 930 2623 Brer.

993 213 1173 238 nni-amru
1197 212 1349 236 ROMANL'M

1192 259 1370 292 desideret:
1387 270 1456 299 nos,
1474 260 1579 303 ipsum
1596 262 1779 295 ministrum
1792 263 1924 306 provin-

1191 311 1307 344 cialem
1338 312 1534 355 specialibus
1569 314 1731 347 favoribus
1756 320 1787 347 et
1811 315 1922 358 gratiis

1190 366 1345 409 prosequi
1361 366 1516 405 volentes,
1532 372 1564 398 et
1583 377 1600 398 a
1614 368 1777 410 quibusvis
1796 379 1923 402 exeom-

1190 419 1428 458 municationis‚
1455 419 1680 462 suspensionis
1699 426 1730 453 et
1743 421 1920 463 interdicti,

1190 471 1327 514 aliisque
1353 471 1583 504 ecclesiasticis
1609 473 1790 514 sententiis,
1806 485 1922 507 censu-

1171 523 1232 555 ,ris
1259 529 1290 556 et
1314 524 1446 567 poenis,
1474 534 1491 556 a
1516 524 1584 557 iure
1616 526 1667 557 vel
1699 526 1739 558 ab
1770 526 1919 568 homine,

466 610 530 643 tuto
559 608 703 652 yenerali
732 607 871 640 eiusdem
897 605 1031 638 Ordinis
1054 605 1155 646 sacta·
1170 600 1172 641 J
1190 587 1300 619 qum*
1327 587 1500 609 ⁰C⁰a⁵¹0¹¹e
1519 579 1569 610 κε’]
1588 589 1684 611 causa
1708 579 1790 619 13¹¹&
1810 590 1835 611 3¹
1854 591 1922 623 t1¹¹¹·

1186 629 1245 661 bus
1271 630 1517 672 quomodolibet
1540 631 1711 664 innodatus
1738 632 1854 673 existit,
1882 633 1921 666 ad

1187 680 1335 714 effectum
1359 683 1583 725 praesentium
1616 684 1781 717 dumtaxat
1804 695 1921 718 conse-

1187 735 1365 777 quendum,
1392 735 1506 768 harum
1538 736 1622 769 serie
1655 737 1863 770 absolventes
1889 744 1922 771 et

1186 788 1367 819 ahsolutum
1395 788 1464 820 sore
1490 795 1681 829 censentes,
1708 790 1920 834 supplicatio-

1184 841 1278 873 nibus
1297 841 1365 873 eius
1385 842 1517 874 nomine
1534 843 1628 875 nobis
1655 854 1754 886 super
1780 844 1842 876 hoc
1860 844 1920 876 hu-

1184 894 1305 926 militer
1321 894 1482 937 porrectis
1496 894 1652 935 inclinati,
1663 896 1918 930 declarationem

1185 952 1216 978 et
1253 946 1552 990 incorporationem
1589 948 1694 981 dietae
1730 949 1917 992 provinciae

1184 1000 1360 1032 Boliemiae
1375 1000 1460 1033 inter
1476 1002 1640 1043 praefatas
1665 1003 1849 1045 provincias
1867 1014 1919 1036 re-

1185 1053 1337 1085 formatas
1352 1053 1462 1086 Italiae
1479 1053 1790 1097 sicutpraemittitur
1808 1056 1917 1095 saetas,

1185 1105 1375 1138 auctoritate
1401 1106 1596 1148 apostolica,
1623 1113 1736 1140 tenore
1762 1119 1919 1151 praesen-

1185 1158 1273 1198 tium,
1294 1158 1522 1192 confirmamus
1540 1165 1571 1192 et
1589 1161 1820 1203 approbamus,
1839 1161 1919 1194 illis-

1185 1222 1246 1254 que
1284 1212 1480 1245 inviolabilis
1519 1213 1721 1256 apostolicae
1757 1214 1917 1248 firmitatis

1185 1266 1285 1298 robur
1309 1265 1486 1305 adiicimus,
1513 1277 1549 1299 ac
1575 1277 1689 1299 omnes
1715 1272 1747 1299 et
1770 1267 1916 1310 singulos

1166 1301 1262 1382 'iuris
1289 1325 1321 1352 et
1344 1319 1418 1351 sacti
1444 1320 1610 1360 desectus,
1638 1320 1663 1353 si
1696 1321 1750 1364 qui
1776 1321 1917 1365 desuper

1186 1372 1435 1415 quomodolibet
1450 1372 1696 1413 intervenerint,
1711 1375 1914 1417 supplemus.

1228 1425 1243 1467 ξ,
1259 1425 1289 1457 3.
1309 1425 1531 1458 Decernentes
1557 1427 1702 1459 eamdem
1716 1426 1918 1469 provinciam

1186 1478 1360 1510 Bohemiae
1385 1478 1418 1510 in
1442 1484 1611 1521 posterum
1636 1485 1798 1522 tamquam
1821 1489 1918 1512 unam

1187 1541 1222 1563 ex
1249 1531 1432 1563 reformatis
1458 1532 1598 1564 nationis
1624 1532 1732 1565 Italiae
1758 1532 1790 1564 in
1815 1532 1919 1565 omni-

1186 1585 1245 1616 bus
1264 1589 1295 1616 et
1320 1584 1426 1627 quoad
1453 1584 1561 1617 omnia
1587 1585 1656 1617 sore
1675 1591 1706 1617 et
1733 1585 1918 1618 habendam

1188 1647 1270 1676 esse,
1296 1636 1448 1680 ipsasque
1473 1643 1667 1680 praesentes
1693 1637 1817 1670 litteras
1836 1648 1920 1670 sem-

1187 1700 1248 1732 per
1271 1689 1388 1730 tirmas,
1404 1690 1525 1722 validas
1552 1696 1583 1723 et
1604 1690 1753 1723 efficaces
1779 1690 1918 1723 existere

1188 1749 1220 1775 et
1244 1743 1329 1783 sore,
1356 1754 1496 1786 suosque
1522 1744 1690 1787 plenarios
1717 1750 1748 1776 et
1772 1744 1919 1785 integros

1189 1796 1321 1829 ess'ectus
1347 1797 1455 1829 sortiri
1481 1803 1513 1829 et
1537 1796 1698 1837 obtinere,
1718 1808 1754 1829 ac
1779 1797 1853 1836 illis,
1879 1796 1918 1828 ad

1189 1859 1269 1893 quos
1288 1856 1414 1893 spectat
1436 1856 1466 1883 et
1491 1861 1551 1894 pro
1570 1856 1719 1893 tempore
1744 1849 1917 1893 spectabit,

1188 1902 1378 1945 plenissime
1409 1902 1596 1945 suffragari,
1623 1903 1734 1946 sicque
1760 1902 1792 1934 in
1825 1912 1920 1945 prae-

1189 1955 1295 1988 missis
1318 1966 1378 1999 per
1403 1965 1625 1998 quoscumque
1643 1956 1765 1988 iudices
1791 1955 1921 1988 ordina-

1190 2009 1255 2042 rios
1275 2014 1306 2041 et
1321 2010 1497 2051 delegatos,
1513 2008 1611 2041 etiam
1623 2019 1792 2041 causarum
1809 2007 1920 2051 palatii

1190 2061 1363 2104 apostolici
1388 2061 1564 2101 auditores,
1591 2061 1725 2094 iudicari
1744 2065 1774 2093 et
1794 2059 1921 2093 definiri

1191 2115 1330 2155 debere,
1358 2126 1393 2146 ac
1425 2114 1550 2147 irritum
1580 2120 1612 2146 et
1643 2113 1737 2146 inane
1764 2112 1789 2145 si
1826 2123 1921 2145 secus

1191 2178 1289 2211 super
1314 2168 1362 2199 his
1389 2178 1406 2200 a
1430 2177 1601 2210 quoquam,
1621 2166 1730 2209 quavis
1751 2165 1924 2199 auctorita—

1191 2226 1237 2260 te,
1264 2221 1407 2254 scienter
1438 2222 1486 2253 vel
1514 2220 1723 2263 ignoranter,
1750 2218 1924 2262 contigerit

1172 2310 1175 2322 .
1191 2274 1354 2307 attentari.

1235 2327 1249 2370 g
1273 2326 1304 2358 4.
1324 2325 1393 2358 Non
1411 2325 1614 2359 obstantibus
1637 2325 1922 2358 constitutionibus

1193 2385 1222 2411 et
1256 2379 1515 2412 ordinationibus
1542 2378 1747 2422 apostolicis,
1774 2389 1921 2418 necnon,

1193 2438 1350 2475 quatenus
1369 2442 1450 2475 opus
1468 2432 1519 2471 sit,
1542 2431 1671 2464 Ordinis
1693 2437 1725 2464 et
1742 2431 1925 2475 provincia-

1193 2496 1263 2517 rum
1290 2485 1484 2525 huiusmodi,
1511 2485 1606 2518 etiam
1631 2485 1822 2524 iuramento,
1849 2495 1926 2518 con-

1194 2538 1376 2571 firmatione
1402 2538 1590 2581 apostolica,
1616 2539 1666 2570 vel
1692 2538 1801 2581 quavis
1827 2537 1925 2570 firmi-

1176 2596 1256 2623 ¹tate
1286 2591 1347 2624 alia
1377 2591 1549 2631 roboratis,
1576 2591 1700 2623 statutis
1728 2598 1759 2623 et
1789 2601 1926 2625 consue-

1935 214 1983 240 An.
2000 214 2028 242 C.
2051 214 2120 242 1662

1959 1438 2079 1459 Clausulao.

1959 2332 2074 2353 Contrariis
2084 2332 2121 2352 du-

1938 2363 2005 2385 rogat.

2243 746 2247 773 ,Α
2235 490 2247 735 -μ--ῲ
2243 458 2247 475 -
