2247 3208
146 210 195 236 An.
217 208 245 234 C.
265 207 331 235 1665

338 254 466 289 Ordinis
490 254 648 286 nonnulla
668 253 752 286 inter
768 254 829 286 alia
848 255 1077 297 disponuntur,

339 308 446 352 quoad
471 306 667 350 praedictam
684 308 881 350 provinciam
901 308 1076 340 Romanam

340 361 378 394 ad
415 361 570 394 terminos
606 361 740 394 aliarum
777 361 918 394 eiusdem
954 359 1075 393 Urbani

338 415 602 458 praedecessoris
627 414 807 447 litterarum
838 413 889 445 die
919 422 996 445 xx111
1022 422 1098 444 ati-1

339 467 424 510 gusti
453 477 609 501 uncxxxiv
639 467 671 499 in
703 466 800 499 simili
835 466 936 498 forma
968 464 1076 497 Brevis

339 526 579 561 emanatarum,
602 530 739 563 quarum
763 519 889 551 initium
914 523 962 550 est
987 517 1077 550 Inter

338 574 560 617 yraris'simus²
574 577 645 613 etc„
660 584 677 605 a
695 572 788 605 nobis
807 571 928 611 reduci,
948 576 979 603 et
993 569 1077 601 circa

338 626 599 669 subrogationes,
620 636 701 668 quae
723 623 950 658 deficientibus
976 623 1006 655 in
1025 624 1076 655 ea-
1096 646 1097 649 η

340 681 412 713 dem
438 679 604 723 provincia
636 677 785 710 ministro
819 676 1009 720 provinciali
1041 686 1077 707 ac

339 733 486 777 patribus
511 731 639 765 Ordinis
673 735 704 763 et
729 729 955 763 definitoribus
981 729 1077 761 inter-

340 786 415 818 dum
440 784 509 817 fieri
537 784 670 822 debent,
696 788 881 826 opportune
900 781 1075 825 provideri,

338 838 385 870 ita
411 837 536 871 scilicet
567 842 602 869 ut
627 836 793 879 digniores
819 836 905 868 iuxta
941 835 1077 878 disposi-

340 891 460 924 tionem
487 889 754 923 constitutionum
779 888 981 932 generalium
1002 888 1077 920 sub-

339 949 510 987 rogentur,
532 943 617 976 circa
641 942 922 986 incorporationes
952 947 1075 981 autem,

337 1002 372 1029 ut
406 997 545 1029 aliarum
580 995 818 1040 provinciarum
851 995 988 1034 fratres,
1022 993 1076 1037 qui

337 1053 535 1083 memoratae
550 1048 736 1092 provinciae
754 1048 927 1086 Romanae,
943 1048 1076 1080 obtento

339 1102 480 1145 desuper
496 1101 705 1144 beneplacito
721 1100 905 1139 desmssorii,
926 1100 1077 1143 incorpo-

337 1155 398 1188 rati
421 1155 567 1195 fuerunt,
595 1165 613 1187 a
638 1154 689 1187 die
714 1153 988 1197 incorporationis
1020 1153 1077 1185 lm-

338 1208 477 1241 iusmodi
522 1212 643 1240 tantum
679 1207 877 1250 praecedere
913 1207 1075 1245 debeant,

338 1261 611 1305 quemadmodum
624 1266 741 1293 statuta
753 1260 996 1293 reformationis
1015 1260 1077 1292 dis—

337 1319 487 1358 ponunt,
515 1313 611 1346 statui
636 1318 668 1346 et
696 1312 840 1346 ordinari
872 1323 1076 1356 summopere

338 1368 547 1401 desiderent:

382 1423 397 1466 ἓ
422 1421 452 1454 2.
471 1421 544 1462 Nos,
562 1421 624 1465 piis
639 1421 827 1454 eorumdem
845 1421 1077 1463 exponentium

338 1475 419 1508 votis
439 1475 471 1508 in
488 1474 674 1519 praemissis
692 1474 913 1507 favorabiliter
933 1484 1076 1506 annuere

317 1529 499 1568 -volentes,
525 1532 558 1560 et
581 1538 693 1561 eorum
718 1527 898 1570 singulares
923 1537 1077 1570 personas

337 1593 354 1614 a
379 1581 546 1625 quibusvis
565 1580 919 1621 excommunicationis,
939 1591 1077 1624 suspen-

196 1433 210 1453 Α
233 1432 327 1453 censuris

142 1459 256 1480 absolutio.

337 1634 439 1668 sionis
465 1640 497 1667 et
522 1634 706 1674 interdicti,
735 1633 873 1678 aliisque
906 1633 1097 1666 ecclesias-1

337 1687 408 1720 tieis
440 1687 630 1728 sententiis,
663 1686 810 1720 censuris
843 1691 875 1719 et
898 1686 1034 1730 poenis,
1059 1698 1076 1718 a

338 1741 407 1773 inre
441 1741 491 1773 vel
517 1740 556 1773 ab
583 1739 736 1780 homine,
766 1739 878 1783 quavis
903 1739 1075 1772 occasione

337 1794 387 1826 vel
416 1796 512 1826 causa
537 1794 623 1833 latis,
645 1792 805 1836 siquibus
831 1792 1077 1836 quomodolibet

337 1847 512 1880 innodatae
530 1846 684 1885 existunt,
705 1846 744 1878 ad
757 1844 905 1878 effectum
919 1854 1076 1888 praesen-

337 1900 415 1932 tium
451 1900 617 1932 dumtaxat
647 1899 932 1942 consequendum,
961 1898 1075 1930 harum

336 1953 422 1986 serie
447 1953 652 1986 absolventes
674 1957 706 1985 et
730 1952 896 1985 absolutas
918 1951 985 1984 fore
1003 1961 1077 1984 cen-

336 2013 457 2051 sentes,

381 2061 395 2104 §
419 2060 451 2094 3.
479 2059 773 2103 Supplicationibus
800 2069 910 2092 eorum
942 2058 1075 2092 nomine

336 2113 432 2147 nobis
457 2124 557 2157 super
580 2113 643 2146 hoc
667 2112 835 2146 humiliter
851 2112 1010 2155 porrectis
1030 2112 1076 2145 in-

155 2068 267 2088 confirmat
279 2075 325 2095 pro-

143 2098 165 2115 ut
181 2101 201 2114 in
218 2095 311 2116 rubrlcai.

336 2167 455 2206 clinati,
475 2167 514 2199 de
531 2166 765 2199 venerabilium
790 2166 924 2198 fratrum
950 2171 1077 2198 nostro·
1095 2178 1097 2183 ·

336 2230 406 2252 rum
420 2219 451 2252 S.
470 2219 507 2252 R.
527 2219 562 2252 E.
583 2219 805 2259 cardinalium,
825 2229 860 2251 ac
882 2218 1075 2251 dilectorum

335 2273 476 2305 filiorum
508 2273 671 2305 Romanae
704 2272 817 2305 Curiae
855 2272 1075 2315 praelatorum

335 2337 430 2369 super
466 2325 605 2368 negotiis
640 2325 836 2358 visitationis
878 2325 1098 2377 apostolicae*

335 2378 548 2411 ecclesiarum
581 2382 613 2410 et
637 2379 784 2410 locorum
810 2378 938 2421 piorum
973 2379 1075 2411 almae

335 2431 429 2464 [rbis
456 2436 585 2464 nostrae
616 2442 633 2463 a
657 2431 752 2464 nobis
777 2431 940 2463 institutae
974 2431 1076 2474 depu-

334 2490 488 2525 tatorum,
510 2485 564 2528 qui
589 2484 767 2528 praemissa
790 2484 943 2517 mandato
964 2490 1075 2517 nostro

334 2544 482 2571 accurate
500 2538 721 2571 discusserunt
744 2544 773 2570 et
790 2543 913 2570 mature
935 2548 1075 2581 perpen-

335 2591 476 2631 derunt,
514 2591 677 2631 consilio,
711 2591 922 2634 primodictas
954 2591 1074 2623 Urbani

421 2655 500 2682 Bau.
522 2655 607 2682 Rom.
627 2669 662 2674 —
685 2655 743 2681 Vol.
766 2655 857 2682 XVII.
1002 2652 1036 2681 52

934 205 1123 229 ALEXANDLR
1147 206 1189 229 Vll
1215 206 1263 229 1³1³.

1121 248 1381 296 praedecessoris
1408 253 1541 294 litteras,
1569 252 1620 286 die
1645 263 1707 287 xxn
1733 252 1860 286 decem-

1120 305 1185 338 bris
1197 316 1329 340 ,unean
1347 307 1385 340 ad
1404 306 1676 350 supplicationem
1691 311 1767 339 tune
1782 306 1859 338 exis-

1122 358 1216 392 tentis
1249 359 1460 392 commissarii
1495 358 1657 402 generalis
1683 364 1858 397 emanatas,

1120 412 1227 455 quoad
1253 417 1346 455 caput
1373 412 1618 455 praecedentiae
1636 411 1720 445 inter
1743 412 1859 444 fratres

1119 464 1290 498 strictioris
1315 465 1538 498 observantiae
1570 465 1669 498 sancti
1699 465 1856 498 Francisci

1119 518 1339 551 cismontanae
1367 517 1505 550 familiae
1529 518 1715 551 huiusmodi
1749 528 1859 561 respe—

1119 576 1169 603 ctu
1194 572 1328 604 fratrum
1353 572 1456 605 dictae
1476 572 1661 615 provinciae
1683 571 1857 611 Romanae,

1119 623 1157 656 ad
1194 625 1346 657 terminos
1380 624 1514 658 aliarum
1554 624 1857 657 secundodictarum

1119 676 1261 709 eiusdem
1270 677 1389 710 Urbani
1398 677 1658 720 praedecessoris
1666 677 1858 716 litterarum,

1119 730 1365 773 motuquoprio,
1385 730 1435 762 die
1454 740 1530 763 xxnl
1555 729 1680 772 augusti
1698 739 1857 763 itincxxxiv

1119 783 1286 822 editarum,
1314 783 1505 815 auctoritate
1531 782 1718 825 apostolica,
1744 787 1857 815 tenore

1119 832 1351 879 ¹praesentium,
1378 835 1567 875 reducimus,
1591 835 1634 868 ita
1652 835 1733 867 utin
1751 840 1859 878 poste-

1120 900 1198 930 rum,
1231 889 1326 921 etiam
1357 888 1466 931 vigore
1492 888 1632 921 cuiusvis
1656 887 1793 928 indulti,
1821 898 1857 920 ex

1120 942 1230 986 quavis
1255 945 1350 976 causa
1374 944 1422 976 vel
1449 942 1620 975 occasione
1637 952 1655 974 a
1675 941 1756 974 Sede
1775 941 1860 984 Apo-

1119 995 1234 1028 stolica
1251 996 1299 1028 vel
1317 994 1395 1027 alias
1414 994 1661 1038 quomodolibet
1684 993 1858 1037 impetrati,

1120 1048 1152 1079 in
1178 1047 1291 1080 eadem
1323 1047 1487 1091 provincia
1520 1047 1664 1080 Romana
1693 1046 1772 1080 nulli
1798 1046 1858 1078 fra-

1122 1107 1203 1133 trum
1227 1100 1278 1133 ius
1304 1101 1521 1144 praecedendi
1547 1100 1613 1134 sive
1640 1099 1859 1133 honoratioris

1120 1153 1178 1186 loci
1205 1159 1369 1196 competat
1393 1153 1451 1186 nisi
1478 1153 1644 1194 ministro⁷
1671 1153 1858 1186 commissa-

1096 1229 1100 1257 5
1120 1208 1187 1248 rio,
1214 1207 1334 1240 vicario
1356 1213 1387 1239 et
1411 1207 1612 1250 procuratori
1637 1207 1857 1250 generalibus,

1096 1262 1098 1287 l
1119 1260 1278 1301 ministro,
1297 1261 1522 1293 commissario
1540 1265 1571 1293 et
1589 1259 1706 1292 vicario
1728 1261 1858 1303 provin-

1119 1313 1263 1355 cialibus,
1282 1314 1416 1355 custodi‚
1429 1313 1666 1354 commissario,
1685 1313 1856 1353 visitatori,

1120 1366 1319 1409 guardianis,
1341 1366 1564 1410 praesidenti,
1584 1376 1641 1399 seu
1674 1366 1860 1399 commissa-

1121 1420 1168 1453 rio
1193 1426 1225 1453 et
1248 1419 1374 1452 vicariis
1392 1419 1550 1453 localibus
1576 1418 1645 1462 (qui
1666 1423 1785 1457 tamen,
1806 1429 1859 1451 ex-

1095 1445 1100 1514 1
1121 1473 1215 1516 pletis
1232 1483 1344 1506 eorum
1370 1471 1493 1512 officiis,
1517 1472 1556 1504 ad
1582 1472 1691 1504 locum
1709 1476 1740 1503 et
1767 1481 1860 1514 prae-

1095 1516 1100 1542 *
1120 1526 1302 1560 cedentiam
1318 1525 1446 1559 Ordinis
1470 1518 1632 1565 redibunt,
1656 1530 1720 1557 tam
1747 1524 1777 1564 ii,
1805 1524 1858 1567 qui

1118 1580 1182 1613 iam
1203 1580 1349 1613 habitum
1374 1590 1432 1623 per
1455 1579 1568 1611 fratres
1587 1577 1705 1621 gestari
1727 1577 1858 1610 solitum

1119 1639 1347 1678 susceperunt,
1379 1643 1415 1665 ac
1447 1632 1486 1665 de
1521 1636 1631 1665 cetero
1667 1631 1857 1675 suscipient,

1119 1699 1214 1731 quam
1230 1687 1251 1720 ii
1268 1687 1321 1730 qui
1339 1697 1372 1719 se
1386 1697 1403 1717 a
1417 1685 1571 1718 fratribus
1595 1685 1633 1717 de
1647 1684 1860 1717 Observantia

1118 1742 1157 1774 ad
1184 1741 1299 1773 fratres
1324 1739 1527 1772 Reform-atos
1547 1737 1651 1771 dictae
1672 1736 1859 1781 provinciae

1118 1794 1272 1827 canonice
1307 1792 1543 1825 transtulerunt
1577 1796 1608 1823 et
1643 1790 1858 1829 transferent,

1119 1847 1260 1891 exceptis
1278 1853 1384 1879 tamen
1401 1846 1439 1878 iis
1457 1845 1510 1888 qui
1534 1844 1671 1877 ministri
1697 1843 1858 1886 generalis

1119 1912 1174 1933 seu
1200 1899 1416 1932 commissarii
1441 1897 1604 1941 generalis
1636 1896 1859 1929 cismontanae

1120 1952 1257 1985 familiae
1283 1951 1389 1984 officio
1416 1950 1515 1983 functi
1548 1954 1622 1982 sunt
1653 1950 1703 1982 vel
1730 1949 1861 1991 fungeir

1120 2013 1179 2046 tur,
1199 2006 1253 2049 qui
1274 2010 1347 2048 post
1371 2003 1558 2047 superiores
1580 2003 1721 2035 actuales
1748 2001 1861 2034 imme-

1096 2082 1098 2087 ι
1119 2061 1203 2093 ‹liate
1222 2061 1330 2093 locum
1346 2059 1517 2101 habeant),
1539 2068 1602 2101 quo
1621 2067 1698 2089 vero
1713 2056 1752 2088 ad
1770 2066 1860 2099 prae-

1092 2098 1098 2137 Ῑ
1119 2119 1265 2146 narratas
1289 2110 1537 2154 subrogationes
1556 2109 1742 2152 digniorum
1759 2114 1791 2141 et
1813 2109 1860 2141 in-

1119 2165 1366 2209 corporat'iones
1390 2163 1622 2206 religiosorum
1639 2162 1766 2195 alienae
1783 2172 1859 2205 pro-

1095 2227 1097 2239 *
1117 2219 1250 2259 vinciae,
1274 2217 1524 2251 constitutiones
1544 2215 1672 2249 Ordinis
1690 2222 1721 2248 et
1739 2219 1859 2247 statuta

1118 2271 1362 2305 reformationis
1387 2269 1573 2311 huiusmodi
1599 2268 1731 2307 servari,
1751 2273 1861 2300 aucto-

1120 2326 1212 2358 ritate
1231 2330 1263 2358 et
1280 2329 1393 2357 tenore
1411 2323 1596 2367 praedictis,
1611 2321 1802 2355 mandamus
1822 2331 1858 2353 ac

1118 2379 1285 2412 statuimus
1310 2383 1342 2410 et
1367 2377 1567 2410 ordinamus.

1094 2415 1098 2455 i
1162 2432 1176 2475 ξ
1201 2431 1232 2464 4.
1251 2431 1472 2464 Decernentes
1495 2429 1669 2473 privilegia
1686 2433 1717 2462 et
1733 2427 1859 2460 indulta

1095 2459 1098 2521 i
1118 2496 1218 2529 snper
1227 2484 1422 2528 paternitate
1434 2481 1717 2526 etpraecedentia,
1731 2481 1757 2513 si
1778 2491 1859 2524 quae

1095 2525 1098 2571 i
1118 2549 1176 2581 per
1194 2531 1307 2570 fratres
1332 2537 1510 2570 antedictae
1536 2535 1723 2579 provinciae
1742 2534 1859 2567 Roma-

1096 2574 1098 2607 !
1117 2602 1177 2625 nae
1191 2602 1208 2623 a
1221 2591 1303 2624 Sede
1319 2589 1505 2633 Apostolica
1519 2589 1671 2633 deinceps
1688 2587 1858 2632 impetrari

1760 194 1825 228 409
1871 203 1922 231 An.
1942 203 1969 230 e.
1990 204 2055 231 «665

1878 1948 1893 1959 ο

1885 2431 2008 2460 >Βεςωιιυη
2026 2430 2054 2450 ir-

1871 2461 1945 2478 mans.
