2247 3208
220 279 269 305 An.
284 276 320 305 c,
339 276 405 304 ¹669
452 266 516 299 8¹2

411 325 489 358 ferri
521 329 551 355 et
584 332 642 364 per
666 320 803 353 clericos
829 319 995 352 seculares
1020 319 1087 362 regi
1115 323 1147 351 et

409 375 586 420 gubernari
612 373 728 413 solita,
755 373 788 405 in
813 372 960 413 civitate,
986 373 1089 416 patria
1115 377 1147 405 et

408 429 549 464 dioecesi
575 426 747 460 Leodiensi
780 425 1008 465 consistentia,
1030 431 1062 459 et
1086 436 1144 469 pro

406 488 556 525 tempore
582 492 639 524 pcr
665 480 787 513 obitum
815 480 980 513 dumtaxat
996 479 1028 512 in
1050 479 1145 512 certis

408 542 483 568 tunc
495 534 653 578 expressis
667 534 832 566 mensibus
847 533 1002 573 vacantia,
1022 532 1144 566 etiamsi

406 589 613 621 canonicatus
639 593 670 620 et
695 587 912 630 praebendae,
941 592 1143 629 personatus,

405 640 702 674 administrationes
721 644 752 672 et
770 639 946 682 dignitates
963 638 1145 672 cuiuscum-

405 705 466 737 qur¹
497 693 659 737 qualitatis
684 698 715 725 et
738 692 857 725 valoris
884 692 966 732 sint,
1003 693 1144 735 exceptis

405 747 499 779 certis
526 747 636 779 itidem
661 751 737 778 tunc
770 746 929 788 expressis
957 744 1143 785 benefieiis,

404 811 421 832 a
447 799 612 842 praedicto
636 799 735 832 Paulo
757 799 779 830 V
804 799 1054 842 praedecessore
1086 809 1145 841 per

404 864 477 885 suas
517 853 576 885 suh
607 853 742 895 plumbo
779 852 927 885 kalendis
964 851 1144 885 decembris

404 917 487 939 auno
528 905 761 938 Incarnationis
802 905 988 938 Dominicae
1024 915 1144 938 MDcxlv

405 959 545 1001 desuper
578 958 743 1001 expeditas
776 958 899 990 litteras
934 958 1057 990 decano
1087 968 1142 990 seu

403 1010 601 1043 vicedecano
627 1010 812 1054 praedictae
839 1010 998 1043 facultatis
1028 1010 1144 1042 artium

403 1065 460 1097 sul)
487 1065 584 1097 certis
607 1064 703 1097 inodo
730 1070 762 1096 et
787 1064 890 1096 forma
916 1069 993 1096 tunc
1010 1073 1143 1106 expres-

403 1118 456 1157 sis,
485 1119 555 1151 loco
582 1118 660 1150 iuris
681 1129 737 1151 seu
765 1117 926 1150 facultatis
952 1116 1141 1150 nominandi

404 1172 490 1215 quod
516 1182 572 1204 sen
609 1182 703 1214 quam
737 1171 823 1204 idem
854 1171 971 1203 Paulus
1007 1170 1144 1213 praede-

403 1235 513 1257 cessor
538 1235 594 1267 per
619 1224 720 1256 dictas
746 1224 868 1256 litteras
903 1228 1063 1266 perpetuo
1089 1223 1144 1255 ab·

402 1277 533 1319 rogavit,
559 1277 671 1310 itidem
698 1281 857 1320 perpetuo
875 1286 1064 1309 concessum
1086 1286 1142 1308 seu

403 1341 607 1370 concessam,
636 1335 748 1362 tenore
773 1330 995 1372 praesentium
1020 1329 1058 1362 ad
1084 1340 1142 1362 no-

403 1389 503 1418 strum
520 1384 668 1416 etdictac
695 1382 787 1415 Sedis
814 1383 1018 1425 Apostolicae
1043 1382 1142 1415 bene-

402 1436 557 1480 placitum
583 1435 873 1479 suspendimus,ac
899 1446 1091 1478 suspensum
1110 1440 1142 1468 et

403 1499 596 1532 suspensam
628 1500 698 1522 esse
724 1494 756 1522 et
782 1490 847 1522 sore
879 1488 1085 1522 decernimus
1111 1493 1143 1521 et

992 271 1172 295 BULIARIUJI
1197 271 1348 296 ROMANUM

1188 319 1404 364 litercumque
1425 321 1493 354 sieri
1512 323 1693 366 contigerit,
1712 325 1816 358 nullas
1834 334 1927 369 pror-

1190 382 1243 404 sus
1269 383 1305 405 ac
1330 372 1449 413 irritas,
1475 373 1586 407 inanes
1612 381 1644 408 et
1669 377 1829 417 invalidas,
1860 378 1926 410 nul-

1189 424 1471 468 liusque.roboris
1497 432 1528 459 et
1551 429 1716 469 momenti,
1741 440 1776 462 ac
1799 430 1923 463 viribus

1190 483 1219 509 et
1236 478 1352 511 effectu
1369 479 1498 522 penitus
1517 486 1549 513 et
1566 481 1699 514 omnino
1713 493 1829 516 vacuas
1848 483 1923 523 fore,

1189 541 1248 563 nec
1272 532 1421 575 cuiquam
1455 533 1580 567 titulum
1616 535 1711 568 etiam
1748 537 1924 569 coloratum

1189 588 1244 616 aut
1260 585 1449 627 possidendi
1474 587 1524 619 vel
1550 587 1715 620 detinendi
1733 598 1860 622 causam
1876 590 1925 622 ul-

1188 637 1314 670 latenus
1328 637 1470 671 tribuere
1484 651 1491 679 ;
1510 639 1680 673 citationes
1699 651 1826 685 quoque
1840 669 1847 683 ‚
1862 653 1926 675 mo-

1188 688 1337 730 nitiones,
1363 691 1526 732 mandata,
1555 692 1697 733 decreta,
1727 704 1922 736 processus,

1189 743 1387 783 sententias,
1415 754 1624 778 censurarum
1659 746 1898 780 fulminationes
1915 774 1922 788 ‚

1188 795 1296 827 auxilii
1318 796 1442 828 brachii
1462 797 1617 830 secularis
1643 797 1872 839 invocationes,
1894 805 1926 832 et

1187 852 1255 879 acta
1280 848 1444 882 iudicialia
1470 855 1501 882 et
1538 850 1794 884 extraiudicialia
1829 862 1925 894 quae-

1188 911 1333 944 cumque,
1348 902 1371 934 si
1391 914 1473 945 quae
1495 914 1513 936 a
1530 904 1813 937 conservatoribus
1838 916 1925 948 prae-

1188 953 1290 994 dictis,
1309 955 1358 987 vel
1379 955 1450 988 aliis
1475 955 1636 989 iudicibus
1655 957 1924 1001 quibuscumque,

1187 1017 1242 1038 seu
1268 1017 1379 1040 eorum
1402 1008 1520 1051 aliquo,
1538 1010 1577 1042 ad
1594 1010 1779 1043 instantiam
1796 1021 1923 1051 eorum,

1187 1059 1302 1102 quibus
1320 1060 1478 1094 beneficia
1497 1062 1692 1103 huiusmodi,
1711 1063 1924 1106 suspensione

1187 1113 1351 1154 praedicta
1375 1114 1528 1154 durante,
1555 1115 1594 1148 de
1622 1116 1705 1149 facto
1731 1117 1849 1149 collata
1876 1127 1925 1149 es-

1187 1164 1268 1205 sent,
1284 1177 1340 1199 seu
1354 1167 1433 1199 alias
1450 1169 1703 1210 quomodolibet,
1721 1179 1781 1213 pro
1800 1169 1925 1202 tuendis

1186 1229 1242 1251 seu
1268 1219 1306 1252 ad
1332 1218 1480 1252 etl'ectum
1506 1221 1705 1254 deducendis
1738 1222 1924 1255 huiusmodi

1186 1272 1414 1305 collationibus
1449 1284 1507 1306 seu
1543 1275 1782 1317 provisionibus
1797 1302 1804 1314 ‚
1838 1275 1924 1316 sieri,

1186 1325 1340 1365 mandari,
1357 1326 1501 1367 decerni,
1520 1328 1666 1368 relaxari,
1686 1327 1763 1360 ferri
1783 1329 1834 1361 vel
1851 1338 1926 1371 pro-

1186 1378 1331 1410 nunciari
1357 1379 1533 1422 contingat,
1558 1390 1628 1412 cum
1646 1381 1794 1414 omnibus
1813 1386 1843 1414 et
1861 1381 1925 1414 sin-

1186 1431 1267 1473 gulis
1281 1431 1356 1464 inde
1371 1432 1480 1465 forsan
1494 1433 1738 1475 quomodolibet
1753 1434 1922 1473 secuturis,

1185 1485 1272 1517 nulla
1297 1485 1417 1528 pariter
1443 1491 1474 1518 ct
1497 1486 1649 1527 invalida,
1676 1487 1774 1527 irrita,
1800 1487 1921 1527 inania,

1936 277 1986 302 An.
2006 273 2037 303 C.
2053 274 2121 302 1669

1185 1538 1224 1570 de
1248 1537 1331 1570 sacto
1356 1544 1574 1582 praesumpta,
1600 1551 1635 1572 ac
1660 1550 1794 1583 prorsus
1819 1546 1923 1573 atten-
1939 1550 2118 1602 luistfficffliffis

1933 1586 1938 1597 ι
1974 1585 1984 1596 a
2056 1586 2064 1594 t
2087 1585 2117 1590 ·-

1185 1595 1248 1622 tata
1268 1596 1298 1623 et
1315 1591 1430 1624 vitiosa
1447 1592 1525 1632 fore,
1545 1593 1772 1636 neminemque
1790 1603 1921 1636 prorsus
1933 1604 1991 1623 sione
2013 1603 2038 1623 aa
2063 1609 2115 1622 §.1¹¹-

1933 1632 1989 1649 ctam
2040 1629 2118 1649 Sede-n

1185 1648 1306 1675 arctare
1332 1650 1363 1676 et
1381 1644 1516 1685 afficere,
1537 1646 1593 1678 sed
1611 1647 1795 1679 nullatenus
1819 1650 1923 1679 atten-
1933 1657 2040 1682 perunum
2075 1655 2116 1675 du-

403 1543 621 1575 declaramus.

209 1603 391 1651 ,Htssfsssssiffss'ssffi
447 1596 460 1635 S
484 1594 514 1628 3.
543 1595 760 1627 Decernentcs
781 1595 901 1638 pariter
921 1605 1141 1638 quascumque

209 1661 296 1682 1,..=„q„‚-
306 1659 353 1676 acia
366 1648 594 1681 sr-collaiiones
614 1652 642 1680 ct
663 1647 868 1690 provisiones
894 1648 1141 1680 canonicatuum
1934 1684 2000 1703 „mn

209 1686 259 1704 mat
273 1683 369 1703 Pontifex
1119 1700 1124 1706 .

403 1708 430 1734 ct
459 1701 726 1744 praebendarum,
753 1706 1008 1743 personatuum,
1042 1701 1142 1733 admi-

403 1754 627 1787 nistrationum
653 1758 685 1785 ct
710 1753 910 1795 dignitatum,
937 1753 1140 1797 aliorumque

402 1806 633 1839 beneficiorum
655 1806 955 1846 ecclesiasticorum,
977 1817 1048 1839 cum
1066 1808 1142 1839 cura

402 1866 433 1892 ct
457 1860 525 1892 ‚sine
552 1861 635 1898 eura,
657 1859 687 1891 iu
714 1859 850 1899 civitate,
872 1860 974 1902 patria
999 1865 1030 1892 et
1054 1859 1142 1892 dioe-

402 1913 465 1945 cesi
492 1912 661 1945 Leodiensi
687 1912 935 1944 consistentium
961 1912 1142 1955 praedicto-

402 1976 471 1997 rum
498 1975 557 2008 pro
584 1970 729 2007 tempore
756 1965 945 2004 vacantium,
965 1965 1053 1997 etde
1078 1965 1145 2011 illis-

403 2017 606 2061 provisorum
649 2017 680 2049 in
724 2017 854 2050 illorum
900 2017 1143 2061 possessionem

406 2070 632 2109 immissiones,
658 2080 693 2102 ac
718 2070 812 2103 ctiam
838 2070 1075 2103 nominationes
1103 2071 1142 2103 ad

408 2124 521 2155 eadem
552 2122 709 2155 beneficia
744 2128 909 2165 praetextu
939 2124 1085 2166 abrogati
1109 2129 1143 2155 ut

407 2177 588 2218 praefertur
608 2175 685 2208 iuris
704 2176 905 2215 nominandi,
923 2176 949 2209 si
967 2186 1056 2219 quas,
1075 2187 1143 2208 sus-

407 2228 563 2271 pensione
597 2228 781 2261 huiusmodi
807 2229 960 2270 durante,
996 2229 1101 2261 forsan
1126 2240 1143 2261 a

406 2291 464 2323 pro
492 2287 634 2323 tempore
661 2281 818 2313 existente
846 2281 967 2314 decano
992 2292 1046 2314 seu
1064 2281 1144 2314 vice-

407 2334 528 2366 decano
547 2334 649 2366 dictae
671 2334 828 2366 facultatis
846 2334 971 2373 artium,
991 2335 1087 2366 ctiam
1104 2335 1142 2367 de

406 2395 566 2417 consensu
610 2387 787 2429 recepturis
825 2392 857 2419 et
896 2391 1142 2429 procuratorum

407 2443 547 2480 quatuor
561 2438 729 2470 nationum
744 2438 890 2471 ciusdem
904 2439 1076 2479 facultatis,
1087 2449 1143 2471 seu

407 2490 540 2522 maioris
567 2491 667 2533 partis
693 2502 815 2524 corum.
836 2496 888 2523 aut
913 2491 990 2531 alias
1016 2502 1146 2534 quo-mo-

407 2543 540 2582 dolibet,
566 2554 620 2575 seu
648 2544 686 2575 ab
712 2544 782 2576 aliis
808 2544 972 2586 quibusvis
997 2544 1144 2587 personis

407 2597 511 2629 (lictae
526 2596 750 2635 universitatis,
767 2603 829 2627 tam
844 2597 1039 2629 coniunctim
1050 2608 1145 2639 quain

409 2649 546 2692 divisim,
561 2655 593 2682 ct
609 2649 686 2681 alias
705 2650 1004 2692 quomodocumque
1025 2655 1053 2681 et
1069 2660 1146 2692 qua-

1185 1696 1291 1729 denda
1316 1697 1383 1730 fore
1421 1702 1453 1730 et
1487 1709 1559 1731 esse
1580 1710 1588 1738 ;
1615 1699 1821 1732 collationem
1846 1709 1922 1732 vero

1185 1750 1331 1782 omnium
1356 1755 1387 1783 et
1411 1751 1614 1794 singulorum
1638 1752 1869 1785 beneficiorum
1890 1752 1922 1784 in

1185 1802 1334 1843 civitate,
1366 1804 1468 1846 patria
1505 1810 1537 1837 et
1573 1804 1714 1838 dioecesi
1751 1805 1922 1838 Leodiensi

1184 1855 1357 1899 praedictis
1371 1856 1615 1890 consistentium
1630 1857 1826 1898 huiusmodi,
1842 1868 1923 1901 quae

1186 1909 1217 1941 in
1235 1909 1402 1941 mensibus
1429 1915 1623 1943 memoratae
1644 1911 1848 1943 universitati
1866 1921 1922 1944 seu

1186 1962 1328 1994 facultati
1353 1962 1467 1995 artium
1492 1968 1526 1995 nt
1550 1964 1732 2006 praefertur
1758 1964 1923 1997 concessis

1187 2015 1320 2048 durante
1347 2016 1560 2059 suspensione
1587 2016 1774 2050 huiusmodi
1797 2027 1925 2049 vacave-

1187 2067 1270 2107 rint,
1297 2068 1336 2100 ad
1360 2078 1419 2100 nos
1454 2073 1485 2101 et
1517 2069 1599 2101 hanc
1632 2074 1775 2102 sanctam
1807 2069 1922 2102 Sedent

1186 2126 1332 2164 spectare
1368 2127 1399 2154 et
1423 2122 1607 2165 pertinere,
1635 2133 1695 2155 nec
1729 2132 1922 2165 quemquam

1187 2174 1281 2207 etiam
1306 2175 1415 2217 vigore
1440 2175 1669 2218 cuiuscumque
1696 2174 1810 2207 indulti
1835 2185 1852 2206 a
1872 2185 1923 2207 no·

1186 2227 1235 2259 bis
1260 2233 1291 2259 et
1314 2227 1395 2260 Sede
1421 2227 1586 2270 praedicta
1610 2227 1758 2260 concessi
1785 2227 1924 2270 desuper

1188 2280 1361 2323 quidquam
1385 2281 1603 2324 praetendere
1629 2285 1683 2313 aut
1708 2290 1740 2312 se
1766 2279 1925 2312 intromit-

1189 2338 1254 2366 tere
1273 2333 1388 2376 possc,
1408 2339 1598 2376 praesentes
1623 2339 1729 2366 antem
1753 2333 1875 2366 litteras
1893 2337 1925 2365 et

1188 2385 1220 2418 in
1245 2385 1290 2418 cis
1316 2391 1466 2418 contenta
1491 2396 1712 2429 quaecumque
1729 2412 1736 2425 ‚
1764 2385 1860 2418 etiam
1886 2396 1923 2418 ex

1188 2448 1226 2470 eo
1253 2438 1340 2481 quod
1359 2442 1478 2473 rector,
1497 2437 1657 2480 magistri,
1685 2438 1832 2470 doctores
1859 2437 1924 2469 alii-

1188 2501 1248 2533 que
1281 2491 1425 2533 graduati
1458 2496 1490 2522 ct
1522 2491 1689 2523 scholares
1723 2500 1759 2522 ac
1792 2499 1923 2522 conser-

1188 2549 1313 2575 vatores
1332 2542 1573 2585 privilegiorum
1598 2541 1813 2574 universitatis
1834 2552 1924 2584 prac-

1188 2596 1311 2634 dictae,
1343 2601 1374 2627 et
1405 2594 1597 2637 praesertim
1631 2596 1768 2627 decanus
1798 2605 1853 2627 seu
1879 2595 1924 2626 vi-

1187 2650 1367 2681 cedecanus
1394 2647 1549 2680 facultatis
1575 2647 1691 2679 artium
1722 2647 1920 2689 huiusmodi,
