2247 3208
155 190 205 219 An.
221 189 250 218 C.
272 187 340 217 1663

189 1788 333 1815 'transumptis

149 1816 219 1836 danda
236 1816 293 1836 tides.

946 183 1136 208 ,numanae
1158 185 1202 209 vu
1228 186 1275 209 ΡΙ).

354 234 581 275 conventibus,
608 233 754 276 collegiis
781 238 812 266 et
836 233 915 266 locis
935 232 1094 275 regulari-

1431 234 1559 270 CDXIX.

354 289 422 329 ΜΞ,
443 288 639 331 ῘῙῙΟΓΠΠῚΨῚΘ
656 286 878 331 superioribus
892 291 1092 330 0¹²I3‘31'30mS
1126 304 1278 338 Extensio
1301 307 1418 339 statuti
1443 307 1594 351 Gregorii
1617 309 1687 349 XV,
1708 315 1744 342 ut
1769 320 1864 343 cano-

356 341 561 385 quibuslibet,
588 341 685 374 etiam
711 341 794 373 circa
819 341 996 378 adiunctos,
1011 346 1043 372 et
1059 350 1092 372 a·

351 395 413 428 lias
446 394 557 438 quovis
590 395 708 435 modo,
744 395 800 427 sub
837 393 1089 437 quibuscumque

352 449 526 481 verborum
552 448 718 481 tenoribus
744 453 775 480 ct
800 446 930 485 formis,
958 456 994 478 ac
1018 456 1089 477 cum

354 503 519 546 quibusvis
545 501 827 545 derogatoriarum
863 499 1088 542 derogatoriis,

355 555 494 599 aliisque
520 554 771 593 efficacioribus,
802 551 1032 585 efficacissimis
1057 556 1089 584 et

353 607 492 641 insolitis
510 608 666 647 clausulis,
686 606 952 649 irritantibusque
971 611 1003 637 et
1019 604 1088 637 aliis

351 660 499 700 decretis,
516 661 547 692 in
562 670 680 703 genere
691 660 742 692 vel
759 659 789 691 in
805 659 924 702 specie,
939 669 975 690 ac
990 657 1087 690 etiam

350 713 628 752 consistorialiter,
655 717 709 745 aut
732 712 811 745 alias
839 711 1089 755 quomodolibet

349 765 381 797 in
407 765 604 798 contrarium
629 766 880 808 praemissorum
904 765 1084 804 concessis,

349 818 538 862 approbatis
559 824 591 851 et
614 818 785 859 innovatis;
806 818 921 862 quibus
938 818 1086 851 omnibus

349 877 381 904 et
405 872 560 915 singulis,
593 871 717 905 etiamsi
752 882 810 915 pro
840 872 969 905 illorum
1000 871 1086 903 suffi-

348 925 445 958 cienti
471 925 680 969 derogatione
707 926 745 959 dc
764 925 827 959 illis
844 937 1021 969 eorumque
1040 931 1087 959 to-

348 978 388 1010 tis
402 979 568 1012 tenoribus
585 979 745 1022 specialis,
762 978 918 1023 specifica,
935 986 1086 1022 expressa

349 1037 381 1064 et
404 1032 592 1073 individua,
618 1043 654 1065 ac
679 1034 718 1066 de
744 1033 842 1065 verbo
868 1033 906 1065 ad
931 1033 1083 1072 verbum,

347 1095 414 1118 non
439 1090 546 1118 autem
563 1097 624 1129 per
640 1087 798 1119 clausulas
814 1086 982 1128 generales
1000 1085 1085 1118 idem

347 1136 569 1180 importantes‚
587 1139 709 1172 mentio
733 1138 883 1171 habenda
908 1144 961 1171 aut
978 1138 1085 1181 aliqua

348 1191 409 1224 alia
444 1191 603 1234 exquisita
634 1192 735 1224 forma
768 1193 806 1224 ad
841 1192 903 1224 hoc
928 1192 1084 1225 servanda

347 1245 442 1283 soret,
468 1250 598 1277 tenores
616 1245 811 1283 huiusmodi,
831 1255 866 1278 ac
884 1245 910 1277 si
930 1246 968 1277 de
985 1245 1084 1278 verbo

347 1297 386 1330 ad
417 1297 572 1336 verbum,
604 1297 685 1330 nihil
717 1298 847 1341 penitus
880 1299 1020 1339 omisso,
1053 1304 1085 1331 et

347 1350 450 1383 forma
474 1350 506 1382 in
530 1350 595 1383 illis
628 1351 745 1384 tradita
771 1352 953 1391 observata,
980 1352 1085 1395 expri-

347 1409 511 1436 merentur
535 1409 567 1436 et
591 1403 831 1446 insererentur,
858 1406 1084 1448 praesentibus

346 1466 405 1499 pro
437 1457 533 1499 plene
567 1462 599 1489 et
630 1457 829 1491 sufficienter
866 1459 1027 1502 expressis
1054 1464 1085 1491 et

347 1509 475 1542 insertis
501 1510 676 1550 habentes,
698 1510 763 1544 illis
787 1511 865 1543 alias
890 1511 920 1543 in
947 1522 1003 1544 suo
1032 1522 1084 1544 ro-

346 1562 426 1595 bore
452 1564 679 1606 permansuris,
699 1565 737 1596 ad
764 1564 1014 1607 praemissorum
1041 1565 1085 1597 ef-

347 1615 483 1657 fectum,
511 1617 571 1649 hac
599 1617 667 1650 vice
701 1619 876 1658 dumtaxat,
902 1618 1084 1661 specialiter

348 1674 380 1702 et
403 1680 551 1713 expresse
577 1671 791 1713 derogamus,
810 1671 989 1715 ceterisque
1006 1683 1084 1705 con-

348 1723 452 1755 trariis
478 1723 744 1768 quibuscumque.

392 1777 406 1819 §
438 1776 469 1808 5.
502 1777 653 1810 Volumus
690 1783 799 1810 autem
830 1783 865 1810 ut
897 1779 1082 1811 earumdem

348 1829 570 1872 praesentium
587 1830 768 1862 litterarum
789 1831 1011 1874 transumptis,
1029 1843 1083 1864 seu

349 1882 512 1925 exemplis,
528 1883 623 1915 etiam
637 1883 817 1926 impressis,
834 1895 930 1916 manu
948 1884 1082 1917 alicuius

347 1935 466 1968 notarii
484 1936 605 1979 publici
627 1937 830 1981 subscriptis,
844 1943 875 1970 et
889 1938 996 1980 sigillo
1010 1949 1084 1981 per-

347 1999 449 2021 sonae
469 1988 501 2021 in
515 1990 737 2022 ecclesiastica
751 1990 908 2033 dignitate
926 1991 1084 2024 constitu-

348 2048 398 2074 tae
415 2042 556 2082 munitis,
576 2043 690 2076 eadem
711 2054 846 2086 prorsus
865 2044 945 2077 fides
962 2045 1082 2088 ubique

348 2095 506 2136 locorum,
533 2102 596 2129 tam
620 2096 652 2128 in
677 2096 796 2129 indicio
822 2103 854 2130 et
878 2102 967 2130 extra
992 2097 1082 2138 illud⁷

349 2148 552 2189 adhibeatur,
575 2160 656 2193 quae
682 2149 831 2193 ipsismet
854 2151 1082 2194 praesentibus

350 2202 575 2244 adhiberetur,
601 2203 627 2236 si
652 2204 760 2236 forent
784 2203 946 2237 exhibitae
972 2205 1023 2238 vel
1049 2215 1083 2238 0-

349 2259 492 2288 stensae.

391 2308 507 2341 Datum
532 2309 663 2351 Romae,
689 2311 776 2355 apud
805 2311 836 2345 S.
863 2311 995 2345 Mariam
1019 2312 1082 2346 Ma-

347 2361 472 2403 iorem,
499 2364 560 2396 sub
596 2365 718 2397 annulo
748 2365 944 2407 piscatoris,
981 2366 1032 2399 die
1058 2377 1082 2400 11

346 2413 485 2448 ianuarii
499 2426 652 2458 MDCLXIII,
664 2416 872 2461 pontificatus
897 2419 1001 2453 nostri
1027 2431 1083 2453 an-

346 2477 389 2502 no
414 2479 484 2504 VIII.

382 2530 441 2561 Dat.
457 2523 500 2561 die
515 2532 531 2560 2
546 2533 661 2562 ianuarii
680 2534 760 2570 1663,
778 2534 874 2571 pontif.
890 2543 960 2565 anno
975 2541 1030 2564 vlu.

1169 359 1296 392 m‘calus
1330 365 1358 392 el
1389 362 1591 403 praebendae
1614 365 1863 406 poenitentiarii

1169 412 1374 445 eeclesiarum
1405 415 1728 456 metropolitanarnm
1752 420 1780 450 el
1804 427 1860 449 ca-

1170 464 1370 497 thedralium
1405 467 1440 498 in
1476 467 1718 511 Hispaniarum
1752 471 1862 513 reyni's

1167 518 1533 559 consistentium,eliam
1559 521 1634 554 Sedt'
1658 523 1862 565 Apostolicae

1168 569 1246 611 (non
1272 575 1379 604 lamen
1403 574 1530 606 ratione
1554 575 1658 606 obitus
1676 575 1763 617 apud
1779 587 1862 608 eam-

1167 623 1251 665 dem>
1273 627 1443 666 reservati,
1469 628 1599 669 praevio
1624 638 1780 661 concursu
1802 640 1861 672 per

1167 667 1361 710 Ordmizrios
1392 683 1420 711 et
1452 681 1598 722 capitula
1633 686 1760 714 tantum
1795 683 1857 714 Ιια-

1166 730 1265 762 hendo
1289 732 1430 774 conferri
1449 731 1603 773 debeant,
1630 734 1671 766 acl
1694 735 1860 767 ecelesiam

1164 783 1420 823 Maioricensem,
1445 796 1526 828 qaae
1551 787 1754 829 infuturum
1779 799 1860 831 qau-

1164 836 1236 868 dere
1260 837 1380 878 qraliis
1402 849 1460 881 per
1485 839 1610 872 litteras
1635 840 1715 873 dicei
1742 841 1859 884 Greqo-

1164 889 1210 922 rii
1222 890 1253 922 X
1261 889 1389 933 Vsuper
1399 893 1589 934 praemissis
1606 897 1773 926 emanatas
1790 904 1859 927 eon-

1164 944 1256 975 cessis
1280 943 1494 977 declaretur&

1313 1025 1479 1052 Alexander
1501 1026 1579 1059 Papa
1599 1026 1661 1061 VII,

1244 1068 1280 1095 ad
1299 1072 1476 1102 perpetuam
1496 1070 1540 1096 rei
1561 1070 1741 1098 memoriam.

1164 1139 1224 1172 Pro
1239 1139 1407 1173 commissa
1420 1140 1514 1173 nobis
1529 1140 1697 1175 divinitus²
1711 1141 1855 1175 omnium

1119 1192 1328 1225 ecclesiarum
1353 1192 1569 1227 sollicitudine
1586 1194 1617 1227 in
1643 1194 1675 1228 id
1700 1195 1855 1238 peculiari

1119 1244 1223 1277 studio
1250 1244 1470 1287 incumbimus,
1488 1252 1523 1279 ut
1543 1247 1682 1290 ipsarum
1703 1248 1856 1281 ecclesia-

1119 1308 1187 1329 rum
1206 1298 1398 1341 praesertim
1425 1299 1660 1333 cathedralium
1685 1301 1853 1343 beneficia,

1119 1351 1233 1393 quibus
1264 1351 1324 1384 sori
1355 1353 1599 1395 poenitentialis
1630 1365 1706 1388 cura
1730 1366 1856 1388 annexa

1119 1410 1187 1445 est,
1212 1406 1364 1449 personis
1399 1407 1505 1449 dignis
1532 1413 1563 1440 et
1588 1408 1716 1441 idoneis
1747 1409 1856 1442 conse-

1118 1464 1239 1499 rantur,
1260 1469 1340 1502 quae
1358 1458 1536 1493 iniunctum
1555 1461 1614 1493 sibi
1634 1461 1855 1504 grav1ssi1num

1117 1522 1232 1544 munus
1258 1513 1297 1545 ad
1323 1512 1501 1546 animarum
1527 1515 1665 1547 salutem
1691 1516 1853 1548 fructuose

1117 1566 1246 1598 valeant
1270 1565 1461 1609 adimplere.

1161 1619 1175 1661 g
1197 1618 1227 1650 l.
1248 1619 1334 1651 Alias
1359 1619 1527 1662 siquidem,
1547 1621 1678 1654 nomine
1698 1621 1853 1654 carissimi

1118 1671 1149 1703 in
1174 1671 1302 1705 Christo
1327 1672 1383 1706 filii
1403 1674 1506 1706 nostri
1528 1674 1668 1719 Philippi
1686 1675 1853 1719 Hispania-

1118 1736 1187 1758 rum
1200 1726 1287 1769 regis
1306 1727 1457 1759 catholici
1475 1727 1568 1760 nobis
1588 1728 1746 1772 exposito,
1767 1730 1854 1773 quod

1116 1779 1242 1822 pridem
1258 1779 1357 1812 felicis
1370 1780 1606 1814 recordationis
1618 1782 1793 1825 Gregorius
1803 1783 1853 1815 XV

1117 1833 1350 1875 praedecessor
1373 1840 1500 1875 noster,
1527 1836 1565 1868 ad
1591 1836 1691 1879 ipsius
1710 1835 1853 1879 Philippi

1116 1886 1201 1928 regis
1226 1886 1418 1927 instantiam,
1444 1899 1503 1931 per
1529 1889 1685 1931 quasdam
1703 1900 1776 1921 suas
1794 1890 1852 1921 sul)

1117 1940 1264 1982 plumbo,
1301 1951 1385 1973 anno
1411 1941 1643 1974 Incarnationis
1669 1941 1851 1975 dominicae

1117 1992 1275 2031 Moenuss,
1290 1992 1397 2025 idibus
1411 1993 1606 2035 novembris,
1622 1994 1787 2038 expeditas
1803 1994 1853 2028 lit-

1117 2050 1203 2078 teras
1222 2051 1379 2079 statuerat
1392 2052 1424 2080 et
1440 2048 1652 2089 ordinaverat,
1671 2054 1705 2081 ut
1722 2059 1758 2081 ex
1779 2054 1852 2081 tunc

1117 2100 1281 2143 perpetuis
1306 2101 1422 2134 suturis
1448 2102 1650 2146 temporibus
1683 2112 1794 2135 omnes
1820 2107 1852 2135 et

1116 2153 1233 2195 singuli
1259 2154 1466 2187 canonicatus
1493 2160 1524 2188 et
1548 2155 1756 2198 praebendae
1773 2165 1851 2199 poc-

1116 2206 1294 2240 nitentiarii
1321 2218 1594 2252 quarumcumque
1628 2208 1852 2252 metropolita-

1116 2270 1229 2293 narum
1256 2265 1287 2294 et
1311 2261 1547 2294 cathedralium
1584 2262 1794 2295 ecclesiarum
1820 2262 1853 2295 in

1115 2313 1224 2356 regnis
1250 2313 1480 2358 Hispaniarum
1513 2319 1590 2348 tunc
1620 2320 1653 2348 et
1683 2326 1743 2359 pro
1775 2320 1853 2349 tem-

1151 2412 1161 2437 1
1181 2411 1218 2438 Ex
1233 2411 1341 2447 Regest.
1356 2411 1383 2439 in
1397 2412 1500 2440 Secret.
1517 2412 1595 2440 Brev.

1150 2456 1166 2483 2
1186 2456 1293 2484 Confer.
1311 2457 1402 2485 Const.
1418 2464 1502 2485 cccxc
1517 2466 1599 2494 supra
1614 2458 1727 2494 positam
1743 2466 1802 2494 pag.
1821 2458 1852 2484 12

1116 2504 1143 2529 et
1157 2509 1214 2536 seq.
1229 2504 1266 2536 (n.
1284 2502 1331 2536 τ.).

1151 2545 1167 2573 3
1186 2545 1252 2573 Male
1268 2545 1311 2573 hic
1327 2546 1408 2574 etiam
1422 2547 1492 2575 sicut
1509 2555 1591 2584 supra
1610 2547 1637 2575 in
1655 2546 1746 2576 Const.
1767 2553 1852 2575 cccxc

1117 2589 1159 2619 ed.
1174 2590 1256 2620 Main.
1272 2589 1337 2627 legit
1351 2592 1419 2620 1662
1433 2593 1469 2628 (R.
1489 2594 1537 2627 τ.).
1705 2602 1707 2604 ·

1768 181 1834 214 ’115
1879 190 1928 219 An.
1950 191 2063 220 c.1663

1898 1153 2039 1176 Prooemium.

1896 1631 2013 1658 Exposita).

1804 2615 1862 2651 ,⁵⁶¹³*;
1892 2644 1901 2652 ,-.
