<?xml version="1.0" encoding="UTF-8"?>
<!DOCTYPE html PUBLIC "-//W3C//DTD XHTML 1.0 Transitional//EN"
    "http://www.w3.org/TR/xhtml1/DTD/xhtml1-transitional.dtd">
<html xmlns="http://www.w3.org/1999/xhtml" xml:lang="en" lang="en">
 <head>
  <title>
</title>
<meta http-equiv="Content-Type" content="text/html;charset=utf-8" />
  <meta name='ocr-system' content='tesseract 3.04.00' />
  <meta name='ocr-capabilities' content='ocr_page ocr_carea ocr_par ocr_line ocrx_word'/>
</head>
<body>
  <div class='ocr_page' id='page_1' title='image "./bullarumdiplomat17cath_0808.png"; bbox 0 0 2247 3208; ppageno 0'>
   <div class='ocr_carea' id='block_1_1' title="bbox 205 251 500 288">
    <p class='ocr_par' dir='ltr' id='par_1_1' title="bbox 205 251 500 288">
     <span class='ocr_line' id='line_1_1' title="bbox 205 251 500 288; baseline -0.007 -2"><span class='ocrx_word' id='word_1_1' title='bbox 205 258 255 286; x_wconf 75' lang='lat' dir='ltr'>An.</span> <span class='ocrx_word' id='word_1_2' title='bbox 274 259 304 287; x_wconf 85' lang='lat' dir='ltr'>G.</span> <span class='ocrx_word' id='word_1_3' title='bbox 323 260 391 288; x_wconf 81' lang='grc'><strong>1668</strong></span> <span class='ocrx_word' id='word_1_4' title='bbox 436 251 500 285; x_wconf 79' lang='grc'>706</span> 
     </span>
    </p>
   </div>
   <div class='ocr_carea' id='block_1_2' title="bbox 310 1223 330 1239">
    <p class='ocr_par' dir='ltr' id='par_1_2' title="bbox 310 1223 330 1239">
     <span class='ocr_line' id='line_1_2' title="bbox 310 1223 330 1239; baseline 0 0"><span class='ocrx_word' id='word_1_5' title='bbox 310 1223 330 1239; x_wconf 65' lang='lat'>0</span> 
     </span>
    </p>
   </div>
   <div class='ocr_carea' id='block_1_3' title="bbox 193 1371 376 1420">
    <p class='ocr_par' dir='ltr' id='par_1_3' title="bbox 193 1371 376 1420">
     <span class='ocr_line' id='line_1_3' title="bbox 261 1371 376 1402; baseline 0 -9"><span class='ocrx_word' id='word_1_6' title='bbox 261 1371 376 1402; x_wconf 76' lang='lat' dir='ltr'>Dorogatio</span> 
     </span>
     <span class='ocr_line' id='line_1_4' title="bbox 193 1401 340 1420; baseline 0 0"><span class='ocrx_word' id='word_1_7' title='bbox 193 1401 340 1420; x_wconf 73' lang='lat' dir='ltr'>coti-ariorum.</span> 
     </span>
    </p>
   </div>
   <div class='ocr_carea' id='block_1_4' title="bbox 983 258 1338 282">
    <p class='ocr_par' dir='ltr' id='par_1_4' title="bbox 983 258 1338 282">
     <span class='ocr_line' id='line_1_5' title="bbox 983 258 1338 282; baseline 0 0"><span class='ocrx_word' id='word_1_8' title='bbox 983 258 1163 282; x_wconf 62' lang='lat' dir='ltr'>m’LLARIL&#39;M</span> <span class='ocrx_word' id='word_1_9' title='bbox 1188 258 1338 282; x_wconf 59' lang='lat' dir='ltr'><strong>ROMANL&#39;M</strong></span> 
     </span>
    </p>
   </div>
   <div class='ocr_carea' id='block_1_5' title="bbox 398 306 1912 352">
    <p class='ocr_par' dir='ltr' id='par_1_5' title="bbox 398 306 1912 352">
     <span class='ocr_line' id='line_1_6' title="bbox 398 306 1912 352; baseline 0 -10"><span class='ocrx_word' id='word_1_10' title='bbox 398 309 570 352; x_wconf 69' lang='lat' dir='ltr'>dignitates</span> <span class='ocrx_word' id='word_1_11' title='bbox 597 306 774 340; x_wconf 78' lang='lat' dir='ltr'>abbatialcs</span> <span class='ocrx_word' id='word_1_12' title='bbox 800 317 835 339; x_wconf 86' lang='lat' dir='ltr'>ac</span> <span class='ocrx_word' id='word_1_13' title='bbox 865 306 1025 349; x_wconf 76' lang='lat' dir='ltr'>regimina</span> <span class='ocrx_word' id='word_1_14' title='bbox 1055 316 1134 349; x_wconf 86' lang='lat' dir='ltr'>quo·</span> <span class='ocrx_word' id='word_1_15' title='bbox 1178 306 1303 348; x_wconf 86' lang='lat' dir='ltr'>augusti</span> <span class='ocrx_word' id='word_1_16' title='bbox 1346 316 1531 351; x_wconf 65' lang='grc'><strong>110011111111,</strong></span> <span class='ocrx_word' id='word_1_17' title='bbox 1565 309 1772 351; x_wconf 74' lang='lat' dir='ltr'>pontificatus</span> <span class='ocrx_word' id='word_1_18' title='bbox 1808 310 1912 342; x_wconf 78' lang='lat' dir='ltr'>nostri</span> 
     </span>
    </p>
   </div>
   <div class='ocr_carea' id='block_1_6' title="bbox 397 358 1133 456">
    <p class='ocr_par' dir='ltr' id='par_1_6' title="bbox 397 358 1133 456">
     <span class='ocr_line' id='line_1_7' title="bbox 397 358 1133 403; baseline -0.005 -9"><span class='ocrx_word' id='word_1_19' title='bbox 397 371 608 403; x_wconf 85' lang='lat' dir='ltr'>rumcumque</span> <span class='ocrx_word' id='word_1_20' title='bbox 644 359 915 392; x_wconf 76' lang='lat' dir='ltr'>monasteriorum</span> <span class='ocrx_word' id='word_1_21' title='bbox 948 358 1043 391; x_wconf 84' lang='lat' dir='ltr'>etiam</span> <span class='ocrx_word' id='word_1_22' title='bbox 1075 368 1133 401; x_wconf 89' lang='lat' dir='ltr'>per</span> 
     </span>
     <span class='ocr_line' id='line_1_8' title="bbox 397 411 1131 456; baseline -0.003 -11"><span class='ocrx_word' id='word_1_23' title='bbox 397 413 521 456; x_wconf 77' lang='lat' dir='ltr'>priores</span> <span class='ocrx_word' id='word_1_24' title='bbox 547 417 578 445; x_wconf 85' lang='lat' dir='ltr'>et</span> <span class='ocrx_word' id='word_1_25' title='bbox 601 412 806 455; x_wconf 84' lang='lat' dir='ltr'>praepositos</span> <span class='ocrx_word' id='word_1_26' title='bbox 820 411 887 454; x_wconf 76' lang='lat' dir='ltr'>regi</span> <span class='ocrx_word' id='word_1_27' title='bbox 910 416 941 443; x_wconf 85' lang='lat' dir='ltr'>et</span> <span class='ocrx_word' id='word_1_28' title='bbox 958 411 1131 454; x_wconf 81' lang='lat' dir='ltr'>gubernari</span> 
     </span>
    </p>
   </div>
   <div class='ocr_carea' id='block_1_7' title="bbox 396 464 1148 508">
    <p class='ocr_par' dir='ltr' id='par_1_7' title="bbox 396 464 1148 508">
     <span class='ocr_line' id='line_1_9' title="bbox 396 464 1148 508; baseline -0.003 -9"><span class='ocrx_word' id='word_1_29' title='bbox 396 466 709 506; x_wconf 82' lang='lat' dir='ltr'>solitorum,necnon</span> <span class='ocrx_word' id='word_1_30' title='bbox 725 475 944 508; x_wconf 84' lang='lat' dir='ltr'>quoscumque</span> <span class='ocrx_word' id='word_1_31' title='bbox 955 464 1129 508; x_wconf 75' lang='lat' dir='ltr'>prioratus,</span> <span class='ocrx_word' id='word_1_32' title='bbox 1146 500 1148 502; x_wconf 47' lang='grc'><strong>,</strong></span> 
     </span>
    </p>
   </div>
   <div class='ocr_carea' id='block_1_8' title="bbox 393 517 1132 826">
    <p class='ocr_par' dir='ltr' id='par_1_8' title="bbox 393 517 1132 826">
     <span class='ocr_line' id='line_1_10' title="bbox 394 517 1132 561; baseline 0 -11"><span class='ocrx_word' id='word_1_33' title='bbox 394 518 635 561; x_wconf 81' lang='lat' dir='ltr'>praeposituras</span> <span class='ocrx_word' id='word_1_34' title='bbox 656 522 711 550; x_wconf 84' lang='lat' dir='ltr'>aut</span> <span class='ocrx_word' id='word_1_35' title='bbox 735 517 971 561; x_wconf 83' lang='lat' dir='ltr'>praepositatus</span> <span class='ocrx_word' id='word_1_36' title='bbox 997 527 1132 550; x_wconf 86' lang='lat' dir='ltr'>conven-</span> 
     </span>
     <span class='ocr_line' id='line_1_11' title="bbox 395 570 1129 614; baseline 0 -11"><span class='ocrx_word' id='word_1_37' title='bbox 395 576 463 604; x_wconf 87' lang='lat' dir='ltr'>tum</span> <span class='ocrx_word' id='word_1_38' title='bbox 488 572 665 611; x_wconf 80' lang='lat' dir='ltr'>habentes,</span> <span class='ocrx_word' id='word_1_39' title='bbox 694 571 725 603; x_wconf 91' lang='lat' dir='ltr'>in</span> <span class='ocrx_word' id='word_1_40' title='bbox 747 571 952 611; x_wconf 43' lang='lat' dir='ltr'>*civitatibuffi</span> <span class='ocrx_word' id='word_1_41' title='bbox 978 570 1129 614; x_wconf 78' lang='lat' dir='ltr'>oppidis,</span> 
     </span>
     <span class='ocr_line' id='line_1_12' title="bbox 395 624 1129 667; baseline 0 -11"><span class='ocrx_word' id='word_1_42' title='bbox 395 624 532 664; x_wconf 79' lang='lat' dir='ltr'>arcibus,</span> <span class='ocrx_word' id='word_1_43' title='bbox 558 624 759 667; x_wconf 75' lang='lat' dir='ltr'>regionibus,</span> <span class='ocrx_word' id='word_1_44' title='bbox 783 624 983 657; x_wconf 82' lang='lat' dir='ltr'>districtibus</span> <span class='ocrx_word' id='word_1_45' title='bbox 1000 630 1031 656; x_wconf 85' lang='lat' dir='ltr'>et</span> <span class='ocrx_word' id='word_1_46' title='bbox 1048 624 1129 656; x_wconf 88' lang='lat' dir='ltr'>locis</span> 
     </span>
     <span class='ocr_line' id='line_1_13' title="bbox 393 677 1131 720; baseline 0 -11"><span class='ocrx_word' id='word_1_47' title='bbox 393 677 450 709; x_wconf 89' lang='lat' dir='ltr'>tibi</span> <span class='ocrx_word' id='word_1_48' title='bbox 477 688 493 710; x_wconf 91' lang='lat' dir='ltr'>a</span> <span class='ocrx_word' id='word_1_49' title='bbox 518 682 696 710; x_wconf 86' lang='lat' dir='ltr'>memorato</span> <span class='ocrx_word' id='word_1_50' title='bbox 717 677 832 710; x_wconf 83' lang='lat' dir='ltr'>Carolo</span> <span class='ocrx_word' id='word_1_51' title='bbox 858 687 933 720; x_wconf 80' lang='lat' dir='ltr'>rege</span> <span class='ocrx_word' id='word_1_52' title='bbox 958 687 1017 720; x_wconf 86' lang='lat' dir='ltr'>per</span> <span class='ocrx_word' id='word_1_53' title='bbox 1040 687 1131 720; x_wconf 85' lang='lat' dir='ltr'>prae-</span> 
     </span>
     <span class='ocr_line' id='line_1_14' title="bbox 394 730 1130 773; baseline 0 -12"><span class='ocrx_word' id='word_1_54' title='bbox 394 730 512 762; x_wconf 89' lang='lat' dir='ltr'>dictum</span> <span class='ocrx_word' id='word_1_55' title='bbox 540 735 709 762; x_wconf 87' lang='lat' dir='ltr'>tractatum</span> <span class='ocrx_word' id='word_1_56' title='bbox 736 730 822 773; x_wconf 87' lang='lat' dir='ltr'>pacis</span> <span class='ocrx_word' id='word_1_57' title='bbox 848 730 945 762; x_wconf 86' lang='lat' dir='ltr'>cessis</span> <span class='ocrx_word' id='word_1_58' title='bbox 964 735 1130 762; x_wconf 89' lang='lat' dir='ltr'>etrenun-</span> 
     </span>
     <span class='ocr_line' id='line_1_15' title="bbox 393 782 1130 826; baseline -0.001 -11"><span class='ocrx_word' id='word_1_59' title='bbox 393 782 492 823; x_wconf 82' lang='lat' dir='ltr'>ciatis,</span> <span class='ocrx_word' id='word_1_60' title='bbox 512 788 543 815; x_wconf 91' lang='lat' dir='ltr'>et</span> <span class='ocrx_word' id='word_1_61' title='bbox 559 793 640 826; x_wconf 84' lang='lat' dir='ltr'>quae</span> <span class='ocrx_word' id='word_1_62' title='bbox 664 783 701 816; x_wconf 88' lang='lat' dir='ltr'>de</span> <span class='ocrx_word' id='word_1_63' title='bbox 722 783 883 825; x_wconf 74' lang='lat' dir='ltr'>praesenti</span> <span class='ocrx_word' id='word_1_64' title='bbox 910 783 1070 826; x_wconf 78' lang='lat' dir='ltr'>possides,</span> <span class='ocrx_word' id='word_1_65' title='bbox 1098 788 1130 816; x_wconf 89' lang='lat' dir='ltr'>et</span> 
     </span>
    </p>
   </div>
   <div class='ocr_carea' id='block_1_9' title="bbox 392 836 1131 879">
    <p class='ocr_par' dir='ltr' id='par_1_9' title="bbox 392 836 1131 879">
     <span class='ocr_line' id='line_1_16' title="bbox 392 836 1131 879; baseline 0 -11"><span class='ocrx_word' id='word_1_66' title='bbox 392 836 424 868; x_wconf 88' lang='lat' dir='ltr'>in</span> <span class='ocrx_word' id='word_1_67' title='bbox 450 836 591 868; x_wconf 87' lang='lat' dir='ltr'>futurum</span> <span class='ocrx_word' id='word_1_68' title='bbox 616 836 726 879; x_wconf 71' lang='lat' dir='ltr'>vigore</span> <span class='ocrx_word' id='word_1_69' title='bbox 748 841 898 870; x_wconf 71' lang='lat' dir='ltr'>tractatus</span> <span class='ocrx_word' id='word_1_70' title='bbox 917 837 1003 879; x_wconf 84' lang='lat' dir='ltr'>pacis</span> <span class='ocrx_word' id='word_1_71' title='bbox 1020 837 1131 868; x_wconf 90' lang='lat' dir='ltr'>huius-</span> 
     </span>
    </p>
   </div>
   <div class='ocr_carea' id='block_1_10' title="bbox 383 889 1129 2679">
    <p class='ocr_par' dir='ltr' id='par_1_10' title="bbox 388 889 1129 1356">
     <span class='ocr_line' id='line_1_17' title="bbox 391 889 1129 933; baseline 0 -12"><span class='ocrx_word' id='word_1_72' title='bbox 391 889 479 922; x_wconf 86' lang='lat' dir='ltr'>modi</span> <span class='ocrx_word' id='word_1_73' title='bbox 498 890 529 921; x_wconf 91' lang='lat' dir='ltr'>in</span> <span class='ocrx_word' id='word_1_74' title='bbox 550 889 661 932; x_wconf 76' lang='lat' dir='ltr'>Belgio</span> <span class='ocrx_word' id='word_1_75' title='bbox 684 889 816 933; x_wconf 78' lang='lat' dir='ltr'>pacifice</span> <span class='ocrx_word' id='word_1_76' title='bbox 834 889 1021 933; x_wconf 81' lang='lat' dir='ltr'>possidebis,</span> <span class='ocrx_word' id='word_1_77' title='bbox 1039 890 1129 922; x_wconf 88' lang='lat' dir='ltr'>dum-</span> 
     </span>
     <span class='ocr_line' id='line_1_18' title="bbox 392 943 1129 983; baseline 0.001 -9"><span class='ocrx_word' id='word_1_78' title='bbox 392 947 487 983; x_wconf 66' lang='lat' dir='ltr'>taxat,</span> <span class='ocrx_word' id='word_1_79' title='bbox 515 943 729 975; x_wconf 63' lang='lat' dir='ltr'>consistentes</span> <span class='ocrx_word' id='word_1_80' title='bbox 756 948 787 975; x_wconf 84' lang='lat' dir='ltr'>et</span> <span class='ocrx_word' id='word_1_81' title='bbox 811 943 1038 981; x_wconf 74' lang='lat' dir='ltr'>consistentia,</span> <span class='ocrx_word' id='word_1_82' title='bbox 1064 953 1129 975; x_wconf 85' lang='lat' dir='ltr'>ser-</span> 
     </span>
     <span class='ocr_line' id='line_1_19' title="bbox 390 995 1127 1038; baseline 0 -12"><span class='ocrx_word' id='word_1_83' title='bbox 390 997 459 1027; x_wconf 79' lang='lat' dir='ltr'>vata</span> <span class='ocrx_word' id='word_1_84' title='bbox 495 999 600 1027; x_wconf 86' lang='lat' dir='ltr'>tamen</span> <span class='ocrx_word' id='word_1_85' title='bbox 639 995 670 1027; x_wconf 90' lang='lat' dir='ltr'>in</span> <span class='ocrx_word' id='word_1_86' title='bbox 702 995 836 1038; x_wconf 79' lang='lat' dir='ltr'>reliquis</span> <span class='ocrx_word' id='word_1_87' title='bbox 869 995 1127 1038; x_wconf 82' lang='lat' dir='ltr'>supradictarum</span> 
     </span>
     <span class='ocr_line' id='line_1_20' title="bbox 391 1048 1126 1092; baseline -0.001 -11"><span class='ocrx_word' id='word_1_88' title='bbox 391 1049 570 1081; x_wconf 85' lang='lat' dir='ltr'>litterarum</span> <span class='ocrx_word' id='word_1_89' title='bbox 596 1049 695 1081; x_wconf 79' lang='lat' dir='ltr'>forma</span> <span class='ocrx_word' id='word_1_90' title='bbox 711 1054 742 1081; x_wconf 87' lang='lat' dir='ltr'>et</span> <span class='ocrx_word' id='word_1_91' title='bbox 759 1048 981 1092; x_wconf 70' lang='lat' dir='ltr'>dispositione,</span> <span class='ocrx_word' id='word_1_92' title='bbox 1001 1059 1036 1081; x_wconf 86' lang='lat' dir='ltr'>ac</span> <span class='ocrx_word' id='word_1_93' title='bbox 1055 1058 1126 1080; x_wconf 89' lang='lat' dir='ltr'>cum</span> 
     </span>
     <span class='ocr_line' id='line_1_21' title="bbox 390 1101 1125 1143; baseline -0.001 -9"><span class='ocrx_word' id='word_1_94' title='bbox 390 1101 542 1134; x_wconf 87' lang='lat' dir='ltr'>omnibus</span> <span class='ocrx_word' id='word_1_95' title='bbox 570 1106 601 1133; x_wconf 86' lang='lat' dir='ltr'>et</span> <span class='ocrx_word' id='word_1_96' title='bbox 625 1101 762 1143; x_wconf 79' lang='lat' dir='ltr'>singulis</span> <span class='ocrx_word' id='word_1_97' title='bbox 788 1102 953 1141; x_wconf 70' lang='lat' dir='ltr'>clausulis,</span> <span class='ocrx_word' id='word_1_98' title='bbox 975 1102 1125 1142; x_wconf 84' lang='lat' dir='ltr'>decretis,</span> 
     </span>
     <span class='ocr_line' id='line_1_22' title="bbox 390 1153 1127 1187; baseline 0 -2"><span class='ocrx_word' id='word_1_99' title='bbox 390 1154 663 1187; x_wconf 78' lang='lat' dir='ltr'>declarationibus</span> <span class='ocrx_word' id='word_1_100' title='bbox 690 1160 721 1186; x_wconf 83' lang='lat' dir='ltr'>et</span> <span class='ocrx_word' id='word_1_101' title='bbox 738 1153 872 1186; x_wconf 88' lang='lat' dir='ltr'>indultis</span> <span class='ocrx_word' id='word_1_102' title='bbox 891 1154 923 1186; x_wconf 90' lang='lat' dir='ltr'>in</span> <span class='ocrx_word' id='word_1_103' title='bbox 942 1154 1062 1186; x_wconf 83' lang='lat' dir='ltr'>eisdem</span> <span class='ocrx_word' id='word_1_104' title='bbox 1080 1154 1127 1186; x_wconf 90' lang='lat' dir='ltr'>lit-</span> 
     </span>
     <span class='ocr_line' id='line_1_23' title="bbox 389 1206 1123 1250; baseline 0.003 -13"><span class='ocrx_word' id='word_1_105' title='bbox 389 1206 466 1239; x_wconf 80' lang='lat' dir='ltr'>teris</span> <span class='ocrx_word' id='word_1_106' title='bbox 491 1207 737 1250; x_wconf 63' lang='lat' dir='ltr'>quomodolibet</span> <span class='ocrx_word' id='word_1_107' title='bbox 762 1207 924 1239; x_wconf 84' lang='lat' dir='ltr'>contentis</span> <span class='ocrx_word' id='word_1_108' title='bbox 942 1212 973 1239; x_wconf 84' lang='lat' dir='ltr'>et</span> <span class='ocrx_word' id='word_1_109' title='bbox 989 1217 1123 1250; x_wconf 60' lang='lat' dir='ltr'>expres-</span> 
     </span>
     <span class='ocr_line' id='line_1_24' title="bbox 389 1259 1126 1303; baseline 0.003 -12"><span class='ocrx_word' id='word_1_110' title='bbox 389 1259 441 1296; x_wconf 78' lang='lat' dir='ltr'>sis,</span> <span class='ocrx_word' id='word_1_111' title='bbox 469 1260 580 1292; x_wconf 78' lang='lat' dir='ltr'>eadem</span> <span class='ocrx_word' id='word_1_112' title='bbox 606 1261 807 1297; x_wconf 60' lang='lat' dir='ltr'>auctoritate,</span> <span class='ocrx_word' id='word_1_113' title='bbox 836 1265 948 1293; x_wconf 88' lang='lat' dir='ltr'>tenore</span> <span class='ocrx_word' id='word_1_114' title='bbox 974 1271 1126 1303; x_wconf 83' lang='lat' dir='ltr'>praescn-</span> 
     </span>
     <span class='ocr_line' id='line_1_25' title="bbox 388 1313 990 1356; baseline 0.003 -12"><span class='ocrx_word' id='word_1_115' title='bbox 388 1313 477 1350; x_wconf 80' lang='grc'><strong>1111111,</strong></span> <span class='ocrx_word' id='word_1_116' title='bbox 506 1313 706 1345; x_wconf 71' lang='lat' dir='ltr'>extendinms</span> <span class='ocrx_word' id='word_1_117' title='bbox 734 1318 761 1345; x_wconf 81' lang='lat' dir='ltr'>et</span> <span class='ocrx_word' id='word_1_118' title='bbox 787 1314 990 1356; x_wconf 83' lang='lat' dir='ltr'>ampliamus.</span> 
     </span>
    </p>

    <p class='ocr_par' dir='ltr' id='par_1_11' title="bbox 383 1365 1126 2577">
     <span class='ocr_line' id='line_1_26' title="bbox 431 1365 1125 1410; baseline 0.001 -12"><span class='ocrx_word' id='word_1_119' title='bbox 431 1366 446 1408; x_wconf 61' lang='grc' dir='ltr'>ἓ</span> <span class='ocrx_word' id='word_1_120' title='bbox 470 1366 501 1398; x_wconf 79' lang='grc'>1.</span> <span class='ocrx_word' id='word_1_121' title='bbox 529 1365 598 1398; x_wconf 82' lang='lat' dir='ltr'>Non</span> <span class='ocrx_word' id='word_1_122' title='bbox 631 1366 834 1398; x_wconf 79' lang='lat' dir='ltr'>obstantibus</span> <span class='ocrx_word' id='word_1_123' title='bbox 869 1367 1125 1410; x_wconf 84' lang='lat' dir='ltr'>quibuscumque</span> 
     </span>
     <span class='ocr_line' id='line_1_27' title="bbox 388 1419 1126 1463; baseline 0 -12"><span class='ocrx_word' id='word_1_124' title='bbox 388 1419 675 1451; x_wconf 70' lang='lat' dir='ltr'>constitutioniltius</span> <span class='ocrx_word' id='word_1_125' title='bbox 707 1424 738 1451; x_wconf 86' lang='lat' dir='ltr'>et</span> <span class='ocrx_word' id='word_1_126' title='bbox 767 1419 1024 1452; x_wconf 81' lang='lat' dir='ltr'>ordinationibus</span> <span class='ocrx_word' id='word_1_127' title='bbox 1049 1421 1126 1463; x_wconf 76' lang='lat' dir='ltr'>apo-</span> 
     </span>
     <span class='ocr_line' id='line_1_28' title="bbox 387 1472 1125 1516; baseline 0.003 -12"><span class='ocrx_word' id='word_1_128' title='bbox 387 1472 516 1511; x_wconf 83' lang='lat' dir='ltr'>stolicis,</span> <span class='ocrx_word' id='word_1_129' title='bbox 536 1482 571 1504; x_wconf 88' lang='lat' dir='ltr'>ac.</span> <span class='ocrx_word' id='word_1_130' title='bbox 589 1472 791 1514; x_wconf 70' lang='lat' dir='ltr'>singulorum</span> <span class='ocrx_word' id='word_1_131' title='bbox 812 1473 1019 1515; x_wconf 81' lang='lat' dir='ltr'>prioratuum,</span> <span class='ocrx_word' id='word_1_132' title='bbox 1037 1484 1125 1516; x_wconf 87' lang='lat' dir='ltr'>prae-</span> 
     </span>
     <span class='ocr_line' id='line_1_29' title="bbox 386 1526 1125 1569; baseline 0.001 -11"><span class='ocrx_word' id='word_1_133' title='bbox 386 1526 602 1569; x_wconf 83' lang='lat' dir='ltr'>positurarum</span> <span class='ocrx_word' id='word_1_134' title='bbox 630 1531 662 1558; x_wconf 82' lang='lat' dir='ltr'>ct</span> <span class='ocrx_word' id='word_1_135' title='bbox 686 1526 963 1569; x_wconf 80' lang='lat' dir='ltr'>praepositatuum</span> <span class='ocrx_word' id='word_1_136' title='bbox 996 1527 1125 1569; x_wconf 80' lang='lat' dir='ltr'>praedi-</span> 
     </span>
     <span class='ocr_line' id='line_1_30' title="bbox 387 1578 1123 1622; baseline 0.001 -11"><span class='ocrx_word' id='word_1_137' title='bbox 387 1584 519 1619; x_wconf 86' lang='lat' dir='ltr'>ctorum,</span> <span class='ocrx_word' id='word_1_138' title='bbox 535 1589 571 1611; x_wconf 81' lang='lat' dir='ltr'>ac</span> <span class='ocrx_word' id='word_1_139' title='bbox 585 1578 738 1611; x_wconf 87' lang='lat' dir='ltr'>Ordinum</span> <span class='ocrx_word' id='word_1_140' title='bbox 755 1589 889 1622; x_wconf 86' lang='lat' dir='ltr'>quorum</span> <span class='ocrx_word' id='word_1_141' title='bbox 904 1579 957 1612; x_wconf 81' lang='lat' dir='ltr'>illa</span> <span class='ocrx_word' id='word_1_142' title='bbox 973 1585 1054 1619; x_wconf 85' lang='lat' dir='ltr'>sunt,</span> <span class='ocrx_word' id='word_1_143' title='bbox 1070 1590 1123 1612; x_wconf 86' lang='lat' dir='ltr'>seu</span> 
     </span>
     <span class='ocr_line' id='line_1_31' title="bbox 387 1631 1123 1675; baseline 0.001 -12"><span class='ocrx_word' id='word_1_144' title='bbox 387 1642 403 1663; x_wconf 87' lang='lat' dir='ltr'>a</span> <span class='ocrx_word' id='word_1_145' title='bbox 429 1631 545 1674; x_wconf 85' lang='lat' dir='ltr'>quibus</span> <span class='ocrx_word' id='word_1_146' title='bbox 570 1632 774 1675; x_wconf 85' lang='lat' dir='ltr'>dependent,</span> <span class='ocrx_word' id='word_1_147' title='bbox 802 1632 897 1664; x_wconf 87' lang='lat' dir='ltr'>etiam</span> <span class='ocrx_word' id='word_1_148' title='bbox 923 1633 1123 1673; x_wconf 84' lang='lat' dir='ltr'>iuramento,</span> 
     </span>
     <span class='ocr_line' id='line_1_32' title="bbox 386 1684 1124 1728; baseline 0.003 -13"><span class='ocrx_word' id='word_1_149' title='bbox 386 1684 624 1718; x_wconf 72' lang='lat' dir='ltr'>confirmatione</span> <span class='ocrx_word' id='word_1_150' title='bbox 658 1686 842 1728; x_wconf 80' lang='lat' dir='ltr'>apostolica,</span> <span class='ocrx_word' id='word_1_151' title='bbox 862 1686 910 1717; x_wconf 87' lang='lat' dir='ltr'>vel</span> <span class='ocrx_word' id='word_1_152' title='bbox 940 1685 1048 1728; x_wconf 85' lang='lat' dir='ltr'>quavis</span> <span class='ocrx_word' id='word_1_153' title='bbox 1070 1685 1124 1718; x_wconf 86' lang='lat' dir='ltr'>fir-</span> 
     </span>
     <span class='ocr_line' id='line_1_33' title="bbox 384 1738 1125 1777; baseline 0.001 -7"><span class='ocrx_word' id='word_1_154' title='bbox 384 1738 492 1770; x_wconf 85' lang='lat' dir='ltr'>mitate</span> <span class='ocrx_word' id='word_1_155' title='bbox 512 1738 572 1770; x_wconf 78' lang='lat' dir='ltr'>alia</span> <span class='ocrx_word' id='word_1_156' title='bbox 592 1738 760 1777; x_wconf 78' lang='lat' dir='ltr'>roboratis,</span> <span class='ocrx_word' id='word_1_157' title='bbox 783 1738 906 1771; x_wconf 84' lang='lat' dir='ltr'>statutis</span> <span class='ocrx_word' id='word_1_158' title='bbox 933 1744 963 1771; x_wconf 87' lang='lat' dir='ltr'>et.</span> <span class='ocrx_word' id='word_1_159' title='bbox 993 1749 1125 1772; x_wconf 86' lang='lat' dir='ltr'>consue-</span> 
     </span>
     <span class='ocr_line' id='line_1_34' title="bbox 386 1791 1123 1834; baseline 0.003 -12"><span class='ocrx_word' id='word_1_160' title='bbox 386 1791 559 1830; x_wconf 85' lang='lat' dir='ltr'>tudinibus,</span> <span class='ocrx_word' id='word_1_161' title='bbox 587 1791 763 1833; x_wconf 68' lang='lat' dir='ltr'>privilegiis</span> <span class='ocrx_word' id='word_1_162' title='bbox 782 1802 919 1834; x_wconf 82' lang='lat' dir='ltr'>quoque,</span> <span class='ocrx_word' id='word_1_163' title='bbox 937 1791 1069 1823; x_wconf 85' lang='lat' dir='ltr'>indultis</span> <span class='ocrx_word' id='word_1_164' title='bbox 1094 1797 1123 1824; x_wconf 80' lang='lat' dir='ltr'>et</span> 
     </span>
     <span class='ocr_line' id='line_1_35' title="bbox 385 1843 1124 1887; baseline 0.001 -11"><span class='ocrx_word' id='word_1_165' title='bbox 385 1843 500 1876; x_wconf 84' lang='lat' dir='ltr'>litteris</span> <span class='ocrx_word' id='word_1_166' title='bbox 518 1844 710 1886; x_wconf 81' lang='lat' dir='ltr'>apostolicis,</span> <span class='ocrx_word' id='word_1_167' title='bbox 729 1845 788 1876; x_wconf 88' lang='lat' dir='ltr'>sub</span> <span class='ocrx_word' id='word_1_168' title='bbox 803 1844 1060 1887; x_wconf 83' lang='lat' dir='ltr'>quibuscumque</span> <span class='ocrx_word' id='word_1_169' title='bbox 1082 1850 1124 1877; x_wconf 87' lang='lat' dir='ltr'>te-</span> 
     </span>
     <span class='ocr_line' id='line_1_36' title="bbox 384 1895 1123 1940; baseline 0.004 -13"><span class='ocrx_word' id='word_1_170' title='bbox 384 1895 529 1928; x_wconf 84' lang='lat' dir='ltr'>noribus&#39;</span> <span class='ocrx_word' id='word_1_171' title='bbox 551 1902 579 1929; x_wconf 84' lang='lat' dir='ltr'>et</span> <span class='ocrx_word' id='word_1_172' title='bbox 616 1897 750 1937; x_wconf 84' lang='lat' dir='ltr'>formis,</span> <span class='ocrx_word' id='word_1_173' title='bbox 784 1907 820 1929; x_wconf 85' lang='lat' dir='ltr'>ac</span> <span class='ocrx_word' id='word_1_174' title='bbox 853 1908 925 1930; x_wconf 90' lang='lat' dir='ltr'>cum</span> <span class='ocrx_word' id='word_1_175' title='bbox 959 1897 1123 1940; x_wconf 68' lang='lat' dir='ltr'>quibusvis</span> 
     </span>
     <span class='ocr_line' id='line_1_37' title="bbox 385 1949 1123 1993; baseline 0.005 -13"><span class='ocrx_word' id='word_1_176' title='bbox 385 1949 540 1981; x_wconf 77' lang='lat' dir='ltr'>clausulis</span> <span class='ocrx_word' id='word_1_177' title='bbox 569 1954 599 1981; x_wconf 88' lang='lat' dir='ltr'>ct</span> <span class='ocrx_word' id='word_1_178' title='bbox 635 1950 784 1990; x_wconf 77' lang='lat' dir='ltr'>decretis,</span> <span class='ocrx_word' id='word_1_179' title='bbox 812 1950 843 1982; x_wconf 89' lang='lat' dir='ltr'>in</span> <span class='ocrx_word' id='word_1_180' title='bbox 870 1961 987 1993; x_wconf 76' lang='lat' dir='ltr'>genere</span> <span class='ocrx_word' id='word_1_181' title='bbox 1014 1952 1062 1984; x_wconf 86' lang='lat' dir='ltr'>vel</span> <span class='ocrx_word' id='word_1_182' title='bbox 1090 1951 1123 1984; x_wconf 88' lang='lat' dir='ltr'>in</span> 
     </span>
     <span class='ocr_line' id='line_1_38' title="bbox 385 2001 1123 2046; baseline 0.005 -14"><span class='ocrx_word' id='word_1_183' title='bbox 385 2001 505 2043; x_wconf 84' lang='lat' dir='ltr'>specie,</span> <span class='ocrx_word' id='word_1_184' title='bbox 523 2012 559 2033; x_wconf 83' lang='lat' dir='ltr'>ac</span> <span class='ocrx_word' id='word_1_185' title='bbox 584 2002 662 2034; x_wconf 71' lang='lat' dir='ltr'>alias</span> <span class='ocrx_word' id='word_1_186' title='bbox 689 2002 720 2034; x_wconf 90' lang='lat' dir='ltr'>in</span> <span class='ocrx_word' id='word_1_187' title='bbox 739 2003 933 2035; x_wconf 87' lang='lat' dir='ltr'>contrarium</span> <span class='ocrx_word' id='word_1_188' title='bbox 952 2004 1123 2046; x_wconf 81' lang='lat' dir='ltr'>quomodo·</span> 
     </span>
     <span class='ocr_line' id='line_1_39' title="bbox 384 2054 1120 2098; baseline 0.005 -13"><span class='ocrx_word' id='word_1_189' title='bbox 384 2054 464 2086; x_wconf 81' lang='lat' dir='ltr'>libet</span> <span class='ocrx_word' id='word_1_190' title='bbox 488 2055 656 2093; x_wconf 73' lang='lat' dir='ltr'>concessis,</span> <span class='ocrx_word' id='word_1_191' title='bbox 674 2055 862 2098; x_wconf 84' lang='lat' dir='ltr'>approbatis</span> <span class='ocrx_word' id='word_1_192' title='bbox 887 2060 918 2088; x_wconf 81' lang='lat' dir='ltr'>ct</span> <span class='ocrx_word' id='word_1_193' title='bbox 942 2057 1120 2097; x_wconf 77' lang='lat' dir='ltr'>innovatis;</span> 
     </span>
     <span class='ocr_line' id='line_1_40' title="bbox 384 2107 1122 2151; baseline 0.007 -13"><span class='ocrx_word' id='word_1_194' title='bbox 384 2107 500 2149; x_wconf 82' lang='lat' dir='ltr'>quibus</span> <span class='ocrx_word' id='word_1_195' title='bbox 525 2108 673 2139; x_wconf 84' lang='lat' dir='ltr'>omnibus</span> <span class='ocrx_word' id='word_1_196' title='bbox 699 2113 730 2140; x_wconf 87' lang='lat' dir='ltr'>et</span> <span class='ocrx_word' id='word_1_197' title='bbox 754 2109 906 2151; x_wconf 69' lang='lat' dir='ltr'>singulis,</span> <span class='ocrx_word' id='word_1_198' title='bbox 932 2109 1057 2142; x_wconf 85' lang='lat' dir='ltr'>etiamsi</span> <span class='ocrx_word' id='word_1_199' title='bbox 1083 2111 1122 2143; x_wconf 90' lang='lat' dir='ltr'>de</span> 
     </span>
     <span class='ocr_line' id='line_1_41' title="bbox 383 2159 1120 2206; baseline 0.008 -16"><span class='ocrx_word' id='word_1_200' title='bbox 383 2159 447 2191; x_wconf 85' lang='lat' dir='ltr'>illis</span> <span class='ocrx_word' id='word_1_201' title='bbox 473 2170 650 2203; x_wconf 82' lang='lat' dir='ltr'>eorumque</span> <span class='ocrx_word' id='word_1_202' title='bbox 672 2161 746 2193; x_wconf 85' lang='lat' dir='ltr'>totis</span> <span class='ocrx_word' id='word_1_203' title='bbox 768 2162 934 2194; x_wconf 84' lang='lat' dir='ltr'>tenoribus</span> <span class='ocrx_word' id='word_1_204' title='bbox 961 2163 1120 2206; x_wconf 85' lang='lat' dir='ltr'>specialis,</span> 
     </span>
     <span class='ocr_line' id='line_1_42' title="bbox 384 2213 1120 2257; baseline 0.007 -13"><span class='ocrx_word' id='word_1_205' title='bbox 384 2213 543 2255; x_wconf 79' lang='lat' dir='ltr'>specifica,</span> <span class='ocrx_word' id='word_1_206' title='bbox 571 2224 723 2257; x_wconf 74' lang='lat' dir='ltr'>expressa</span> <span class='ocrx_word' id='word_1_207' title='bbox 749 2220 780 2247; x_wconf 87' lang='lat' dir='ltr'>et</span> <span class='ocrx_word' id='word_1_208' title='bbox 804 2215 968 2248; x_wconf 85' lang='lat' dir='ltr'>individua</span> <span class='ocrx_word' id='word_1_209' title='bbox 998 2216 1120 2249; x_wconf 87' lang='lat' dir='ltr'>mentio</span> 
     </span>
     <span class='ocr_line' id='line_1_43' title="bbox 385 2266 1122 2310; baseline 0.008 -14"><span class='ocrx_word' id='word_1_210' title='bbox 385 2275 441 2297; x_wconf 88' lang='lat' dir='ltr'>seu</span> <span class='ocrx_word' id='word_1_211' title='bbox 467 2266 599 2308; x_wconf 82' lang='lat' dir='ltr'>quaevis</span> <span class='ocrx_word' id='word_1_212' title='bbox 624 2266 686 2299; x_wconf 84' lang='lat' dir='ltr'>alia</span> <span class='ocrx_word' id='word_1_213' title='bbox 710 2268 879 2310; x_wconf 75' lang='lat' dir='ltr'>expressio</span> <span class='ocrx_word' id='word_1_214' title='bbox 906 2268 1055 2301; x_wconf 84' lang='lat' dir='ltr'>habenda</span> <span class='ocrx_word' id='word_1_215' title='bbox 1076 2269 1122 2302; x_wconf 85' lang='lat' dir='ltr'>so-</span> 
     </span>
     <span class='ocr_line' id='line_1_44' title="bbox 383 2319 1121 2364; baseline 0.005 -14"><span class='ocrx_word' id='word_1_216' title='bbox 383 2324 442 2359; x_wconf 86' lang='lat' dir='ltr'>ret,</span> <span class='ocrx_word' id='word_1_217' title='bbox 462 2319 591 2351; x_wconf 85' lang='lat' dir='ltr'>illorum</span> <span class='ocrx_word' id='word_1_218' title='bbox 607 2325 732 2354; x_wconf 81' lang='lat' dir='ltr'>tenores</span> <span class='ocrx_word' id='word_1_219' title='bbox 746 2321 968 2363; x_wconf 84' lang='lat' dir='ltr'>praesentibus</span> <span class='ocrx_word' id='word_1_220' title='bbox 994 2332 1051 2364; x_wconf 89' lang='lat' dir='ltr'>pro</span> <span class='ocrx_word' id='word_1_221' title='bbox 1069 2333 1121 2354; x_wconf 73' lang='lat' dir='ltr'>ex-</span> 
     </span>
     <span class='ocr_line' id='line_1_45' title="bbox 384 2372 1122 2414; baseline 0.007 -11"><span class='ocrx_word' id='word_1_222' title='bbox 384 2372 502 2414; x_wconf 82' lang='lat' dir='ltr'>pressis</span> <span class='ocrx_word' id='word_1_223' title='bbox 527 2372 682 2405; x_wconf 80' lang='lat' dir='ltr'>liabentes</span> <span class='ocrx_word' id='word_1_224' title='bbox 699 2400 706 2414; x_wconf 91' lang='lat'>,</span> <span class='ocrx_word' id='word_1_225' title='bbox 736 2374 798 2406; x_wconf 88' lang='lat' dir='ltr'>illis</span> <span class='ocrx_word' id='word_1_226' title='bbox 830 2374 908 2407; x_wconf 76' lang='lat' dir='ltr'>alias</span> <span class='ocrx_word' id='word_1_227' title='bbox 933 2375 965 2407; x_wconf 90' lang='lat' dir='ltr'>in</span> <span class='ocrx_word' id='word_1_228' title='bbox 990 2385 1047 2407; x_wconf 79' lang='lat' dir='ltr'>suo</span> <span class='ocrx_word' id='word_1_229' title='bbox 1072 2386 1122 2409; x_wconf 90' lang='lat' dir='ltr'>ro-</span> 
     </span>
     <span class='ocr_line' id='line_1_46' title="bbox 383 2425 1118 2468; baseline 0.005 -12"><span class='ocrx_word' id='word_1_230' title='bbox 383 2425 461 2457; x_wconf 87' lang='lat' dir='ltr'>bore</span> <span class='ocrx_word' id='word_1_231' title='bbox 486 2426 721 2467; x_wconf 79' lang='lat' dir='ltr'>permansuris,</span> <span class='ocrx_word' id='word_1_232' title='bbox 748 2427 806 2459; x_wconf 76' lang='lat' dir='ltr'>hac</span> <span class='ocrx_word' id='word_1_233' title='bbox 841 2427 907 2460; x_wconf 78' lang='lat' dir='ltr'>vice</span> <span class='ocrx_word' id='word_1_234' title='bbox 941 2427 1118 2468; x_wconf 73' lang='lat' dir='ltr'>dumtaxat,</span> 
     </span>
     <span class='ocr_line' id='line_1_47' title="bbox 384 2477 1120 2523; baseline 0.005 -13"><span class='ocrx_word' id='word_1_235' title='bbox 384 2477 566 2521; x_wconf 82' lang='lat' dir='ltr'>specialiter</span> <span class='ocrx_word' id='word_1_236' title='bbox 580 2482 608 2509; x_wconf 85' lang='lat' dir='ltr'>et</span> <span class='ocrx_word' id='word_1_237' title='bbox 628 2489 775 2520; x_wconf 77' lang='lat' dir='ltr'>expresse</span> <span class='ocrx_word' id='word_1_238' title='bbox 801 2480 1014 2523; x_wconf 75' lang='lat' dir='ltr'>derogamus3</span> <span class='ocrx_word' id='word_1_239' title='bbox 1038 2486 1120 2514; x_wconf 86' lang='lat' dir='ltr'>cete-</span> 
     </span>
     <span class='ocr_line' id='line_1_48' title="bbox 384 2530 1004 2577; baseline 0.005 -14"><span class='ocrx_word' id='word_1_240' title='bbox 384 2530 496 2573; x_wconf 84' lang='lat' dir='ltr'>risque</span> <span class='ocrx_word' id='word_1_241' title='bbox 529 2531 701 2563; x_wconf 82' lang='lat' dir='ltr'>contrariis</span> <span class='ocrx_word' id='word_1_242' title='bbox 729 2532 1004 2577; x_wconf 75' lang='lat' dir='ltr'>quilniscumque.</span> 
     </span>
    </p>

    <p class='ocr_par' dir='ltr' id='par_1_12' title="bbox 383 2582 1120 2679">
     <span class='ocr_line' id='line_1_49' title="bbox 428 2582 1120 2627; baseline 0.007 -12"><span class='ocrx_word' id='word_1_243' title='bbox 428 2584 542 2616; x_wconf 89' lang='lat' dir='ltr'>Datum</span> <span class='ocrx_word' id='word_1_244' title='bbox 566 2583 700 2624; x_wconf 76' lang='lat' dir='ltr'>Romae,</span> <span class='ocrx_word' id='word_1_245' title='bbox 728 2586 812 2627; x_wconf 88' lang='lat' dir='ltr'>apud</span> <span class='ocrx_word' id='word_1_246' title='bbox 845 2585 875 2617; x_wconf 84' lang='lat' dir='ltr'>S.</span> <span class='ocrx_word' id='word_1_247' title='bbox 904 2582 1032 2619; x_wconf 77' lang='lat' dir='ltr'>Mariam</span> <span class='ocrx_word' id='word_1_248' title='bbox 1057 2586 1120 2620; x_wconf 85' lang='lat' dir='ltr'>Ma—</span> 
     </span>
     <span class='ocr_line' id='line_1_50' title="bbox 383 2636 1119 2679; baseline 0.004 -9"><span class='ocrx_word' id='word_1_249' title='bbox 383 2636 505 2678; x_wconf 87' lang='lat' dir='ltr'>iorem,</span> <span class='ocrx_word' id='word_1_250' title='bbox 531 2637 588 2669; x_wconf 86' lang='lat' dir='ltr'>sub</span> <span class='ocrx_word' id='word_1_251' title='bbox 615 2638 732 2671; x_wconf 88' lang='lat' dir='ltr'>annulo</span> <span class='ocrx_word' id='word_1_252' title='bbox 758 2638 1009 2679; x_wconf 54' lang='lat' dir='ltr'>l‘i&lt;=‘·;1t01·is,die</span> <span class='ocrx_word' id='word_1_253' title='bbox 1035 2650 1119 2673; x_wconf 80' lang='lat' dir='ltr'>xxvn</span> 
     </span>
    </p>
   </div>
   <div class='ocr_carea' id='block_1_11' title="bbox 1141 1119 1150 2309">
    <p class='ocr_par' dir='ltr' id='par_1_13' title="bbox 1141 1119 1150 2309">
     <span class='ocr_line' id='line_1_51' title="bbox 1141 1119 1150 2309; baseline 0 0"><span class='ocrx_word' id='word_1_254' title='bbox 1141 1119 1150 2309; x_wconf 95' lang='lat' dir='ltr'> </span> 
     </span>
    </p>
   </div>
   <div class='ocr_carea' id='block_1_12' title="bbox 1140 1119 1150 2485">
    <p class='ocr_par' dir='ltr' id='par_1_14' title="bbox 1140 1119 1150 2485">
     <span class='ocr_line' id='line_1_52' title="bbox 1140 1119 1150 2485; baseline 0 0"><span class='ocrx_word' id='word_1_255' title='bbox 1140 1119 1150 2485; x_wconf 95' lang='lat' dir='ltr'> </span> 
     </span>
    </p>
   </div>
   <div class='ocr_carea' id='block_1_13' title="bbox 1177 369 1750 456">
    <p class='ocr_par' dir='ltr' id='par_1_15' title="bbox 1177 369 1750 456">
     <span class='ocr_line' id='line_1_53' title="bbox 1177 369 1321 392; baseline 0.007 -1"><span class='ocrx_word' id='word_1_256' title='bbox 1177 369 1260 392; x_wconf 80' lang='lat' dir='ltr'>anno</span> <span class='ocrx_word' id='word_1_257' title='bbox 1287 370 1321 392; x_wconf 86' lang='lat'>11.</span> 
     </span>
     <span class='ocr_line' id='line_1_54' title="bbox 1210 419 1750 456; baseline 0.009 -10"><span class='ocrx_word' id='word_1_258' title='bbox 1210 419 1269 447; x_wconf 83' lang='lat' dir='ltr'>Dat.</span> <span class='ocrx_word' id='word_1_259' title='bbox 1291 420 1334 448; x_wconf 84' lang='lat' dir='ltr'>die</span> <span class='ocrx_word' id='word_1_260' title='bbox 1353 421 1385 448; x_wconf 71' lang='lat'>27</span> <span class='ocrx_word' id='word_1_261' title='bbox 1406 421 1511 456; x_wconf 76' lang='lat' dir='ltr'>augusti</span> <span class='ocrx_word' id='word_1_262' title='bbox 1532 422 1610 455; x_wconf 80' lang='grc'><strong>1668,</strong></span> <span class='ocrx_word' id='word_1_263' title='bbox 1632 431 1703 451; x_wconf 85' lang='lat' dir='ltr'>anno</span> <span class='ocrx_word' id='word_1_264' title='bbox 1723 430 1750 451; x_wconf 82' lang='grc'>11.</span> 
     </span>
    </p>
   </div>
   <div class='ocr_carea' id='block_1_14' title="bbox 1459 487 1628 494">
    <p class='ocr_par' dir='ltr' id='par_1_16' title="bbox 1459 487 1628 494">
     <span class='ocr_line' id='line_1_55' title="bbox 1459 487 1628 494; baseline 0 0"><span class='ocrx_word' id='word_1_265' title='bbox 1459 487 1628 494; x_wconf 95' lang='lat' dir='ltr'> </span> 
     </span>
    </p>
   </div>
   <div class='ocr_carea' id='block_1_15' title="bbox 1485 564 1599 596">
    <p class='ocr_par' dir='ltr' id='par_1_17' title="bbox 1485 564 1599 596">
     <span class='ocr_line' id='line_1_56' title="bbox 1485 564 1599 596; baseline 0 0"><span class='ocrx_word' id='word_1_266' title='bbox 1485 564 1599 596; x_wconf 78' lang='lat' dir='ltr'>LXXV.</span> 
     </span>
    </p>
   </div>
   <div class='ocr_carea' id='block_1_16' title="bbox 1173 642 1911 1065">
    <p class='ocr_par' dir='ltr' id='par_1_18' title="bbox 1173 642 1911 886">
     <span class='ocr_line' id='line_1_57' title="bbox 1173 642 1911 685; baseline 0.003 -9"><span class='ocrx_word' id='word_1_267' title='bbox 1173 642 1275 685; x_wconf 77' lang='lat' dir='ltr'>Super</span> <span class='ocrx_word' id='word_1_268' title='bbox 1291 642 1523 675; x_wconf 77' lang='lat' dir='ltr'>contribulione</span> <span class='ocrx_word' id='word_1_269' title='bbox 1547 643 1832 677; x_wconf 76' lang='lat' dir='ltr'>ecclesiasticorum</span> <span class='ocrx_word' id='word_1_270' title='bbox 1852 645 1911 680; x_wconf 78' lang='lat' dir='ltr'>Ca-</span> 
     </span>
     <span class='ocr_line' id='line_1_58' title="bbox 1216 695 1911 737; baseline 0.004 -10"><span class='ocrx_word' id='word_1_271' title='bbox 1216 695 1328 727; x_wconf 72' lang='lat' dir='ltr'>stellae</span> <span class='ocrx_word' id='word_1_272' title='bbox 1352 699 1379 728; x_wconf 77' lang='lat' dir='ltr'>et</span> <span class='ocrx_word' id='word_1_273' title='bbox 1404 695 1557 737; x_wconf 69' lang='lat' dir='ltr'>Leyiom&#39;s</span> <span class='ocrx_word' id='word_1_274' title='bbox 1594 696 1628 728; x_wconf 79' lang='lat' dir='ltr'>in</span> <span class='ocrx_word' id='word_1_275' title='bbox 1662 707 1741 729; x_wconf 80' lang='lat' dir='ltr'>novo</span> <span class='ocrx_word' id='word_1_276' title='bbox 1766 698 1911 730; x_wconf 74' lang='lat' dir='ltr'>subsidio</span> 
     </span>
     <span class='ocr_line' id='line_1_59' title="bbox 1216 748 1910 789; baseline 0.004 -9"><span class='ocrx_word' id='word_1_277' title='bbox 1216 748 1385 781; x_wconf 67' lang='lat' dir='ltr'>duodecim</span> <span class='ocrx_word' id='word_1_278' title='bbox 1410 749 1618 789; x_wconf 74' lang='lat' dir='ltr'>millionum,</span> <span class='ocrx_word' id='word_1_279' title='bbox 1644 754 1672 782; x_wconf 81' lang='lat' dir='ltr'>et</span> <span class='ocrx_word' id='word_1_280' title='bbox 1698 754 1910 784; x_wconf 76' lang='lat' dir='ltr'>tercentorum</span> 
     </span>
     <span class='ocr_line' id='line_1_60' title="bbox 1216 801 1911 846; baseline 0.004 -13"><span class='ocrx_word' id='word_1_281' title='bbox 1216 801 1361 834; x_wconf 79' lang='lat' dir='ltr'>millium</span> <span class='ocrx_word' id='word_1_282' title='bbox 1393 802 1585 835; x_wconf 74' lang='lat' dir='ltr'>ducatorum</span> <span class='ocrx_word' id='word_1_283' title='bbox 1606 813 1665 845; x_wconf 80' lang='lat' dir='ltr'>pro</span> <span class='ocrx_word' id='word_1_284' title='bbox 1697 814 1768 846; x_wconf 71' lang='lat' dir='ltr'>rcqe</span> <span class='ocrx_word' id='word_1_285' title='bbox 1802 804 1911 836; x_wconf 70' lang='lat' dir='ltr'>callio-</span> 
     </span>
     <span class='ocr_line' id='line_1_61' title="bbox 1217 853 1311 886; baseline 0 0"><span class='ocrx_word' id='word_1_286' title='bbox 1217 853 1277 886; x_wconf 79' lang='lat' dir='ltr'>lz&#39;co</span> <span class='ocrx_word' id='word_1_287' title='bbox 1292 853 1311 886; x_wconf 91' lang='lat'>¹.</span> 
     </span>
    </p>

    <p class='ocr_par' dir='ltr' id='par_1_19' title="bbox 1208 933 1873 1065">
     <span class='ocr_line' id='line_1_62' title="bbox 1208 933 1873 967; baseline 0.006 -8"><span class='ocrx_word' id='word_1_288' title='bbox 1208 933 1363 960; x_wconf 78' lang='lat' dir='ltr'>Carissimo</span> <span class='ocrx_word' id='word_1_289' title='bbox 1383 933 1414 960; x_wconf 89' lang='lat' dir='ltr'>in</span> <span class='ocrx_word' id='word_1_290' title='bbox 1435 934 1551 962; x_wconf 78' lang='lat' dir='ltr'>Christo</span> <span class='ocrx_word' id='word_1_291' title='bbox 1566 935 1627 962; x_wconf 88' lang='lat' dir='ltr'>filio</span> <span class='ocrx_word' id='word_1_292' title='bbox 1647 937 1748 962; x_wconf 87' lang='lat' dir='ltr'>nostro</span> <span class='ocrx_word' id='word_1_293' title='bbox 1764 936 1873 967; x_wconf 82' lang='lat' dir='ltr'>carolo,</span> 
     </span>
     <span class='ocr_line' id='line_1_63' title="bbox 1318 978 1794 1014; baseline 0.006 -10"><span class='ocrx_word' id='word_1_294' title='bbox 1318 978 1528 1011; x_wconf 82' lang='lat' dir='ltr'>Hispaniarum</span> <span class='ocrx_word' id='word_1_295' title='bbox 1547 979 1609 1013; x_wconf 71' lang='lat' dir='ltr'>regi</span> <span class='ocrx_word' id='word_1_296' title='bbox 1630 980 1794 1014; x_wconf 82' lang='lat' dir='ltr'>catholico,</span> 
     </span>
     <span class='ocr_line' id='line_1_64' title="bbox 1388 1031 1686 1065; baseline 0.003 -8"><span class='ocrx_word' id='word_1_297' title='bbox 1388 1031 1522 1058; x_wconf 85' lang='lat' dir='ltr'>clemens</span> <span class='ocrx_word' id='word_1_298' title='bbox 1542 1032 1620 1065; x_wconf 84' lang='lat' dir='ltr'>Papa</span> <span class='ocrx_word' id='word_1_299' title='bbox 1640 1033 1686 1060; x_wconf 82' lang='lat' dir='ltr'>lx.</span> 
     </span>
    </p>
   </div>
   <div class='ocr_carea' id='block_1_17' title="bbox 1204 1092 1872 1170">
    <p class='ocr_par' dir='ltr' id='par_1_20' title="bbox 1204 1092 1872 1170">
     <span class='ocr_line' id='line_1_65' title="bbox 1268 1092 1809 1127; baseline 0.004 -8"><span class='ocrx_word' id='word_1_300' title='bbox 1268 1092 1423 1120; x_wconf 73' lang='lat' dir='ltr'>Carissimo</span> <span class='ocrx_word' id='word_1_301' title='bbox 1444 1093 1474 1119; x_wconf 91' lang='lat' dir='ltr'>in</span> <span class='ocrx_word' id='word_1_302' title='bbox 1496 1093 1612 1120; x_wconf 85' lang='lat' dir='ltr'>Christo</span> <span class='ocrx_word' id='word_1_303' title='bbox 1633 1094 1675 1120; x_wconf 90' lang='lat' dir='ltr'>fili</span> <span class='ocrx_word' id='word_1_304' title='bbox 1695 1097 1809 1127; x_wconf 85' lang='lat' dir='ltr'>noster,</span> 
     </span>
     <span class='ocr_line' id='line_1_66' title="bbox 1204 1137 1872 1170; baseline 0.006 -8"><span class='ocrx_word' id='word_1_305' title='bbox 1204 1137 1333 1163; x_wconf 79' lang='lat' dir='ltr'>salutem</span> <span class='ocrx_word' id='word_1_306' title='bbox 1354 1140 1385 1163; x_wconf 83' lang='lat' dir='ltr'>et</span> <span class='ocrx_word' id='word_1_307' title='bbox 1406 1137 1602 1170; x_wconf 84' lang='lat' dir='ltr'>apostolicam</span> <span class='ocrx_word' id='word_1_308' title='bbox 1622 1138 1872 1166; x_wconf 80' lang='lat' dir='ltr'>benedictionem.</span> 
     </span>
    </p>
   </div>
   <div class='ocr_carea' id='block_1_18' title="bbox 1165 1207 1908 2044">
    <p class='ocr_par' dir='ltr' id='par_1_21' title="bbox 1165 1207 1908 2044">
     <span class='ocr_line' id='line_1_67' title="bbox 1213 1207 1908 1254; baseline 0.007 -15"><span class='ocrx_word' id='word_1_309' title='bbox 1213 1207 1414 1241; x_wconf 83' lang='lat' dir='ltr'>Orthodoxae</span> <span class='ocrx_word' id='word_1_310' title='bbox 1433 1207 1508 1242; x_wconf 80' lang='lat' dir='ltr'>fidei</span> <span class='ocrx_word' id='word_1_311' title='bbox 1526 1210 1767 1242; x_wconf 86' lang='lat' dir='ltr'>conservandae</span> <span class='ocrx_word' id='word_1_312' title='bbox 1786 1215 1818 1243; x_wconf 84' lang='lat' dir='ltr'>et</span> <span class='ocrx_word' id='word_1_313' title='bbox 1833 1221 1908 1254; x_wconf 92' lang='lat' dir='ltr'>pro-</span> 
     </span>
     <span class='ocr_line' id='line_1_68' title="bbox 1169 1260 1906 1304; baseline 0.007 -12"><span class='ocrx_word' id='word_1_314' title='bbox 1169 1260 1335 1303; x_wconf 80' lang='lat' dir='ltr'>pagandae</span> <span class='ocrx_word' id='word_1_315' title='bbox 1368 1262 1474 1301; x_wconf 85' lang='lat' dir='ltr'>zelus,</span> <span class='ocrx_word' id='word_1_316' title='bbox 1501 1272 1537 1293; x_wconf 87' lang='lat' dir='ltr'>ac</span> <span class='ocrx_word' id='word_1_317' title='bbox 1568 1262 1738 1304; x_wconf 75' lang='lat' dir='ltr'>singularis</span> <span class='ocrx_word' id='word_1_318' title='bbox 1764 1263 1797 1295; x_wconf 89' lang='lat' dir='ltr'>in</span> <span class='ocrx_word' id='word_1_319' title='bbox 1822 1264 1906 1297; x_wconf 89' lang='lat' dir='ltr'>hanc</span> 
     </span>
     <span class='ocr_line' id='line_1_69' title="bbox 1168 1313 1907 1359; baseline 0.005 -13"><span class='ocrx_word' id='word_1_320' title='bbox 1168 1314 1316 1346; x_wconf 78' lang='lat' dir='ltr'>Sanctam</span> <span class='ocrx_word' id='word_1_321' title='bbox 1341 1313 1456 1347; x_wconf 85' lang='lat' dir='ltr'>Scdem</span> <span class='ocrx_word' id='word_1_322' title='bbox 1477 1314 1618 1355; x_wconf 87' lang='lat' dir='ltr'>devotio,</span> <span class='ocrx_word' id='word_1_323' title='bbox 1647 1315 1775 1359; x_wconf 86' lang='lat' dir='ltr'>aliaque</span> <span class='ocrx_word' id='word_1_324' title='bbox 1801 1317 1907 1350; x_wconf 89' lang='lat' dir='ltr'>multi-</span> 
     </span>
     <span class='ocr_line' id='line_1_70' title="bbox 1168 1366 1906 1410; baseline 0.007 -12"><span class='ocrx_word' id='word_1_325' title='bbox 1168 1366 1265 1409; x_wconf 83' lang='lat' dir='ltr'>plicia</span> <span class='ocrx_word' id='word_1_326' title='bbox 1291 1367 1424 1406; x_wconf 85' lang='lat' dir='ltr'>merita,</span> <span class='ocrx_word' id='word_1_327' title='bbox 1456 1367 1574 1410; x_wconf 86' lang='lat' dir='ltr'>quibus</span> <span class='ocrx_word' id='word_1_328' title='bbox 1600 1369 1705 1401; x_wconf 85' lang='lat' dir='ltr'>clarae</span> <span class='ocrx_word' id='word_1_329' title='bbox 1730 1369 1906 1403; x_wconf 80' lang='lat' dir='ltr'>memoriae</span> 
     </span>
     <span class='ocr_line' id='line_1_71' title="bbox 1167 1419 1907 1464; baseline 0.007 -14"><span class='ocrx_word' id='word_1_330' title='bbox 1167 1429 1260 1461; x_wconf 72' lang='lat' dir='ltr'>reges</span> <span class='ocrx_word' id='word_1_331' title='bbox 1286 1419 1512 1462; x_wconf 82' lang='lat' dir='ltr'>Hispaniarum</span> <span class='ocrx_word' id='word_1_332' title='bbox 1544 1420 1695 1453; x_wconf 84' lang='lat' dir='ltr'>catholici</span> <span class='ocrx_word' id='word_1_333' title='bbox 1720 1422 1907 1464; x_wconf 80' lang='lat' dir='ltr'>progenito-</span> 
     </span>
     <span class='ocr_line' id='line_1_72' title="bbox 1168 1472 1906 1518; baseline 0.007 -15"><span class='ocrx_word' id='word_1_334' title='bbox 1168 1482 1218 1504; x_wconf 86' lang='lat' dir='ltr'>res</span> <span class='ocrx_word' id='word_1_335' title='bbox 1245 1472 1285 1504; x_wconf 87' lang='lat' dir='ltr'>tui</span> <span class='ocrx_word' id='word_1_336' title='bbox 1309 1473 1421 1505; x_wconf 78' lang='lat' dir='ltr'>eximie</span> <span class='ocrx_word' id='word_1_337' title='bbox 1448 1474 1644 1514; x_wconf 83' lang='lat' dir='ltr'>claruerunt,</span> <span class='ocrx_word' id='word_1_338' title='bbox 1661 1484 1790 1508; x_wconf 84' lang='lat' dir='ltr'>necnon</span> <span class='ocrx_word' id='word_1_339' title='bbox 1811 1486 1906 1518; x_wconf 86' lang='lat' dir='ltr'>prae-</span> 
     </span>
     <span class='ocr_line' id='line_1_73' title="bbox 1167 1525 1906 1568; baseline 0.005 -12"><span class='ocrx_word' id='word_1_340' title='bbox 1167 1525 1260 1565; x_wconf 81' lang='lat' dir='ltr'>clara,</span> <span class='ocrx_word' id='word_1_341' title='bbox 1283 1535 1364 1568; x_wconf 86' lang='lat' dir='ltr'>quae</span> <span class='ocrx_word' id='word_1_342' title='bbox 1382 1526 1414 1557; x_wconf 91' lang='lat' dir='ltr'>in</span> <span class='ocrx_word' id='word_1_343' title='bbox 1432 1526 1493 1558; x_wconf 76' lang='lat' dir='ltr'>ista</span> <span class='ocrx_word' id='word_1_344' title='bbox 1518 1528 1629 1559; x_wconf 79' lang='lat' dir='ltr'>tenera</span> <span class='ocrx_word' id='word_1_345' title='bbox 1645 1532 1749 1560; x_wconf 83' lang='lat' dir='ltr'>aetate</span> <span class='ocrx_word' id='word_1_346' title='bbox 1769 1530 1821 1560; x_wconf 79' lang='lat' dir='ltr'>tua</span> <span class='ocrx_word' id='word_1_347' title='bbox 1838 1529 1906 1561; x_wconf 90' lang='lat' dir='ltr'>elu-</span> 
     </span>
     <span class='ocr_line' id='line_1_74' title="bbox 1167 1578 1904 1623; baseline 0.007 -14"><span class='ocrx_word' id='word_1_348' title='bbox 1167 1583 1218 1610; x_wconf 84' lang='lat' dir='ltr'>cet</span> <span class='ocrx_word' id='word_1_349' title='bbox 1242 1578 1281 1610; x_wconf 89' lang='lat' dir='ltr'>ad</span> <span class='ocrx_word' id='word_1_350' title='bbox 1305 1578 1458 1611; x_wconf 78' lang='lat' dir='ltr'>virtutem</span> <span class='ocrx_word' id='word_1_351' title='bbox 1482 1578 1622 1619; x_wconf 86' lang='lat' dir='ltr'>indoles,</span> <span class='ocrx_word' id='word_1_352' title='bbox 1643 1589 1679 1612; x_wconf 79' lang='lat' dir='ltr'>ex</span> <span class='ocrx_word' id='word_1_353' title='bbox 1701 1591 1764 1623; x_wconf 87' lang='lat' dir='ltr'>qua</span> <span class='ocrx_word' id='word_1_354' title='bbox 1781 1582 1904 1615; x_wconf 77' lang='lat' dir='ltr'>firmam</span> 
     </span>
     <span class='ocr_line' id='line_1_75' title="bbox 1167 1630 1904 1676; baseline 0.004 -14"><span class='ocrx_word' id='word_1_355' title='bbox 1167 1630 1373 1673; x_wconf 87' lang='lat' dir='ltr'>concepimus</span> <span class='ocrx_word' id='word_1_356' title='bbox 1404 1631 1435 1664; x_wconf 90' lang='lat' dir='ltr'>in</span> <span class='ocrx_word' id='word_1_357' title='bbox 1463 1630 1599 1664; x_wconf 87' lang='lat' dir='ltr'>Domino</span> <span class='ocrx_word' id='word_1_358' title='bbox 1624 1636 1724 1674; x_wconf 85' lang='lat' dir='ltr'>spem&#39;</span> <span class='ocrx_word' id='word_1_359' title='bbox 1740 1637 1837 1676; x_wconf 85' lang='lat' dir='ltr'>atque</span> <span class='ocrx_word' id='word_1_360' title='bbox 1868 1633 1904 1665; x_wconf 84' lang='lat' dir='ltr'>fi-</span> 
     </span>
     <span class='ocr_line' id='line_1_76' title="bbox 1167 1683 1903 1725; baseline 0.007 -10"><span class='ocrx_word' id='word_1_361' title='bbox 1167 1683 1291 1716; x_wconf 88' lang='lat' dir='ltr'>duciam</span> <span class='ocrx_word' id='word_1_362' title='bbox 1318 1684 1385 1716; x_wconf 79' lang='lat' dir='ltr'>sore</span> <span class='ocrx_word' id='word_1_363' title='bbox 1410 1688 1453 1725; x_wconf 87' lang='lat' dir='ltr'>ut,</span> <span class='ocrx_word' id='word_1_364' title='bbox 1473 1685 1723 1718; x_wconf 85' lang='lat' dir='ltr'>succedentibus</span> <span class='ocrx_word' id='word_1_365' title='bbox 1749 1686 1805 1719; x_wconf 88' lang='lat' dir='ltr'>tibi</span> <span class='ocrx_word' id='word_1_366' title='bbox 1830 1697 1903 1720; x_wconf 85' lang='lat' dir='ltr'>cum</span> 
     </span>
     <span class='ocr_line' id='line_1_77' title="bbox 1166 1736 1904 1776; baseline 0.005 -8"><span class='ocrx_word' id='word_1_367' title='bbox 1166 1736 1220 1768; x_wconf 84' lang='lat' dir='ltr'>Dei</span> <span class='ocrx_word' id='word_1_368' title='bbox 1234 1737 1463 1769; x_wconf 80' lang='lat' dir='ltr'>benedictione</span> <span class='ocrx_word' id='word_1_369' title='bbox 1481 1737 1586 1776; x_wconf 83' lang='lat' dir='ltr'>annis,</span> <span class='ocrx_word' id='word_1_370' title='bbox 1601 1738 1760 1771; x_wconf 81' lang='lat' dir='ltr'>maiorum</span> <span class='ocrx_word' id='word_1_371' title='bbox 1778 1745 1904 1772; x_wconf 89' lang='lat' dir='ltr'>tuorum</span> 
     </span>
     <span class='ocr_line' id='line_1_78' title="bbox 1165 1789 1905 1835; baseline 0.005 -14"><span class='ocrx_word' id='word_1_372' title='bbox 1165 1789 1308 1832; x_wconf 70' lang='lat' dir='ltr'>vestigiis</span> <span class='ocrx_word' id='word_1_373' title='bbox 1335 1790 1550 1831; x_wconf 88' lang='lat' dir='ltr'>inhaerendo,</span> <span class='ocrx_word' id='word_1_374' title='bbox 1569 1801 1633 1823; x_wconf 84' lang='lat' dir='ltr'>non</span> <span class='ocrx_word' id='word_1_375' title='bbox 1658 1792 1777 1825; x_wconf 89' lang='lat' dir='ltr'>minori</span> <span class='ocrx_word' id='word_1_376' title='bbox 1802 1793 1905 1835; x_wconf 81' lang='lat' dir='ltr'>regia-</span> 
     </span>
     <span class='ocr_line' id='line_1_79' title="bbox 1166 1843 1903 1889; baseline 0.007 -15"><span class='ocrx_word' id='word_1_377' title='bbox 1166 1852 1237 1876; x_wconf 84' lang='lat' dir='ltr'>rum</span> <span class='ocrx_word' id='word_1_378' title='bbox 1255 1843 1405 1875; x_wconf 74' lang='lat' dir='ltr'>virtutum</span> <span class='ocrx_word' id='word_1_379' title='bbox 1426 1844 1547 1886; x_wconf 76' lang='lat' dir='ltr'>fulgore</span> <span class='ocrx_word' id='word_1_380' title='bbox 1568 1846 1788 1888; x_wconf 46' lang='lat' dir='ltr'>resplendeas</span> <span class='ocrx_word' id='word_1_381' title='bbox 1807 1847 1903 1889; x_wconf 85' lang='lat' dir='ltr'>plane</span> 
     </span>
     <span class='ocr_line' id='line_1_80' title="bbox 1166 1896 1902 1940; baseline 0.005 -13"><span class='ocrx_word' id='word_1_382' title='bbox 1166 1896 1298 1938; x_wconf 77' lang='lat' dir='ltr'>exigunt</span> <span class='ocrx_word' id='word_1_383' title='bbox 1324 1901 1358 1928; x_wconf 86' lang='lat' dir='ltr'>ut</span> <span class='ocrx_word' id='word_1_384' title='bbox 1381 1897 1523 1929; x_wconf 81' lang='lat' dir='ltr'>subsidia</span> <span class='ocrx_word' id='word_1_385' title='bbox 1555 1908 1614 1940; x_wconf 88' lang='lat' dir='ltr'>pro</span> <span class='ocrx_word' id='word_1_386' title='bbox 1648 1898 1792 1931; x_wconf 87' lang='lat' dir='ltr'>eiusdem</span> <span class='ocrx_word' id='word_1_387' title='bbox 1828 1899 1902 1932; x_wconf 75' lang='lat' dir='ltr'>fidei</span> 
     </span>
     <span class='ocr_line' id='line_1_81' title="bbox 1166 1949 1904 1993; baseline 0.001 -11"><span class='ocrx_word' id='word_1_388' title='bbox 1166 1949 1385 1985; x_wconf 88' lang='lat' dir='ltr'>dominiorum</span> <span class='ocrx_word' id='word_1_389' title='bbox 1417 1954 1544 1982; x_wconf 87' lang='lat' dir='ltr'>tuorum</span> <span class='ocrx_word' id='word_1_390' title='bbox 1574 1951 1763 1993; x_wconf 86' lang='lat' dir='ltr'>praesertim</span> <span class='ocrx_word' id='word_1_391' title='bbox 1793 1952 1904 1984; x_wconf 79' lang='lat' dir='ltr'>adver·</span> 
     </span>
     <span class='ocr_line' id='line_1_82' title="bbox 1165 2003 1903 2044; baseline 0.003 -10"><span class='ocrx_word' id='word_1_392' title='bbox 1165 2012 1217 2034; x_wconf 88' lang='lat' dir='ltr'>sus</span> <span class='ocrx_word' id='word_1_393' title='bbox 1238 2003 1476 2035; x_wconf 86' lang='lat' dir='ltr'>haereticorum</span> <span class='ocrx_word' id='word_1_394' title='bbox 1501 2009 1634 2036; x_wconf 77' lang='lat' dir='ltr'>conatus</span> <span class='ocrx_word' id='word_1_395' title='bbox 1661 2004 1863 2044; x_wconf 81' lang='lat' dir='ltr'>defensione,</span> <span class='ocrx_word' id='word_1_396' title='bbox 1885 2015 1903 2036; x_wconf 85' lang='lat' dir='ltr'>a</span> 
     </span>
    </p>
   </div>
   <div class='ocr_carea' id='block_1_19' title="bbox 1143 2055 1903 2100">
    <p class='ocr_par' dir='ltr' id='par_1_22' title="bbox 1143 2055 1903 2100">
     <span class='ocr_line' id='line_1_83' title="bbox 1143 2055 1903 2100; baseline 0.003 -14"><span class='ocrx_word' id='word_1_397' title='bbox 1143 2060 1144 2064; x_wconf 78' lang='grc'>’</span> <span class='ocrx_word' id='word_1_398' title='bbox 1165 2055 1225 2087; x_wconf 84' lang='lat' dir='ltr'>tuis</span> <span class='ocrx_word' id='word_1_399' title='bbox 1250 2055 1386 2088; x_wconf 85' lang='lat' dir='ltr'>subditis</span> <span class='ocrx_word' id='word_1_400' title='bbox 1411 2061 1561 2098; x_wconf 85' lang='lat' dir='ltr'>prompte</span> <span class='ocrx_word' id='word_1_401' title='bbox 1582 2056 1639 2088; x_wconf 86' lang='lat' dir='ltr'>tibi</span> <span class='ocrx_word' id='word_1_402' title='bbox 1657 2056 1775 2096; x_wconf 87' lang='lat' dir='ltr'>oblata,</span> <span class='ocrx_word' id='word_1_403' title='bbox 1802 2067 1903 2100; x_wconf 86' lang='lat' dir='ltr'>quan-</span> 
     </span>
    </p>
   </div>
   <div class='ocr_carea' id='block_1_20' title="bbox 1164 2109 1903 2247">
    <p class='ocr_par' dir='ltr' id='par_1_23' title="bbox 1164 2109 1903 2247">
     <span class='ocr_line' id='line_1_84' title="bbox 1165 2109 1903 2152; baseline 0 -11"><span class='ocrx_word' id='word_1_404' title='bbox 1165 2114 1231 2141; x_wconf 88' lang='lat' dir='ltr'>tum</span> <span class='ocrx_word' id='word_1_405' title='bbox 1257 2119 1327 2141; x_wconf 88' lang='lat' dir='ltr'>cum</span> <span class='ocrx_word' id='word_1_406' title='bbox 1351 2109 1489 2142; x_wconf 90' lang='lat' dir='ltr'>Domino</span> <span class='ocrx_word' id='word_1_407' title='bbox 1527 2120 1717 2152; x_wconf 68' lang='lat' dir='ltr'>possumuS‚</span> <span class='ocrx_word' id='word_1_408' title='bbox 1744 2120 1779 2142; x_wconf 89' lang='lat' dir='ltr'>ac</span> <span class='ocrx_word' id='word_1_409' title='bbox 1805 2114 1903 2152; x_wconf 87' lang='lat' dir='ltr'>prout</span> 
     </span>
     <span class='ocr_line' id='line_1_85' title="bbox 1164 2161 1900 2205; baseline -0.001 -11"><span class='ocrx_word' id='word_1_410' title='bbox 1164 2162 1331 2204; x_wconf 85' lang='lat' dir='ltr'>postulare</span> <span class='ocrx_word' id='word_1_411' title='bbox 1364 2161 1491 2194; x_wconf 88' lang='lat' dir='ltr'>videtur</span> <span class='ocrx_word' id='word_1_412' title='bbox 1524 2166 1709 2205; x_wconf 88' lang='lat' dir='ltr'>temporum</span> <span class='ocrx_word' id='word_1_413' title='bbox 1743 2161 1900 2202; x_wconf 85' lang='lat' dir='ltr'>conditio,</span> 
     </span>
     <span class='ocr_line' id='line_1_86' title="bbox 1164 2214 1365 2247; baseline 0.005 -1"><span class='ocrx_word' id='word_1_414' title='bbox 1164 2214 1365 2247; x_wconf 86' lang='lat' dir='ltr'>adiuvemus.</span> 
     </span>
    </p>
   </div>
   <div class='ocr_carea' id='block_1_21' title="bbox 1927 261 2106 289">
    <p class='ocr_par' dir='ltr' id='par_1_24' title="bbox 1927 261 2106 289">
     <span class='ocr_line' id='line_1_87' title="bbox 1927 261 2106 289; baseline 0.011 -2"><span class='ocrx_word' id='word_1_415' title='bbox 1927 262 1975 288; x_wconf 85' lang='grc' dir='ltr'>Λη.</span> <span class='ocrx_word' id='word_1_416' title='bbox 1992 261 2020 288; x_wconf 86' lang='lat' dir='ltr'>C.</span> <span class='ocrx_word' id='word_1_417' title='bbox 2041 261 2106 289; x_wconf 71' lang='lat'>1608</span> 
     </span>
    </p>
   </div>
   <div class='ocr_carea' id='block_1_22' title="bbox 1945 1220 2068 1243">
    <p class='ocr_par' dir='ltr' id='par_1_25' title="bbox 1945 1220 2068 1243">
     <span class='ocr_line' id='line_1_88' title="bbox 1945 1220 2068 1243; baseline 0.008 -1"><span class='ocrx_word' id='word_1_418' title='bbox 1945 1220 2068 1243; x_wconf 76' lang='lat' dir='ltr'>Exordium.</span> 
     </span>
    </p>
   </div>
   <div class='ocr_carea' id='block_1_23' title="bbox 1206 2267 2096 2311">
    <p class='ocr_par' dir='ltr' id='par_1_26' title="bbox 1206 2267 2096 2311">
     <span class='ocr_line' id='line_1_89' title="bbox 1206 2267 2096 2311; baseline 0.006 -12"><span class='ocrx_word' id='word_1_419' title='bbox 1206 2268 1220 2310; x_wconf 68' lang='grc' dir='ltr'><strong>ξ</strong></span> <span class='ocrx_word' id='word_1_420' title='bbox 1245 2267 1276 2300; x_wconf 79' lang='grc'>’1.</span> <span class='ocrx_word' id='word_1_421' title='bbox 1304 2267 1379 2300; x_wconf 89' lang='lat' dir='ltr'>Cum</span> <span class='ocrx_word' id='word_1_422' title='bbox 1398 2267 1518 2311; x_wconf 87' lang='lat' dir='ltr'>itaque,</span> <span class='ocrx_word' id='word_1_423' title='bbox 1537 2268 1618 2300; x_wconf 86' lang='lat' dir='ltr'>sicut</span> <span class='ocrx_word' id='word_1_424' title='bbox 1637 2269 1814 2302; x_wconf 85' lang='lat' dir='ltr'>maiestatis</span> <span class='ocrx_word' id='word_1_425' title='bbox 1829 2275 1901 2304; x_wconf 86' lang='lat' dir='ltr'>tuae</span> <span class='ocrx_word' id='word_1_426' title='bbox 1939 2276 2096 2305; x_wconf 58' lang='lat' dir='ltr'>1⁸¹0t5v2l¹¹¹iu⁹</span> 
     </span>
    </p>
   </div>
   <div class='ocr_carea' id='block_1_24' title="bbox 1162 2320 1900 2567">
    <p class='ocr_par' dir='ltr' id='par_1_27' title="bbox 1162 2320 1900 2567">
     <span class='ocr_line' id='line_1_90' title="bbox 1162 2320 1898 2365; baseline 0.003 -12"><span class='ocrx_word' id='word_1_427' title='bbox 1162 2320 1294 2354; x_wconf 88' lang='lat' dir='ltr'>nomine</span> <span class='ocrx_word' id='word_1_428' title='bbox 1330 2321 1426 2353; x_wconf 86' lang='lat' dir='ltr'>nobis</span> <span class='ocrx_word' id='word_1_429' title='bbox 1461 2332 1565 2364; x_wconf 83' lang='lat' dir='ltr'>nuper</span> <span class='ocrx_word' id='word_1_430' title='bbox 1601 2322 1781 2364; x_wconf 81' lang='lat' dir='ltr'>expositum</span> <span class='ocrx_word' id='word_1_431' title='bbox 1813 2323 1898 2365; x_wconf 82' lang='lat' dir='ltr'>suit,</span> 
     </span>
     <span class='ocr_line' id='line_1_91' title="bbox 1162 2373 1900 2417; baseline 0.005 -12"><span class='ocrx_word' id='word_1_432' title='bbox 1162 2373 1235 2406; x_wconf 90' lang='lat' dir='ltr'>laici</span> <span class='ocrx_word' id='word_1_433' title='bbox 1261 2374 1378 2406; x_wconf 86' lang='lat' dir='ltr'>subditi</span> <span class='ocrx_word' id='word_1_434' title='bbox 1397 2379 1524 2407; x_wconf 88' lang='lat' dir='ltr'>tuorum</span> <span class='ocrx_word' id='word_1_435' title='bbox 1550 2385 1724 2417; x_wconf 80' lang='lat' dir='ltr'>regnorum</span> <span class='ocrx_word' id='word_1_436' title='bbox 1744 2375 1900 2409; x_wconf 85' lang='lat' dir='ltr'>Castellae</span> 
     </span>
     <span class='ocr_line' id='line_1_92' title="bbox 1162 2427 1900 2469; baseline 0.003 -10"><span class='ocrx_word' id='word_1_437' title='bbox 1162 2431 1193 2459; x_wconf 85' lang='lat' dir='ltr'>et</span> <span class='ocrx_word' id='word_1_438' title='bbox 1216 2427 1366 2469; x_wconf 81' lang='lat' dir='ltr'>Legionis</span> <span class='ocrx_word' id='word_1_439' title='bbox 1393 2427 1425 2459; x_wconf 91' lang='lat' dir='ltr'>in</span> <span class='ocrx_word' id='word_1_440' title='bbox 1451 2437 1562 2460; x_wconf 90' lang='lat' dir='ltr'>eorum</span> <span class='ocrx_word' id='word_1_441' title='bbox 1591 2428 1730 2461; x_wconf 86' lang='lat' dir='ltr'>comitiis</span> <span class='ocrx_word' id='word_1_442' title='bbox 1760 2428 1825 2461; x_wconf 88' lang='lat' dir='ltr'>sive</span> <span class='ocrx_word' id='word_1_443' title='bbox 1850 2439 1900 2460; x_wconf 91' lang='lat' dir='ltr'>cu-</span> 
     </span>
     <span class='ocr_line' id='line_1_93' title="bbox 1162 2480 1899 2524; baseline 0.001 -12"><span class='ocrx_word' id='word_1_444' title='bbox 1162 2480 1218 2512; x_wconf 91' lang='lat' dir='ltr'>riis</span> <span class='ocrx_word' id='word_1_445' title='bbox 1245 2480 1388 2524; x_wconf 83' lang='lat' dir='ltr'>(practer</span> <span class='ocrx_word' id='word_1_446' title='bbox 1413 2486 1444 2513; x_wconf 89' lang='lat' dir='ltr'>et</span> <span class='ocrx_word' id='word_1_447' title='bbox 1463 2482 1548 2514; x_wconf 88' lang='lat' dir='ltr'>ultra</span> <span class='ocrx_word' id='word_1_448' title='bbox 1565 2480 1742 2514; x_wconf 82' lang='lat' dir='ltr'>subsidium</span> <span class='ocrx_word' id='word_1_449' title='bbox 1766 2491 1899 2514; x_wconf 86' lang='lat' dir='ltr'>novem-</span> 
     </span>
     <span class='ocr_line' id='line_1_94' title="bbox 1162 2533 1896 2567; baseline 0.003 -2"><span class='ocrx_word' id='word_1_450' title='bbox 1162 2533 1264 2566; x_wconf 88' lang='lat' dir='ltr'>decim</span> <span class='ocrx_word' id='word_1_451' title='bbox 1289 2533 1471 2566; x_wconf 92' lang='lat' dir='ltr'>millionum</span> <span class='ocrx_word' id='word_1_452' title='bbox 1504 2545 1577 2567; x_wconf 90' lang='lat' dir='ltr'>cum</span> <span class='ocrx_word' id='word_1_453' title='bbox 1602 2534 1736 2566; x_wconf 88' lang='lat' dir='ltr'>dimidio</span> <span class='ocrx_word' id='word_1_454' title='bbox 1762 2533 1896 2567; x_wconf 84' lang='lat' dir='ltr'>alterius</span> 
     </span>
    </p>
   </div>
   <div class='ocr_carea' id='block_1_25' title="bbox 1198 2647 1666 2682">
    <p class='ocr_par' dir='ltr' id='par_1_28' title="bbox 1198 2647 1666 2682">
     <span class='ocr_line' id='line_1_95' title="bbox 1198 2647 1666 2682; baseline 0 -7"><span class='ocrx_word' id='word_1_455' title='bbox 1198 2650 1206 2675; x_wconf 92' lang='lat'>1</span> <span class='ocrx_word' id='word_1_456' title='bbox 1229 2647 1266 2675; x_wconf 85' lang='lat' dir='ltr'>Ex</span> <span class='ocrx_word' id='word_1_457' title='bbox 1287 2647 1392 2682; x_wconf 79' lang='lat' dir='ltr'>Regest.</span> <span class='ocrx_word' id='word_1_458' title='bbox 1414 2648 1443 2675; x_wconf 88' lang='lat' dir='ltr'>iu</span> <span class='ocrx_word' id='word_1_459' title='bbox 1463 2648 1566 2676; x_wconf 86' lang='lat' dir='ltr'>Secret.</span> <span class='ocrx_word' id='word_1_460' title='bbox 1590 2647 1666 2675; x_wconf 77' lang='lat' dir='ltr'>BreV.</span> 
     </span>
    </p>
   </div>
   <div class='ocr_carea' id='block_1_26' title="bbox 1912 2302 2080 2323">
    <p class='ocr_par' dir='ltr' id='par_1_29' title="bbox 1912 2302 2080 2323">
     <span class='ocr_line' id='line_1_96' title="bbox 1912 2302 2080 2323; baseline 0.006 -1"><span class='ocrx_word' id='word_1_461' title='bbox 1912 2302 2080 2323; x_wconf 64' lang='lat' dir='ltr'>Constituamus.</span> 
     </span>
    </p>
   </div>
  </div>
 </body>
</html>
