2247 3208
243 212 293 236 nn.
309 206 338 235 c.
361 207 428 235 ¹663
472 200 537 234 190

259 635 353 655 Pontifex
367 641 416 656 con·

232 661 300 681 firmat
316 664 415 682 statutum

233 688 321 712 capituli
352 694 414 713 gene-

232 714 288 734 ralis.

436 268 508 290 rum
533 257 775 290 confirmatione
791 284 798 297 ,
821 258 890 298 vel,
919 268 945 290 s1
973 268 1006 290 in
1032 257 1167 289 Domino

435 311 631 344 conveniens
647 310 824 351 videretur,
848 310 1048 343 cassatione:
1072 310 1166 342 nobis

433 368 607 406 propterea
632 362 702 405 ipse
728 363 884 406 magister
919 363 1082 405 generalis
1107 363 1168 395 hu-

433 415 551 448 militer
575 415 753 458 supplicari
778 416 852 448 feeit
868 421 902 448 ut
929 416 990 448 sibi
1015 415 1048 448 in
1073 426 1167 458 prae-

431 466 539 499 missis
565 472 748 510 opportune
773 468 942 511 providere
973 473 1005 500 et
1024 474 1060 500 ut
1082 468 1166 501 infra

430 519 600 562 indulgere
626 520 666 552 de
687 520 889 563 benignitate
915 521 1095 564 apostolica
1119 521 1166 553 di-

432 581 622 614 gnaremur.

475 625 489 668 g
513 625 545 657 4.
572 625 634 658 Nos
660 625 773 668 igitur,
801 626 950 658 eumdem
975 625 1164 668 magistrum

430 680 617 720 generalem
642 678 838 721 specialibus
858 678 1018 711 favoribus
1043 684 1074 711 et
1098 689 1165 721 gra-

429 730 481 763 tiis
505 730 662 773 prosequi
686 731 854 771 volentes,
881 736 912 763 et
944 742 962 763 a
994 731 1162 774 quibusvis

430 783 788 824 excommunicationis,
815 783 1040 826 suspensionis
1065 788 1097 815 ct
1120 784 1164 816 in·

430 835 582 877 terdicti,
613 835 749 879 aliisque
779 836 1008 868 ecclesiasticis
1033 841 1164 868 senten-

429 888 502 929 tiis,
536 889 682 922 censuris
714 894 745 922 et
779 890 918 932 poenis,
958 900 975 921 a
1006 890 1076 922 iure
1111 890 1162 922 vel

429 943 469 975 ab
495 943 636 983 homine,
659 942 768 986 quavis
794 943 965 975 occasione
991 944 1041 975 vel
1066 944 1163 974 causa

428 995 514 1035 latis,
533 995 559 1028 si
585 995 699 1038 quibus
726 995 969 1038 quomodolibet
992 995 1162 1027 innodatus

430 1048 545 1087 existit,
564 1048 603 1080 ad
630 1047 776 1080 effectum
800 1047 1019 1090 praesentium
1039 1048 1163 1079 dumta-

428 1106 482 1133 xat
506 1101 783 1143 consequendum,
811 1100 925 1132 harum
951 1100 1034 1132 serie
1060 1101 1163 1133 absol-

426 1158 559 1193 ventes,
586 1158 618 1185 et
653 1153 836 1185 absolutum
873 1153 940 1185 sore
966 1158 1159 1192 censentes,

428 1204 617 1238 huiusmodi
642 1204 932 1248 supplicationibus
950 1204 1102 1244 inclinati,
1122 1205 1161 1237 de

428 1257 565 1290 consilio
579 1256 815 1290 venerabilium
827 1257 961 1288 fratrum
976 1262 1162 1289 nostrorum

427 1308 460 1342 S.
480 1309 517 1342 R.
536 1309 571 1341 E.
591 1309 801 1342 cardinalium
818 1308 957 1351 negotiis
982 1314 1014 1341 et
1034 1311 1163 1342 consul-

428 1361 605 1394 tationibus
640 1361 870 1405 episcoporum
903 1366 935 1394 et
964 1361 1161 1404 regularium

428 1414 709 1458 praepositorum,
738 1415 777 1447 ad
803 1425 883 1457 quos
908 1424 1024 1457 preces
1050 1415 1163 1446 liuius-

428 1467 515 1500 modi
541 1467 735 1506 remisimus,
757 1467 831 1499 visis
858 1472 889 1499 et
912 1472 1037 1500 mature
1059 1468 1163 1500 consi—

429 1519 548 1552 deratis
574 1530 609 1551 ac
632 1519 804 1562 perpensis
830 1530 889 1561 per
910 1520 1042 1552 eosdem
1060 1520 1163 1552 cardi-

428 1572 518 1604 nales
542 1572 726 1604 memoratis
761 1571 933 1604 Clementis
970 1573 1163 1615 praedeces-

428 1624 512 1658 soris
538 1624 641 1657 nostri
666 1625 698 1657 in
724 1625 826 1657 forma
850 1626 957 1658 Brevis
982 1626 1100 1659 litteris
1133 1633 1164 1659 et

428 1678 633 1721 praeinserto
654 1683 771 1711 statuto
789 1678 918 1721 capituli
937 1680 1097 1721 generalis
1116 1691 1163 1712 ce-

427 1730 545 1762 lebrati
565 1730 602 1762 de
620 1741 703 1763 anno
720 1740 848 1770 MDCLvI,
875 1731 980 1773 ipsum
998 1736 1160 1771 statutum,

427 1782 619 1815 auctoritate
645 1783 842 1825 apostolica,
874 1788 985 1815 tenore
1011 1794 1162 1826 praescn-

427 1834 507 1866 tium
521 1835 739 1877 approbamus
755 1840 787 1867 et
803 1835 1045 1875 confirmamus,
1066 1836 1161 1878 eique

426 1886 629 1920 inhaerendo
655 1898 804 1929 expresse
829 1887 1036 1920 decernimus
1061 1888 1093 1920 in
1111 1899 1162 1931 po-

426 1944 545 1972 sterum
581 1940 796 1982 provinciales
825 1940 943 1972 nedum
978 1940 1160 1973 Mexicanae

427 1993 485 2024 sed
511 1992 606 2024 etiam
636 1993 770 2024 aliarum
800 1992 1034 2035 provinciarum
1059 1992 1162 2025 India-

426 2054 498 2076 rum
522 2044 648 2077 Ordinis
675 2045 859 2078 huiusmodi
878 2045 1061 2078 immediate
1088 2050 1161 2088 post

428 2106 540 2129 eorum
568 2107 626 2129 seu
658 2097 828 2129 cuiuslibet
860 2108 972 2130 eorum
1005 2097 1160 2140 capitula-

426 2159 496 2182 rem
521 2149 712 2182 electionem
743 2160 878 2182 munere
903 2161 960 2183 suo
993 2151 1080 2193 fungi
1107 2151 1160 2183 de-

426 2203 516 2243 here,
548 2203 649 2235 teneri
676 2208 781 2235 tamen
815 2205 928 2236 saltem
957 2204 1040 2236 intra
1068 2203 1160 2236 bien-

426 2255 515 2288 nium
539 2256 578 2288 ad
603 2256 793 2298 magistrum
818 2257 1002 2298 generalem
1033 2256 1160 2289 Ordinis

426 2308 585 2351 praedicti
620 2309 837 2341 transmittere
875 2310 1004 2342 decreta
1036 2314 1067 2341 et
1091 2314 1159 2341 acta

427 2370 559 2393 suarum
585 2361 805 2400 electionum,
839 2366 873 2392 ut
907 2361 977 2404 ipse
1003 2361 1160 2403 magister

427 2412 589 2454 generalis
615 2413 744 2445 easdem
770 2413 943 2445 electiones
970 2413 1159 2445 confirmare

425 2465 474 2496 vel
500 2474 623 2496 cassare
649 2464 755 2506 possit,
782 2470 879 2506 prout
902 2465 961 2496 sibi
987 2464 1063 2497 iuris
1089 2475 1158 2497 esse

425 2516 596 2548 videbitur.
613 2516 719 2555 Aliter,
738 2516 770 2548 in
788 2527 861 2548 casu
875 2517 1156 2556 contraventionis,

425 2569 495 2612 ipso
521 2569 589 2601 iure
615 2574 646 2601 et
669 2568 740 2611 ipso
766 2569 868 2609 sacto,
892 2574 922 2602 et
947 2570 1067 2613 absque
1093 2570 1176 2609 ulla1

1011 209 1190 233 Burmanni
1213 209 1365 234 nonarum

1203 257 1441 298 declaratione,
1466 256 1690 301 intelligantur
1726 259 1838 303 privati
1872 270 1941 293 suo*

1202 310 1442 352 provincialatu‚
1470 315 1501 343 et
1525 311 1704 344 habeantur
1724 313 1757 345 in
1781 313 1931 346 omnibus

1201 373 1237 394 ae
1263 363 1288 394 si
1314 362 1526 405 provinciales
1547 374 1613 396 non
1638 365 1782 405 fuissent,
1802 365 1930 408 sintque

1201 415 1320 457 pariter
1344 415 1457 458 privati
1483 426 1558 448 voce
1584 417 1682 449 activa
1701 423 1731 449 et
1747 418 1882 460 passiva,
1900 424 1932 451 et

1200 467 1361 500 inhabiles
1386 467 1419 500 in
1444 473 1634 511 perpetuum
1650 470 1769 501 nedum
1783 471 1821 502 ad
1838 481 1932 512 prae-

1200 519 1319 552 dictum
1346 520 1483 552 officium
1521 520 1765 563 provincialatus
1783 548 1791 561 ‚
1819 532 1931 554 verum

1199 572 1294 604 etiam
1320 572 1358 604 ad
1384 583 1609 615 quaecumque
1634 573 1696 605 alia
1720 573 1836 616 prioris
1853 600 1861 614 ,
1887 575 1932 607 vi-

1199 625 1359 664 sitatoris,
1385 625 1508 664 vicarii,
1546 625 1730 658 doctrinarii
1747 653 1754 666 ‚
1781 626 1845 659 sive
1870 627 1932 659 alia

1198 678 1316 718 munia,
1344 678 1438 710 etiam
1463 679 1660 719 scholastica,
1687 684 1718 711 et
1741 679 1932 712 subiaceant

1198 729 1339 762 effective
1371 730 1518 762 omnibus
1543 736 1574 763 et
1598 731 1732 773 singulis
1757 733 1871 775 poenis
1897 732 1930 765 in

1198 783 1341 824 praefato
1359 788 1474 816 statuto
1495 784 1664 816 contentis.

1946 211 1995 240 An.
2011 211 2040 240 C.
2061 212 2130 241 1663

1240 835 1255 876 ᾗ
1279 835 1309 867 5.
1336 835 1380 867 Ne
1406 828 1521 876 autem,
1540 847 1576 868 ex
1593 836 1690 868 dubio
1709 847 1808 879 super
1824 837 1930 869 validi·
1971 847 2060 874 Suppiat
2075 848 2126 870 ium

1198 892 1260 919 tate
1281 889 1330 920 vel
1355 888 1501 920 nullitate
1520 889 1714 921 electionum
1732 889 1929 929 huiusmodi,

1197 949 1272 981 erga
1296 940 1508 982 provinciales
1526 942 1646 973 electos
1672 941 1856 974 obedientia
1876 942 1929 975 de-

1196 997 1341 1034 negetur,
1360 993 1408 1025 vel
1426 993 1663 1035 subsequantur
1679 994 1854 1034 nullitates,
1874 1005 1930 1027 au-

1196 1044 1342 1076 ctoritate
1369 1050 1400 1077 et
1424 1050 1535 1077 tenore
1562 1045 1714 1087 praefatis
1735 1047 1882 1078 volumus
1898 1051 1930 1078 et

1195 1098 1384 1129 mandamus
1401 1098 1529 1129 easdem
1547 1098 1735 1138 electiones,
1755 1099 1929 1132 dummodo

1195 1148 1364 1181 sufficienti
1388 1154 1536 1181 votorum
1562 1160 1695 1182 numero
1720 1160 1737 1182 a
1754 1149 1929 1192 suffragan-

1196 1201 1279 1234 tibus
1304 1202 1523 1244 capitulariter
1546 1202 1610 1234 sint
1634 1203 1752 1241 sactae,
1777 1202 1929 1245 quicquid

1196 1253 1282 1287 sore¹
1306 1256 1501 1288 reclametur
1526 1260 1579 1287 aut
1603 1260 1795 1298 opponatur,
1821 1257 1928 1299 quoad

1195 1318 1293 1349 usque
1333 1307 1552 1350 expectabitur
1585 1308 1754 1351 responsio
1785 1307 1928 1350 magistri

1196 1359 1365 1402 generalis,
1384 1366 1548 1403 tamquam
1572 1360 1743 1393 canonicas
1768 1365 1800 1393 et
1823 1361 1929 1403 legiti-

1181 1423 1261 1445 ,mas
1288 1413 1454 1445 habendas
1478 1423 1562 1453 esse,
1590 1414 1771 1459 supplendo
1796 1423 1855 1456 pro
1880 1413 1928 1445 in-

1181 1458 1185 1476 ⁴*
1197 1465 1288 1497 terim
1313 1475 1349 1497 ex
1375 1476 1459 1497 nunc
1482 1476 1541 1508 pro
1567 1470 1641 1497 tunc
1673 1476 1785 1498 omnes
1809 1470 1840 1498 et
1864 1465 1930 1498 sin-

1197 1520 1286 1560 gulos
1312 1518 1388 1550 iuris
1413 1523 1445 1551 et
1470 1518 1542 1550 sacti
1568 1519 1720 1558 desectus,
1743 1518 1797 1561 qui
1824 1519 1857 1551 in
1882 1519 1927 1551 cis

1198 1572 1318 1603 sorsant
1348 1571 1589 1604 intercesserint
1620 1571 1817 1613 respective3
1844 1571 1929 1603 salva

1196 1634 1324 1667 semper
1352 1624 1384 1656 in
1415 1623 1600 1666 praemissis
1632 1623 1822 1656 auctoritate
1853 1633 1928 1656 con-

1196 1676 1394 1718 gregationis
1419 1676 1605 1708 eorumdem
1631 1676 1856 1708 cardinalium.

1239 1729 1253 1771 g
1276 1728 1307 1761 6.
1335 1729 1556 1761 Decernentes
1578 1729 1710 1761 easdem
1734 1733 1927 1771 praesentes

1196 1780 1320 1813 litteras
1346 1791 1478 1823 semper
1501 1780 1625 1820 sirmas,
1651 1780 1774 1813 validas
1801 1786 1833 1812 et
1861 1779 1928 1812 effi-

1196 1843 1288 1865 caces
1315 1832 1453 1865 existere
1480 1838 1511 1865 et
1535 1833 1623 1872 sore,
1650 1843 1790 1875 suosque
1815 1834 1928 1876 plena-

1196 1885 1260 1917 rios
1286 1891 1319 1917 et
1349 1885 1495 1927 integros
1522 1884 1653 1918 effectus
1679 1885 1789 1917 sortiri
1814 1891 1846 1917 et
1870 1885 1927 1917 ol]-

1195 1939 1308 1978 tinere‚
1324 1949 1360 1971 ac
1378 1939 1417 1971 ab
1434 1938 1510 1978 illis,
1532 1939 1570 1971 ad
1589 1949 1669 1981 quos
1684 1943 1810 1981 spectat
1822 1943 1854 1970 et
1867 1948 1928 1981 pro

1195 1987 1339 2034 tempore
1373 1992 1641 2034 quandocumque
1675 1990 1854 2034 spectabit,
1880 1990 1928 2022 in-

1194 2044 1390 2076 violabiliter
1414 2044 1601 2083 observari,
1640 2044 1751 2086 sicque
1776 2043 1809 2075 in
1833 2053 1928 2085 prac-

1195 2096 1303 2128 missis
1328 2106 1389 2139 per
1405 2106 1631 2138 quoscumque
1651 2095 1776 2127 iudices
1797 2095 1928 2128 ordina-

1195 2149 1260 2182 rios
1286 2154 1318 2181 et
1342 2149 1524 2190 delegatos,
1551 2148 1649 2180 etiam
1673 2159 1845 2180 causarum
1870 2159 1927 2191 pa-

1194 2201 1262 2234 latii
1298 2200 1471 2244 apostolici
1507 2201 1698 2241 auditores,
1731 2200 1868 2233 iudicari
1895 2205 1928 2233 ct

1194 2253 1322 2286 definiri
1345 2254 1479 2293 debere,
1501 2264 1538 2286 ac
1563 2253 1693 2285 irritum
1719 2259 1750 2286 ct
1782 2254 1879 2286 inane
1899 2253 1926 2285 si

1194 2317 1288 2339 secus
1309 2317 1410 2350 super
1428 2307 1478 2339 liis
1498 2318 1516 2339 a
1538 2317 1713 2350 quoquam,
1732 2307 1844 2350 quavis
1870 2317 1926 2338 au-

1193 2359 1358 2399 ctoritate,
1385 2359 1528 2392 scienter
1552 2361 1603 2392 vel
1627 2360 1831 2402 ignoranter,
1854 2369 1927 2392 con-

1194 2412 1304 2454 tigerit
1322 2414 1488 2445 attentari.

1236 2465 1250 2506 g
1275 2464 1305 2496 7.
1332 2464 1485 2502 Quocirca
1510 2466 1749 2499 venerabilibus
1776 2465 1925 2499 fratribus

1192 2517 1320 2549 illarum
1345 2517 1481 2559 partium
1506 2518 1768 2561 archiepiscopis,
1801 2518 1925 2561 episco-

1229 2579 1238 2603 1
1258 2577 1367 2604 Videtur
1381 2578 1524 2613 legendum
1542 2580 1615 2614 sorte
1632 2587 1678 2613 pro
1693 2580 1754 2613 sore
1769 2580 1806 2613 (tt.
1824 2581 1871 2613 Τ.).

1944 874 2047 897 desectus.

1969 1737 2090 1759 elausutau.

1962 2470 2079 2492 Contrariis
2088 2470 2125 2492 d«—

1941 2499 2009 2523 rogat.
