2247 3208
199 262 248 289 An.
266 262 293 289 c.
317 261 383 288 1668
431 251 494 286 714

221 479 310 501 Sanctio
330 485 379 506 poe-

195 506 258 527 nans.

225 1580 366 1602 ruo-mium.

396 360 654 394 ordinationibus
700 355 908 399 apostolicis,
948 354 1129 396 ceterisque

396 413 566 446 contrariis
593 411 861 454 quibuscumque.

437 466 521 498 Nulli
555 475 632 507 ergo
666 463 798 495 omnino
834 461 1000 494 hominum
1035 459 1131 492 liceat

394 519 476 550 hinc
492 517 640 560 1133111111]
663 520 793 547 nostiae
814 513 1045 552 absolutionis,
1059 522 1131 543 con-

982 253 1160 279 BULLARIUM
1184 252 1333 277 Romnum

396 308 625 345 concedendis,
646 306 779 348 aliisque
798 302 1083 336 constitutionibus
1100 304 1132 333 et

1173 299 1235 333 fide
1260 299 1430 343 dignorum
1455 302 1646 335 testimoniis
1671 303 1774 336 iuvari
1794 315 1907 347 perce-

1173 353 1294 396 pimus,
1322 363 1378 385 nos
1405 354 1560 386 inducunt
1583 360 1617 386 ut
1642 356 1704 388 illis
1733 357 1907 390 reddamur

1173 405 1212 437 ad
1238 406 1372 448 gratiam
1397 406 1560 438 liberales.

1217 459 1231 501 §
1254 458 1284 490 1.
1313 458 1393 490 111110
1411 463 1459 490 031
1476 459 1560 501 quod
1578 469 1647 499 nos,
1670 461 1814 494 volentes
1833 461 1905 495 illos

1150 510 1366 560 specialibus
1392 511 1554 543 faxorihus
1588 517 1620 543 et
1650 512 1759 554 gratiis
1793 525 1906 556 prose-

1911 258 1960 286 An.
1977 258 2005 286 C.
2028 259 2102 287 1668

1958 475 2099 500 Capnellanot

1916 506 1965 521 53110
1974 502 2102 528 5111113Αο0-

1917 529 1963 548 stoli
1959 534 2006 549 icae
2037 535 2063 548 nn·
2060 532 2100 549 ·-1.³

1917 559 1957 574 rto

393 570 563 607 cessionis,
581 567 790 610 0131311101113,
806 565 1013 599 raeltxationis
1032 569 1062 597 et
1083 564 1131 596 in-
1150 567 1153 601 ξ
1174 563 1237 606 qui,
1265 574 1385 606 eosque
1410 574 1427 595 a
1452 564 1617 606 quibusvis
1651 566 1907 599 excommunica·
1917 554 2100 602 ῃοιᾶύεξὲῗὲιιῗοὶ

394 624 472 656 (111111
499 623 687 664 1111111130]ῃο
713 621 761 653 vel
787 620 815 653 ei
840 630 921 652 ausu
955 617 1129 651 temeiario

392 676 573 715 contraire;
601 675 625 707 si
653 675 723 717 quis
748 678 854 706 autem
879 673 939 705 1100
971 676 1130 704 attentare

392 730 657 774 praesumpserit,
684 727 943 770 indignationem
974 725 1131 767 omnipo-

392 784 488 816 tentis
520 783 574 815 Dei
607 793 641 814 ac
665 782 832 814 beatorum
863 779 947 811 Petri
980 783 1012 811 et
1041 777 1129 810 Pauli

393 836 616 879 apostolorum
638 835 704 867 eius
723 844 756 866 30
774 832 898 866 noverit
913 832 1126 864 incursurum.

436 889 551 920 Datum
574 888 704 925 Romae,
727 887 810 929 apud
832 885 862 917 S.
887 885 1025 922 Petrum,
1045 893 1129 915 anno

394 941 628 974 lncarnationis
664 939 845 972 diminicae
879 946 1129 974 imctxv111‚vn

393 994 464 1027 idus
489 992 693 1036 septembris,
720 990 923 1034 pontificatus
949 987 1049 1021 nostri
1075 998 1130 1020 an-

392 1057 434 1079 no
460 1057 494 1079 11.

428 1108 486 1134 Dat.
504 1107 546 1134 die
562 1107 592 1133 7·
615 1105 776 1141 septembris
799 1104 876 1138 1668,
897 1111 966 1130 anno
986 1111 1016 1130 11.

675 1247 817 1280 LXXVII.

460 1328 621 1361 Concessio
644 1327 893 1370 priv.¹'leqi'orum
916 1335 974 1368 pro
999 1325 1067 1356 suis

541 1381 721 1423 capellanis
745 1378 979 1412 communibus.

619 1460 751 1486 clemens
773 1459 853 1492 Papa
874 1458 925 1487 ΙΧ,

533 1505 570 1531 ad
590 1504 723 1530 futuram
743 1502 786 1529 rei
811 1502 991 1528 memoriam.

439 1575 533 1608 Grata
566 1573 793 1607 familiaritatis
834 1571 1010 1614 obsequia,
1052 1580 1133 1613 qnae

397 1629 509 1662 dilecti
532 1627 589 1661 filii
608 1627 882 1667 Michaelangclus
908 1624 1047 1657 Lualdus
1071 1623 1134 1656 Ro-

396 1692 519 1720 manus,
547 1680 724 1712 canonicus
749 1677 912 1717 secularis,
932 1676 1134 1718 0100110313-

397 1740 449 1768 tae
475 1732 631 1766 ecclesiae
658 1732 689 1764 S.
717 1731 812 1764 Marci
839 1731 877 1762 de
903 1730 999 1768 Urbe,
1022 1729 1135 1761 Hiero-

399 1797 513 1829 nymus
549 1784 722 1817 Mainerius
759 1783 941 1826 Aquensis,
984 1781 1134 1814 Nicotaus

397 1839 534 1872 Nocetus
559 1838 732 1877 Romanus,
758 1836 892 1868 loannes
909 1834 1136 1876 Guadagnolus

400 1891 563 1930 Aretinus,
588 1890 705 1922 Paulus
730 1887 925 1921 Blanconius
956 1887 1133 1927 Romanus,

401 1944 536 1977 clericus
554 1942 764 1975 beneficiatus
779 1941 810 1973 in
825 1939 960 1973 Basilica
977 1939 1135 1982 Principis

400 1997 645 2040 'Apostolorun'1‚
663 2000 694 2027 et
711 1993 899 2026 Franciscus
917 1993 1072 2035 Agnellus
1090 1991 1138 2023 Ri-

401 2048 573 2093 panensis,
600 2047 773 2079 canonicus
800 2045 966 2084 secularis,
991 2045 1138 2077 0100110-

404 2103 507 2145 giatae
534 2101 690 2134 ecclesiae
716 2100 763 2133 Ss.
791 2099 873 2132 Celsi
899 2104 929 2132 et
953 2098 1066 2131 Iuliani
1099 2099 1137 2130 de

405 2156 515 2188 eadem
542 2154 625 2187 Urbe
656 2153 859 2197 presbyteri,
892 2151 1041 2184 moderni
1067 2162 1140 2194 cap-

404 2208 534 2251 pellani,
562 2207 734 2239 familiares
757 2205 870 2245 nostri,
890 2205 984 2237 nobis
1003 2209 1033 2236 et
1057 2204 1139 2247 Apo-

406 2261 537 2293 stolicae
563 2260 637 2292 Sodi
663 2260 820 2291 liat-tenus
838 2257 1084 2300 impenderunt,
1110 2260 1141 2288 et

407 2313 512 2344 adliuc
544 2312 691 2344 sollicitis
717 2311 828 2343 studiis
861 2310 1050 2352 impendere
1075 2320 1141 2342 non

408 2364 574 2404 desistunt,
601 2374 727 2396 necnon
754 2363 835 2395 vitae
861 2373 897 2394 ac
930 2372 1056 2394 morum
1088 2361 1131 2393 ho

408 2422 530 2456 nestas,
557 2417 682 2459 aliaque
715 2415 888 2448 laudabilia
914 2414 1085 2457 probitatis
1112 2419 1144 2446 et

409 2469 562 2501 virtutum
587 2468 713 2508 merita,
739 2468 853 2511 quibus
884 2478 998 2499 eorum
1031 2477 1143 2509 perso-

409 2532 466 2554 nas
480 2526 542 2554 tam
556 2521 703 2553 familiari
722 2520 920 2564 experientia
934 2520 1029 2552 etiam
1047 2529 1142 2562 quan]

448 2638 456 2664 1
481 2636 547 2664 Male
563 2636 605 2663 ed.
622 2635 700 2662 Main.
718 2635 751 2662 ad
763 2643 850 2670 marg.
866 2634 949 2661 habet
965 2634 1000 2661 13
1016 2634 1052 2670 (R.
1064 2633 1111 2670 1,).

1150 617 1279 656 1101113,
1306 617 1529 659 suspensionis
1554 623 1585 649 et
1609 618 1786 658 interdicti
1819 619 1906 652 aliis-

1173 680 1236 711 que
1262 669 1487 702 ecclesiasticis
1511 670 1689 709 sententiis,
1710 671 1856 703 0011311113
1876 677 1907 703 et

1172 721 1310 764 poenis,
1342 732 1359 754 a
1383 722 1452 754 iure
1479 722 1527 754 vel
1554 722 1592 754 ab
1617 722 1769 762 homine,
1799 724 1906 766 quavis

1174 774 1343 808 occasione
1368 776 1416 807 vel
1442 776 1537 807 causa
1554 775 1635 815 latis,
1653 775 1677 807 si
1699 776 1813 818 quibus
1830 787 1908 819 quo-

1173 827 1350 860 modolibet
1370 828 1514 861 innodati
1535 828 1686 868 existunt,
1703 829 1741 861 ad
1760 827 1906 861 effectum

1173 879 1390 922 praesentium
1424 881 1587 913 dumtaxat
1622 881 1904 924 consequendum,

1174 933 1290 965 harum
1315 933 1396 965 serie
1422 933 1638 973 absolventes,
1675 939 1706 965 et
1738 934 1906 966 absolutos

1175 986 1242 1018 fore
1275 992 1462 1026 censentes,
1498 991 1587 1019 motu
1616 987 1759 1029 proprio,
1785 992 1816 1019 et
1842 997 1907 1019 non

1174 1039 1213 1071 ad
1239 1038 1499 1081 supradictorum
1523 1038 1811 1080 Michaelisangeli,
1836 1038 1908 1071 Hie-

1175 1091 1312 1134 ronymi,
1339 1090 1474 1130 Nicolai,
1492 1090 1632 1131 Ioannis,
1652 1091 1741 1124 Pauli
1763 1096 1794 1123 et
1811 1091 1909 1123 Fran-

1175 1143 1261 1183 cisci,
1286 1143 1336 1176 vel
1354 1143 1487 1175 alicuius
1507 1143 1667 1186 ipsorum,
1696 1149 1751 1176 aut
1773 1143 1910 1176 aliorum

1175 1206 1234 1239 pro
1260 1195 1304 1228 eis
1330 1195 1424 1227 nobis
1449 1205 1547 1238 super
1571 1195 1634 1228 hoc
1666 1196 1793 1228 oblatae
1826 1195 1909 1238 peti-

1176 1248 1273 1281 tionis
1298 1248 1497 1289 instantiam,
1522 1248 1579 1281 sed
1608 1249 1646 1281 de
1682 1250 1771 1281 mera
1801 1250 1911 1281 nostra

1177 1302 1425 1342 deliberatione,
1446 1312 1481 1334 ac
1505 1304 1590 1334 certa
1615 1301 1757 1341 scientia,
1781 1305 1911 1344 aposto-

1176 1356 1236 1388 1103
1261 1355 1464 1395 auctoritate,
1482 1359 1594 1387 tenore
1611 1353 1840 1397 praesentium,
1861 1353 1911 1386 Mi-

1177 1408 1498 1450 chaelemangelum,
1534 1407 1782 1450 Hieronymum,
1819 1406 1911 1440 Nico-

1178 1462 1273 1500 laum,
1300 1460 1468 1500 Ioannem,
1494 1460 1626 1493 Paulum
1651 1465 1683 1492 01
1705 1459 1912 1492 Franciscum

1178 1514 1369 1556 praedictos,
1385 1518 1418 1546 et
1429 1513 1559 1546 illorum
1573 1512 1726 1555 singulos,
1738 1512 1769 1544 in
1784 1516 1910 1544 nostros

1178 1571 1209 1599 et
1233 1566 1323 1598 Sedis
1348 1566 1551 1608 Apostolicae
1576 1565 1719 1598 notarios
1738 1565 1912 1608 recipimus

1177 1629 1213 1651 ac
1241 1619 1320 1651 sacri
1351 1618 1462 1661 palatii
1495 1624 1527 1651 et
1558 1620 1650 1651 aulae
1685 1618 1912 1650 Lateranensis

1918 609 1985 627 'Ureat

1178 1672 1312 1705 comites
1330 1671 1412 1714 (sine
1439 1677 1544 1704 tamen
1562 1671 1751 1704 dilectorum
1774 1670 1914 1704 filiorum
1932 1694 1936 1697 -

1178 1724 1379 1758 notariorum
1413 1725 1451 1757 de
1484 1735 1618 1758 numero
1652 1723 1915 1767 participantium

1178 1778 1408 1821 praeiudicio),
1441 1788 1567 1810 necnon
1602 1777 1729 1810 nobiles
1754 1777 1914 1810 Romanos

1180 1836 1211 1863 et
1235 1831 1323 1863 urbis
1348 1831 1484 1871 Romae,
1510 1830 1717 1873 omniumque
1748 1835 1779 1862 et
1807 1829 1916 1871 singu-

1180 1885 1284 1916 larum
1309 1884 1445 1916 aliarum
1471 1883 1657 1923 civitatum,
1692 1888 1851 1916 terrarum
1884 1887 1917 1917 et

1180 1939 1326 1970 locorum
1352 1936 1382 1969 S.
1411 1936 1448 1968 R.
1474 1936 1509 1968 E.
1545 1936 1682 1968 mediate
1722 1936 1771 1968 vel
1804 1935 1916 1968 imme-

1181 1990 1265 2023 diate
1278 1989 1510 2028 subiectorum,
1530 1988 1614 2021 cives
1632 1999 1779 2021 creamus
1798 1993 1829 2020 et
1845 1997 1917 2020 con-

1182 2043 1352 2082 stituimus,
1368 2042 1449 2074 acin
1467 2051 1635 2073 numerum
1662 2046 1694 2073 et
1718 2040 1917 2073 consortium

1182 2100 1365 2128 nostrorum
1391 2099 1420 2127 et
1434 2094 1578 2127 eiusdem
1599 2093 1689 2126 Sedis
1708 2093 1916 2133 notariorum,

1183 2159 1308 2182 necnon
1333 2147 1444 2192 palatii
1465 2152 1497 2179 et
1518 2147 1608 2179 aulae
1625 2145 1788 2185 comitum,
1809 2155 1845 2178 ac
1862 2155 1919 2177 no-

1182 2202 1295 2235 bilium
1319 2201 1544 2239 Romanorum,
1572 2199 1773 2242 aliorumque
1799 2197 1918 2231 civium

1184 2256 1344 2288 civitatum
1360 2260 1391 2287 et
1401 2253 1595 2297 oppidorum
1610 2252 1859 2296 praedictorum,
1871 2261 1920 2284 re-

1184 2308 1316 2341 ferimus
1330 2312 1360 2340 ct
1374 2306 1616 2346 conscribimus,
1628 2305 1778 2348 ipsisque,
1794 2303 1919 2337 etiamsi

1185 2360 1332 2392 habitum
1358 2364 1389 2391 et
1420 2358 1620 2391 rocchettum
1648 2357 1847 2390 notariorum
1873 2356 1920 2389 di-

1185 2417 1254 2445 ctae
1278 2411 1369 2444 Sedis
1395 2411 1480 2443 iuxta
1504 2410 1670 2443 decretum
1692 2407 1918 2442 Laterancnsis

1185 2465 1318 2499 Concilii
1345 2465 1522 2497 novissime
1553 2463 1707 2496 celebrati
1739 2473 1804 2495 non
1833 2462 1921 2495 defe-

1186 2522 1268 2557 rant,
1295 2522 1349 2550 aut
1369 2517 1514 2549 civitates
1533 2515 1720 2548 huiusmodi
1741 2525 1805 2547 non
1832 2514 1922 2546 inco-

1186 2570 1313 2610 luerint,
1329 2580 1387 2602 nec
1400 2579 1540 2612 unquam
1558 2569 1590 2600 in
1604 2568 1725 2601 eisdem
1743 2567 1920 2600 civitatibus

1188 2623 1386 2657 domicilium
1422 2622 1610 2662 habuerint,
1642 2626 1677 2653 ut
1708 2621 1857 2653 omnibus
1891 2626 1924 2655 et
