2247 3208
205 245 254 271 nn.
271 245 299 271 e.
322 244 385 271 :coo
431 234 494 269 836

393 293 465 326 illas
491 290 678 334 aper-itionis
697 289 771 328 oris,
790 287 1005 320 restitutionis
1027 286 1060 318 in
1081 286 1130 317 in-

393 351 528 387 tegrum,
556 342 683 376 aliudve
702 342 926 384 quodcumque
947 339 1036 379 iuris,
1056 339 1127 371 sacti

391 399 441 430 vel
468 396 588 439 gratiae
614 394 792 426 remedium
819 391 983 436 impetrari
1005 402 1060 424 seu
1079 391 1128 423 in-

391 450 528 489 tentari,
561 449 611 481 vel
638 447 732 480 etiam
756 451 841 479 motu
867 444 1001 489 proprio
1027 454 1063 477 ac
1087 444 1126 476 de

391 503 583 546 apostolicae
614 500 784 544 potestatis
817 498 1018 542 plenitudine
1052 508 1126 531 con-

390 565 481 588 cesso
508 556 557 587 vel
582 559 730 587 emanato
751 552 934 596 quempiam
955 551 988 584 in
1004 550 1125 584 iudicio

389 609 437 641 vel
463 613 553 641 extra
578 606 656 640 illud
681 607 725 639 uti
753 617 809 639 scu
837 616 868 638 se
894 604 992 637 iurari
1017 615 1123 648 posse,

389 662 443 694 sed
470 661 555 704 ipsas
580 664 767 703 praesentes
785 659 908 692 litteras
929 667 1056 701 semper
1072 657 1126 689 fir-

389 724 467 753 maS,
486 713 606 746 validas
625 718 655 745 et
676 712 821 744 efficaces
839 711 977 744 existere
1000 716 1031 743 et
1047 711 1123 749 sore,

389 777 529 809 suosque
562 765 727 809 plenarios
759 770 790 797 et
821 765 965 806 integros
992 763 1124 796 effectus

388 819 493 852 sortiri
513 824 545 851 et
562 818 722 857 obtinere,
744 828 780 850 ac
797 818 936 860 collegio
955 821 987 849 et
1003 821 1124 859 empto-

388 871 475 904 ribus
489 871 672 915 praedictis,
692 871 827 913 aliisque
846 870 883 902 ad
899 880 979 912 quos
998 873 1124 912 spectat

388 930 419 957 et
431 934 490 967 pro
508 930 654 968 tempore
670 924 938 967 quandocumque
954 921 1120 965 spectabit,

387 1030 520 1072 sragari,
547 1031 656 1073 sicque
671 1035 703 1062 et
721 1040 783 1062 non
802 1029 896 1061 aliter
915 1028 945 1060 in
966 1028 1122 1071 praemis-

386 1084 429 1116 sis
450 1094 508 1126 per
525 1093 723 1126 quoscuch
746 1082 867 1115 iudices
888 1081 1070 1114 ordinarios
1091 1086 1123 1113 et

386 1137 564 1179 delegatos,
591 1137 687 1169 etiam
715 1146 884 1168 causarum
911 1134 1019 1178 palatii
1048 1145 1122 1177 apo-

385 1191 491 1223 stolici
509 1189 683 1229 auditores,
701 1200 736 1221 ac
753 1189 783 1221 S.
798 1189 834 1220 R.
847 1189 881 1221 E.
896 1187 1119 1226 camerarium,

968 238 1150 262 m'LLAmt‘nt
1175 239 1327 262 nonulli!

1172 295 1241 317 rum
1256 286 1327 318 novi
1350 286 1463 319 Montis
1481 287 1665 323 huiusmodi
1682 296 1906 333 proventurae,

1171 337 1203 369 in
1229 343 1299 370 actu
1326 349 1435 371 earum
1457 340 1626 373 solutionis
1642 342 1737 376 unico
1755 348 1904 377 contextu

1170 390 1201 422 in
1227 391 1484 434 redemptionem
1514 397 1545 425 et
1570 393 1799 428 extinctionem
1826 398 1906 429 alte-

1170 444 1238 476 rius
1262 444 1376 477 Montis
1400 445 1534 488 praefati
1561 446 1644 479 sicut
1662 448 1842 490 praefertur
1857 449 1905 482 in-

1170 501 1259 540 tegre
1295 503 1544 539 convertantur,
1576 501 1624 532 vel
1654 501 1769 534 saltem
1804 512 1904 544 penes

1169 549 1322 583 dilectum
1354 549 1455 583 filium
1487 551 1690 585 Vincentium
1726 554 1903 588 Bavellium

1168 602 1401 645 depositarium
1416 604 1544 647 collegii
1561 605 1717 648 praedicti
1739 606 1904 649 deponan-

1168 660 1227 695 tur,
1255 656 1329 688 inde
1355 667 1419 689 non
1446 658 1642 690 amovendae
1667 658 1728 691 nisi
1753 660 1792 692 ad
1810 659 1904 694 effec-

1167 713 1232 741 tum
1258 709 1328 741 illas
1354 709 1398 742 sic
1423 711 1630 743 convertendi
1670 716 1702 744 et
1737 713 1901 754 erogandi,

1166 766 1266 804 utque
1292 762 1377 794 idem
1406 773 1509 795 novus
1543 763 1631 796 Mons
1665 763 1776 806 vigore
1813 775 1907 808 prac-

1165 815 1304 847 sentium
1331 816 1502 858 erigenam
1537 816 1620 849 intra
1649 818 1818 850 duodecim
1849 829 1903 851 an-

1165 879 1222 901 nos
1247 868 1285 901 ab
1311 869 1396 901 illius
1413 870 1576 902 erectione
1599 872 1833 914 computandos
1851 882 1902 904 ex-

1142 919 1268 964 ‘-‹tingui
1294 922 1422 954 debeat.

386 977 419 1009 in
438 978 588 1010 omnibus
608 982 638 1010 et
655 987 712 1020 per
730 976 836 1009 omnia
854 975 1042 1018 plenissime
1057 975 1123 1007 sus-
1142 966 1144 1002 ἶ

1200 993 1296 1019 Datum
1315 993 1419 1025 ltomae,
1438 993 1508 1027 apud
1523 994 1550 1021 S.
1568 993 1674 1021 Mariam
1691 995 1830 1029 Maiorem,
1851 996 1901 1023 sub

1163 1037 1262 1064 annulo
1280 1037 1434 1071 Pismtoris,
1452 1037 1494 1064 die
1510 1045 1536 1064 iv
1559 1039 1662 1065 ianuari
1687 1046 1815 1071 noema.
1834 1049 1900 1075 pon-

1163 1081 1280 1108 tificatus
1299 1081 1382 1108 nostri
1402 1090 1471 1108 anno
1491 1088 1519 1108 11.
1651 1083 1670 1109 t.
1692 1084 1713 1110 G
1744 1084 1864 1111 siusius.

1236 1127 1304 1153 Loco
1320 1127 1340 1162 -l-
1354 1127 1445 1153 annuli
1462 1128 1618 1154 Piscatoris.

1209 1189 1251 1221 Ac
1279 1189 1362 1222 iuxta
1386 1189 1474 1221 illius
1500 1190 1634 1222 sormam
1666 1190 1899 1223 continentiam

384 1248 416 1274 et
433 1243 511 1276 alios
528 1243 718 1279 cardinales,
736 1252 862 1274 necnon
883 1241 1121 1274 thesaurarium
1141 1279 1144 1283 ,
1164 1246 1194 1274 et
1215 1247 1370 1281 tenorem,
1397 1246 1429 1274 et.
1450 1252 1515 1274 non
1533 1242 1619 1281 alias,
1640 1247 1714 1281 etc.‚
1741 1242 1899 1286 praedicti

386 1297 581 1337 generalem,
607 1295 840 1338 praesidentes,
868 1294 1011 1334 clericos,
1036 1305 1121 1327 corn—
1141 1289 1144 1323 Ι
1163 1293 1373 1327 illustrissimi
1410 1294 1527 1327 domini
1566 1295 1730 1328 secretarii
1770 1301 1900 1339 aposto-

385 1348 587 1388 missarium,
617 1353 806 1390 ceterosque
840 1347 942 1379 dictae
975 1357 1120 1380 camerae
1164 1347 1217 1380 lici
1243 1347 1288 1379 sic
1313 1353 1346 1379 ut
1372 1358 1467 1391 supra
1489 1348 1677 1391 congregati
1699 1348 1900 1381 unanimiter

385 1401 538 1434 officiales
564 1407 595 1433 et
619 1400 799 1437 ministros,
832 1405 864 1432 et
891 1400 969 1432 alios
999 1399 1121 1442 quosli·
1163 1407 1194 1433 et
1218 1401 1432 1441 concorditer,
1452 1407 1482 1434 et
1499 1401 1630 1433 nemine
1657 1401 1798 1444 ipsorum
1825 1413 1899 1434 con-

384 1455 440 1487 bet
465 1464 665 1497 quacumque
691 1453 947 1496 praeeminentia
972 1457 1003 1484 et
1027 1458 1120 1495 pote·
1163 1452 1349 1492 tradicente‚
1365 1458 1491 1495 sponte,
1508 1455 1897 1494 etc.,acornnibns,etc.,

384 1511 465 1538 state
493 1506 659 1548 fungentes
684 1510 713 1537 et
734 1506 911 1544 sunciuros,
935 1504 1059 1537 sublata
1073 1505 1118 1537 cis
1138 1507 1143 1560 f
1163 1505 1282 1537 dictum
1320 1505 1477 1545 Montcm,
1503 1511 1538 1537 ut
1571 1516 1668 1549 supra
1699 1512 1842 1539 erectum
1869 1512 1900 1538 et

384 1566 414 1592 ct
433 1570 547 1592 eorum
565 1559 696 1592 cuilibet
714 1559 822 1602 quavis
842 1559 936 1591 aliter
956 1558 1119 1591 iudicandi

383 1618 413 1644 et
431 1612 664 1655 interpretandi
690 1612 838 1644 facultate
864 1617 894 1643 et
919 1611 1117 1651 auctoritate,

382 1664 515 1697 iudicari
541 1670 572 1697 et
592 1664 717 1697 definiri
740 1665 870 1704 debere,
891 1675 926 1697 ac
943 1664 1069 1696 irritum
1088 1669 1119 1696 et

382 1718 475 1750 inane
501 1718 523 1750 si
550 1728 639 1750 secus
671 1729 767 1761 super
797 1718 846 1750 liis
881 1729 897 1751 a
929 1728 1091 1761 quoquam
1109 1744 1116 1757 ,

382 1771 491 1814 quavis
518 1771 716 1811 auctoritate,
738 1772 877 1804 scienter
890 1772 938 1804 vel
965 1771 1116 1814 ignoran-

381 1828 430 1855 ter
447 1824 621 1865 contigerit
637 1823 800 1856 attentari.
816 1823 885 1856 Non
902 1824 1116 1864 obstantibus,

381 1881 539 1918 quatenus
558 1886 639 1918 opus
658 1876 709 1915 sit,
730 1876 924 1909 recolendae
942 1876 1117 1909 memoriae

380 1927 425 1959 rii
452 1928 509 1959 Pr.
535 1928 570 1959 tv
591 1928 851 1971 praedecessoris
873 1928 993 1971 pariter
1015 1929 1116 1961 nostri

381 1980 419 2012 de
445 1981 554 2022 gratiis
579 1982 813 2023 qualecumque
840 1981 994 2014 interesse
1014 1981 1117 2014 dictae

380 2043 525 2065 camerae
551 2033 822 2066 concernentibus
853 2034 884 2066 in
917 2034 1030 2067 eadem
1067 2045 1118 2066 ca-

380 2088 466 2118 mera
492 2086 575 2118 intra
600 2092 720 2119 certum
738 2092 813 2118 tunc
831 2097 1017 2130 expressum
1039 2093 1118 2120 tem-

380 2149 440 2181 pus
464 2140 709 2182 praesentandis
734 2145 765 2172 et
786 2140 1005 2182 registrandis,
1023 2141 1067 2173 ita
1083 2146 1118 2173 ut

380 2198 567 2235 praesentes
593 2193 714 2226 litteras
733 2193 851 2226 ibidem
866 2194 1067 2237 praesentari
1086 2200 1118 2227 et

380 2245 544 2286 registrari
570 2256 735 2289 nunquam
760 2257 891 2279 necesse
913 2247 961 2284 sit,
983 2247 1116 2290 aliisque

380 2298 660 2331 constitutionibus
688 2304 719 2331 et
744 2299 1000 2332 ordinationibus
1033 2310 1113 2343 apo-

381 2350 515 2387 stolicis,
534 2361 661 2383 necnon
682 2351 831 2384 omnibus
849 2357 880 2384 et
898 2352 1033 2394 singulis
1051 2352 1115 2385 illis

381 2413 462 2446 quae
486 2410 681 2437 memoratm
708 2404 811 2437 Sixtns
831 2405 1064 2448 praedecessor
1084 2405 1115 2437 in

381 2456 447 2488 suis
485 2456 600 2489 litteris
636 2467 690 2489 seu
729 2458 843 2489 cedula
879 2458 1116 2502 motusproprii

380 2509 573 2552 supradictis
599 2510 699 2543 voluit
723 2521 787 2543 non
813 2511 883 2543 obst
906 2522 958 2549 re,
984 2512 1117 2544 ceteris-

381 2572 442 2605 que
469 2562 637 2594 contrariis
666 2563 933 2606 quibuscumque.
964 2564 1116 2597 Volumus

380 2620 485 2647 autem
512 2619 542 2646 ut
570 2614 739 2658 pecuniae,
767 2626 802 2647 cx
822 2616 1006 2648 venditione
1028 2617 1116 2648 loco-

1162 1563 1300 1596 auctum,
1326 1569 1396 1590 cum
1422 1559 1569 1591 omnibus
1588 1559 1673 1591 illius
1694 1560 1818 1592 iuribus
1843 1571 1899 1603 pe-

1162 1612 1247 1644 nitus
1280 1617 1312 1644 et
1341 1611 1473 1644 omnino
1499 1617 1753 1654 suppresserunt
1784 1618 1814 1645 et
1846 1624 1899 1646 ex*-

1161 1665 1336 1700 tinverunt,
1363 1675 1397 1696 ac
1421 1675 1480 1707 pro
1498 1674 1672 1707 suppresso
1699 1670 1730 1697 et
1759 1665 1898 1698 extincto

1162 1717 1275 1750 haberi
1302 1723 1333 1750 et
1358 1717 1484 1749 censeri
1510 1719 1692 1757 voluerunt,
1719 1728 1755 1750 ac
1779 1719 1898 1751 nullius

1161 1771 1289 1804 roboris
1316 1776 1348 1803 et
1372 1770 1526 1803 momenti
1552 1770 1704 1810 existere,
1729 1771 1898 1815 minusque

1161 1824 1297 1867 amplius
1323 1825 1438 1857 durare
1463 1830 1516 1856 aut
1541 1835 1612 1857 esse
1638 1825 1851 1857 decreverunt
1867 1830 1899 1857 et

1161 1877 1367 1909 declaiarunt
1383 1888 1419 1909 ac
1437 1877 1610 1917 declarant,
1630 1882 1661 1909 et
1677 1877 1728 1918 ita,
1744 1883 1818 1917 etc„
1832 1888 1896 1910 non

1161 1931 1280 1969 sotum,
1309 1936 1389 1971 etc.,
1414 1930 1509 1963 modo
1534 1930 1716 1973 praedicto,
1742 1936 1815 1971 etc„
1841 1931 1896 1963 sed

1162 1983 1257 2016 etiam
1285 1983 1384 2023 omni,
1411 1989 1471 2015 etc.
1498 1983 1587 2016 Hanc
1611 1989 1718 2016 autem
1744 1994 1898 2026 suppres-

1160 2035 1294 2075 sionem,
1317 2041 1392 2076 etc.‚
1418 2035 1517 2068 iidem
1540 2035 1750 2068 illustrissimi
1777 2035 1897 2068 domini

1160 2089 1324 2122 secretarii
1351 2089 1527 2132 apostolici,
1553 2094 1588 2122 ut
1612 2100 1708 2132 supra
1721 2090 1898 2132 collegiati-

1917 243 1970 269 Αη.
1988 240 2101 270 (21669

1161 2148 1208 2175 ter
1232 2142 1432 2184 congregati,
1458 2142 1602 2174 fecerunt
1626 2148 1658 2175 et
1681 2142 1785 2175 facere
1812 2142 1898 2174 dixe·
1944 2168 1947 2170 .

1159 2201 1235 2227 runt
1252 2201 1283 2228 et
1300 2195 1504 2227 declararunt
1521 2195 1559 2227 ad
1578 2195 1711 2227 sormam
1734 2194 1896 2227 dictarum

1159 2249 1342 2284 litterarum
1374 2248 1634 2291 apostolicarum,
1663 2254 1698 2280 ut
1724 2258 1833 2291 supra,
1865 2252 1897 2280 et

1159 2311 1223 2333 non
1256 2301 1350 2341 alias,
1377 2306 1452 2341 etc.,
1480 2305 1583 2333 stante
1610 2300 1722 2333 cedula
1745 2300 1897 2332 bancaria

1159 2354 1255 2396 gratis
1271 2361 1302 2386 et
1314 2364 1422 2387 amore
1436 2358 1468 2386 et
1483 2354 1604 2396 absque
1621 2354 1686 2386 ulla
1703 2362 1759 2396 s‘pc
1774 2353 1895 2396 aliquid

1159 2407 1378 2450 consequendi
1404 2407 1462 2439 sub
1495 2406 1608 2449 quovis
1636 2411 1806 2450 praetextu
1834 2416 1894 2439 nec

1159 2460 1253 2492 etiam
1280 2460 1404 2492 ratione
1426 2460 1533 2492 damni
1552 2460 1749 2502 emergentis
1767 2466 1799 2492 et
1815 2460 1896 2492 lucri

1158 2512 1314 2544 cessantis
1342 2512 1421 2544 sacta
1447 2513 1486 2547 ab
1517 2511 1733 2544 illustrissimo
1766 2511 1896 2544 domino

1158 2564 1328 2597 Vincentio
1343 2565 1471 2597 Bavello
1489 2565 1633 2597 eiusdem
1651 2564 1778 2605 collegii
1797 2563 1897 2607 depo-

1160 2616 1272 2648 sitario
1291 2616 1328 2648 de
1343 2616 1498 2648 solvendo
1513 2615 1674 2648 montistis
1690 2615 1764 2648 dicti
1782 2616 1896 2650 Montis
