2247 3208
189 226 238 251 An.
256 222 284 249 C.
306 222 372 249 1067

328 466 332 469 ¹
381 425 570 458 auctoritate
611 424 805 466 deputatus,

254 1389 369 1410 committit

186 1423 286 1442 cp==cupn
320 1415 368 1436 Fur-

185 1450 272 1463 rarwrsi
285 1446 304 1462 u!
322 1448 368 1467 pro·

185 1469 358 1489 cvdateontrade
382 1480 387 1484 ·

186 1497 212 1516 ltu
223 1499 304 1521 {tientes
314 1498 336 1515 ut
350 1502 367 1515 ιιι

185 1524 276 1543 rubrica.

373 2281 547 2317 ‘quatenus
573 2276 694 2308 vocatis
721 2276 775 2319 qui
797 2276 915 2308 suerint
945 2276 1111 2314 evocandi,

420 211 483 245 508
960 218 1140 241 nummum

1164 218 1181 241 R
1186 218 1203 241 Ο
1208 218 1315 243 MANUM

382 270 550 313 trosessus
575 266 702 299 Ordinis
729 264 1003 310 Praedicatorum,
1022 265 1055 297 in
1076 265 1118 297 ci·
1160 264 1307 305 intendit,
1324 276 1394 299 cum
1415 268 1565 301 omnibus
1579 269 1645 302 suis
1667 270 1897 312 incidentibus,

381 322 479 354 vitate
504 326 536 352 et
561 320 678 352 ducatu
705 318 876 350 Mantuano
901 322 1014 350 contra
1040 318 1119 351 hae·
1162 318 1440 360 dependentibus,
1469 323 1728 364 emergentibus,
1763 325 1896 358 annexis

381 374 514 406 reticam
539 371 729 414 pravitatem
748 369 922 413 inquisitor
941 371 1119 412 apostolica
1136 416 1138 421 A

848 433 953 465 nuper
997 425 1119 455 armata

381 489 474 511 manu
501 478 539 509 ab
565 476 776 520 inquisitione
802 487 838 509 ac
864 475 989 508 cix-itate
1011 481 1043 508 et
1061 477 1119 509 du-

381 537 453 563 catu
473 529 661 562 huiusmodi
673 528 836 561 mediante
851 528 934 560 sacto
946 528 1118 561 Romualdi

379 582 514 621 Yailadi,
530 582 641 614 salutis
659 591 737 613 suae
759 580 970 620 immemoris,
991 585 1022 613 et
1042 581 1119 613 alio-

380 645 451 667 rum
477 634 524 667 illi
550 635 660 666 forsan
687 633 946 673 adhaerentium,
970 643 1034 666 non
1048 633 1117 665 sine

381 688 519 720 maximo
537 687 651 730 populi
670 686 824 719 scandalo
838 686 992 728 expulsus
1008 686 1115 727 suerit;

380 739 467 772 idem
491 740 613 778 Petrus,
642 749 704 782 quo
730 739 865 772 iniuriae
884 739 1116 773 etoti'ensionis
1136 747 1138 783 ξ

381 792 568 825 huiusmodi
594 797 714 835 quanto
741 792 859 832 citius,
895 797 930 824 ut
960 803 1019 835 par
1048 788 1137 839 est,}

380 845 524 888 reparari
546 844 701 888 possint¹,
719 855 816 888 super
832 845 1040 888 reparatione
1060 845 1119 877 hu-

380 898 527 938 iusmodi,
539 908 666 931 necnon
681 898 934 940 reintegratione
950 898 1117 930 memorati

380 951 549 993 Hyacinthi
584 951 701 983 Mariae
734 951 772 982 ad
806 950 873 982 eius
907 951 1047 983 officium
1071 951 1119 983 in-

381 1004 547 1047 quisitoris
574 1004 763 1037 huiusmodi
796 1004 950 1047 illiusque
975 1004 1116 1037 liberum

381 1057 579 1096 exercitium,
607 1063 720 1090 contra
745 1067 859 1089 ornnes
885 1057 1137 1116 delinquentes!¹

379 1110 553 1142 summarie
594 1120 690 1152 agere
722 1109 882 1142 intendit:
917 1109 1010 1142 nobis
1046 1117 1137 1155 pros

380 1168 492 1206 pterea
518 1163 686 1196 humiliter
719 1163 894 1206 supplicari
923 1163 997 1195 fecit
1019 1163 1053 1195 ut
1077 1161 1138 1197 del

381 1221 566 1258 opportuno
592 1215 731 1248 iustitiae
753 1215 899 1248 remedio
918 1216 949 1248 in
969 1217 1117 1258 praemis-

380 1267 421 1300 sis
448 1269 618 1311 providere
645 1268 684 1300 de
708 1268 908 1311 benignitate
939 1269 1117 1311 apostoliea

381 1321 600 1362 dignaremur.

424 1377 437 1416 g*
463 1374 493 1406 ἱ).
521 1374 585 1406 Nos
617 1374 728 1416 igitur,
757 1374 910 1406 iustitiam
941 1375 1116 1417 unicuique

381 1426 569 1467 ministrari,
593 1438 627 1459 ac
647 1427 762 1459 delicta
781 1426 966 1460 huiusmodi
984 1428 1116 1460 minime
1135 1421 1137 1436 ¹

381 1480 537 1522 impunita
575 1490 745 1512 remanere
782 1481 954 1520 volentes,
987 1491 1116 1513 necnon

380 1543 493 1565 causac
537 1543 595 1565 seu
631 1543 798 1565 causarum
838 1533 1116 1576 infrascriptarum

380 1591 498 1619 statum
514 1591 545 1619 et
561 1586 676 1619 merita
697 1586 928 1629 praesentibus
943 1597 1002 1629 pro
1021 1587 1116 1629 plene

380 1644 412 1672 et
435 1639 634 1671 sufficienter
659 1638 820 1682 expressis
858 1638 1035 1678 habentes,
1070 1626 1137 1672 ‹ii-⁴

379 1697 529 1735 ctumque
555 1692 683 1724 Petrum
710 1702 726 1724 a
752 1691 918 1734 quibusvis
938 1702 1117 1725 excommu-

380 1745 574 1780 nifatioitis.
608 1744 832 1787 suspensionis
868 1750 899 1777 et
932 1745 1114 1785 interdicti,

379 1798 515 1840 aliisque
532 1797 758 1830 ecclesiasticis
776 1798 953 1837 sententiis,
969 1798 1115 1830 censuris

380 1856 410 1883 et
436 1851 560 1893 poenis,
587 1862 603 1882 a
628 1850 697 1883 iure
722 1851 771 1883 vel
790 1851 829 1882 ab
848 1851 988 1890 homine,
1005 1852 1114 1893 quavis

379 1904 551 1936 occasione
577 1905 626 1936 rel
649 1907 743 1936 causa
759 1904 842 1942 latis,
857 1905 882 1936 si
900 1904 1017 1947 quibus
1037 1915 1116 1947 quo-

378 1956 558 1988 n‘iodolibet
582 1957 754 1989 innodatus
770 1957 888 1996 existit,
909 1957 948 1989 ad
967 1956 1114 1989 effectum
1136 1991 1137 2000 ἵ

378 2010 598 2052 praesentium
634 2011 798 2042 dumtaxat
823 2010 1112 2052 consequendum,
1135 2001 1137 2035 l

379 2062 493 2094 harum
524 2063 607 2095 serie
641 2063 845 2096 absolventes
878 2068 909 2095 et
933 2063 1137 2098 abmlutunn

379 2115 446 2147 sore
473 2121 660 2155 censentes,
688 2116 876 2148 huiusmodi
907 2115 1116 2158 supplicatio-

379 2168 471 2200 nibus
492 2169 647 2209 inelinati,
664 2169 949 2212 circumspectioni
970 2174 1042 2201 tuae
1056 2179 1116 2211 per
1135 2196 1136 2211 ἢ

380 2228 571 2263 praesentes
596 2222 825 2255 committimus
858 2228 889 2254 et
923 2223 1136 2267 mandamus}

379 2338 508 2359 causam
533 2334 564 2360 et
588 2339 709 2369 (faustis,
729 2340 823 2372 quam
841 2335 873 2360 et
891 2340 969 2372 quas
994 2329 1115 2371 praesa-

380 2385 426 2411 tus
443 2380 563 2419 Petrus,
584 2382 621 2412 sle
638 2386 669 2412 et
683 2392 778 2423 super
791 2381 988 2424 praemissis,
1003 2386 1115 2413 contra
1134 2376 1136 2391 ¹

381 2443 492 2464 ornnes
511 2438 541 2464 et
560 2433 704 2475 singulos
719 2434 955 2476 delinquentes,
975 2444 1011 2465 ac
1025 2440 1114 2475 quos-

1135 2288 1136 2313 3
1157 2271 1253 2304 tionis
1264 2270 1417 2303 Bonisacii
1436 2270 1539 2313 Papae
1549 2269 1612 2302 vill
1628 2269 1891 2312 praedecessoris

1135 2318 1136 2339 ³
1157 2325 1260 2357 nostri
1280 2325 1325 2357 ‘de
1349 2326 1425 2364 una,
1459 2330 1491 2356 et
1515 2323 1642 2356 concilii
1668 2323 1828 2365 generalis
1851 2323 1890 2355 de

380 2496 516 2528 rumque
534 2486 624 2521 alios.
639 2486 692 2527 qui
708 2486 868 2524 auxilium,
882 2485 1051 2518 consilium
1066 2486 1114 2517 vel

379 2538 521 2571 savorem
548 2538 687 2580 ‹lesuper
711 2538 955 2580 praestiterunt,
985 2548 1115 2570 movere

418 2603 424 2627 l
446 2600 579 2635 Sy‘titatxitn
597 2600 758 2634 redintegret
773 2599 857 2627 lector
872 2599 943 2626 scius
958 2602 994 2633 (tt.
1013 2600 1061 2633 Τ,).

1162 375 1193 402 et
1216 372 1381 411 connexis,
1404 378 1536 416 totoque
1556 376 1692 416 negocio
1712 377 1896 421 principali,

1136 423 1138 467 s
1161 424 1357 464 summarie,
1383 425 1571 468 simpliciter
1596 432 1628 459 et
1652 427 1690 460 de
1723 430 1834 471 plano,
1861 441 1897 463 ac

1161 475 1230 508 sine
1256 477 1393 519 strepitu
1418 483 1452 510 et
1475 478 1576 520 figura
1601 479 1721 520 iudicii,
1744 482 1896 526 omnique

1162 533 1194 560 et
1232 539 1433 572 quacumque
1469 532 1712 574 appellatione,
1743 535 1897 568 reclama-

1162 581 1262 622 tione,
1278 593 1411 615 recursu
1428 589 1461 616 et
1476 584 1679 618 restitutione
1691 586 1896 630 inintegrum

1161 634 1315 675 remotis,
1349 636 1538 669 auctoritate
1575 640 1686 670 nostra
1717 641 1907 682 apostolica·

1162 686 1293 725 audias,
1320 697 1512 729 cognoscam,
1540 688 1703 732 simulque
1733 701 1770 723 ac
1794 692 1896 725 semel

1162 744 1193 771 et
1216 739 1311 772 unica
1329 741 1508 781 sententia,
1535 742 1560 774 si
1586 742 1631 775 ita
1651 743 1707 775 tibi
1725 744 1896 786 videbitur,

1161 797 1255 834 prout
1281 793 1359 825 iuris
1385 794 1487 833 suerit,
1515 795 1656 836 decidas,
1683 795 1813 840 fineque
1843 798 1898 831 de-

1160 845 1228 878 bito
1269 846 1445 887 termines,
1487 853 1517 880 et.
1551 848 1668 881 deinde
1703 850 1896 883 sententiam

1162 897 1346 931 huiusmodi
1372 900 1562 942 exequaris.
1589 911 1644 933 seu
1671 901 1799 935 debitae
1825 914 1898 936 exe-

1162 951 1306 993 quutioni
1333 952 1517 985 demandari
1552 964 1667 994 cures,
1701 956 1835 988 mandes
1865 962 1898 990 et

1161 1001 1269 1042 sacias;
1296 1013 1354 1036 nos
1380 1004 1466 1036 enirn
1489 1004 1543 1037 tibi
1574 1006 1692 1038 citandi
1719 1007 1823 1041 dictos
1848 1009 1897 1042 de-

1162 1054 1364 1099 linquentes,
1391 1068 1569 1101 omnesque
1595 1059 1676 1092 alios
1703 1071 1783 1103 quos
1816 1072 1897 1104 opus

1161 1108 1276 1149 fuerit,
1314 1109 1409 1142 etiam
1447 1121 1507 1154 per
1538 1112 1677 1144 edictum
1703 1113 1867 1156 publicum
1887 1141 1894 1154 ,

1160 1162 1300 1194 constito
1326 1162 1422 1195 etiam
1459 1164 1632 1197 summarie
1659 1165 1697 1198 de
1729 1176 1793 1199 non
1827 1172 1896 1200 tuto

1161 1225 1304 1253 accessu,
1323 1215 1451 1258 illisque
1473 1222 1504 1249 et
1524 1217 1642 1260 quibus
1661 1218 1717 1250 tibi
1734 1218 1897 1252 videbitur

1160 1269 1219 1300 sub
1244 1268 1424 1309 sententiis,
1452 1270 1596 1302 censuris
1623 1276 1655 1303 et
1679 1272 1795 1314 poenis
1811 1272 1897 1304 inhi-

1160 1321 1274 1361 bendi,
1302 1322 1556 1355 contradictores
1581 1323 1613 1355 in
1638 1323 1710 1356 illas
1727 1350 1734 1364 ,
1769 1327 1896 1358 servata

1160 1373 1261 1406 forma
1286 1373 1419 1406 Concilii
1445 1374 1636 1415 Tridentini,
1665 1376 1816 1409 incidisse
1842 1378 1896 1410 de-

1160 1425 1313 1463 clarandi,
1348 1426 1563 1468 aggravandi,
1593 1429 1838 1470 reaggravandi,
1864 1434 1896 1461 et

1160 1478 1386 1518 interdicendi,
1413 1479 1631 1522 auxiliumque
1657 1480 1780 1513 brachii
1802 1491 1895 1514 secu-

1160 1531 1235 1564 laris
1260 1532 1298 1564 ad
1325 1532 1397 1571 hoc,
1425 1532 1451 1564 si
1476 1543 1557 1575 opus
1582 1533 1690 1573 suerit,
1711 1533 1892 1572 invocandi,

1160 1595 1195 1616 ac
1220 1588 1377 1617 attentata
1400 1589 1432 1616 et
1456 1584 1611 1617 innovata
1642 1595 1892 1628 quaecumque,

1159 1641 1256 1680 prout
1281 1637 1320 1669 de
1345 1635 1424 1677 iure,
1451 1636 1484 1669 in
1508 1636 1620 1680 primis
1638 1642 1668 1670 et
1685 1642 1758 1670 ante
1784 1638 1894 1671 onmia

1159 1690 1340 1729 revocandi,
1368 1699 1493 1722 necnon
1518 1689 1747 1732 delinquentes
1764 1696 1796 1723 et
1812 1690 1893 1724 alios

1160 1743 1373 1786 supradictos,
1389 1747 1548 1785 quatenus
1563 1753 1643 1785 opus
1664 1743 1716 1783 sit,
1732 1753 1895 1777 carceran-

1160 1796 1200 1835 di,
1227 1796 1409 1838 debitisque
1436 1795 1549 1839 poenis
1578 1796 1739 1828 afficiendi
1771 1801 1802 1829 et
1836 1807 1895 1840 pu-

1136 1863 1138 1871 ¹
1159 1848 1280 1889 nicudi,
1294 1848 1419 1891 aliaque
1439 1848 1546 1880 onmia
1563 1853 1594 1881 et
1607 1849 1734 1890 singula
1750 1849 1782 1880 in
1801 1859 1894 1892 prae-

1158 1900 1273 1940 missis,
1301 1906 1333 1933 et
1349 1901 1434 1933 circa
1460 1910 1496 1932 ea
1514 1901 1761 1943 quomodolibet
1784 1911 1895 1933 neces-

1159 1954 1243 1986 saria
1267 1959 1299 1986 et
1333 1959 1515 1997 opportuna
1546 1954 1707 1993 faciendi,
1743 1954 1892 1993 dicendi,

1159 2006 1303 2048 gerendi,
1317 2006 1489 2039 exercendi
1504 2012 1535 2038 et
1552 2006 1744 2049 exequendi,
1761 2008 1894 2049 plenam

1159 2065 1189 2091 et.
1215 2060 1353 2102 amplam
1378 2060 1575 2098 facultatem,
1592 2058 1676 2091 dicta
1693 2059 1892 2097 auctoritate,

1135 2123 1136 2128 ¹
1158 2113 1345 2145 earumdem
1371 2117 1485 2144 tenore
1518 2111 1753 2154 praesentium,
1781 2111 1894 2143 tribui-

1158 2177 1228 2198 mus
1255 2171 1286 2197 et
1310 2165 1527 2208 impartimur.

1201 2219 1216 2261 ἓ
1240 2218 1270 2251 3.
1298 2217 1368 2250 Non
1393 2217 1598 2250 obstantibus
1620 2216 1722 2249 felicis
1740 2217 1892 2250 recorda-

1900 224 1952 251 An.
1969 225 1999 252 c.
2020 216 2090 257 ‘tot-'²

1972 2225 2085 2251 Dorogatio

1865 2269 1871 2275 ,
1901 2252 2061 2273 contrariorum.

1158 2378 1282 2410 duabus
1301 2377 1408 2417 dietis,
1425 2378 1558 2420 aliisque
1584 2377 1783 2420 apostolicis,
1806 2387 1842 2409 ac
1858 2376 1890 2408 in

1135 2429 1136 2436 ¹
1157 2430 1390 2463 universalibus
1408 2430 1726 2473 provincialibusque
1749 2434 1781 2461 et
1797 2439 1892 2472 syno-

1159 2484 1284 2517 dalibus
1311 2482 1456 2515 conciliis
1485 2482 1589 2521 editis,
1608 2481 1811 2524 generalibus
1842 2482 1891 2514 vel

1159 2536 1366 2579 spetialibus,
1394 2534 1680 2567 constitutionibus
1705 2538 1738 2565 et
1769 2533 1893 2566 ordina·

1161 2589 1311 2627 tionibus,
1340 2597 1467 2620 necnon
1492 2586 1666 2628 quibusvis,
1692 2586 1788 2618 etiam
1812 2587 1892 2619 iura-
