2247 3208
472 255 536 288 904

515 327 592 349 num
619 326 634 347 a
662 313 879 356 vectigalibus,
905 312 1039 354 aliisque
1065 310 1169 353 publi·
1194 317 1195 323 ¹

517 370 562 402 cis
587 367 748 405 oneribus,
775 365 848 398 ute.

428 422 530 456 XLIII.
551 419 757 454 Confirmatio
775 419 951 451 litterarum
970 417 1168 450 diversorum

510 469 734 508 ‘Romanorum
767 471 958 504 Pontificum
989 480 1085 513 super
1122 468 1168 500 in-

517 526 677 561 vestituris
713 524 913 568 principatus
944 522 1112 556 Illasserani
1140 528 1166 555 et

517 579 688 614 comitatus
712 576 904 621 Crepacorii,
932 575 1006 608 6⁹22.

428 634 527 667 XLIV.
564 631 771 666 Confirmatio
804 629 978 673 patentium
1014 627 1171 671 generalis

516 685 646 720 Ordinis
659 683 873 717 Eremitarum
886 681 987 714 sancti
1002 681 1170 724 Augustini

517 739 600 772 circa
626 738 786 782 prioratus
813 735 964 768 Indorum
990 733 1171 778 provinciae

516 791 720 830 peruntinae7
733 800 804 823 cum
818 787 951 821 diversis
964 785 1172 820 ordinationi-

517 839 695 884 bussfflsi.

430 898 516 932 XLV.
527 898 623 930 Breve
634 894 879 928 beatificati0nis
894 894 995 926 Rosae
1011 892 1049 925 de
1071 891 1099 924 S.
1114 892 1174 923 Ma-

519 951 566 983 ria
592 949 743 982 Limanae
769 948 800 980 in
826 957 924 990 regno
955 946 1099 978 Peruano
1125 945 1174 977 ln-

522 1003 647 1036 diarum
673 999 916 1034 occidentalium
945 998 1026 1031 tertii
1048 998 1174 1031 Ordinis

522 1055 622 1089 sancti
647 1053 817 1093 Dominici,
841 1052 915 1085 628.

434 1109 536 1143 XLVI.
565 1107 733 1142 DamnatIO
758 1113 788 1139 et
814 1104 987 1149 prohibitio
1009 1104 1083 1137 libri
1111 1104 1176 1146 gal-

525 1162 586 1195 lico
611 1161 767 1194 idiomate
799 1158 947 1202 impressi
978 1156 1038 1191 sub
1063 1157 1172 1190 titulo:

523 1214 664 1248 Rumam
685 1225 746 1256 pro
771 1213 899 1245 dioecesi
919 1211 1070 1250 Aletensz',
1087 1209 1161 1243 (5020.

435 1269 549 1302 XLVII.
577 1269 743 1301 Decretum
772 1267 803 1299 in
829 1276 892 1309 quo
919 1263 1080 1308 privilegia
1105 1274 1177 1296 san-

525 1328 594 1355 etae
611 1322 772 1353 Romanae
790 1319 954 1352 Ecclesiae
967 1316 1176 1350 cardinalium

525 1374 661 1408 testandi
686 1373 724 1406 de
749 1372 855 1411 bonis,
882 1370 1061 1405 redditibus
1087 1376 1115 1403 et
1145 1381 1177 1402 e-

525 1426 732 1461 molumentis
757 1424 981 1459 ecclesiasticis
1009 1423 1104 1456 etiam
1139 1422 1176 1455 ad

526 1483 648 1514 fruetus
673 1480 913 1522 inconsumptos
942 1478 984 1510 vel
1011 1488 1083 1510 cum
1111 1476 1179 1508 aliis

526 1535 669 1578 ipsorum
701 1532 792 1565 bonis
825 1542 888 1564 non
916 1530 1106 1564 commixtos
1133 1540 1180 1561 ex-

529 1587 716 1625 tenduntur,
744 1585 816 1618 (3730.

440 1641 567 1676 XLVIII.
596 1640 736 1673 Licentia
757 1639 943 1672 conceditur
961 1635 1182 1671 1*efer=1*ndai·iis

528 1693 708 1728 vetantibus
732 1692 914 1736 signaturae
940 1690 1079 1724 iustitiae
1096 1699 1182 1722 nunc

530 1755 560 1782 et
584 1758 642 1792 pro
663 1753 804 1790 tempore
818 1745 1027 1779 existentibus
1040 1744 1179 1777 celebra-

530 1802 555 1835 ri
581 1799 717 1835 faciendi
735 1799 864 1832 missam
887 1797 972 1832 domi
992 1807 1064 1830 cum
1083 1796 1182 1829 solitis

528 1853 712 1888 restrictivis
747 1853 817 1885 iuxa
849 1861 1034 1885 concessam
1061 1849 1184 1882 clericis

530 1918 676 1942 camerae
722 1905 918 1949 apostolicae
966 1905 1005 1937 ab
1048 1904 1184 1936 Alexan-

532 1963 590 1995 dro
614 1961 678 2001 Vll,
707 1959 783 1994 ⁴331.

444 2016 545 2050 XLIX.
572 2015 673 2058 Super
697 2013 936 2047 contributione
961 2010 1188 2045 ecclesiastieo-

533 2063 604 2102 rum
632 2077 799 2111 regnorum
824 2066 976 2099 Castellae
993 2071 1022 2098 et
1040 2064 1187 2107 Legionis

534 2122 758 2155 decemnovem
775 2119 957 2152 millionum
970 2129 1042 2151 cuin
1055 2117 1187 2151 dimidio

534 2175 601 2218 regi
629 2173 787 2207 catholieo
815 2173 971 2210 facienda,
999 2170 1073 2204 (3:33.

446 2229 482 2261 L.
508 2227 672 2261 Indultum
701 2227 769 2270 regi
796 2224 1059 2259 christianissimo
1085 2223 1189 2256 nomi-

536 2281 633 2314 nandi
659 2280 698 2313 ad
729 2290 951 2323 quaecumque
984 2276 1189 2316 monasteria,

538 2334 709 2377 prioratus,
736 2333 922 2376 dignitates,
940 2332 1035 2364 etiam
1055 2331 1191 2363 maiores

538 2393 568 2420 et
603 2386 824 2430 principales,
867 2385 993 2428 aliaque
1034 2382 1190 2417 beneficia

540 2449 761 2482 quaecumque
800 2438 956 2481 (exceptis
992 2436 1123 2478 curatis)
1159 2435 1190 2467 in

540 2491 725 2525 civitatibus
773 2491 927 2529 Metensi,
972 2489 1111 2523 Tullensi
1163 2494 1193 2522 et

540 2545 743 2583 Virdunensi,
766 2554 943 2588 eorumque
965 2543 1133 2577 territoriis
1150 2541 1193 2574 di-

541 2599 582 2631 cti
608 2597 690 2640 regis
715 2598 829 2630 ditioni
855 2604 880 2632 et
910 2596 1052 2630 dominio
1071 2602 1192 2639 tempo-

543 2650 599 2684 rali
626 2650 664 2683 de
689 2652 848 2694 praesenti
875 2650 1039 2690 subiectis,
1067 2648 1140 2681 0536.

1019 260 1114 282 ΒΗΜΛ
1121 259 1195 282 turn
1223 258 1345 281 nuatAM·
1352 258 1371 279 ,vt

1222 309 1267 341 LI.
1297 309 1459 341 Innovatio
1484 308 1718 341 constitutionis
1734 309 1823 343 Pauli
1843 310 1864 341 V
1884 321 1961 343 eon-

1310 369 1357 396 tra
1387 364 1499 397 tratres
1523 362 1651 395 Ordinis
1677 364 1832 397 lIlinorum
1859 365 1958 397 sancti

1312 415 1470 450 Francisei
1489 417 1527 449 de
1548 415 1753 449 Observantia
1779 417 1961 459 provinciae

1311 468 1498 512 Aquitaniae
1528 468 1725 511 antiquioris,
1750 470 1870 502 favores
1895 481 1963 512 per-

1311 532 1461 555 sonarum
1503 527 1589 555 extra
1626 521 1776 554 eumdem
1812 522 1962 556 Ordinem

1312 575 1558 609 constitutarum
1579 574 1814 608 emendicantes
1839 575 1964 618 illisque

1312 634 1436 662 utentes
1460 627 1499 660 ad
1520 627 1689 660 obtinenda
1711 627 1829 669 officia,
1848 627 1964 667 editae,

1313 680 1388 714 6:39.

1224 732 1283 766 LII.
1323 734 1460 767 Litterae
1492 743 1662 777 processus
1697 732 1878 775 publicatae
1915 731 1964 764 die

1313 787 1433 819 Coenae
1454 785 1581 819 Domini
1606 794 1780 823 iinccxvin,
1806 783 1882 817 ott.

1327 839 1494 872 Concessio
1512 839 1778 882 iurispatronatus
1797 837 1863 880 regi
1885 837 1964 871 cliri-

1315 892 1515 925 stianissimo
1562 892 1695 935 eiusque
1729 890 1968 925 successoribus

1314 946 1500 978 nominandi
1527 946 1564 977 ad
1590 944 1754 978 eeclesiam
1781 944 1968 977 Atrebatcn-

1315 1009 1395 1037 sem,
1422 998 1495 1030 647.

1329 1050 1534 1084 Confirmatio
1560 1050 1824 1093 iurispatronatus
1838 1055 1866 1082 et
1882 1060 1970 1092 prae-

1318 1103 1465 1137 sentandi
1491 1103 1527 1135 ad
1555 1102 1722 1136 ecclesiam
1737 1103 1906 1135 Elnensem
1921 1102 1969 1134 ‘ac

1319 1156 1512 1190 monasteria
1538 1155 1767 1189 consister-iulia
1787 1154 1817 1187 in
1843 1154 1972 1188 comita-

1318 1211 1404 1244 tibus
1429 1208 1661 1242 llusciiionensi
1692 1215 1722 1241 et
1746 1207 1969 1241 Confluentino

1318 1270 1348 1297 et
1385 1268 1473 1306 parte
1509 1262 1670 1295 Cerdanae
1697 1272 1804 1294 versus
1837 1260 1969 1294 Galliam

1319 1315 1526 1350 consistentia
1544 1324 1599 1358 pro
1617 1324 1691 1358 rege
1707 1313 1971 1347 christianissimo

1319 1376 1350 1403 et
1375 1369 1626 1406 successoribus,
1651 1367 1726 1401 ew.

1232 1424 1290 1456 LV.
1320 1422 1481 1456 lndultum
1503 1421 1568 1464 regi
1588 1420 1851 1453 christianissimo
1870 1420 1972 1453 nonii-

1320 1475 1417 1508 nandi
1444 1474 1482 1506 ad
1500 1473 1671 1517 dignitates
1690 1473 1860 1506 abbatiales
1878 1479 1908 1506 et
1926 1484 1973 1505 re-

1321 1528 1439 1571 gimina
1465 1526 1759 1565 monasteriorum,
1793 1525 1972 1569 prioratus,

1321 1581 1558 1625 praeposituras
1579 1590 1634 1612 seu
1649 1579 1884 1623 praepositatus
1903 1589 1975 1612 con-

1323 1640 1450 1667 ventum
1476 1634 1628 1666 babentes
1660 1632 1690 1665 in
1716 1631 1793 1665 locis
1818 1637 1846 1665 et
1882 1631 1976 1665 ditio-

1322 1687 1416 1720 nibus
1441 1686 1577 1729 Belgicis
1597 1713 1604 1726 ,
1637 1696 1718 1729 quae
1751 1686 1789 1718 de
1816 1684 1974 1728 praesenti

1323 1740 1475 1785 possidet,
1503 1739 1577 1773 551.

1336 1793 1504 1827 Damnatio
1529 1800 1559 1826 et
1585 1792 1759 1836 probibitio
1791 1791 1861 1824 libri
1887 1791 1976 1834 galli-

1324 1858 1360 1880 eo
1386 1846 1539 1879 idiomate
1564 1845 1709 1889 impressi
1729 1845 1789 1878 sub
1812 1844 1905 1878 titulo
1923 1844 1975 1877 Ri-

1326 1900 1426 1933 tuali‘s
1455 1909 1515 1942 pro
1547 1897 1681 1931 dioecesi
1716 1898 1861 1930 Aletensi
1892 1897 1978 1930 iuxta

1326 1953 1482 1986 minutam
1517 1951 1734 1985 transmissam
1760 1961 1777 1983 a
1807 1951 1979 1984 reverendo

1327 2012 1414 2050 patre
1432 2005 1564 2038 domino
1585 2014 1745 2037 assessore
1766 2003 1872 2036 Sancti
1898 2003 1976 2037 Ossi-

1328 2059 1389 2098 cii,
1424 2058 1475 2091 cui
1508 2058 1631 2091 adiecta
1665 2063 1712 2090 est
1745 2056 1906 2097 clausula,
1946 2060 1980 2089 ut

1328 2123 1476 2156 praesens
1490 2113 1587 2145 Breve
1604 2111 1785 2155 publicetur
1801 2111 1922 2143 Rornae
1947 2109 1979 2141 in

1329 2165 1406 2198 loeis
1443 2165 1568 2204 solitis,
1602 2175 1638 2198 ac
1674 2164 1719 2197 sic
1757 2162 1979 2207 pubblicatum

1330 2219 1448 2252 afficiat
1473 2218 1603 2262 perinde
1616 2228 1651 2251 ac
1664 2217 1690 2251 si
1716 2216 1890 2259 unicuique
1910 2226 1981 2259 pcr-

1331 2272 1482 2305 sonaliter
1507 2271 1689 2305 intimatum
1723 2270 1830 2303 luisset.
1847 2296 1854 2309 ,
1881 2273 1980 2312 utque

1333 2325 1542 2368 transumptis
1568 2324 1646 2357 fides
1671 2324 1827 2357 habeatur
1851 2321 1932 2356 sicut
1948 2332 1981 2354 o·

1337 2378 1475 2422 riginali,
1504 2377 1578 2411 653.

1243 2434 1331 2469 LVII.
1359 2430 1564 2466 Confirmatio
1599 2427 1856 2473 congregationis
1888 2438 1984 2471 super

1333 2493 1417 2520 statu
1443 2483 1660 2528 regularium,
1686 2482 1819 2526 eiusque
1845 2480 1979 2513 faculta-

1334 2547 1414 2580 tum‚
1442 2538 1516 2571 (354.

1245 2593 1346 2628 LVIII.
1374 2590 1541 2625 Damnatio
1564 2595 1594 2622 et
1618 2586 1789 2632 prohibitio
1813 2584 1884 2617 libri
1910 2594 1980 2617 ver-

1333 2644 1432 2678 sionis
1447 2642 1578 2685 gallicae
1596 2640 1673 2673 Novi
1687 2637 1881 2672 Testamenti
1899 2636 1985 2670 Mon-

1225 840 1299 872 LIII.

1228 1052 1299 1084 LIV.

1235 1795 1308 1828 LVI.
