2247 3208
168 243 217 270 Αη.
232 240 262 269 C.
284 237 351 268 166ἶ

188 2456 305 2479 Alexander
313 2457 362 2476 ron-

179 2485 245 2505 sinuat
259 2486 281 2504 ut
296 2484 315 2504 iu
330 2489 361 2503 ru*

179 2511 247 2532 bricii.

396 231 412 264 1
420 231 462 264 42
936 232 1116 256 BULLARIUM

365 287 538 332 privilegia
570 290 602 318 et
633 283 856 326 exemptiones
894 280 1003 323 domui
1039 289 1098 312 seu

366 339 519 383 hospitali
537 349 571 370 ac
587 335 785 370 monasterio
802 333 996 378 supradictis
1022 342 1099 366 con·
1114 361 1115 375 ,

365 404 465 433 cessa,
491 393 596 425 locum
620 390 681 422 sibi
703 390 734 421 in
751 386 950 420 monasterio
968 387 1116 418 Αῐιῐιυῐι-Α

365 445 513 479 ciationis
539 441 736 481 huiusmodi,
764 439 958 484 praesertim
986 437 1100 471 stanti-

364 499 424 531 bus
450 495 680 529 constitutione
698 492 891 526 recolendae
911 489 1098 532 ¹memoriae

365 548 511 591 Gregorii
536 548 641 590 Papae
659 546 710 578 XV
730 542 999 588 praedecessoris
1015 541 1101 584 pari-

365 609 416 635 ter
439 601 551 640 nostri,
571 609 651 643 quae
676 597 792 640 incipit
811 595 1025 630 Inscrutahili
1042 594 1117 626 Dei:

362 653 580 697 providencia,
600 656 666 690 elo„
683 660 718 682 ac
733 647 1010 682 declarationibus
1025 655 1100 678 con-

367 705 564 749 gregationis
596 709 670 736 tunc
702 700 908 734 existentium
940 699 970 732 S.
998 699 1035 731 R.
1062 698 1097 730 E.

367 757 577 792 cardinalium
613 754 745 788 Concilii
782 752 961 786 Tridentini
1000 752 1118 784 interr

366 816 494 855 pretum
520 811 662 852 desuper
689 806 859 846 emanans,
892 815 1023 838 necnon
1048 805 1103 837 de-

367 870 457 897 creto
475 875 492 896 a
510 861 765 905 congregatione
783 858 1019 892 venerabilium
1041 857 1102 889 sra-

367 923 453 950 trum
478 921 663 949 nostrorum
688 912 834 945 eiusdem
859 911 890 944 S.
914 911 951 943 R.
970 910 1004 942 E.
1033 920 1102 942 ear-

369 969 523 1004 dinalium
548 973 579 1000 et
603 967 797 999 dilectorum
822 963 961 996 filiorum
987 962 1103 995 Roma-

368 1032 428 1055 nae
447 1021 560 1054 Curiae
574 1020 797 1064 praelatorum
831 1026 931 1059 super
961 1015 1121 1058 negotiis}

368 1073 561 1108 visitationis
597 1071 795 1115 apostolicae
827 1068 1037 1102 ecclesiarum
1073 1072 1105 1100 et

369 1129 517 1162 locorum
549 1126 679 1170 piorum
712 1124 815 1157 dictae
846 1123 940 1156 Urbis
966 1133 983 1154 a
1008 1120 1103 1154 nobis

369 1180 533 1213 institutae
560 1179 788 1222 deputatorum
807 1176 858 1209 die
875 1186 945 1208 mx
961 1180 1105 1218 septem-

369 1233 436 1266 bris
461 1242 567 1266 nocti<
591 1230 678 1263 edito
703 1230 742 1262 de
769 1234 800 1261 et
820 1239 918 1271 super
938 1232 1123 1284 exempto-i

371 1297 441 1319 rum
477 1284 676 1328 privilegiis,
712 1282 873 1315 vindicare
908 1291 973 1313 non
1006 1286 1123 1324 posse*

372 1348 478 1382 neque
504 1338 623 1370 debere
648 1334 933 1379 praetendentem)
949 1343 986 1365 ex
1004 1334 1123 1365 altera¹

372 1392 538 1435 partibus,
571 1389 748 1422 nonnullae
779 1386 1021 1420 controversiae
1048 1396 1124 1418 seu¹

373 1443 617 1477 dissensiones.
640 1452 738 1484 super
781 1439 936 1473 exercitio
978 1438 1108 1470 iurisdi-

373 1496 490 1530 ctionis
515 1500 547 1528 et
582 1493 796 1537 exemptionis
833 1493 866 1524 in
906 1491 1105 1524 monasterio

372 1548 517 1592 praefato
544 1547 649 1590 (quod
676 1546 770 1579 etiam
796 1545 874 1578 alias
900 1556 917 1577 a
941 1544 1014 1587 piae
1039 1554 1108 1576 me-

372 1601 495 1635 moriae
531 1600 587 1633 Pio
620 1600 704 1642 Papa
733 1599 756 1630 V
784 1599 1021 1642 predecessore
1050 1608 1108 1630 no-

373 1660 441 1688 stro
466 1665 483 1687 e
515 1655 588 1686 loco
625 1653 710 1696 apud
746 1652 916 1685 ecclesiam
953 1651 984 1684 S.
1016 1650 1108 1683 Ioan-

374 1708 423 1741 nis
443 1709 481 1741 de
506 1707 646 1740 Mercato
672 1705 816 1749 regionis
841 1704 1107 1748 Campitellorum

373 1760 469 1794 Urbis
494 1760 674 1804 praefatae,
704 1759 757 1791 ubi
784 1764 931 1791 erectum·
963 1763 995 1790 et
1019 1757 1110 1790 insti-

374 1820 476 1847 tutum
506 1814 622 1852 suerat,
650 1812 688 1845 ad
714 1811 886 1844 ecclesiam
920 1816 952 1843 et
983 1815 1109 1843 vetusta

374 1866 521 1900 aedificia
544 1865 791 1909 praeceptoriae
813 1875 872 1896 seu
898 1864 1108 1897 commendae

373 1919 405 1952 S.
433 1917 543 1952 Basilii
569 1919 602 1950 in
626 1918 760 1960 regione
786 1916 940 1949 Montium
964 1916 1111 1948 eiusdem

374 1971 468 2004 Urbis
505 1970 717 2004 consistentia
753 1969 923 2012 hospitalis
960 1968 991 2001 S.
1018 1968 1110 2001 Ioan-

374 2025 424 2058 nis
450 2024 756 2067 Hierosolymitani,
783 2024 815 2055 in
841 2023 979 2056 ecclesia
1004 2027 1035 2054 et
1060 2032 1111 2054 ae-

376 2077 491 2110 dificiis
526 2076 709 2109 huiusmodi
742 2086 841 2108 unum
875 2074 1111 2108 monasterium

377 2131 437 2162 sub
462 2129 668 2162 invocatione
694 2129 810 2161 Beatae
836 2128 952 2160 Mariae
979 2128 1112 2160 Annun-

377 2183 479 2215 ciatae
497 2182 625 2215 Ordinis
649 2182 751 2214 sancti
768 2181 927 2213 Doniinici
951 2185 1110 2224 perpetuo

377 2235 557 2278 erigendo,
589 2235 780 2267 translatum
816 2233 940 2276 extitit)
978 2238 1110 2265 exortae

378 2288 521 2327 suerunt,
559 2287 591 2319 in
631 2297 695 2320 non
733 2285 898 2319 modicum
933 2284 1109 2329 spiritualis

377 2339 570 2383 disciplinae
596 2344 628 2371 et
652 2339 749 2371 divini
768 2340 872 2371 cultus
890 2338 923 2370 in
942 2339 1037 2371 domo
1055 2348 1112 2370 seu

377 2393 533 2436 hospitali
558 2404 594 2425 ac
619 2392 820 2424 monasterio
836 2391 989 2435 praefatis
1015 2389 1112 2423 detri-

379 2451 536 2479 mentum.
563 2445 627 2478 ilos
653 2444 761 2487 igitur,
781 2444 897 2487 quibus
919 2444 1016 2477 totius
1042 2453 1114 2486 gre-

379 2500 426 2543 gis
449 2497 615 2539 dominici,
641 2498 697 2530 sed
722 2497 929 2540 potissimum
954 2494 1111 2529 omnium¹

416 2571 425 2596 1
449 2570 527 2596 Certo
547 2573 646 2596 certius
670 2568 765 2595 ovium
792 2575 840 2602 pro
867 2568 999 2594 omnium
1018 2567 1112 2602 legen-

379 2614 443 2642 dum
463 2619 503 2642 est
524 2618 557 2651 (a.
576 2614 625 2647 in).

1139 229 1292 254 Romnum

1132 288 1213 321 quae
1234 276 1403 320 perierant
1427 280 1459 308 et
1483 275 1521 308 de
1554 285 1650 307 manu
1677 274 1744 318 lupi
1768 283 1864 317 rapa-

1132 331 1177 364 cis
1209 329 1399 372 redemptae
1436 332 1528 367 sunt,
1553 337 1631 360 cura
1665 326 1756 360 cordi
1792 331 1861 366 est,

1132 383 1251 427 quique
1276 392 1334 425 pro
1360 380 1496 420 eisdem,
1512 385 1556 420 ut,
1576 379 1711 412 remotis
1733 378 1864 422 quibus-

1133 445 1268 478 cumque
1304 432 1503 467 diverticulis
1536 437 1569 465 et
1605 431 1861 475 impedimentis,

1131 498 1244 520 vocem
1283 487 1332 519 sui
1371 485 1511 529 pastoris
1549 485 1670 524 audire,
1710 484 1863 526 illiusque

1133 541 1265 573 caelesti
1289 540 1409 583 pabulo
1434 538 1577 571 recreari
1602 538 1741 576 valeant,
1768 547 1864 579 opem

1134 598 1165 625 et
1189 603 1322 636 operam
1347 597 1490 625 nostram
1515 591 1629 623 sedulo
1658 590 1865 629 adhibemus,

1132 650 1168 677 ut
1190 645 1223 677 in
1248 645 1344 677 domo
1375 655 1431 677 seu
1462 643 1616 686 hospitali
1641 653 1678 675 ac
1702 646 1866 674 monaste-

1134 697 1181 729 rio
1203 692 1390 740 praedictis,
1416 705 1497 739 quae
1522 695 1607 727 circa
1630 694 1761 727 illorum
1782 692 1867 735 regi-

1134 759 1208 781 men
1241 753 1273 781 et
1304 748 1619 781 administrationem
1650 757 1685 779 ac
1715 745 1867 779 directio-

1134 812 1209 841 nem
1246 812 1302 834 seu
1334 801 1594 833 iurisdictionem
1626 811 1644 832 a
1678 798 1866 832 memoratis

1135 854 1287 887 Romanis
1319 854 1527 887 Pontificibus
1557 851 1867 896 praedecessoribus

1136 907 1256 940 nostris
1292 917 1351 951 per
1386 907 1546 950 praefatas
1577 906 1701 939 litteras
1732 905 1867 948 provide

1122 958 1258 993 'sancita
1290 960 1438 1000 suerunt,
1465 970 1556 991 suum
1589 959 1620 990 in
1654 957 1804 991 omnibus
1838 963 1871 991 et

1137 1023 1195 1056 per
1213 1012 1321 1045 omnia
1341 1011 1516 1044 sortiantur
1542 1009 1688 1043 effectum
1706 1020 1742 1042 ac
1758 1010 1871 1042 illaesa

1119 1062 1121 1082 '¹
1138 1070 1170 1097 et
1186 1064 1309 1096 illibata
1329 1064 1504 1107 persistant
1528 1062 1699 1106 providere
1716 1063 1870 1102 volenteS,

1138 1122 1225 1150 motu
1250 1117 1394 1160 proprio,
1425 1127 1490 1149 non
1521 1117 1560 1149 ad
1590 1116 1723 1149 alicuius
1751 1115 1872 1148 instan-

1139 1170 1227 1210 tiam,
1251 1170 1306 1202 sed
1333 1180 1370 1202 ex
1395 1171 1483 1201 certa
1507 1169 1642 1202 scientia
1662 1170 1818 1211 meraque
1835 1167 1873 1201 li-

1138 1221 1323 1256 beralitate¹
1342 1223 1470 1262 nostris,
1489 1233 1524 1255 ac
1545 1223 1583 1255 de
1602 1221 1798 1265 apostolicae
1816 1231 1874 1265 po-

1140 1277 1262 1309 testatis
1278 1276 1493 1323 plenitudine,
1510 1276 1719 1319 primodictas
1732 1286 1768 1308 ac
1782 1285 1874 1318 prae-

1140 1331 1276 1363 insertas
1301 1330 1346 1362 Pii
1372 1329 1407 1361 lv
1432 1335 1464 1361 et
1483 1329 1515 1361 in
1533 1329 1578 1361 eis
1597 1330 1724 1368 relatas,
1743 1338 1873 1361 necnon

1140 1383 1186 1415 Pii
1200 1383 1223 1414 Y
1236 1383 1526 1426 praedecessorum
1540 1382 1663 1414 litteras
1677 1380 1874 1420 huiusmodi,

1141 1440 1172 1468 et
1196 1435 1229 1467 in
1255 1435 1301 1467 eis
1326 1440 1479 1468 contenta
1503 1426 1735 1477 quaecumque,
1761 1438 1875 1466 tenore

1140 1488 1376 1532 praesentium,
1411 1487 1637 1520 confirmamus
1663 1492 1695 1520 et
1718 1486 1878 1530 approba-

1140 1553 1220 1582 mus,
1246 1553 1294 1582 ac,
1329 1547 1486 1585 quatenus
1517 1551 1597 1585 opus
1633 1541 1682 1581 sit,
1717 1540 1756 1573 de
1793 1549 1877 1572 novo

1143 1595 1282 1628 edimus.

1185 1650 1199 1692 g
1226 1648 1255 1681 5.
1294 1648 1510 1681 Decernentes
1539 1647 1697 1691 praefatas
1729 1645 1879 1688 Gregorii

1142 1701 1416 1744 praedecessoris,
1444 1701 1585 1743 aliasque
1607 1700 1746 1742 desuper
1771 1699 1880 1731 forsan

1144 1759 1306 1786 emanatas
1331 1753 1578 1787 constitutiones
1603 1757 1635 1785 et
1660 1750 1881 1784 ordinationes

1143 1808 1356 1852 apostolicas,
1383 1807 1409 1839 si
1436 1816 1515 1849 quae
1541 1805 1611 1844 sint,
1638 1814 1718 1848 quas
1743 1804 1797 1836 hic
1821 1812 1881 1846 pro

1145 1851 1306 1905 expressis
1341 1865 1372 1892 et
1403 1859 1533 1891 insertis
1567 1857 1681 1890 haberi
1712 1858 1881 1896 volumus,

1145 1915 1253 1958 quoad
1273 1912 1518 1956 impediendum
1535 1911 1675 1944 liberum
1695 1908 1885 1942 exercitium

1145 1965 1378 1999 iurisdictionis
1405 1971 1467 1997 tam
1493 1963 1672 2007 spiritualis
1692 1973 1787 2005 quam
1803 1967 1884 1994 tem-

1145 2019 1266 2063 poralis
1291 2019 1323 2051 in
1349 2019 1444 2051 domo
1469 2028 1527 2050 seu
1562 2015 1716 2059 hospitali
1749 2025 1786 2047 ac
1815 2024 1884 2047 mo-

1146 2072 1290 2106 nasterio
1312 2070 1496 2114 praedictis,
1515 2069 1599 2102 dicto
1617 2067 1794 2101 Benedicto
1816 2077 1886 2099 car-

1147 2125 1248 2158 dinali
1274 2130 1306 2156 et
1330 2134 1389 2167 pro
1415 2129 1561 2165 tempore
1587 2119 1739 2154 existenti
1770 2120 1884 2153 domus

1147 2188 1205 2211 seu
1232 2176 1404 2220 hospitalis
1429 2186 1465 2208 ac
1483 2173 1672 2207 monasterii
1698 2171 1883 2205 huiusmodi

1147 2229 1324 2274 protectori
1349 2238 1408 2271 per
1433 2228 1564 2260 easdem
1578 2225 1623 2259 Pii
1640 2225 1677 2258 IV
1691 2225 1886 2268 praedeces-

1148 2283 1228 2316 soris
1255 2282 1342 2315 etin
1368 2280 1414 2313 eis
1447 2281 1565 2313 relatas
1597 2279 1724 2312 litteras
1755 2287 1887 2311 conces-

1148 2347 1227 2375 sum,
1254 2341 1285 2369 et
1307 2334 1477 2378 quominus
1496 2333 1692 2366 Benedictus
1713 2330 1887 2365 cardinalis

1148 2396 1180 2423 et
1204 2399 1264 2433 pro
1291 2394 1438 2431 tempore
1471 2387 1649 2419 existentes
1680 2390 1886 2429 protectores

1148 2441 1306 2487 praedicti
1323 2440 1582 2483 exemptionibus
1601 2439 1662 2472 sibi
1680 2449 1739 2482 per
1757 2438 1888 2471 easdem

1148 2494 1307 2528 attributis
1333 2493 1436 2526 libere
1461 2494 1516 2533 uti,
1542 2492 1615 2533 frui,
1633 2491 1730 2536 potiri
1757 2496 1788 2524 et
1812 2500 1888 2533 gau-

1185 2568 1195 2591 1
1215 2564 1310 2592 Nescio
1326 2573 1359 2591 an
1375 2564 1408 2591 de
1423 2564 1500 2591 solito
1520 2562 1667 2598 legendum
1686 2561 1722 2590 sit
1739 2560 1885 2588 delibera·

1149 2611 1225 2638 tione
1246 2617 1294 2645 pro
1315 2610 1494 2637 liberalitate
1513 2613 1552 2643 (n.
1569 2608 1617 2642 T.).

1871 224 1921 251 An.
1937 222 1966 251 C.
1988 221 2056 250 1663

1921 1649 2040 1671 Clausulas.
