<?xml version="1.0" encoding="UTF-8"?>
<!DOCTYPE html PUBLIC "-//W3C//DTD XHTML 1.0 Transitional//EN"
    "http://www.w3.org/TR/xhtml1/DTD/xhtml1-transitional.dtd">
<html xmlns="http://www.w3.org/1999/xhtml" xml:lang="en" lang="en">
 <head>
  <title>
</title>
<meta http-equiv="Content-Type" content="text/html;charset=utf-8" />
  <meta name='ocr-system' content='tesseract 3.04.00' />
  <meta name='ocr-capabilities' content='ocr_page ocr_carea ocr_par ocr_line ocrx_word'/>
</head>
<body>
  <div class='ocr_page' id='page_1' title='image "./bullarumdiplomat17cath_0162.png"; bbox 0 0 2247 3208; ppageno 0'>
   <div class='ocr_carea' id='block_1_1' title="bbox 201 232 382 262">
    <p class='ocr_par' dir='ltr' id='par_1_1' title="bbox 201 232 382 262">
     <span class='ocr_line' id='line_1_1' title="bbox 201 232 382 262; baseline -0.011 0"><span class='ocrx_word' id='word_1_1' title='bbox 201 234 247 262; x_wconf 76' lang='lat' dir='ltr'><strong>An.</strong></span> <span class='ocrx_word' id='word_1_2' title='bbox 269 232 298 262; x_wconf 85' lang='lat' dir='ltr'><strong>C.</strong></span> <span class='ocrx_word' id='word_1_3' title='bbox 316 232 382 261; x_wconf 78' lang='lat'><strong>1063</strong></span> 
     </span>
    </p>
   </div>
   <div class='ocr_carea' id='block_1_2' title="bbox 224 715 310 736">
    <p class='ocr_par' dir='ltr' id='par_1_2' title="bbox 224 715 310 736">
     <span class='ocr_line' id='line_1_2' title="bbox 224 715 310 736; baseline 0.012 -1"><span class='ocrx_word' id='word_1_4' title='bbox 224 715 310 736; x_wconf 67' lang='lat' dir='ltr'><strong>Malim.</strong></span> 
     </span>
    </p>
   </div>
   <div class='ocr_carea' id='block_1_3' title="bbox 429 223 828 309">
    <p class='ocr_par' dir='ltr' id='par_1_3' title="bbox 429 223 828 309">
     <span class='ocr_line' id='line_1_3' title="bbox 429 223 491 258; baseline 0 0"><span class='ocrx_word' id='word_1_5' title='bbox 429 223 491 258; x_wconf 77' lang='lat'><strong>1⁶28</strong></span> 
     </span>
     <span class='ocr_line' id='line_1_4' title="bbox 688 273 828 309; baseline -0.021 0"><span class='ocrx_word' id='word_1_6' title='bbox 688 273 828 309; x_wconf 78' lang='lat' dir='ltr'><strong>CDXXV.</strong></span> 
     </span>
    </p>
   </div>
   <div class='ocr_carea' id='block_1_4' title="bbox 396 342 1124 542">
    <p class='ocr_par' dir='ltr' id='par_1_4' title="bbox 396 342 1124 542">
     <span class='ocr_line' id='line_1_5' title="bbox 396 342 1123 394; baseline -0.018 -8"><span class='ocrx_word' id='word_1_7' title='bbox 396 350 602 394; x_wconf 76' lang='lat' dir='ltr'><strong>Confirmatio</strong></span> <span class='ocrx_word' id='word_1_8' title='bbox 627 347 744 381; x_wconf 77' lang='lat' dir='ltr'><strong>decreti</strong></span> <span class='ocrx_word' id='word_1_9' title='bbox 768 346 852 378; x_wconf 77' lang='lat' dir='ltr'><strong>circa</strong></span> <span class='ocrx_word' id='word_1_10' title='bbox 874 342 1123 387; x_wconf 71' lang='lat' dir='ltr'><strong>prohibitionem</strong></span> 
     </span>
     <span class='ocr_line' id='line_1_6' title="bbox 437 394 1124 438; baseline -0.017 -1"><span class='ocrx_word' id='word_1_11' title='bbox 437 403 603 438; x_wconf 74' lang='lat' dir='ltr'><em>erectionis</em></span> <span class='ocrx_word' id='word_1_12' title='bbox 641 409 797 434; x_wconf 81' lang='lat' dir='ltr'><strong>novorum</strong></span> <span class='ocrx_word' id='word_1_13' title='bbox 842 400 1053 430; x_wconf 74' lang='lat' dir='ltr'><em>conventuum</em></span> <span class='ocrx_word' id='word_1_14' title='bbox 1092 394 1124 426; x_wconf 82' lang='lat' dir='ltr'><strong>in</strong></span> 
     </span>
     <span class='ocr_line' id='line_1_7' title="bbox 434 448 1123 501; baseline -0.015 -12"><span class='ocrx_word' id='word_1_15' title='bbox 434 455 601 501; x_wconf 57' lang='lat' dir='ltr'><strong>provincia</strong></span> <span class='ocrx_word' id='word_1_16' title='bbox 626 453 813 494; x_wconf 71' lang='lat' dir='ltr'><strong>Araoom&#39;ae</strong></span> <span class='ocrx_word' id='word_1_17' title='bbox 831 449 965 483; x_wconf 76' lang='lat' dir='ltr'><em>Ordinis</em></span> <span class='ocrx_word' id='word_1_18' title='bbox 984 448 1123 491; x_wconf 80' lang='lat' dir='ltr'><em>fratrum</em></span> 
     </span>
     <span class='ocr_line' id='line_1_8' title="bbox 436 499 1058 542; baseline -0.016 1"><span class='ocrx_word' id='word_1_19' title='bbox 436 509 539 542; x_wconf 74' lang='lat' dir='ltr'><strong>sancti</strong></span> <span class='ocrx_word' id='word_1_20' title='bbox 563 506 732 542; x_wconf 70' lang='lat' dir='ltr'><strong>Francisci</strong></span> <span class='ocrx_word' id='word_1_21' title='bbox 755 504 792 537; x_wconf 83' lang='lat' dir='ltr'><strong>de</strong></span> <span class='ocrx_word' id='word_1_22' title='bbox 816 501 1027 537; x_wconf 77' lang='lat' dir='ltr'><strong>Observanlid</strong></span> <span class='ocrx_word' id='word_1_23' title='bbox 1039 499 1058 533; x_wconf 92' lang='lat'><strong>¹.</strong></span> 
     </span>
    </p>
   </div>
   <div class='ocr_carea' id='block_1_5' title="bbox 532 581 983 659">
    <p class='ocr_par' dir='ltr' id='par_1_5' title="bbox 532 581 983 659">
     <span class='ocr_line' id='line_1_9' title="bbox 585 581 931 617; baseline -0.02 -2"><span class='ocrx_word' id='word_1_24' title='bbox 585 585 752 615; x_wconf 77' lang='lat' dir='ltr'>Alexander</span> <span class='ocrx_word' id='word_1_25' title='bbox 771 585 849 617; x_wconf 77' lang='lat' dir='ltr'><strong>Papa</strong></span> <span class='ocrx_word' id='word_1_26' title='bbox 868 581 931 612; x_wconf 85' lang='lat' dir='ltr'><strong>vn,</strong></span> 
     </span>
     <span class='ocr_line' id='line_1_10' title="bbox 532 626 983 659; baseline -0.016 0"><span class='ocrx_word' id='word_1_27' title='bbox 532 632 568 659; x_wconf 82' lang='lat' dir='ltr'><strong>ad</strong></span> <span class='ocrx_word' id='word_1_28' title='bbox 590 631 721 658; x_wconf 74' lang='lat' dir='ltr'><strong>futuram</strong></span> <span class='ocrx_word' id='word_1_29' title='bbox 740 627 784 655; x_wconf 81' lang='lat' dir='ltr'><strong>rei</strong></span> <span class='ocrx_word' id='word_1_30' title='bbox 804 626 983 654; x_wconf 78' lang='lat' dir='ltr'><strong>memoriam.</strong></span> 
     </span>
    </p>
   </div>
   <div class='ocr_carea' id='block_1_6' title="bbox 393 694 1136 2543">
    <p class='ocr_par' dir='ltr' id='par_1_6' title="bbox 393 694 1136 2543">
     <span class='ocr_line' id='line_1_11' title="bbox 437 694 1127 747; baseline -0.014 -11"><span class='ocrx_word' id='word_1_31' title='bbox 437 704 452 747; x_wconf 65' lang='grc' dir='ltr'>ξ</span> <span class='ocrx_word' id='word_1_32' title='bbox 476 703 506 736; x_wconf 74' lang='lat' dir='ltr'><strong>l.</strong></span> <span class='ocrx_word' id='word_1_33' title='bbox 528 701 624 740; x_wconf 72' lang='lat' dir='ltr'><strong>Alias,</strong></span> <span class='ocrx_word' id='word_1_34' title='bbox 646 709 704 743; x_wconf 89' lang='lat' dir='ltr'><strong>pro</strong></span> <span class='ocrx_word' id='word_1_35' title='bbox 721 703 813 742; x_wconf 85' lang='lat' dir='ltr'><strong>parte</strong></span> <span class='ocrx_word' id='word_1_36' title='bbox 839 694 947 730; x_wconf 89' lang='lat' dir='ltr'><strong>dilecti</strong></span> <span class='ocrx_word' id='word_1_37' title='bbox 973 694 1029 728; x_wconf 82' lang='lat' dir='ltr'><strong>filii</strong></span> <span class='ocrx_word' id='word_1_38' title='bbox 1050 695 1127 728; x_wconf 88' lang='lat' dir='ltr'><strong>Ber-</strong></span> 
     </span>
     <span class='ocr_line' id='line_1_12' title="bbox 394 747 1126 792; baseline -0.014 -3"><span class='ocrx_word' id='word_1_39' title='bbox 394 755 520 790; x_wconf 84' lang='lat' dir='ltr'><strong>nardini</strong></span> <span class='ocrx_word' id='word_1_40' title='bbox 546 754 684 792; x_wconf 84' lang='lat' dir='ltr'><strong>Saeton,</strong></span> <span class='ocrx_word' id='word_1_41' title='bbox 711 750 817 784; x_wconf 81' lang='lat' dir='ltr'><strong>fratris</strong></span> <span class='ocrx_word' id='word_1_42' title='bbox 842 755 875 782; x_wconf 87' lang='lat' dir='ltr'><strong>et</strong></span> <span class='ocrx_word' id='word_1_43' title='bbox 908 747 1126 792; x_wconf 76' lang='lat' dir='ltr'><strong>procuratoris</strong></span> 
     </span>
     <span class='ocr_line' id='line_1_13' title="bbox 393 801 1127 854; baseline -0.008 -13"><span class='ocrx_word' id='word_1_44' title='bbox 393 808 579 854; x_wconf 84' lang='lat' dir='ltr'><strong>provinciae</strong></span> <span class='ocrx_word' id='word_1_45' title='bbox 612 803 793 847; x_wconf 84' lang='lat' dir='ltr'><strong>Aragoniae</strong></span> <span class='ocrx_word' id='word_1_46' title='bbox 833 801 960 836; x_wconf 75' lang='lat' dir='ltr'>Ordinis</span> <span class='ocrx_word' id='word_1_47' title='bbox 995 801 1127 835; x_wconf 82' lang='lat' dir='ltr'><strong>fratrum</strong></span> 
     </span>
     <span class='ocr_line' id='line_1_14' title="bbox 394 854 1127 897; baseline -0.016 0"><span class='ocrx_word' id='word_1_48' title='bbox 394 862 550 897; x_wconf 86' lang='lat' dir='ltr'><strong>Minorum</strong></span> <span class='ocrx_word' id='word_1_49' title='bbox 576 857 677 892; x_wconf 88' lang='lat' dir='ltr'><strong>sancti</strong></span> <span class='ocrx_word' id='word_1_50' title='bbox 702 854 862 890; x_wconf 84' lang='lat' dir='ltr'><strong>Francisci</strong></span> <span class='ocrx_word' id='word_1_51' title='bbox 888 855 926 889; x_wconf 89' lang='lat' dir='ltr'><strong>de</strong></span> <span class='ocrx_word' id='word_1_52' title='bbox 951 854 1127 888; x_wconf 87' lang='lat' dir='ltr'><strong>Observan-</strong></span> 
     </span>
     <span class='ocr_line' id='line_1_15' title="bbox 395 906 1127 955; baseline -0.014 -7"><span class='ocrx_word' id='word_1_53' title='bbox 395 915 438 948; x_wconf 78' lang='lat' dir='ltr'><strong>tia</strong></span> <span class='ocrx_word' id='word_1_54' title='bbox 461 916 736 955; x_wconf 81' lang='lat' dir='ltr'><strong>nuncupatorum,</strong></span> <span class='ocrx_word' id='word_1_55' title='bbox 761 906 1006 950; x_wconf 79' lang='lat' dir='ltr'>congregationi</span> <span class='ocrx_word' id='word_1_56' title='bbox 1031 916 1127 939; x_wconf 90' lang='lat' dir='ltr'><strong>vene-</strong></span> 
     </span>
     <span class='ocr_line' id='line_1_16' title="bbox 394 958 1122 1002; baseline -0.015 -1"><span class='ocrx_word' id='word_1_57' title='bbox 394 966 545 1002; x_wconf 82' lang='lat' dir='ltr'><strong>rabilium</strong></span> <span class='ocrx_word' id='word_1_58' title='bbox 570 965 703 997; x_wconf 77' lang='lat' dir='ltr'><strong>fratrum</strong></span> <span class='ocrx_word' id='word_1_59' title='bbox 736 966 925 994; x_wconf 87' lang='lat' dir='ltr'><strong>nostrorum</strong></span> <span class='ocrx_word' id='word_1_60' title='bbox 955 959 986 992; x_wconf 90' lang='lat' dir='ltr'><strong>S.</strong></span> <span class='ocrx_word' id='word_1_61' title='bbox 1017 959 1054 991; x_wconf 72' lang='lat' dir='ltr'><strong>P..</strong></span> <span class='ocrx_word' id='word_1_62' title='bbox 1089 958 1122 991; x_wconf 81' lang='lat' dir='ltr'><strong>E.</strong></span> 
     </span>
     <span class='ocr_line' id='line_1_17' title="bbox 395 1012 1126 1060; baseline -0.015 -6"><span class='ocrx_word' id='word_1_63' title='bbox 395 1019 604 1054; x_wconf 83' lang='lat' dir='ltr'><strong>cardinalium</strong></span> <span class='ocrx_word' id='word_1_64' title='bbox 627 1016 765 1060; x_wconf 82' lang='lat' dir='ltr'><strong>negotiis</strong></span> <span class='ocrx_word' id='word_1_65' title='bbox 783 1021 813 1049; x_wconf 85' lang='lat' dir='ltr'><strong>et</strong></span> <span class='ocrx_word' id='word_1_66' title='bbox 833 1012 1126 1047; x_wconf 74' lang='lat' dir='ltr'><strong>consultationibus</strong></span> 
     </span>
     <span class='ocr_line' id='line_1_18' title="bbox 396 1065 1127 1118; baseline -0.014 -11"><span class='ocrx_word' id='word_1_67' title='bbox 396 1074 622 1118; x_wconf 86' lang='lat' dir='ltr'><strong>episcoporum</strong></span> <span class='ocrx_word' id='word_1_68' title='bbox 658 1074 689 1103; x_wconf 87' lang='lat' dir='ltr'><strong>et</strong></span> <span class='ocrx_word' id='word_1_69' title='bbox 728 1067 925 1112; x_wconf 78' lang='lat' dir='ltr'><strong>regularium</strong></span> <span class='ocrx_word' id='word_1_70' title='bbox 963 1065 1127 1110; x_wconf 82' lang='lat' dir='ltr'><strong>praeposi·</strong></span> 
     </span>
     <span class='ocr_line' id='line_1_19' title="bbox 396 1119 1126 1172; baseline -0.012 -11"><span class='ocrx_word' id='word_1_71' title='bbox 396 1133 445 1161; x_wconf 86' lang='lat' dir='ltr'><strong>tae</strong></span> <span class='ocrx_word' id='word_1_72' title='bbox 470 1125 630 1172; x_wconf 78' lang='lat' dir='ltr'><strong>exposito,</strong></span> <span class='ocrx_word' id='word_1_73' title='bbox 657 1123 742 1167; x_wconf 92' lang='lat' dir='ltr'><strong>quod</strong></span> <span class='ocrx_word' id='word_1_74' title='bbox 766 1122 884 1156; x_wconf 88' lang='lat' dir='ltr'><strong>dudum</strong></span> <span class='ocrx_word' id='word_1_75' title='bbox 909 1119 1126 1163; x_wconf 85' lang='lat' dir='ltr'><strong>(considerato</strong></span> 
     </span>
     <span class='ocr_line' id='line_1_20' title="bbox 396 1173 1127 1226; baseline -0.015 -11"><span class='ocrx_word' id='word_1_76' title='bbox 396 1192 452 1226; x_wconf 87' lang='lat' dir='ltr'><strong>per</strong></span> <span class='ocrx_word' id='word_1_77' title='bbox 470 1180 571 1214; x_wconf 81' lang='lat' dir='ltr'><strong>felicis</strong></span> <span class='ocrx_word' id='word_1_78' title='bbox 594 1176 832 1212; x_wconf 83' lang='lat' dir='ltr'><strong>recordationis</strong></span> <span class='ocrx_word' id='word_1_79' title='bbox 857 1175 1055 1225; x_wconf 77' lang='lat' dir='ltr'><strong>Clementem</strong></span> <span class='ocrx_word' id='word_1_80' title='bbox 1071 1173 1127 1205; x_wconf 84' lang='lat' dir='ltr'><strong>Pa-</strong></span> 
     </span>
     <span class='ocr_line' id='line_1_21' title="bbox 395 1226 1125 1279; baseline -0.014 -11"><span class='ocrx_word' id='word_1_81' title='bbox 395 1247 468 1279; x_wconf 84' lang='lat' dir='ltr'><strong>pam</strong></span> <span class='ocrx_word' id='word_1_82' title='bbox 491 1233 554 1266; x_wconf 71' lang='lat' dir='ltr'><strong>YllI</strong></span> <span class='ocrx_word' id='word_1_83' title='bbox 589 1232 875 1276; x_wconf 77' lang='lat' dir='ltr'><strong>praedecessorem</strong></span> <span class='ocrx_word' id='word_1_84' title='bbox 914 1233 1058 1261; x_wconf 89' lang='lat' dir='ltr'><strong>nostrum</strong></span> <span class='ocrx_word' id='word_1_85' title='bbox 1093 1226 1125 1258; x_wconf 92' lang='lat' dir='ltr'><strong>in</strong></span> 
     </span>
     <span class='ocr_line' id='line_1_22' title="bbox 396 1280 1126 1332; baseline -0.014 -11"><span class='ocrx_word' id='word_1_86' title='bbox 396 1287 559 1332; x_wconf 73' lang='lat' dir='ltr'><strong>provincia</strong></span> <span class='ocrx_word' id='word_1_87' title='bbox 577 1282 819 1326; x_wconf 75' lang='lat' dir='ltr'><strong>Carthaginensi</strong></span> <span class='ocrx_word' id='word_1_88' title='bbox 839 1281 914 1314; x_wconf 83' lang='lat' dir='ltr'><strong>dicti</strong></span> <span class='ocrx_word' id='word_1_89' title='bbox 931 1280 1070 1320; x_wconf 80' lang='lat' dir='ltr'><strong>Ordinis,</strong></span> <span class='ocrx_word' id='word_1_90' title='bbox 1092 1280 1126 1312; x_wconf 90' lang='lat' dir='ltr'><strong>li-</strong></span> 
     </span>
     <span class='ocr_line' id='line_1_23' title="bbox 396 1333 1126 1382; baseline -0.011 -9"><span class='ocrx_word' id='word_1_91' title='bbox 396 1346 447 1373; x_wconf 87' lang='lat' dir='ltr'><strong>cet</strong></span> <span class='ocrx_word' id='word_1_92' title='bbox 467 1341 613 1382; x_wconf 78' lang='lat' dir='ltr'><strong>angusta,</strong></span> <span class='ocrx_word' id='word_1_93' title='bbox 634 1337 762 1380; x_wconf 84' lang='lat' dir='ltr'><strong>triginta</strong></span> <span class='ocrx_word' id='word_1_94' title='bbox 781 1341 855 1374; x_wconf 88' lang='lat' dir='ltr'><strong>tres,</strong></span> <span class='ocrx_word' id='word_1_95' title='bbox 872 1339 903 1367; x_wconf 88' lang='lat' dir='ltr'><strong>et</strong></span> <span class='ocrx_word' id='word_1_96' title='bbox 918 1345 956 1367; x_wconf 82' lang='lat' dir='ltr'><strong>ex</strong></span> <span class='ocrx_word' id='word_1_97' title='bbox 973 1333 1037 1367; x_wconf 85' lang='lat' dir='ltr'><strong>illis</strong></span> <span class='ocrx_word' id='word_1_98' title='bbox 1053 1338 1126 1366; x_wconf 88' lang='lat' dir='ltr'><strong>octo</strong></span> 
     </span>
     <span class='ocr_line' id='line_1_24' title="bbox 398 1384 1127 1425; baseline -0.012 0"><span class='ocrx_word' id='word_1_99' title='bbox 398 1393 529 1425; x_wconf 78' lang='lat' dir='ltr'><strong>fratrum</strong></span> <span class='ocrx_word' id='word_1_100' title='bbox 557 1391 806 1424; x_wconf 88' lang='lat' dir='ltr'><strong>recollectorum</strong></span> <span class='ocrx_word' id='word_1_101' title='bbox 833 1384 1017 1420; x_wconf 81' lang='lat' dir='ltr'><strong>&#39;conventus</strong></span> <span class='ocrx_word' id='word_1_102' title='bbox 1050 1395 1127 1417; x_wconf 88' lang='lat' dir='ltr'><strong>con-</strong></span> 
     </span>
     <span class='ocr_line' id='line_1_25' title="bbox 397 1438 1127 1488; baseline -0.01 -10"><span class='ocrx_word' id='word_1_103' title='bbox 397 1445 491 1478; x_wconf 88' lang='lat' dir='ltr'><strong>tineri</strong></span> <span class='ocrx_word' id='word_1_104' title='bbox 506 1456 513 1484; x_wconf 84' lang='lat'>;</span> <span class='ocrx_word' id='word_1_105' title='bbox 531 1443 730 1488; x_wconf 87' lang='lat' dir='ltr'><strong>provinciam</strong></span> <span class='ocrx_word' id='word_1_106' title='bbox 755 1451 833 1474; x_wconf 90' lang='lat' dir='ltr'><strong>vero</strong></span> <span class='ocrx_word' id='word_1_107' title='bbox 851 1440 899 1473; x_wconf 77' lang='lat' dir='ltr'><strong>ss.</strong></span> <span class='ocrx_word' id='word_1_108' title='bbox 919 1438 1047 1473; x_wconf 88' lang='lat' dir='ltr'><strong>Ioannis</strong></span> <span class='ocrx_word' id='word_1_109' title='bbox 1068 1438 1127 1471; x_wconf 89' lang='lat' dir='ltr'><strong>Ba-</strong></span> 
     </span>
     <span class='ocr_line' id='line_1_26' title="bbox 396 1491 1126 1543; baseline -0.01 -12"><span class='ocrx_word' id='word_1_110' title='bbox 396 1498 511 1543; x_wconf 86' lang='lat' dir='ltr'><strong>ptistae</strong></span> <span class='ocrx_word' id='word_1_111' title='bbox 550 1503 581 1530; x_wconf 90' lang='lat' dir='ltr'><strong>et</strong></span> <span class='ocrx_word' id='word_1_112' title='bbox 604 1495 730 1539; x_wconf 84' lang='lat' dir='ltr'><strong>losephi</strong></span> <span class='ocrx_word' id='word_1_113' title='bbox 756 1495 788 1531; x_wconf 85' lang='lat' dir='ltr'><strong>in</strong></span> <span class='ocrx_word' id='word_1_114' title='bbox 814 1493 957 1526; x_wconf 87' lang='lat' dir='ltr'><strong>eiusdem</strong></span> <span class='ocrx_word' id='word_1_115' title='bbox 982 1491 1126 1535; x_wconf 80' lang='lat' dir='ltr'><strong>regionis</strong></span> 
     </span>
     <span class='ocr_line' id='line_1_27' title="bbox 397 1544 1128 1593; baseline -0.011 -9"><span class='ocrx_word' id='word_1_116' title='bbox 397 1550 529 1584; x_wconf 86' lang='lat' dir='ltr'><strong>circuitu</strong></span> <span class='ocrx_word' id='word_1_117' title='bbox 547 1554 672 1593; x_wconf 88' lang='lat' dir='ltr'><strong>septem</strong></span> <span class='ocrx_word' id='word_1_118' title='bbox 690 1552 867 1581; x_wconf 83' lang='lat' dir='ltr'><strong>conventus</strong></span> <span class='ocrx_word' id='word_1_119' title='bbox 882 1545 1014 1585; x_wconf 89' lang='lat' dir='ltr'><strong>hahere,</strong></span> <span class='ocrx_word' id='word_1_120' title='bbox 1033 1544 1128 1577; x_wconf 86' lang='lat' dir='ltr'><strong>alios-</strong></span> 
     </span>
     <span class='ocr_line' id='line_1_28' title="bbox 398 1599 1128 1647; baseline -0.008 -11"><span class='ocrx_word' id='word_1_121' title='bbox 398 1615 457 1647; x_wconf 84' lang='lat' dir='ltr'><strong>que</strong></span> <span class='ocrx_word' id='word_1_122' title='bbox 492 1604 529 1636; x_wconf 89' lang='lat' dir='ltr'><strong>de</strong></span> <span class='ocrx_word' id='word_1_123' title='bbox 561 1613 645 1636; x_wconf 92' lang='lat' dir='ltr'><strong>novo</strong></span> <span class='ocrx_word' id='word_1_124' title='bbox 676 1601 824 1645; x_wconf 83' lang='lat' dir='ltr'><strong>erigere,</strong></span> <span class='ocrx_word' id='word_1_125' title='bbox 849 1600 934 1632; x_wconf 89' lang='lat' dir='ltr'><strong>unde</strong></span> <span class='ocrx_word' id='word_1_126' title='bbox 967 1599 1128 1631; x_wconf 84' lang='lat' dir='ltr'><strong>seculares</strong></span> 
     </span>
     <span class='ocr_line' id='line_1_29' title="bbox 398 1651 1127 1700; baseline -0.008 -11"><span class='ocrx_word' id='word_1_127' title='bbox 398 1656 691 1700; x_wconf 74' lang='lat' dir='ltr'><strong>praegravabantur</strong></span> <span class='ocrx_word' id='word_1_128' title='bbox 714 1665 721 1695; x_wconf 87' lang='lat'>;</span> <span class='ocrx_word' id='word_1_129' title='bbox 763 1653 839 1687; x_wconf 87' lang='lat' dir='ltr'><strong>dicti</strong></span> <span class='ocrx_word' id='word_1_130' title='bbox 878 1658 984 1685; x_wconf 91' lang='lat' dir='ltr'><strong>autem</strong></span> <span class='ocrx_word' id='word_1_131' title='bbox 1024 1651 1127 1684; x_wconf 89' lang='lat' dir='ltr'><strong>recol-</strong></span> 
     </span>
     <span class='ocr_line' id='line_1_30' title="bbox 398 1705 1128 1751; baseline -0.008 -9"><span class='ocrx_word' id='word_1_132' title='bbox 398 1710 472 1742; x_wconf 87' lang='lat' dir='ltr'><strong>lecti</strong></span> <span class='ocrx_word' id='word_1_133' title='bbox 498 1708 711 1751; x_wconf 76' lang='lat' dir='ltr'><strong>eleemosynis</strong></span> <span class='ocrx_word' id='word_1_134' title='bbox 737 1706 933 1750; x_wconf 84' lang='lat' dir='ltr'><strong>quotidianis</strong></span> <span class='ocrx_word' id='word_1_135' title='bbox 951 1705 1058 1738; x_wconf 89' lang='lat' dir='ltr'><strong>vivere</strong></span> <span class='ocrx_word' id='word_1_136' title='bbox 1076 1714 1128 1737; x_wconf 88' lang='lat' dir='ltr'><strong>ne-</strong></span> 
     </span>
     <span class='ocr_line' id='line_1_31' title="bbox 399 1758 1129 1806; baseline -0.004 -13"><span class='ocrx_word' id='word_1_137' title='bbox 399 1763 541 1806; x_wconf 83' lang='lat' dir='ltr'><strong>quibant,</strong></span> <span class='ocrx_word' id='word_1_138' title='bbox 560 1762 614 1794; x_wconf 90' lang='lat' dir='ltr'><strong>sed</strong></span> <span class='ocrx_word' id='word_1_139' title='bbox 631 1772 648 1794; x_wconf 90' lang='lat' dir='ltr'><strong>a</strong></span> <span class='ocrx_word' id='word_1_140' title='bbox 666 1760 802 1804; x_wconf 86' lang='lat' dir='ltr'><strong>puritate</strong></span> <span class='ocrx_word' id='word_1_141' title='bbox 821 1760 952 1802; x_wconf 80' lang='lat' dir='ltr'><strong>regulae</strong></span> <span class='ocrx_word' id='word_1_142' title='bbox 977 1758 1129 1791; x_wconf 85' lang='lat' dir='ltr'><strong>recedere</strong></span> 
     </span>
     <span class='ocr_line' id='line_1_32' title="bbox 399 1811 1131 1858; baseline -0.008 -10"><span class='ocrx_word' id='word_1_143' title='bbox 399 1816 609 1858; x_wconf 76' lang='lat' dir='ltr'><strong>cogebantur,</strong></span> <span class='ocrx_word' id='word_1_144' title='bbox 635 1815 853 1856; x_wconf 75' lang='lat' dir='ltr'><strong>eleemosynas</strong></span> <span class='ocrx_word' id='word_1_145' title='bbox 878 1813 916 1845; x_wconf 86' lang='lat' dir='ltr'><strong>ad</strong></span> <span class='ocrx_word' id='word_1_146' title='bbox 942 1811 989 1845; x_wconf 90' lang='lat' dir='ltr'><strong>sui</strong></span> <span class='ocrx_word' id='word_1_147' title='bbox 1007 1816 1131 1843; x_wconf 84' lang='lat' dir='ltr'><strong>susten-</strong></span> 
     </span>
     <span class='ocr_line' id='line_1_33' title="bbox 400 1864 1131 1909; baseline -0.005 -9"><span class='ocrx_word' id='word_1_148' title='bbox 400 1868 554 1900; x_wconf 87' lang='lat' dir='ltr'><strong>tationem</strong></span> <span class='ocrx_word' id='word_1_149' title='bbox 590 1866 840 1905; x_wconf 88' lang='lat' dir='ltr'><strong>accumulando;</strong></span> <span class='ocrx_word' id='word_1_150' title='bbox 867 1865 1054 1909; x_wconf 88' lang='lat' dir='ltr'><strong>quinimmo,</strong></span> <span class='ocrx_word' id='word_1_151' title='bbox 1089 1864 1131 1896; x_wconf 89' lang='lat' dir='ltr'><strong>ob</strong></span> 
     </span>
     <span class='ocr_line' id='line_1_34' title="bbox 399 1917 1131 1967; baseline -0.004 -15"><span class='ocrx_word' id='word_1_152' title='bbox 399 1925 612 1967; x_wconf 66' lang='lat' dir='ltr'><strong>conventuum</strong></span> <span class='ocrx_word' id='word_1_153' title='bbox 636 1918 884 1958; x_wconf 76' lang='lat' dir='ltr'><strong>multitudinem,</strong></span> <span class='ocrx_word' id='word_1_154' title='bbox 909 1927 1043 1950; x_wconf 83' lang='lat' dir='ltr'><strong>necesse</strong></span> <span class='ocrx_word' id='word_1_155' title='bbox 1068 1917 1131 1950; x_wconf 91' lang='lat' dir='ltr'><strong>illis</strong></span> 
     </span>
     <span class='ocr_line' id='line_1_35' title="bbox 400 1970 1130 2013; baseline -0.004 -8"><span class='ocrx_word' id='word_1_156' title='bbox 400 1978 468 2005; x_wconf 89' lang='lat' dir='ltr'><strong>erat</strong></span> <span class='ocrx_word' id='word_1_157' title='bbox 498 1972 636 2004; x_wconf 83' lang='lat' dir='ltr'><strong>noviti0s</strong></span> <span class='ocrx_word' id='word_1_158' title='bbox 666 1972 769 2004; x_wconf 86' lang='lat' dir='ltr'><strong>omnis</strong></span> <span class='ocrx_word' id='word_1_159' title='bbox 801 1971 929 2013; x_wconf 82' lang='lat' dir='ltr'><strong>generis</strong></span> <span class='ocrx_word' id='word_1_160' title='bbox 959 1970 1130 2013; x_wconf 81' lang='lat' dir='ltr'><strong>recipere)</strong></span> 
     </span>
     <span class='ocr_line' id='line_1_36' title="bbox 401 2022 1132 2068; baseline -0.004 -11"><span class='ocrx_word' id='word_1_161' title='bbox 401 2025 467 2068; x_wconf 85' lang='lat' dir='ltr'><strong>ipse</strong></span> <span class='ocrx_word' id='word_1_162' title='bbox 484 2024 630 2057; x_wconf 81' lang='lat' dir='ltr'><strong>Clemens</strong></span> <span class='ocrx_word' id='word_1_163' title='bbox 650 2025 892 2067; x_wconf 79' lang='lat' dir='ltr'><strong>praedeeessor,</strong></span> <span class='ocrx_word' id='word_1_164' title='bbox 918 2029 952 2055; x_wconf 91' lang='lat' dir='ltr'><strong>ut</strong></span> <span class='ocrx_word' id='word_1_165' title='bbox 976 2023 1025 2055; x_wconf 90' lang='lat' dir='ltr'><strong>his</strong></span> <span class='ocrx_word' id='word_1_166' title='bbox 1050 2022 1132 2055; x_wconf 85' lang='lat' dir='ltr'><strong>aliis-</strong></span> 
     </span>
     <span class='ocr_line' id='line_1_37' title="bbox 403 2075 1132 2120; baseline 0 -13"><span class='ocrx_word' id='word_1_167' title='bbox 403 2088 463 2120; x_wconf 85' lang='lat' dir='ltr'><strong>que</strong></span> <span class='ocrx_word' id='word_1_168' title='bbox 488 2077 788 2110; x_wconf 79' lang='lat' dir='ltr'><strong>inconvenientibus</strong></span> <span class='ocrx_word' id='word_1_169' title='bbox 818 2081 1022 2115; x_wconf 85' lang='lat' dir='ltr'><strong>occurreret,</strong></span> <span class='ocrx_word' id='word_1_170' title='bbox 1050 2075 1132 2108; x_wconf 91' lang='lat' dir='ltr'><strong>ordi-</strong></span> 
     </span>
     <span class='ocr_line' id='line_1_38' title="bbox 403 2127 1133 2172; baseline -0.003 -10"><span class='ocrx_word' id='word_1_171' title='bbox 403 2135 535 2163; x_wconf 82' lang='lat' dir='ltr'><strong>naverat</strong></span> <span class='ocrx_word' id='word_1_172' title='bbox 559 2140 598 2162; x_wconf 84' lang='lat' dir='ltr'><strong>ne</strong></span> <span class='ocrx_word' id='word_1_173' title='bbox 624 2140 659 2162; x_wconf 76' lang='lat' dir='ltr'><strong>ex</strong></span> <span class='ocrx_word' id='word_1_174' title='bbox 685 2135 759 2161; x_wconf 89' lang='lat' dir='ltr'><strong>tunc</strong></span> <span class='ocrx_word' id='word_1_175' title='bbox 782 2129 813 2161; x_wconf 92' lang='lat' dir='ltr'><strong>in</strong></span> <span class='ocrx_word' id='word_1_176' title='bbox 839 2135 1002 2172; x_wconf 87' lang='lat' dir='ltr'><strong>posterum</strong></span> <span class='ocrx_word' id='word_1_177' title='bbox 1027 2127 1133 2161; x_wconf 81' lang='lat' dir='ltr'><strong>aedifi-</strong></span> 
     </span>
     <span class='ocr_line' id='line_1_39' title="bbox 404 2181 1134 2226; baseline -0.003 -11"><span class='ocrx_word' id='word_1_178' title='bbox 404 2183 468 2215; x_wconf 85' lang='lat' dir='ltr'><strong>cari</strong></span> <span class='ocrx_word' id='word_1_179' title='bbox 489 2189 598 2226; x_wconf 79' lang='lat' dir='ltr'><strong>posset</strong></span> <span class='ocrx_word' id='word_1_180' title='bbox 622 2184 707 2215; x_wconf 87' lang='lat' dir='ltr'><strong>ullus</strong></span> <span class='ocrx_word' id='word_1_181' title='bbox 731 2188 907 2215; x_wconf 78' lang='lat' dir='ltr'><strong>conventus</strong></span> <span class='ocrx_word' id='word_1_182' title='bbox 928 2192 1030 2225; x_wconf 83' lang='lat' dir='ltr'><strong>prope</strong></span> <span class='ocrx_word' id='word_1_183' title='bbox 1055 2181 1134 2214; x_wconf 82' lang='lat' dir='ltr'><strong>alios</strong></span> 
     </span>
     <span class='ocr_line' id='line_1_40' title="bbox 404 2234 1134 2278; baseline -0.003 -10"><span class='ocrx_word' id='word_1_184' title='bbox 404 2241 528 2268; x_wconf 83' lang='lat' dir='ltr'><strong>erectos</strong></span> <span class='ocrx_word' id='word_1_185' title='bbox 540 2235 622 2268; x_wconf 86' lang='lat' dir='ltr'><strong>intra</strong></span> <span class='ocrx_word' id='word_1_186' title='bbox 633 2236 769 2278; x_wconf 88' lang='lat' dir='ltr'><strong>spatium</strong></span> <span class='ocrx_word' id='word_1_187' title='bbox 782 2241 919 2278; x_wconf 86' lang='lat' dir='ltr'><strong>quatuor</strong></span> <span class='ocrx_word' id='word_1_188' title='bbox 932 2236 979 2267; x_wconf 82' lang='lat' dir='ltr'><strong>vel</strong></span> <span class='ocrx_word' id='word_1_189' title='bbox 992 2234 1134 2277; x_wconf 89' lang='lat' dir='ltr'><strong>quinque</strong></span> 
     </span>
     <span class='ocr_line' id='line_1_41' title="bbox 404 2287 1134 2331; baseline -0.003 -10"><span class='ocrx_word' id='word_1_190' title='bbox 404 2289 588 2326; x_wconf 82' lang='lat' dir='ltr'><strong>leucarum,</strong></span> <span class='ocrx_word' id='word_1_191' title='bbox 614 2293 709 2331; x_wconf 90' lang='lat' dir='ltr'><strong>prout</strong></span> <span class='ocrx_word' id='word_1_192' title='bbox 738 2288 770 2319; x_wconf 92' lang='lat' dir='ltr'><strong>in</strong></span> <span class='ocrx_word' id='word_1_193' title='bbox 795 2288 937 2320; x_wconf 71' lang='lat' dir='ltr'><strong>eiusdem</strong></span> <span class='ocrx_word' id='word_1_194' title='bbox 963 2287 1134 2320; x_wconf 82' lang='lat' dir='ltr'><strong>Clementis</strong></span> 
     </span>
     <span class='ocr_line' id='line_1_42' title="bbox 404 2340 1135 2384; baseline 0 -11"><span class='ocrx_word' id='word_1_195' title='bbox 404 2340 662 2384; x_wconf 76' lang='lat' dir='ltr'><strong>praedecessoris</strong></span> <span class='ocrx_word' id='word_1_196' title='bbox 688 2340 802 2372; x_wconf 83' lang='lat' dir='ltr'><strong>litteris</strong></span> <span class='ocrx_word' id='word_1_197' title='bbox 829 2340 879 2373; x_wconf 88' lang='lat' dir='ltr'><strong>die</strong></span> <span class='ocrx_word' id='word_1_198' title='bbox 903 2351 933 2373; x_wconf 77' lang='lat' dir='ltr'><strong>xr</strong></span> <span class='ocrx_word' id='word_1_199' title='bbox 965 2340 1032 2372; x_wconf 91' lang='lat' dir='ltr'><strong>iulii</strong></span> <span class='ocrx_word' id='word_1_200' title='bbox 1057 2350 1135 2373; x_wconf 76' lang='lat' dir='ltr'>MDCI</span> 
     </span>
     <span class='ocr_line' id='line_1_43' title="bbox 405 2392 1136 2437; baseline -0.003 -11"><span class='ocrx_word' id='word_1_201' title='bbox 405 2395 543 2437; x_wconf 84' lang='lat' dir='ltr'><strong>desuper</strong></span> <span class='ocrx_word' id='word_1_202' title='bbox 568 2393 723 2436; x_wconf 73' lang='lat' dir='ltr'><strong>expeditis</strong></span> <span class='ocrx_word' id='word_1_203' title='bbox 740 2393 869 2425; x_wconf 81' lang='lat' dir='ltr'><strong>uberius</strong></span> <span class='ocrx_word' id='word_1_204' title='bbox 895 2393 1011 2426; x_wconf 83' lang='lat' dir='ltr'><strong>dicitur</strong></span> <span class='ocrx_word' id='word_1_205' title='bbox 1036 2392 1136 2425; x_wconf 87' lang='lat' dir='ltr'><strong>conti-</strong></span> 
     </span>
     <span class='ocr_line' id='line_1_44' title="bbox 405 2446 1135 2489; baseline -0.003 -9"><span class='ocrx_word' id='word_1_206' title='bbox 405 2447 489 2486; x_wconf 59' lang='lat' dir='ltr'><strong>neri,</strong></span> <span class='ocrx_word' id='word_1_207' title='bbox 508 2452 540 2478; x_wconf 85' lang='lat' dir='ltr'><strong>et</strong></span> <span class='ocrx_word' id='word_1_208' title='bbox 557 2446 588 2478; x_wconf 89' lang='lat' dir='ltr'><strong>in</strong></span> <span class='ocrx_word' id='word_1_209' title='bbox 606 2447 717 2478; x_wconf 80' lang='lat' dir='ltr'><strong>eadem</strong></span> <span class='ocrx_word' id='word_1_210' title='bbox 735 2446 935 2489; x_wconf 79' lang='lat' dir='ltr'><strong>expositIOne</strong></span> <span class='ocrx_word' id='word_1_211' title='bbox 953 2446 1135 2485; x_wconf 68' lang='lat' dir='ltr'><strong>summoto,</strong></span> 
     </span>
     <span class='ocr_line' id='line_1_45' title="bbox 407 2497 1136 2543; baseline 0 -12"><span class='ocrx_word' id='word_1_212' title='bbox 407 2500 492 2543; x_wconf 91' lang='lat' dir='ltr'><strong>quod</strong></span> <span class='ocrx_word' id='word_1_213' title='bbox 517 2498 550 2531; x_wconf 92' lang='lat' dir='ltr'><strong>in</strong></span> <span class='ocrx_word' id='word_1_214' title='bbox 582 2498 726 2541; x_wconf 76' lang='lat' dir='ltr'><strong>praefata</strong></span> <span class='ocrx_word' id='word_1_215' title='bbox 761 2497 925 2540; x_wconf 82' lang='lat' dir='ltr'><strong>provincia</strong></span> <span class='ocrx_word' id='word_1_216' title='bbox 957 2498 1136 2541; x_wconf 80' lang='lat' dir='ltr'><strong>Aragoniae</strong></span> 
     </span>
    </p>
   </div>
   <div class='ocr_carea' id='block_1_7' title="bbox 441 2609 904 2646">
    <p class='ocr_par' dir='ltr' id='par_1_7' title="bbox 441 2609 904 2646">
     <span class='ocr_line' id='line_1_46' title="bbox 441 2609 904 2646; baseline -0.009 -6"><span class='ocrx_word' id='word_1_217' title='bbox 441 2614 452 2640; x_wconf 90' lang='grc'>1</span> <span class='ocrx_word' id='word_1_218' title='bbox 476 2612 512 2639; x_wconf 85' lang='lat' dir='ltr'><strong>Ex</strong></span> <span class='ocrx_word' id='word_1_219' title='bbox 533 2612 639 2646; x_wconf 82' lang='lat' dir='ltr'><strong>Regest.</strong></span> <span class='ocrx_word' id='word_1_220' title='bbox 661 2610 687 2637; x_wconf 92' lang='lat' dir='ltr'><strong>in</strong></span> <span class='ocrx_word' id='word_1_221' title='bbox 707 2610 806 2637; x_wconf 83' lang='lat' dir='ltr'><strong>Secret.</strong></span> <span class='ocrx_word' id='word_1_222' title='bbox 829 2609 904 2637; x_wconf 87' lang='lat' dir='ltr'><strong>Brev.</strong></span> 
     </span>
    </p>
   </div>
   <div class='ocr_carea' id='block_1_8' title="bbox 962 205 1314 247">
    <p class='ocr_par' dir='ltr' id='par_1_8' title="bbox 962 205 1314 247">
     <span class='ocr_line' id='line_1_47' title="bbox 962 205 1314 247; baseline -0.006 0"><span class='ocrx_word' id='word_1_223' title='bbox 962 205 1140 247; x_wconf 61' lang='lat' dir='ltr'><strong>normalem</strong></span> <span class='ocrx_word' id='word_1_224' title='bbox 1163 221 1314 246; x_wconf 69' lang='lat' dir='ltr'><strong>Romnum</strong></span> 
     </span>
    </p>
   </div>
   <div class='ocr_carea' id='block_1_9' title="bbox 1157 268 1905 2643">
    <p class='ocr_par' dir='ltr' id='par_1_9' title="bbox 1157 268 1898 2064">
     <span class='ocr_line' id='line_1_48' title="bbox 1157 268 1891 305; baseline 0.005 -4"><span class='ocrx_word' id='word_1_225' title='bbox 1157 269 1270 302; x_wconf 88' lang='lat' dir='ltr'><strong>eadem</strong></span> <span class='ocrx_word' id='word_1_226' title='bbox 1294 269 1358 302; x_wconf 90' lang='lat' dir='ltr'><strong>imo</strong></span> <span class='ocrx_word' id='word_1_227' title='bbox 1382 268 1504 303; x_wconf 85' lang='lat' dir='ltr'><strong>maiora</strong></span> <span class='ocrx_word' id='word_1_228' title='bbox 1536 271 1756 304; x_wconf 83' lang='lat' dir='ltr'><strong>nascebantur</strong></span> <span class='ocrx_word' id='word_1_229' title='bbox 1780 272 1891 305; x_wconf 89' lang='lat' dir='ltr'><strong>incon-</strong></span> 
     </span>
     <span class='ocr_line' id='line_1_49' title="bbox 1157 321 1892 368; baseline 0.007 -15"><span class='ocrx_word' id='word_1_230' title='bbox 1157 321 1329 363; x_wconf 86' lang='lat' dir='ltr'><strong>venientia,</strong></span> <span class='ocrx_word' id='word_1_231' title='bbox 1347 332 1417 355; x_wconf 88' lang='lat' dir='ltr'><strong>cum</strong></span> <span class='ocrx_word' id='word_1_232' title='bbox 1435 322 1500 363; x_wconf 86' lang='lat' dir='ltr'><strong>illa,</strong></span> <span class='ocrx_word' id='word_1_233' title='bbox 1520 323 1603 357; x_wconf 86' lang='lat' dir='ltr'><strong>intra</strong></span> <span class='ocrx_word' id='word_1_234' title='bbox 1627 324 1764 357; x_wconf 89' lang='lat' dir='ltr'><strong>minoris</strong></span> <span class='ocrx_word' id='word_1_235' title='bbox 1789 325 1892 368; x_wconf 84' lang='lat' dir='ltr'><strong>regio-</strong></span> 
     </span>
     <span class='ocr_line' id='line_1_50' title="bbox 1157 374 1891 419; baseline 0.003 -11"><span class='ocrx_word' id='word_1_236' title='bbox 1157 385 1207 408; x_wconf 92' lang='lat' dir='ltr'><strong>n1s</strong></span> <span class='ocrx_word' id='word_1_237' title='bbox 1227 374 1375 418; x_wconf 83' lang='lat' dir='ltr'><strong>spatium,</strong></span> <span class='ocrx_word' id='word_1_238' title='bbox 1394 375 1506 418; x_wconf 88' lang='lat' dir='ltr'><strong>viginti</strong></span> <span class='ocrx_word' id='word_1_239' title='bbox 1525 382 1647 419; x_wconf 79' lang='lat' dir='ltr'><strong>septem</strong></span> <span class='ocrx_word' id='word_1_240' title='bbox 1669 383 1844 410; x_wconf 64' lang='lat' dir='ltr'><strong>conventus</strong></span> <span class='ocrx_word' id='word_1_241' title='bbox 1862 383 1891 410; x_wconf 87' lang='lat' dir='ltr'><strong>et</strong></span> 
     </span>
     <span class='ocr_line' id='line_1_51' title="bbox 1159 428 1891 474; baseline 0.003 -13"><span class='ocrx_word' id='word_1_242' title='bbox 1159 429 1222 461; x_wconf 91' lang='lat' dir='ltr'><strong>duo</strong></span> <span class='ocrx_word' id='word_1_243' title='bbox 1240 428 1382 461; x_wconf 89' lang='lat' dir='ltr'><strong>oratoria</strong></span> <span class='ocrx_word' id='word_1_244' title='bbox 1407 428 1598 469; x_wconf 84' lang='lat' dir='ltr'><strong>contineret,</strong></span> <span class='ocrx_word' id='word_1_245' title='bbox 1616 436 1648 463; x_wconf 91' lang='lat' dir='ltr'><strong>et</strong></span> <span class='ocrx_word' id='word_1_246' title='bbox 1663 441 1700 463; x_wconf 85' lang='lat' dir='ltr'><strong>ex</strong></span> <span class='ocrx_word' id='word_1_247' title='bbox 1718 430 1782 464; x_wconf 92' lang='lat' dir='ltr'><strong>illis</strong></span> <span class='ocrx_word' id='word_1_248' title='bbox 1800 431 1891 474; x_wconf 90' lang='lat' dir='ltr'><strong>quin-</strong></span> 
     </span>
     <span class='ocr_line' id='line_1_52' title="bbox 1159 482 1890 526; baseline 0.004 -13"><span class='ocrx_word' id='word_1_249' title='bbox 1159 492 1219 524; x_wconf 89' lang='lat' dir='ltr'><strong>que</strong></span> <span class='ocrx_word' id='word_1_250' title='bbox 1237 482 1484 515; x_wconf 87' lang='lat' dir='ltr'><strong>recollectorum</strong></span> <span class='ocrx_word' id='word_1_251' title='bbox 1505 483 1648 524; x_wconf 81' lang='lat' dir='ltr'><strong>regulam</strong></span> <span class='ocrx_word' id='word_1_252' title='bbox 1675 483 1707 515; x_wconf 89' lang='lat' dir='ltr'><strong>in</strong></span> <span class='ocrx_word' id='word_1_253' title='bbox 1726 483 1788 516; x_wconf 88' lang='lat' dir='ltr'><strong>illis</strong></span> <span class='ocrx_word' id='word_1_254' title='bbox 1814 494 1890 526; x_wconf 90' lang='lat' dir='ltr'><strong>pure</strong></span> 
     </span>
     <span class='ocr_line' id='line_1_53' title="bbox 1159 533 1891 579; baseline 0.004 -13"><span class='ocrx_word' id='word_1_255' title='bbox 1159 533 1411 574; x_wconf 84' lang='lat' dir='ltr'><strong>observantium,</strong></span> <span class='ocrx_word' id='word_1_256' title='bbox 1426 545 1555 567; x_wconf 82' lang='lat' dir='ltr'><strong>necnon</strong></span> <span class='ocrx_word' id='word_1_257' title='bbox 1570 535 1801 579; x_wconf 79' lang='lat' dir='ltr'><strong>septemdecim</strong></span> <span class='ocrx_word' id='word_1_258' title='bbox 1815 547 1891 569; x_wconf 89' lang='lat' dir='ltr'><strong>con-</strong></span> 
     </span>
     <span class='ocr_line' id='line_1_54' title="bbox 1160 587 1891 620; baseline 0.003 -2"><span class='ocrx_word' id='word_1_259' title='bbox 1160 591 1271 619; x_wconf 85' lang='lat' dir='ltr'><strong>ventus</strong></span> <span class='ocrx_word' id='word_1_260' title='bbox 1296 587 1429 620; x_wconf 83' lang='lat' dir='ltr'><strong>fratrum</strong></span> <span class='ocrx_word' id='word_1_261' title='bbox 1462 587 1620 620; x_wconf 84' lang='lat' dir='ltr'><strong>Minorum</strong></span> <span class='ocrx_word' id='word_1_262' title='bbox 1648 587 1776 620; x_wconf 80' lang='lat' dir='ltr'><strong>Ordinis</strong></span> <span class='ocrx_word' id='word_1_263' title='bbox 1809 588 1891 620; x_wconf 87' lang='lat' dir='ltr'><strong>eius-</strong></span> 
     </span>
     <span class='ocr_line' id='line_1_55' title="bbox 1161 638 1892 684; baseline 0.007 -14"><span class='ocrx_word' id='word_1_264' title='bbox 1161 638 1232 671; x_wconf 87' lang='lat' dir='ltr'><strong>dem</strong></span> <span class='ocrx_word' id='word_1_265' title='bbox 1271 639 1370 672; x_wconf 87' lang='lat' dir='ltr'><strong>sancti</strong></span> <span class='ocrx_word' id='word_1_266' title='bbox 1410 639 1573 674; x_wconf 82' lang='lat' dir='ltr'><strong>Francisci</strong></span> <span class='ocrx_word' id='word_1_267' title='bbox 1612 639 1892 684; x_wconf 88' lang='lat' dir='ltr'><strong>Cappuccinorum</strong></span> 
     </span>
     <span class='ocr_line' id='line_1_56' title="bbox 1159 692 1891 736; baseline 0.004 -13"><span class='ocrx_word' id='word_1_268' title='bbox 1159 696 1417 735; x_wconf 86' lang='lat' dir='ltr'><strong>nuncupatorum</strong></span> <span class='ocrx_word' id='word_1_269' title='bbox 1436 692 1469 725; x_wconf 92' lang='lat' dir='ltr'><strong>in</strong></span> <span class='ocrx_word' id='word_1_270' title='bbox 1487 693 1630 726; x_wconf 88' lang='lat' dir='ltr'><strong>eiusdem</strong></span> <span class='ocrx_word' id='word_1_271' title='bbox 1646 693 1737 736; x_wconf 85' lang='lat' dir='ltr'><strong>regni</strong></span> <span class='ocrx_word' id='word_1_272' title='bbox 1760 694 1891 734; x_wconf 89' lang='lat' dir='ltr'><strong>ambitu,</strong></span> 
     </span>
     <span class='ocr_line' id='line_1_57' title="bbox 1159 745 1892 787; baseline 0.004 -11"><span class='ocrx_word' id='word_1_273' title='bbox 1159 749 1191 777; x_wconf 86' lang='lat' dir='ltr'><strong>et</strong></span> <span class='ocrx_word' id='word_1_274' title='bbox 1211 746 1416 787; x_wconf 86' lang='lat' dir='ltr'><strong>quamplures</strong></span> <span class='ocrx_word' id='word_1_275' title='bbox 1434 745 1487 779; x_wconf 89' lang='lat' dir='ltr'><strong>alii</strong></span> <span class='ocrx_word' id='word_1_276' title='bbox 1513 745 1712 778; x_wconf 82' lang='lat' dir='ltr'><strong>diversorum</strong></span> <span class='ocrx_word' id='word_1_277' title='bbox 1739 745 1892 779; x_wconf 90' lang='lat' dir='ltr'><strong>Ordinum</strong></span> 
     </span>
     <span class='ocr_line' id='line_1_58' title="bbox 1159 796 1892 842; baseline 0.004 -13"><span class='ocrx_word' id='word_1_278' title='bbox 1159 796 1409 830; x_wconf 83' lang='lat' dir='ltr'><strong>Mendicantium</strong></span> <span class='ocrx_word' id='word_1_279' title='bbox 1435 798 1683 832; x_wconf 82' lang='lat' dir='ltr'><strong>reformatorum</strong></span> <span class='ocrx_word' id='word_1_280' title='bbox 1709 803 1804 842; x_wconf 87' lang='lat' dir='ltr'><strong>atque</strong></span> <span class='ocrx_word' id='word_1_281' title='bbox 1831 799 1892 832; x_wconf 86' lang='lat' dir='ltr'><strong>dis-</strong></span> 
     </span>
     <span class='ocr_line' id='line_1_59' title="bbox 1159 851 1891 895; baseline 0.003 -12"><span class='ocrx_word' id='word_1_282' title='bbox 1159 851 1376 885; x_wconf 85' lang='lat' dir='ltr'><strong>ealceatorum</strong></span> <span class='ocrx_word' id='word_1_283' title='bbox 1402 857 1578 884; x_wconf 79' lang='lat' dir='ltr'><strong>conventus</strong></span> <span class='ocrx_word' id='word_1_284' title='bbox 1603 851 1836 895; x_wconf 86' lang='lat' dir='ltr'><strong>reperirentur,</strong></span> <span class='ocrx_word' id='word_1_285' title='bbox 1856 863 1891 886; x_wconf 78' lang='lat' dir='ltr'><strong>ex</strong></span> 
     </span>
     <span class='ocr_line' id='line_1_60' title="bbox 1160 903 1891 948; baseline 0.004 -13"><span class='ocrx_word' id='word_1_286' title='bbox 1160 903 1275 947; x_wconf 88' lang='lat' dir='ltr'><strong>quibus</strong></span> <span class='ocrx_word' id='word_1_287' title='bbox 1300 909 1330 937; x_wconf 90' lang='lat' dir='ltr'><strong>et</strong></span> <span class='ocrx_word' id='word_1_288' title='bbox 1361 905 1523 937; x_wconf 83' lang='lat' dir='ltr'><strong>seculares</strong></span> <span class='ocrx_word' id='word_1_289' title='bbox 1547 905 1639 938; x_wconf 90' lang='lat' dir='ltr'><strong>valde</strong></span> <span class='ocrx_word' id='word_1_290' title='bbox 1664 906 1891 948; x_wconf 77' lang='lat' dir='ltr'><strong>gravabantur,</strong></span> 
     </span>
     <span class='ocr_line' id='line_1_61' title="bbox 1159 957 1893 1001; baseline 0.004 -13"><span class='ocrx_word' id='word_1_291' title='bbox 1159 962 1191 989; x_wconf 90' lang='lat' dir='ltr'><strong>et</strong></span> <span class='ocrx_word' id='word_1_292' title='bbox 1221 957 1499 1001; x_wconf 82' lang='lat' dir='ltr'><strong>quamplurimae,</strong></span> <span class='ocrx_word' id='word_1_293' title='bbox 1525 958 1565 991; x_wconf 92' lang='lat' dir='ltr'><strong>ob</strong></span> <span class='ocrx_word' id='word_1_294' title='bbox 1590 968 1747 992; x_wconf 86' lang='lat' dir='ltr'><strong>novarum</strong></span> <span class='ocrx_word' id='word_1_295' title='bbox 1782 959 1893 992; x_wconf 89' lang='lat' dir='ltr'><strong>sunda-</strong></span> 
     </span>
     <span class='ocr_line' id='line_1_62' title="bbox 1160 1009 1891 1053; baseline 0.004 -12"><span class='ocrx_word' id='word_1_296' title='bbox 1160 1009 1284 1044; x_wconf 87' lang='lat' dir='ltr'><strong>tionum</strong></span> <span class='ocrx_word' id='word_1_297' title='bbox 1308 1010 1574 1053; x_wconf 86' lang='lat' dir='ltr'><strong>praetensiones,</strong></span> <span class='ocrx_word' id='word_1_298' title='bbox 1607 1017 1670 1044; x_wconf 88' lang='lat' dir='ltr'><strong>tam</strong></span> <span class='ocrx_word' id='word_1_299' title='bbox 1694 1012 1778 1045; x_wconf 83' lang='lat' dir='ltr'><strong>inter</strong></span> <span class='ocrx_word' id='word_1_300' title='bbox 1803 1023 1891 1045; x_wconf 87' lang='lat' dir='ltr'><strong>secu-</strong></span> 
     </span>
     <span class='ocr_line' id='line_1_63' title="bbox 1159 1063 1890 1108; baseline 0.004 -13"><span class='ocrx_word' id='word_1_301' title='bbox 1159 1064 1241 1096; x_wconf 84' lang='lat' dir='ltr'><strong>lares</strong></span> <span class='ocrx_word' id='word_1_302' title='bbox 1266 1074 1362 1107; x_wconf 89' lang='lat' dir='ltr'><strong>quam</strong></span> <span class='ocrx_word' id='word_1_303' title='bbox 1386 1063 1472 1096; x_wconf 88' lang='lat' dir='ltr'><strong>inter</strong></span> <span class='ocrx_word' id='word_1_304' title='bbox 1502 1064 1638 1098; x_wconf 87' lang='lat' dir='ltr'><strong>clericos</strong></span> <span class='ocrx_word' id='word_1_305' title='bbox 1670 1070 1702 1097; x_wconf 90' lang='lat' dir='ltr'><strong>et</strong></span> <span class='ocrx_word' id='word_1_306' title='bbox 1724 1067 1890 1108; x_wconf 78' lang='lat' dir='ltr'><strong>regulares</strong></span> 
     </span>
     <span class='ocr_line' id='line_1_64' title="bbox 1160 1115 1891 1156; baseline 0.004 -8"><span class='ocrx_word' id='word_1_307' title='bbox 1160 1115 1348 1149; x_wconf 83' lang='lat' dir='ltr'><strong>oriebantur</strong></span> <span class='ocrx_word' id='word_1_308' title='bbox 1394 1116 1575 1150; x_wconf 87' lang='lat' dir='ltr'><strong>discordiae</strong></span> <span class='ocrx_word' id='word_1_309' title='bbox 1592 1143 1599 1156; x_wconf 81' lang='grc'>,</span> <span class='ocrx_word' id='word_1_310' title='bbox 1643 1128 1715 1150; x_wconf 87' lang='lat' dir='ltr'><strong>cum</strong></span> <span class='ocrx_word' id='word_1_311' title='bbox 1754 1118 1891 1151; x_wconf 79' lang='lat' dir='ltr'><strong>maximo</strong></span> 
     </span>
     <span class='ocr_line' id='line_1_65' title="bbox 1159 1169 1892 1214; baseline 0.004 -13"><span class='ocrx_word' id='word_1_312' title='bbox 1159 1169 1317 1212; x_wconf 87' lang='lat' dir='ltr'><strong>regularis</strong></span> <span class='ocrx_word' id='word_1_313' title='bbox 1360 1169 1549 1214; x_wconf 87' lang='lat' dir='ltr'><strong>disciplinae</strong></span> <span class='ocrx_word' id='word_1_314' title='bbox 1593 1171 1788 1204; x_wconf 88' lang='lat' dir='ltr'><strong>detrimento</strong></span> <span class='ocrx_word' id='word_1_315' title='bbox 1808 1198 1814 1211; x_wconf 91' lang='lat'><strong>,</strong></span> <span class='ocrx_word' id='word_1_316' title='bbox 1856 1184 1892 1204; x_wconf 88' lang='lat' dir='ltr'><strong>ac</strong></span> 
     </span>
     <span class='ocr_line' id='line_1_66' title="bbox 1160 1223 1893 1268; baseline 0.003 -12"><span class='ocrx_word' id='word_1_317' title='bbox 1160 1223 1256 1256; x_wconf 87' lang='lat' dir='ltr'><strong>etiam</strong></span> <span class='ocrx_word' id='word_1_318' title='bbox 1302 1225 1497 1266; x_wconf 89' lang='lat' dir='ltr'><strong>populorum</strong></span> <span class='ocrx_word' id='word_1_319' title='bbox 1536 1224 1714 1264; x_wconf 75' lang='lat' dir='ltr'><strong>scanda103</strong></span> <span class='ocrx_word' id='word_1_320' title='bbox 1755 1224 1893 1268; x_wconf 86' lang='lat' dir='ltr'><strong>ideoque</strong></span> 
     </span>
     <span class='ocr_line' id='line_1_67' title="bbox 1160 1277 1894 1320; baseline 0.001 -10"><span class='ocrx_word' id='word_1_321' title='bbox 1160 1287 1217 1320; x_wconf 87' lang='lat' dir='ltr'><strong>per</strong></span> <span class='ocrx_word' id='word_1_322' title='bbox 1241 1277 1418 1320; x_wconf 76' lang='lat' dir='ltr'><strong>praefatum</strong></span> <span class='ocrx_word' id='word_1_323' title='bbox 1436 1277 1669 1311; x_wconf 87' lang='lat' dir='ltr'><strong>Bernardinum</strong></span> <span class='ocrx_word' id='word_1_324' title='bbox 1688 1278 1791 1310; x_wconf 85' lang='lat' dir='ltr'><strong>dictae</strong></span> <span class='ocrx_word' id='word_1_325' title='bbox 1817 1289 1894 1311; x_wconf 85' lang='lat' dir='ltr'><strong>con-</strong></span> 
     </span>
     <span class='ocr_line' id='line_1_68' title="bbox 1160 1329 1891 1374; baseline 0.003 -13"><span class='ocrx_word' id='word_1_326' title='bbox 1160 1329 1342 1372; x_wconf 77' lang='lat' dir='ltr'><strong>gregationi</strong></span> <span class='ocrx_word' id='word_1_327' title='bbox 1374 1330 1554 1374; x_wconf 85' lang='lat' dir='ltr'><strong>supplicato</strong></span> <span class='ocrx_word' id='word_1_328' title='bbox 1586 1335 1621 1363; x_wconf 85' lang='lat' dir='ltr'><strong>ut</strong></span> <span class='ocrx_word' id='word_1_329' title='bbox 1649 1331 1817 1364; x_wconf 88' lang='lat' dir='ltr'><strong>ordinaret</strong></span> <span class='ocrx_word' id='word_1_330' title='bbox 1852 1342 1891 1363; x_wconf 88' lang='lat' dir='ltr'><strong>ne</strong></span> 
     </span>
     <span class='ocr_line' id='line_1_69' title="bbox 1159 1382 1893 1425; baseline 0.001 -11"><span class='ocrx_word' id='word_1_331' title='bbox 1159 1382 1191 1414; x_wconf 91' lang='lat' dir='ltr'><strong>in</strong></span> <span class='ocrx_word' id='word_1_332' title='bbox 1228 1382 1311 1415; x_wconf 80' lang='lat' dir='ltr'><strong>dicta</strong></span> <span class='ocrx_word' id='word_1_333' title='bbox 1339 1382 1506 1425; x_wconf 76' lang='lat' dir='ltr'><strong>provincia</strong></span> <span class='ocrx_word' id='word_1_334' title='bbox 1537 1393 1595 1415; x_wconf 91' lang='lat' dir='ltr'><strong>scu</strong></span> <span class='ocrx_word' id='word_1_335' title='bbox 1630 1393 1733 1425; x_wconf 85' lang='lat' dir='ltr'><strong>regno</strong></span> <span class='ocrx_word' id='word_1_336' title='bbox 1769 1383 1808 1415; x_wconf 88' lang='lat' dir='ltr'><strong>ad</strong></span> <span class='ocrx_word' id='word_1_337' title='bbox 1844 1384 1893 1415; x_wconf 92' lang='lat' dir='ltr'><strong>ul-</strong></span> 
     </span>
     <span class='ocr_line' id='line_1_70' title="bbox 1159 1435 1894 1479; baseline 0.001 -12"><span class='ocrx_word' id='word_1_338' title='bbox 1159 1435 1222 1467; x_wconf 90' lang='lat' dir='ltr'><strong>lam</strong></span> <span class='ocrx_word' id='word_1_339' title='bbox 1247 1441 1473 1475; x_wconf 84' lang='lat' dir='ltr'><strong>conventuum,</strong></span> <span class='ocrx_word' id='word_1_340' title='bbox 1491 1436 1672 1475; x_wconf 80' lang='lat' dir='ltr'><strong>domorum,</strong></span> <span class='ocrx_word' id='word_1_341' title='bbox 1690 1436 1754 1468; x_wconf 83' lang='lat' dir='ltr'><strong>sive</strong></span> <span class='ocrx_word' id='word_1_342' title='bbox 1783 1435 1894 1479; x_wconf 84' lang='lat' dir='ltr'><strong>hospi-</strong></span> 
     </span>
     <span class='ocr_line' id='line_1_71' title="bbox 1161 1488 1893 1532; baseline 0.001 -12"><span class='ocrx_word' id='word_1_343' title='bbox 1161 1488 1294 1528; x_wconf 87' lang='lat' dir='ltr'><strong>tiorum,</strong></span> <span class='ocrx_word' id='word_1_344' title='bbox 1329 1494 1393 1522; x_wconf 84' lang='lat' dir='ltr'><strong>tam</strong></span> <span class='ocrx_word' id='word_1_345' title='bbox 1430 1489 1562 1521; x_wconf 81' lang='lat' dir='ltr'><strong>fratrum</strong></span> <span class='ocrx_word' id='word_1_346' title='bbox 1596 1489 1893 1532; x_wconf 82' lang='lat' dir='ltr'><strong>Cappuccinorum,</strong></span> 
     </span>
     <span class='ocr_line' id='line_1_72' title="bbox 1161 1542 1894 1585; baseline 0 -11"><span class='ocrx_word' id='word_1_347' title='bbox 1161 1553 1255 1585; x_wconf 90' lang='lat' dir='ltr'><strong>quam</strong></span> <span class='ocrx_word' id='word_1_348' title='bbox 1280 1542 1416 1575; x_wconf 87' lang='lat' dir='ltr'><strong>aliorum</strong></span> <span class='ocrx_word' id='word_1_349' title='bbox 1441 1543 1648 1585; x_wconf 75' lang='lat' dir='ltr'><strong>regularium,</strong></span> <span class='ocrx_word' id='word_1_350' title='bbox 1676 1542 1894 1581; x_wconf 86' lang='lat' dir='ltr'><strong>erectionem,</strong></span> 
     </span>
     <span class='ocr_line' id='line_1_73' title="bbox 1161 1595 1896 1639; baseline -0.001 -11"><span class='ocrx_word' id='word_1_351' title='bbox 1161 1606 1217 1628; x_wconf 88' lang='lat' dir='ltr'><strong>seu</strong></span> <span class='ocrx_word' id='word_1_352' title='bbox 1234 1595 1365 1628; x_wconf 88' lang='lat' dir='ltr'><strong>illorum</strong></span> <span class='ocrx_word' id='word_1_353' title='bbox 1383 1596 1609 1635; x_wconf 86' lang='lat' dir='ltr'><strong>retentionem,</strong></span> <span class='ocrx_word' id='word_1_354' title='bbox 1625 1595 1768 1628; x_wconf 85' lang='lat' dir='ltr'><strong>deveniri</strong></span> <span class='ocrx_word' id='word_1_355' title='bbox 1786 1599 1896 1639; x_wconf 84' lang='lat' dir='ltr'><strong>posset</strong></span> 
     </span>
     <span class='ocr_line' id='line_1_74' title="bbox 1161 1649 1894 1693; baseline -0.003 -11"><span class='ocrx_word' id='word_1_356' title='bbox 1161 1650 1242 1682; x_wconf 78' lang='lat' dir='ltr'><strong>infra</strong></span> <span class='ocrx_word' id='word_1_357' title='bbox 1267 1649 1402 1693; x_wconf 90' lang='lat' dir='ltr'><strong>spatium</strong></span> <span class='ocrx_word' id='word_1_358' title='bbox 1428 1650 1568 1693; x_wconf 88' lang='lat' dir='ltr'><strong>quinque</strong></span> <span class='ocrx_word' id='word_1_359' title='bbox 1598 1650 1760 1682; x_wconf 86' lang='lat' dir='ltr'><strong>leucarum</strong></span> <span class='ocrx_word' id='word_1_360' title='bbox 1792 1659 1894 1692; x_wconf 89' lang='lat' dir='ltr'><strong>prope</strong></span> 
     </span>
     <span class='ocr_line' id='line_1_75' title="bbox 1162 1702 1894 1743; baseline -0.001 -8"><span class='ocrx_word' id='word_1_361' title='bbox 1162 1703 1243 1735; x_wconf 89' lang='lat' dir='ltr'><strong>alios</strong></span> <span class='ocrx_word' id='word_1_362' title='bbox 1268 1708 1404 1743; x_wconf 78' lang='lat' dir='ltr'><strong>erectOS,</strong></span> <span class='ocrx_word' id='word_1_363' title='bbox 1431 1702 1497 1735; x_wconf 87' lang='lat' dir='ltr'><strong>sine</strong></span> <span class='ocrx_word' id='word_1_364' title='bbox 1515 1703 1647 1735; x_wconf 90' lang='lat' dir='ltr'><strong>illorum</strong></span> <span class='ocrx_word' id='word_1_365' title='bbox 1664 1712 1836 1741; x_wconf 84' lang='lat' dir='ltr'><strong>consensu,</strong></span> <span class='ocrx_word' id='word_1_366' title='bbox 1863 1706 1894 1734; x_wconf 91' lang='lat' dir='ltr'><strong>et</strong></span> 
     </span>
     <span class='ocr_line' id='line_1_76' title="bbox 1162 1753 1896 1799; baseline -0.001 -11"><span class='ocrx_word' id='word_1_367' title='bbox 1162 1756 1282 1799; x_wconf 83' lang='lat' dir='ltr'><strong>absque</strong></span> <span class='ocrx_word' id='word_1_368' title='bbox 1314 1758 1466 1798; x_wconf 73' lang='lat' dir='ltr'><strong>expressa</strong></span> <span class='ocrx_word' id='word_1_369' title='bbox 1501 1756 1591 1788; x_wconf 87' lang='lat' dir='ltr'><strong>Sedis</strong></span> <span class='ocrx_word' id='word_1_370' title='bbox 1627 1753 1832 1799; x_wconf 79' lang='lat' dir='ltr'><strong>Apostolicae</strong></span> <span class='ocrx_word' id='word_1_371' title='bbox 1857 1754 1896 1787; x_wconf 88' lang='lat' dir='ltr'><strong>li-</strong></span> 
     </span>
     <span class='ocr_line' id='line_1_77' title="bbox 1163 1807 1897 1851; baseline -0.003 -10"><span class='ocrx_word' id='word_1_372' title='bbox 1163 1808 1289 1848; x_wconf 78' lang='lat' dir='ltr'><strong>centia,</strong></span> <span class='ocrx_word' id='word_1_373' title='bbox 1321 1813 1417 1851; x_wconf 89' lang='lat' dir='ltr'><strong>prout</strong></span> <span class='ocrx_word' id='word_1_374' title='bbox 1453 1808 1599 1841; x_wconf 83' lang='lat' dir='ltr'><strong>similiter</strong></span> <span class='ocrx_word' id='word_1_375' title='bbox 1634 1819 1693 1851; x_wconf 90' lang='lat' dir='ltr'><strong>pro</strong></span> <span class='ocrx_word' id='word_1_376' title='bbox 1729 1807 1897 1851; x_wconf 73' lang='lat' dir='ltr'><strong>provincia</strong></span> 
     </span>
     <span class='ocr_line' id='line_1_78' title="bbox 1164 1860 1896 1905; baseline -0.003 -11"><span class='ocrx_word' id='word_1_377' title='bbox 1164 1861 1318 1905; x_wconf 73' lang='lat' dir='ltr'><strong>Burgensi</strong></span> <span class='ocrx_word' id='word_1_378' title='bbox 1336 1867 1367 1894; x_wconf 87' lang='lat' dir='ltr'><strong>et</strong></span> <span class='ocrx_word' id='word_1_379' title='bbox 1389 1861 1579 1894; x_wconf 85' lang='lat' dir='ltr'><strong>Granatensi</strong></span> <span class='ocrx_word' id='word_1_380' title='bbox 1602 1861 1781 1894; x_wconf 87' lang='lat' dir='ltr'><strong>ordinatum</strong></span> <span class='ocrx_word' id='word_1_381' title='bbox 1799 1860 1896 1893; x_wconf 80' lang='lat' dir='ltr'><strong>fuisse</strong></span> 
     </span>
     <span class='ocr_line' id='line_1_79' title="bbox 1164 1913 1897 1948; baseline -0.005 0"><span class='ocrx_word' id='word_1_382' title='bbox 1164 1916 1247 1948; x_wconf 87' lang='lat' dir='ltr'><strong>idem</strong></span> <span class='ocrx_word' id='word_1_383' title='bbox 1283 1916 1500 1948; x_wconf 89' lang='lat' dir='ltr'><strong>Bernardinus</strong></span> <span class='ocrx_word' id='word_1_384' title='bbox 1526 1914 1711 1947; x_wconf 79' lang='lat' dir='ltr'><strong>asserebat:</strong></span> <span class='ocrx_word' id='word_1_385' title='bbox 1739 1913 1897 1947; x_wconf 87' lang='lat' dir='ltr'><strong>emanavit</strong></span> 
     </span>
     <span class='ocr_line' id='line_1_80' title="bbox 1165 1968 1898 2011; baseline -0.007 -9"><span class='ocrx_word' id='word_1_386' title='bbox 1165 1970 1202 2002; x_wconf 88' lang='lat' dir='ltr'><strong>ab</strong></span> <span class='ocrx_word' id='word_1_387' title='bbox 1228 1970 1339 2002; x_wconf 69' lang='lat' dir='ltr'><strong>eadem</strong></span> <span class='ocrx_word' id='word_1_388' title='bbox 1372 1968 1624 2011; x_wconf 79' lang='lat' dir='ltr'><strong>congregatione</strong></span> <span class='ocrx_word' id='word_1_389' title='bbox 1657 1968 1821 2000; x_wconf 80' lang='lat' dir='ltr'><strong>decretum</strong></span> <span class='ocrx_word' id='word_1_390' title='bbox 1854 1970 1898 1998; x_wconf 88' lang='lat' dir='ltr'><strong>te-</strong></span> 
     </span>
     <span class='ocr_line' id='line_1_81' title="bbox 1165 2020 1704 2064; baseline -0.006 -10"><span class='ocrx_word' id='word_1_391' title='bbox 1165 2022 1253 2054; x_wconf 83' lang='lat' dir='ltr'><strong>noris</strong></span> <span class='ocrx_word' id='word_1_392' title='bbox 1278 2021 1332 2064; x_wconf 86' lang='lat' dir='ltr'><strong>qui</strong></span> <span class='ocrx_word' id='word_1_393' title='bbox 1358 2021 1510 2063; x_wconf 86' lang='lat' dir='ltr'><strong>sequitur,</strong></span> <span class='ocrx_word' id='word_1_394' title='bbox 1533 2020 1704 2053; x_wconf 82' lang='lat' dir='ltr'><strong>videlicet:</strong></span> 
     </span>
    </p>

    <p class='ocr_par' dir='ltr' id='par_1_10' title="bbox 1166 2070 1905 2643">
     <span class='ocr_line' id='line_1_82' title="bbox 1214 2070 1899 2115; baseline -0.004 -10"><span class='ocrx_word' id='word_1_395' title='bbox 1214 2086 1227 2105; x_wconf 71' lang='grc' dir='ltr'><em>α</em></span> <span class='ocrx_word' id='word_1_396' title='bbox 1252 2074 1348 2107; x_wconf 85' lang='lat' dir='ltr'><strong>Sacra</strong></span> <span class='ocrx_word' id='word_1_397' title='bbox 1380 2073 1589 2115; x_wconf 78' lang='lat' dir='ltr'><strong>congregatio</strong></span> <span class='ocrx_word' id='word_1_398' title='bbox 1626 2070 1899 2105; x_wconf 87' lang='lat' dir='ltr'><strong>eminentissimo-</strong></span> 
     </span>
     <span class='ocr_line' id='line_1_83' title="bbox 1166 2123 1901 2166; baseline -0.004 -8"><span class='ocrx_word' id='word_1_399' title='bbox 1166 2137 1234 2158; x_wconf 90' lang='lat' dir='ltr'><strong>rum</strong></span> <span class='ocrx_word' id='word_1_400' title='bbox 1259 2126 1288 2158; x_wconf 80' lang='lat' dir='ltr'><strong>S.</strong></span> <span class='ocrx_word' id='word_1_401' title='bbox 1325 2126 1361 2158; x_wconf 89' lang='lat' dir='ltr'><strong>R.</strong></span> <span class='ocrx_word' id='word_1_402' title='bbox 1395 2125 1429 2158; x_wconf 84' lang='lat' dir='ltr'><strong>E.</strong></span> <span class='ocrx_word' id='word_1_403' title='bbox 1464 2125 1673 2157; x_wconf 79' lang='lat' dir='ltr'><strong>cardinalium</strong></span> <span class='ocrx_word' id='word_1_404' title='bbox 1704 2123 1843 2166; x_wconf 80' lang='lat' dir='ltr'><strong>negotiis</strong></span> <span class='ocrx_word' id='word_1_405' title='bbox 1869 2128 1901 2155; x_wconf 90' lang='lat' dir='ltr'><strong>et</strong></span> 
     </span>
     <span class='ocr_line' id='line_1_84' title="bbox 1167 2177 1900 2220; baseline -0.008 -8"><span class='ocrx_word' id='word_1_406' title='bbox 1167 2178 1460 2212; x_wconf 80' lang='lat' dir='ltr'><strong>consultationibus</strong></span> <span class='ocrx_word' id='word_1_407' title='bbox 1497 2177 1725 2220; x_wconf 77' lang='lat' dir='ltr'><strong>episcoporum</strong></span> <span class='ocrx_word' id='word_1_408' title='bbox 1751 2181 1781 2208; x_wconf 84' lang='lat' dir='ltr'><strong>ct</strong></span> <span class='ocrx_word' id='word_1_409' title='bbox 1806 2186 1900 2217; x_wconf 81' lang='lat' dir='ltr'><strong>regu-</strong></span> 
     </span>
     <span class='ocr_line' id='line_1_85' title="bbox 1168 2229 1901 2276; baseline -0.004 -12"><span class='ocrx_word' id='word_1_410' title='bbox 1168 2232 1280 2265; x_wconf 84' lang='lat' dir='ltr'><strong>larium</strong></span> <span class='ocrx_word' id='word_1_411' title='bbox 1301 2230 1498 2276; x_wconf 83' lang='lat' dir='ltr'><strong>praeposita,</strong></span> <span class='ocrx_word' id='word_1_412' title='bbox 1516 2230 1645 2263; x_wconf 79' lang='lat' dir='ltr'><strong>attentis</strong></span> <span class='ocrx_word' id='word_1_413' title='bbox 1664 2229 1810 2268; x_wconf 78' lang='lat' dir='ltr'><strong>narratis,</strong></span> <span class='ocrx_word' id='word_1_414' title='bbox 1828 2239 1901 2261; x_wconf 85' lang='lat' dir='ltr'><strong>cen-</strong></span> 
     </span>
     <span class='ocr_line' id='line_1_86' title="bbox 1168 2283 1901 2318; baseline -0.005 0"><span class='ocrx_word' id='word_1_415' title='bbox 1168 2286 1231 2318; x_wconf 86' lang='lat' dir='ltr'><strong>suit</strong></span> <span class='ocrx_word' id='word_1_416' title='bbox 1255 2290 1287 2318; x_wconf 89' lang='lat' dir='ltr'><strong>et</strong></span> <span class='ocrx_word' id='word_1_417' title='bbox 1311 2285 1453 2318; x_wconf 86' lang='lat' dir='ltr'><strong>decrevit</strong></span> <span class='ocrx_word' id='word_1_418' title='bbox 1476 2285 1663 2317; x_wconf 84' lang='lat' dir='ltr'><strong>servandam</strong></span> <span class='ocrx_word' id='word_1_419' title='bbox 1681 2294 1748 2316; x_wconf 80' lang='lat' dir='ltr'><strong>esse</strong></span> <span class='ocrx_word' id='word_1_420' title='bbox 1768 2283 1901 2316; x_wconf 83' lang='lat' dir='ltr'><strong>sormam</strong></span> 
     </span>
     <span class='ocr_line' id='line_1_87' title="bbox 1168 2337 1903 2372; baseline -0.005 -1"><span class='ocrx_word' id='word_1_421' title='bbox 1168 2350 1203 2372; x_wconf 85' lang='lat' dir='ltr'><strong>ac</strong></span> <span class='ocrx_word' id='word_1_422' title='bbox 1224 2344 1369 2371; x_wconf 73' lang='lat' dir='ltr'><strong>tenorem</strong></span> <span class='ocrx_word' id='word_1_423' title='bbox 1386 2338 1555 2371; x_wconf 89' lang='lat' dir='ltr'><strong>memorati</strong></span> <span class='ocrx_word' id='word_1_424' title='bbox 1572 2337 1677 2370; x_wconf 81' lang='lat' dir='ltr'><strong>Brevis</strong></span> <span class='ocrx_word' id='word_1_425' title='bbox 1696 2341 1822 2369; x_wconf 86' lang='lat' dir='ltr'><strong>sanetae</strong></span> <span class='ocrx_word' id='word_1_426' title='bbox 1838 2345 1903 2367; x_wconf 90' lang='lat' dir='ltr'><strong>me-</strong></span> 
     </span>
     <span class='ocr_line' id='line_1_88' title="bbox 1168 2387 1903 2431; baseline -0.005 -8"><span class='ocrx_word' id='word_1_427' title='bbox 1168 2391 1289 2424; x_wconf 88' lang='lat' dir='ltr'><strong>moriae</strong></span> <span class='ocrx_word' id='word_1_428' title='bbox 1314 2390 1485 2422; x_wconf 86' lang='lat' dir='ltr'><strong>Clemcntis</strong></span> <span class='ocrx_word' id='word_1_429' title='bbox 1510 2390 1573 2422; x_wconf 69' lang='lat' dir='ltr'><strong>vul</strong></span> <span class='ocrx_word' id='word_1_430' title='bbox 1598 2389 1692 2421; x_wconf 78' lang='lat' dir='ltr'><strong>etiam</strong></span> <span class='ocrx_word' id='word_1_431' title='bbox 1717 2389 1750 2421; x_wconf 92' lang='lat' dir='ltr'><strong>in</strong></span> <span class='ocrx_word' id='word_1_432' title='bbox 1774 2387 1903 2431; x_wconf 86' lang='lat' dir='ltr'><strong>provin·</strong></span> 
     </span>
     <span class='ocr_line' id='line_1_89' title="bbox 1169 2439 1904 2486; baseline -0.007 -9"><span class='ocrx_word' id='word_1_433' title='bbox 1169 2444 1218 2477; x_wconf 80' lang='lat' dir='ltr'><strong>cia</strong></span> <span class='ocrx_word' id='word_1_434' title='bbox 1243 2443 1422 2486; x_wconf 81' lang='lat' dir='ltr'><strong>Aragoniae</strong></span> <span class='ocrx_word' id='word_1_435' title='bbox 1447 2442 1576 2475; x_wconf 88' lang='lat' dir='ltr'><strong>Ordinis</strong></span> <span class='ocrx_word' id='word_1_436' title='bbox 1604 2441 1785 2480; x_wconf 75' lang='lat' dir='ltr'><strong>liiusmodi;</strong></span> <span class='ocrx_word' id='word_1_437' title='bbox 1816 2439 1904 2472; x_wconf 87' lang='lat' dir='ltr'><strong>ideo-</strong></span> 
     </span>
     <span class='ocr_line' id='line_1_90' title="bbox 1170 2492 1903 2539; baseline -0.005 -11"><span class='ocrx_word' id='word_1_438' title='bbox 1170 2507 1231 2539; x_wconf 91' lang='lat' dir='ltr'><strong>que</strong></span> <span class='ocrx_word' id='word_1_439' title='bbox 1257 2496 1375 2528; x_wconf 88' lang='lat' dir='ltr'><strong>nedum</strong></span> <span class='ocrx_word' id='word_1_440' title='bbox 1406 2495 1554 2527; x_wconf 75' lang='lat' dir='ltr'><strong>fratribus</strong></span> <span class='ocrx_word' id='word_1_441' title='bbox 1586 2493 1814 2537; x_wconf 73' lang='lat' dir='ltr'><strong>CappucciniS,</strong></span> <span class='ocrx_word' id='word_1_442' title='bbox 1845 2492 1903 2525; x_wconf 86' lang='lat' dir='ltr'><strong>sed</strong></span> 
     </span>
     <span class='ocr_line' id='line_1_91' title="bbox 1170 2544 1905 2588; baseline -0.007 -6"><span class='ocrx_word' id='word_1_443' title='bbox 1170 2550 1266 2582; x_wconf 91' lang='lat' dir='ltr'><strong>etiam</strong></span> <span class='ocrx_word' id='word_1_444' title='bbox 1291 2548 1361 2581; x_wconf 86' lang='lat' dir='ltr'><strong>aliis</strong></span> <span class='ocrx_word' id='word_1_445' title='bbox 1385 2548 1556 2581; x_wconf 84' lang='lat' dir='ltr'><strong>cuiuslibet</strong></span> <span class='ocrx_word' id='word_1_446' title='bbox 1589 2546 1717 2580; x_wconf 90' lang='lat' dir='ltr'><strong>Ordinis</strong></span> <span class='ocrx_word' id='word_1_447' title='bbox 1749 2544 1905 2588; x_wconf 78' lang='lat' dir='ltr'><strong>regulari-</strong></span> 
     </span>
     <span class='ocr_line' id='line_1_92' title="bbox 1170 2598 1904 2643; baseline -0.007 -8"><span class='ocrx_word' id='word_1_448' title='bbox 1170 2603 1230 2635; x_wconf 90' lang='lat' dir='ltr'><strong>bus</strong></span> <span class='ocrx_word' id='word_1_449' title='bbox 1261 2611 1417 2635; x_wconf 90' lang='lat' dir='ltr'><strong>novorum</strong></span> <span class='ocrx_word' id='word_1_450' title='bbox 1443 2606 1665 2639; x_wconf 86' lang='lat' dir='ltr'><strong>conventuum,</strong></span> <span class='ocrx_word' id='word_1_451' title='bbox 1689 2598 1904 2643; x_wconf 85' lang='lat' dir='ltr'><strong>hospitiorum</strong></span> 
     </span>
    </p>
   </div>
   <div class='ocr_carea' id='block_1_10' title="bbox 1896 222 2093 251">
    <p class='ocr_par' dir='ltr' id='par_1_11' title="bbox 1896 222 2093 251">
     <span class='ocr_line' id='line_1_93' title="bbox 1896 222 2093 251; baseline 0.01 -2"><span class='ocrx_word' id='word_1_452' title='bbox 1896 222 1946 250; x_wconf 80' lang='lat' dir='ltr'><strong>An.</strong></span> <span class='ocrx_word' id='word_1_453' title='bbox 1967 224 1996 250; x_wconf 73' lang='lat' dir='ltr'><strong>C,</strong></span> <span class='ocrx_word' id='word_1_454' title='bbox 2021 224 2093 251; x_wconf 72' lang='lat'><strong>4663</strong></span> 
     </span>
    </p>
   </div>
   <div class='ocr_carea' id='block_1_11' title="bbox 1914 2076 2097 2150">
    <p class='ocr_par' dir='ltr' id='par_1_12' title="bbox 1914 2076 2097 2150">
     <span class='ocr_line' id='line_1_94' title="bbox 1940 2076 2097 2097; baseline -0.013 0"><span class='ocrx_word' id='word_1_455' title='bbox 1940 2076 2050 2097; x_wconf 81' lang='lat' dir='ltr'><strong>Decretum</strong></span> <span class='ocrx_word' id='word_1_456' title='bbox 2061 2080 2097 2095; x_wconf 76' lang='lat' dir='ltr'><strong>sa-</strong></span> 
     </span>
     <span class='ocr_line' id='line_1_95' title="bbox 1914 2107 2096 2132; baseline -0.011 -8"><span class='ocrx_word' id='word_1_457' title='bbox 1914 2109 1963 2132; x_wconf 69' lang='lat' dir='ltr'><strong>crae</strong></span> <span class='ocrx_word' id='word_1_458' title='bbox 1982 2107 2096 2128; x_wconf 78' lang='lat' dir='ltr'><strong>congrega-</strong></span> 
     </span>
     <span class='ocr_line' id='line_1_96' title="bbox 1915 2134 1983 2150; baseline -0.015 0"><span class='ocrx_word' id='word_1_459' title='bbox 1915 2134 1983 2150; x_wconf 79' lang='lat' dir='ltr'><strong>nonis.</strong></span> 
     </span>
    </p>
   </div>
  </div>
 </body>
</html>
