2247 3208
310 243 328 266 f:
364 241 429 268 1·.65
474 231 538 264 303

242 1461 343 1482 UtBrere
353 1466 416 1486 expe-

233 1488 299 1508 d1tum
315 1492 352 1512 pro
370 1492 416 1512 pro-

233 1515 301 1534 vincia
314 1514 336 1534 S.
348 1513 416 1533 [vonis

232 1543 328 1560 servetur
338 1540 358 1560 in
369 1545 415 1565 pro·

233 1573 302 1587 unc-ta
314 1567 328 1587 S
348 1566 414 1586 Ludu-

233 1593 273 1612 vici
322 1593 414 1613 Pontifex

232 1619 326 1640 mundat.

433 287 559 321 electio.
598 286 631 317 ln
664 284 804 327 capitulo
838 287 944 314 autem
977 281 1167 325 provinciali

432 339 575 383 proxime
601 336 774 381 sequenti,
806 335 989 368 sibiennio
1014 335 1141 377 integro
1157 361 1164 375 ,

431 403 486 425 seu
519 392 551 423 in
581 390 705 423 duobus
730 388 920 422 definitor-iis
945 387 1165 427 consecutivis,

431 443 617 487 provinciae
650 442 803 476 vicariatu
826 441 953 474 functus
986 441 1102 480 suerit,
1127 441 1166 473 ad

431 497 699 542 provincialatum
732 495 863 528 minime
895 493 1011 527 assumi
1036 495 1141 527 valeat
1159 520 1166 534 ,

430 551 486 585 sed
512 555 578 583 toto
603 549 743 582 triennio
769 548 979 591 consequenti
998 548 1166 590 exprovin-

430 604 562 637 cialatus
588 603 657 635 iure
683 602 832 644 gaudeat.
859 601 891 634 Si
917 601 988 644 quis
1017 599 1167 633 definitor

430 656 562 689 actualis
586 655 759 695 moriatur,
790 654 855 687 sive
880 654 942 688 alia
965 654 1089 687 ratione
1114 664 1166 686 va-

429 709 571 749 caverit,
605 709 673 741 eius
705 709 777 741 loco
812 707 1026 749 subrogetur,
1054 711 1084 739 et
1108 717 1165 750 pro

429 762 603 805 subrogato
629 762 786 794 habeatur
803 761 872 804 ipso
890 760 980 800 sacto,
1007 760 1061 803 qui
1087 759 1167 792 anti-

429 815 523 858 quior
558 814 590 846 in
629 814 788 856 religione
827 812 1078 856 provincialatus
1116 812 1166 844 vel

428 867 599 900 vicariatus
624 866 839 910 provincialis,
865 871 907 905 et,
930 865 967 898 iis
988 865 1166 898 deficienti-

429 921 498 959 bus,
523 919 757 953 definitoriatus
780 929 914 951 munere
932 918 1011 951 alias
1038 918 1165 950 functus

428 978 487 1013 est3
514 973 539 1005 si
564 983 638 1005 vero
660 973 740 1005 tales
757 971 930 1010 defuerint,
949 971 1166 1013 subrogentur

429 1025 598 1067 guardiani
624 1026 765 1058 actuales
783 1025 815 1057 in
832 1023 992 1066 religione
1011 1023 1167 1065 antiquio-

427 1089 502 1117 res;
530 1079 720 1121 subrogatus
746 1082 852 1110 autem
880 1076 1029 1109 ultimum
1061 1077 1166 1108 locum

428 1132 459 1164 in
485 1141 633 1164 consessu
659 1131 780 1163 habeat
803 1130 887 1163 inter
912 1130 1056 1172 reliquos
1090 1128 1167 1161 desi-

428 1185 565 1225 nitores,
592 1189 624 1216 et
647 1184 680 1216 in
705 1184 845 1227 capitulo
879 1182 1069 1225 provinciali
1094 1192 1166 1224 pro-

427 1238 509 1270 xime
542 1237 691 1280 sequenti
724 1237 763 1270 ad
799 1236 983 1269 huiusmodi
1016 1235 1165 1268 delinito-

427 1290 526 1323 riatus
551 1300 666 1323 munus
691 1289 807 1322 assumi
832 1288 964 1321 minime
989 1289 1110 1327 valeat,
1139 1288 1164 1320 si

427 1343 560 1376 biennio
586 1344 712 1385 integro
738 1343 770 1375 in
796 1352 833 1375 eo
857 1351 993 1374 munere
1014 1341 1163 1381 extiterit,

428 1407 483 1430 seu
510 1397 636 1429 duobus
661 1395 852 1430 delinitoriis
878 1395 1018 1427 adfuerit
1043 1407 1073 1426 n.

472 1452 486 1492 g
511 1449 543 1482 3.
571 1449 673 1487 Quare
700 1449 803 1481 dictus
825 1447 976 1481 Claudius
994 1447 1087 1479 nobis
1105 1447 1164 1479 liu-

429 1503 550 1535 militer
574 1502 749 1545 supplicari
775 1501 849 1534 secit
872 1505 907 1533 ut
927 1501 958 1532 in
976 1500 1162 1543 praemissis

427 1560 607 1598 opportune
641 1554 810 1598 providere
835 1558 867 1586 et
889 1557 925 1585 ut
953 1553 1035 1585 infra
1061 1553 1164 1585 indul-

427 1619 502 1650 gere
529 1608 568 1640 de
592 1608 791 1650 benignitate
817 1607 991 1650 apostolica
1016 1606 1164 1649 dignare-

425 1672 509 1694 mur.
522 1661 584 1694 Nos
596 1661 703 1703 igitur,
718 1661 823 1703 ipsum
833 1660 999 1693 Claudium
1013 1660 1163 1703 specialis

426 1714 532 1747 favore
558 1714 677 1756 gratiae
711 1713 863 1756 prosequi
888 1713 1059 1751 volentes,
1091 1717 1120 1745 et
1147 1724 1163 1746 a
1188 1743 1192 1747 .

426 1766 594 1810 quibusvis
629 1765 992 1805 excommunicationis,
1026 1775 1163 1808 suspen-

425 1819 527 1852 sionis
558 1825 590 1851 et,
619 1818 810 1857 interdicti,
847 1818 983 1861 aliisque
1010 1818 1162 1851 eeclesia-

424 1872 514 1904 sticis
552 1871 746 1911 sententiis,
778 1871 923 1904 censuris
957 1876 990 1903 et
1027 1871 1160 1913 poenis,

424 1935 442 1957 a
465 1924 537 1957 iure
562 1926 612 1957 vel
634 1924 672 1956 ab
698 1924 843 1963 homine,
860 1924 971 1967 quavis
991 1924 1162 1957 occasione

424 1979 474 2010 vel
500 1978 595 2010 causa
620 1977 705 2017 latis,
727 1977 751 2010 si
773 1977 891 2020 quibus
917 1978 1163 2021 quomodolibet,

424 2031 599 2064 innodatus
630 2031 749 2071 existit,
777 2031 815 2063 ad
839 2029 989 2063 effectum
1008 2040 1163 2073 praesen-

1014 235 1193 258 BULLARIUM
1219 233 1371 258 ROMANUM

1209 281 1305 313 fratre
1342 285 1452 313 nostro
1486 281 1654 315 Francisco
1688 282 1840 326 episcopo
1872 283 1947 315 Por-

1209 333 1315 365 tuensi
1341 333 1486 365 eiusdem
1511 333 1542 366 S.
1571 334 1608 366 R.
1634 335 1668 367 E.
1696 335 1849 368 cardinali
1871 335 1946 368 Bar-

1208 385 1321 419 berino
1331 383 1515 429 nuncupato
1528 385 1656 419 Ordinis
1666 387 1851 420 huiusmodi
1861 388 1944 431 apud

1208 449 1267 471 nos
1292 443 1323 471 et
1346 438 1463 471 Sedem
1487 440 1664 482 praefatam
1688 445 1886 483 protectore,
1910 446 1942 473 ut

1208 491 1371 534 praefatae
1397 496 1524 524 nostrae
1556 492 1589 524 in
1622 492 1721 525 forma
1752 493 1862 526 Brevis
1894 494 1944 527 tit-

1208 547 1295 576 terae
1320 553 1380 586 pro
1401 543 1432 576 S.
1453 543 1556 577 lvonis
1572 544 1738 587 provincia
1763 546 1943 589 expeditae,

1207 596 1294 628 iuxta
1318 600 1465 629 tenorem
1489 607 1586 640 supra
1611 607 1805 640 expressum,
1830 598 1863 631 in
1886 610 1944 642 po-

1208 654 1327 682 sterum
1357 649 1453 682 etiam
1477 649 1509 682 in
1530 650 1614 683 dieta
1638 650 1802 693 provincia
1826 651 1857 684 S.
1886 653 1944 685 Lu-

1208 701 1328 742 dovici,
1352 707 1447 745 prout
1466 703 1643 735 resolutum
1664 703 1723 735 fuit
1747 703 1779 736 in
1804 705 1944 747 capitulo

1208 755 1420 797 provinciali,
1451 755 1679 788 inviolabiliter
1711 755 1943 798 observentur,

1208 809 1395 841 auctoritate
1428 808 1623 851 apostolica,
1652 814 1763 842 tenore
1795 820 1945 852 praesen-

1208 862 1296 901 tium,
1322 861 1523 894 mandamus.

1252 915 1266 957 5
1291 914 1322 946 4.
1350 914 1567 947 Decernentes
1592 915 1721 948 easdem
1753 922 1941 959 praesentes

1207 966 1329 999 litteras
1356 976 1485 1010 semper
1508 966 1625 1006 sirmas,
1645 968 1766 1001 validas
1786 974 1818 1001 et
1839 969 1943 1003 effica-

1208 1029 1259 1052 ces
1285 1020 1425 1052 existere
1451 1024 1484 1052 et
1508 1020 1587 1060 fore,
1613 1031 1753 1064 suosque
1778 1023 1941 1064 plenarios

1207 1077 1240 1105 et
1262 1072 1408 1115 integros
1432 1072 1564 1106 effectus
1588 1073 1713 1113 sortiri
1731 1080 1763 1107 et
1786 1075 1942 1116 obtinere,

1207 1135 1243 1158 ac
1262 1125 1335 1166 illis,
1357 1126 1397 1158 ad
1418 1136 1498 1169 quos
1524 1131 1647 1169 spectat
1667 1131 1699 1159 et
1715 1137 1775 1170 pro
1793 1132 1941 1171 tempore

1207 1179 1382 1221 spectabit,
1401 1179 1591 1222 plenissime
1609 1178 1799 1223 suffragari,
1828 1181 1941 1224 sicque

1206 1231 1239 1264 in
1264 1232 1452 1275 praemissis
1478 1243 1538 1276 per
1563 1243 1789 1277 quoscumque
1814 1234 1940 1267 iudices

1207 1284 1393 1317 ordinarios
1427 1290 1459 1317 et
1483 1286 1672 1327 delegatos,
1699 1286 1797 1319 etiam
1828 1297 1942 1320 causa-

1206 1347 1277 1369 rum
1304 1337 1416 1380 palatii
1449 1338 1620 1381 apostolici
1646 1339 1834 1379 auditores,
1860 1339 1942 1372 iudi-

1206 1389 1272 1423 cari
1289 1395 1322 1422 et
1350 1390 1478 1423 definiri
1508 1391 1629 1424 debere
1646 1418 1653 1431 ‚
1681 1402 1717 1425 ac
1746 1392 1874 1425 irritum
1911 1398 1943 1425 ct

1205 1443 1301 1475 inane
1339 1443 1365 1475 si
1399 1453 1495 1475 secus
1521 1454 1620 1487 super
1646 1444 1696 1476 his
1722 1455 1739 1476 a
1764 1455 1940 1488 quoquam,

1205 1496 1319 1539 quavis
1335 1496 1542 1537 auctoritate,
1564 1497 1709 1530 scienter
1729 1498 1779 1529 vel
1793 1497 1942 1540 ignoran-

1206 1553 1267 1589 ter,
1290 1549 1465 1591 contigerit
1484 1549 1655 1582 attentari:

1249 1602 1263 1645 g
1287 1601 1318 1635 5.
1341 1601 1412 1635 Non
1445 1603 1652 1635 obstantibus
1682 1603 1879 1646 praemissis,
1904 1615 1940 1637 ac

1206 1655 1499 1688 constitutionibus
1518 1660 1551 1688 et
1575 1656 1839 1689 ordinationibus
1865 1668 1942 1700 apo—

1205 1707 1344 1748 stolicis,
1361 1718 1502 1748 necnon,
1526 1713 1687 1751 quatenus
1704 1719 1786 1752 opus
1805 1710 1865 1749 sit,
1885 1710 1942 1742 Or-

1206 1762 1291 1794 dinis
1303 1766 1334 1794 et
1343 1761 1527 1804 provinciae
1539 1761 1568 1794 S.
1582 1762 1731 1795 Ludovici
1744 1762 1940 1802 huiusmodi,

1205 1814 1315 1847 aliisve
1326 1814 1500 1857 quibusvis,
1514 1815 1611 1847 etiam
1621 1815 1817 1855 iuramento,
1830 1815 1943 1848 contir-

1204 1867 1349 1900 matione
1375 1867 1569 1910 apostolica,
1588 1869 1638 1900 vel
1661 1868 1772 1911 quavis
1789 1867 1941 1901 firmitate

1204 1920 1267 1953 alia
1292 1920 1469 1961 roboratis,
1493 1920 1623 1953 statutis
1642 1926 1673 1953 et
1694 1921 1942 1954 consuetudini-

1204 1975 1278 2014 bus,
1297 1974 1478 2017 privilegiis
1505 1984 1646 2017 quoque,
1673 1973 1808 2007 indultis
1834 1979 1866 2007 et
1889 1975 1941 2007 lit-

1204 2027 1284 2059 teris
1318 2027 1509 2070 apostolicis
1542 2027 1574 2059 in
1607 2027 1810 2059 contrarium
1843 2038 1940 2071 prae-

1952 235 1998 275 ᾼη.
2019 234 2048 261 e.
2071 235 2137 263 taes

1964 954 1967 956 q
1979 926 2090 947 Decretum
2109 928 2136 947 itu

1953 956 2024 974 silaus.

2021 1611 2135 1634 Det-«wado

1951 1639 2111 1660 contrariarum.

426 2084 504 2116 tium
518 2085 680 2116 dumtaxat
693 2084 970 2126 consequendum,
987 2083 1100 2115 harum
1114 2094 1163 2115 se·
1204 2079 1379 2112 missorum
1408 2080 1657 2122 quomodolibet
1685 2080 1866 2120 concessis,
1886 2091 1940 2123 ap-

426 2136 473 2168 rie
484 2137 692 2169 absolventes
707 2142 739 2169 et
753 2136 938 2169 absolutum
948 2136 1016 2169 fore
1028 2146 1183 2179 censen-23
1203 2133 1350 2176 probatis
1366 2138 1397 2165 et,
1411 2132 1586 2171 innovatis3
1607 2132 1726 2175 quibus
1738 2132 1890 2165 omnibus
1908 2138 1941 2165 et

426 2194 484 2229 tes,
511 2200 639 2222 necnon
665 2189 821 2221 dictarum
844 2189 1025 2221 litterarum
1042 2181 1184 2238 nostra-j
1204 2185 1352 2227 singulis,
1383 2185 1517 2217 illorum
1546 2190 1680 2217 tenores
1706 2185 1939 2228 praesentibus

426 2252 496 2274 rum
521 2247 669 2275 tenorem
693 2241 917 2284 praesentibus
942 2248 1001 2284 pro
1020 2242 1115 2284 plene
1133 2240 1184 2328 et]
1204 2248 1264 2281 pro
1289 2239 1387 2280 plene
1414 2242 1446 2269 et
1478 2237 1681 2270 sufficienter
1713 2238 1878 2280 expressis
1904 2249 1940 2271 ac

425 2295 622 2328 sufficienter
636 2305 789 2338 expresso
807 2300 838 2327 et
851 2294 973 2327 inserto
991 2294 1162 2332 habentes,
1205 2290 1242 2322 de
1270 2291 1370 2322 verbo
1395 2291 1433 2322 ad
1460 2291 1596 2323 verbum
1610 2290 1742 2322 insertis
1770 2290 1940 2330 habentes,

426 2348 611 2381 huiusmodi
637 2347 929 2391 supplicationibus
946 2347 1104 2386 inclinati,
1125 2348 1162 2380 de
1182 2332 1184 2352 Ι
1204 2344 1268 2376 illis
1294 2343 1373 2376 alias
1406 2343 1439 2375 itt
1470 2354 1529 2376 suo
1555 2344 1675 2376 robore
1700 2344 1940 2387 permansuris,

425 2401 661 2434 vene1·al‡›iliuni
686 2402 818 2433 tratrum
836 2400 1109 2433 nostrorumsss.
1127 2400 1160 2432 E.
1204 2398 1243 2429 ad
1276 2397 1535 2440 praemissorum
1571 2396 1745 2436 effectum,
1778 2397 1838 2429 hac
1872 2396 1940 2429 vice

425 2454 641 2487 cardinalium
665 2454 802 2496 negotiis
824 2458 855 2486 et
871 2453 1162 2486 consultationibus
1205 2450 1382 2488 dumtaxat,
1403 2449 1593 2493 specialiter
1611 2453 1643 2480 et
1664 2458 1818 2491 expresse
1845 2449 1941 2481 dero-

426 2507 657 2550 episcoporum
684 2511 715 2538 et.
739 2506 938 2548 regularium
963 2505 1164 2548 praeposito-

425 2570 497 2592 rum
523 2559 668 2599 consilio,
687 2559 815 2591 attentis
834 2558 970 2591 narratis
998 2569 1034 2590 ae
1054 2558 1162 2591 audito

425 2623 484 2658 per
509 2613 640 2646 eosdem
664 2611 844 2644 cardinales
863 2611 1040 2644 venerabili
1065 2610 1161 2644 etiam

1205 2514 1318 2545 gamus
1336 2514 1353 2543 ;.
1371 2503 1568 2545 ceterisque¹
1593 2501 1768 2535 contrariis
1805 2502 1941 2544 quibus-

1206 2567 1361 2599 cumque,

1248 2609 1363 2641 Datum
1382 2608 1513 2650 Romae,
1532 2608 1615 2653 apud
1636 2607 1667 2641 S.
1687 2607 1819 2641 Mariam
1843 2607 1941 2641 Maio-
