2247 3208
241 210 291 237 An.
311 210 339 238 C.
360 209 428 237 1662
475 200 516 234 70

263 533 372 553 nennium
385 539 417 554 <ss-

246 567 257 588 -r
265 566 285 588 ιο-
305 565 416 585 congrega·

235 588 305 606 unu«.

437 262 532 301 atque
558 257 601 289 ita
625 256 701 288 huic
726 255 857 298 quidem
888 252 1075 296 provinciae
1112 261 1170 283 no-

436 321 507 343 vem
526 313 703 342 conventus
722 306 877 349 assignati
903 305 1167 348 reperiebantur,

435 363 467 395 in
493 364 594 395 altera
610 371 687 393 vero
705 359 873 403 provincia
889 358 920 391 S.
941 357 1068 390 loannis
1087 357 1169 400 Bap-

434 414 528 446 tistae
553 413 721 456 praedicta
753 411 996 454 vigintiseptem
1027 420 1169 442 conven-

435 470 483 497 tus
501 469 749 497 remanserant:

476 518 490 560 g
514 516 544 549 2.
572 517 609 550 Et
630 517 661 549 in
680 517 791 550 eadem
811 515 1015 558 expositione
1034 515 1168 548 subiun-

433 574 484 602 cto
521 570 607 612 quod
644 569 729 602 dicta
764 568 932 612 provincia
967 567 997 600 S.
1036 568 1165 600 Ioannis

432 622 596 665 Baptistae
621 632 720 654 novas
747 621 821 654 lites
854 630 914 664 pro
947 619 1165 653 advocandis¹

431 674 505 714 illis,
532 684 614 717 quae
638 684 700 717 per
720 678 828 706 ternas
850 678 980 705 nostras
1006 673 1038 705 in
1064 673 1166 706 forma

431 726 541 761 Brevis
567 727 692 758 litteras
726 725 869 758 stabilita
904 730 994 765 sunt,
1032 736 1164 758 movere

429 779 682 822 praetendebat,
710 779 742 810 id
764 788 841 811 vero
860 778 1069 811 occasionem
1086 778 1165 811 alia-

430 842 501 864 rum
525 832 739 865 maximarum
763 832 1050 875 perturbationum
1069 836 1101 864 et
1119 832 1165 864 os-

431 884 616 917 sensionum
641 885 840 928 praeberet:
874 884 1016 927 ideoque
1041 894 1165 916 memo-

430 942 517 970 ratae
539 937 752 970 cardinalium
773 936 1020 980 congregationi
1039 937 1165 980 suppli—

429 994 501 1023 cato
520 995 555 1022 ut
574 992 767 1033 perpetuum
787 1000 888 1032 super
904 988 1096 1032 praemissis
1122 989 1164 1021 si-

427 1043 566 1075 lentium
602 1042 803 1086 imponeret,
841 1052 914 1085 quo,
949 1047 981 1074 et.
1012 1042 1164 1075 scandala

428 1095 580 1138 religioni
605 1095 791 1138 periculosa
822 1100 1006 1135 cessarent,
1039 1100 1071 1128 et
1100 1095 1162 1128 sra-

427 1153 514 1180 trum
540 1148 641 1191 quieti
663 1153 695 1181 et
720 1148 948 1191 tranquillitati
973 1150 1163 1181 consulere-

428 1206 497 1233 tur:
518 1201 679 1233 emanavit
703 1201 742 1233 ab
767 1202 881 1234 eadem
906 1201 1162 1244 congregatione

427 1255 596 1287 decretum
629 1254 750 1287 tenoris
784 1254 839 1297 qui
869 1255 1040 1298 sequitur,
1074 1256 1163 1288 vide-

426 1307 524 1340 licet:

470 1360 485 1403 ἓ
505 1359 535 1393 3.
565 1372 576 1390 «
595 1359 691 1392 Sacra
709 1361 917 1404 congregatio
944 1361 1162 1394 eminentissi-

426 1422 554 1444 morum
572 1412 602 1444 S.
622 1412 659 1444 R.
678 1412 712 1445 E.
733 1413 947 1445 cardinalium
970 1414 1111 1456 negotiis
1131 1420 1162 1448 et

426 1465 721 1499 consultationibus
748 1466 977 1510 episcoporum
1010 1472 1041 1500 et
1065 1478 1162 1510 regu-

425 1517 542 1550 larium
560 1517 755 1561 praeposita,
772 1519 811 1551 ad
823 1529 918 1562 quam
937 1519 1160 1553 sanctissimus
1176 1554 1177 1558 ,

426 1569 575 1603 dominus
594 1576 705 1603 noster
722 1582 837 1614 preces
857 1571 1043 1605 huiusmodi
1064 1573 1161 1605 remi-

425 1623 467 1655 sit
494 1624 591 1666 (cum,
611 1625 671 1656 sub
689 1624 740 1657 dic
763 1635 858 1657 xxviu
881 1625 994 1668 aprilis
1013 1626 1159 1668 proxime

425 1677 605 1719 praeteriti,
625 1679 722 1709 causa
740 1677 858 1709 iterum
876 1678 1023 1720 partibus
1041 1680 1158 1712 auditis

427 1733 459 1760 et
472 1730 600 1761 abunde
619 1729 870 1763 informantibus
885 1732 1062 1774 proposita,
1082 1725 1176 1776 emi-J

426 1782 619 1814 neutissimo
644 1783 827 1816 Franciotto
848 1784 1023 1825 referente,
1047 1785 1176 1825 decre-2

426 1835 510 1867 verit
534 1836 573 1868 ad
603 1836 804 1878 provinciam
835 1837 865 1869 S.
893 1837 1021 1870 loannis
1053 1839 1160 1882 Bapti-

426 1893 493 1920 stae
519 1893 668 1931 spectare
693 1889 934 1933 vigintiseptem
967 1897 1157 1932 conventus,

427 1946 617 1975 remanente
650 1947 810 1975 conventu
842 1943 980 1976 Murciae
1014 1945 1053 1977 ad
1085 1955 1160 1987 pro-

426 1993 563 2026 vinciam
588 1995 675 2027 Beati
701 1995 786 2028 Petri
813 1997 851 2029 de
877 1998 1049 2030 Aleantara
1074 1997 1179 2030 iuxta

426 2047 661 2079 resolutionem
686 2048 748 2080 iam
774 2049 923 2093 factam),
954 2050 1158 2084 inhaerendo

427 2099 501 2131 huic
534 2099 747 2133 declarationi
781 2102 918 2144 aliisque
952 2103 1092 2136 decretis
1127 2109 1159 2136 et

427 2151 582 2183 Brevibus
603 2153 792 2194 apostolicis
818 2164 918 2197 super
943 2156 1004 2188 hac
1022 2157 1158 2189 materia

427 2204 594 2243 emanatis,
620 2210 655 2236 ut
685 2206 815 2238 tandem
846 2207 1048 2249 dill'erentiis,
1082 2220 1159 2242 con—

427 2257 606 2297 troversiis,
633 2258 742 2291 litibus
768 2264 799 2291 et
824 2260 997 2293 discordiis
1026 2263 1158 2305 quibus-

426 2309 507 2342 libet
532 2309 604 2342 fmis
638 2311 839 2354 imponatur,
866 2314 977 2356 vigore
1003 2326 1158 2357 praesen-

427 2362 505 2394 tium
531 2363 641 2395 stricte
667 2365 825 2407 praecipit
849 2371 881 2397 et
912 2366 1066 2409 iniungit,
1098 2370 1157 2401 sub

426 2415 541 2458 poenis
570 2426 608 2448 co
634 2417 704 2458 ipso
740 2417 944 2452 incurrendis
977 2432 1158 2454 excommu-

426 2468 610 2509 nicationis,
647 2469 836 2512 privationis
869 2483 981 2505 vocum
1026 2480 1056 2506 et
1089 2476 1158 2507 ossi-

426 2520 557 2561 ciorum,
583 2522 718 2565 aliisque
737 2523 871 2556 arbitrio
894 2535 1003 2558 sacrae
1021 2538 1156 2570 cougre-

461 2583 473 2609 1
491 2581 589 2609 Forsan
605 2585 757 2611 avocamus
774 2585 813 2611 vel
828 2588 994 2614 revocandis
1009 2592 1045 2622 (a.
1062 2592 1109 2622 r).

1012 204 1190 228 BULLARIUM
1214 202 1365 226 ROMANUM

1203 249 1323 291 gationi
1347 248 1543 291 infligendis,
1569 248 1719 281 omnibus
1751 252 1782 280 et
1799 247 1935 289 singulis

1203 302 1360 335 dictarum
1396 301 1633 344 provinciarum
1663 307 1694 334 et
1717 301 1814 333 totius
1846 300 1937 334 Ordi-

1202 355 1251 387 nis
1276 354 1448 397 religiosis,
1487 359 1551 386 tam
1588 355 1807 397 superioribus
1840 365 1936 397 quam

1202 408 1354 449 subditis,
1380 414 1415 441 ut
1439 408 1525 440 iuxta
1550 408 1738 451 praeniissa,
1758 418 1886 440 necnon
1903 407 1936 439 in

1201 461 1336 505 reliquis
1362 462 1449 494 iuxta
1482 461 1731 504 dispositionem
1756 461 1938 504 praedicto-

1200 524 1270 546 rum
1285 515 1489 547 decretorum
1515 520 1547 546 ct
1570 514 1729 553 Brevium,
1753 514 1886 546 omnino
1905 518 1937 546 et

1200 566 1324 609 absque
1348 568 1415 600 ulla
1440 566 1726 609 tergiversatione,
1754 566 1851 598 etiam
1877 566 1936 598 sub

1199 623 1367 660 praetextu
1394 620 1468 652 novi
1494 630 1643 652 recursus
1677 619 1715 651 ad
1747 619 1830 651 bane
1864 629 1935 651 san-

1199 676 1281 703 ctam
1305 671 1420 705 Sedem
1454 672 1614 711 habendi,
1647 676 1783 714 pareant
1807 676 1839 704 et
1864 682 1935 705 exe-

1199 729 1354 766 quantur,
1386 735 1446 758 nec
1479 725 1599 757 directe
1631 725 1682 758 vel
1712 724 1869 757 indirecte
1899 735 1932 757 se

1198 785 1364 818 opponere
1386 782 1439 810 aut
1463 778 1684 810 contradicere
1709 781 1930 820 praesumant.

1197 827 1402 872 Quapropter
1432 831 1490 863 sub
1522 830 1637 863 iisdem
1669 830 1784 873 poenis
1815 841 1933 874 perpe-

1199 885 1285 913 tuum
1305 882 1448 925 desuper
1472 883 1636 916 silentium
1661 883 1798 927 imponit
1821 889 1854 916 et
1876 884 1934 916 im-

1198 934 1341 976 positum
1359 945 1431 968 esse
1457 936 1619 976 declarat,
1647 937 1932 979 appellationibus,

1196 988 1493 1031 praetensionibus,
1523 989 1657 1031 iuribus,
1688 989 1827 1023 decretis
1854 1000 1933 1033 quo-

1197 1049 1268 1083 que,
1295 1052 1331 1073 ac
1352 1041 1507 1074 Brevibus
1532 1042 1721 1085 apostolicis
1747 1042 1778 1074 in
1804 1049 1932 1075 contra-

1196 1093 1279 1125 rium
1305 1094 1414 1126 forsan
1440 1094 1642 1137 facientibus,
1664 1094 1847 1139 ceterisque
1866 1105 1931 1128 non

1196 1146 1398 1179 obstantibus
1425 1147 1691 1191 quibuscumque.

1240 1198 1360 1233 Romae
1384 1210 1423 1233 xv
1447 1201 1642 1244 septembris
1667 1210 1810 1235 MDCLxu.

1502 1254 1540 1287 Μ.
1562 1255 1651 1287 card.
1671 1255 1832 1289 GINETTus
1852 1268 1882 1288 ».

1238 1306 1253 1348 ἓ
1276 1306 1307 1339 lt.
1335 1306 1411 1339 Cum
1436 1312 1552 1349 autem,
1568 1307 1650 1340 sicut
1666 1308 1852 1351 praedictus
1871 1308 1930 1341 Pe-

1194 1364 1261 1391 trus
1286 1359 1380 1392 nobis
1405 1370 1510 1403 nuper
1535 1360 1653 1404 exponi
1679 1361 1762 1400 fecit,
1784 1360 1854 1404 ipse
1874 1361 1929 1393 de-

1195 1418 1317 1445 cretum
1355 1413 1558 1453 huiusmodi,
1589 1424 1650 1456 pro
1682 1413 1817 1448 firmiori
1843 1414 1928 1447 illius

1194 1464 1406 1498 subsistentia
1423 1471 1456 1498 et
1472 1466 1712 1507 observatione,
1728 1466 1928 1510 apostolicae

1194 1518 1450 1551 confirmationis
1476 1525 1609 1552 nostrae
1633 1520 1816 1562 patrocinio
1842 1530 1929 1553 com-

1194 1571 1309 1604 muniri
1322 1583 1530 1615 summopere
1543 1573 1725 1606 desideret:
1739 1583 1810 1615 nos,
1822 1573 1927 1617 ipsum

1175 1625 1177 1634 ⁵
1194 1625 1322 1657 Petrum
1337 1625 1488 1668 specialis
1503 1627 1613 1658 l'avore
1632 1626 1753 1668 gratiae
1770 1625 1926 1669 prosequi

1194 1679 1354 1719 volentes,
1381 1683 1413 1711 et
1437 1689 1453 1710 a
1479 1679 1644 1722 quibusvis
1670 1678 1928 1711 exeommunica-

1193 1731 1301 1773 tionis,
1315 1731 1541 1774 suspensionis
1556 1737 1587 1764 et
1600 1731 1774 1772 interdicti,
1789 1731 1926 1774 aliisque

1193 1784 1427 1817 ecclesiasticis
1442 1785 1625 1825 sententiis,
1642 1785 1790 1818 censuris
1805 1790 1837 1817 et
1850 1795 1928 1828 poe-

1192 1838 1252 1879 nis,
1279 1849 1296 1870 a
1321 1838 1391 1870 iuie
1418 1840 1467 1871 vel
1493 1840 1532 1871 ab
1559 1839 1709 1880 homine,
1737 1839 1849 1882 quavis
1875 1849 1928 1871 oc-

1193 1891 1324 1924 casione
1350 1892 1401 1924 vel
1426 1894 1524 1924 eausa
1548 1892 1631 1932 latis,
1651 1892 1677 1925 si
1704 1893 1822 1935 quibus
1849 1903 1929 1936 quo-

1175 1935 1373 1977 modolibet
1390 1945 1566 1977 innodatus
1585 1945 1703 1986 existit,
1720 1946 1760 1978 ad
1778 1945 1927 1978 effectum

1191 1997 1415 2040 praesentium
1442 1998 1607 2030 dumtaxat
1632 1999 1926 2041 consequendum,

1192 2051 1307 2082 harum
1334 2051 1419 2082 seiie
1445 2051 1652 2083 absolventes
1679 2056 1710 2083 et
1741 2052 1927 2084 absolutum

1174 2086 1260 2136 soie
1297 2108 1490 2143 censentes,
1525 2104 1822 2147 supplicationibus
1856 2105 1926 2137 eius

1172 2146 1322 2190 inomine
1349 2156 1443 2189 nobis
1461 2167 1561 2199 super
1579 2157 1641 2189 hoc
1660 2157 1831 2190 humiliter
1850 2169 1928 2201 p01-

1192 2211 1289 2242 rectis
1316 2210 1483 2251 inclinati,

1235 2263 1248 2305 §
1266 2262 1296 2295 5.
1317 2263 1490 2295 Decretum
1509 2263 1763 2306 pracinsertum,
1784 2264 1927 2297 auctori-

1191 2322 1256 2349 tate
1292 2316 1488 2359 apostolica,
1526 2322 1641 2349 tenore
1680 2317 1903 2360 praesentium
1916 2345 1923 2358 ,

1191 2369 1421 2402 confirmamus
1443 2375 1475 2401 et
1500 2371 1730 2412 approbamus,
1748 2370 1860 2413 illique
1877 2370 1926 2403 in-

1190 2422 1351 2455 violabilis
1388 2422 1589 2465 apostolicae
1625 2423 1787 2455 firmitatis
1824 2425 1925 2456 robur

1191 2477 1380 2517 adiicimus,
1398 2477 1485 2508 salva
1505 2481 1613 2508 tamen
1632 2487 1764 2519 semper
1784 2477 1815 2508 in
1830 2487 1925 2519 prae-

1190 2529 1297 2561 missis
1320 2529 1514 2562 auctoritate
1540 2530 1727 2573 praedictae
1746 2540 1925 2572 congrega-

1190 2583 1287 2615 tionis
1314 2583 1541 2616 cardinalium.

1949 198 1997 225 An.
2019 198 2048 225 C.
2067 198 2133 225 1662·

1995 1314 2127 1343 Supplicatio

1943 1352 1981 1372 pro
1991 1346 2070 1365 det-reu
2078 1347 2127 1361 cou-

1944 1373 2069 1394 firmatione.

1990 2270 2124 2291 Confirmatio

1941 2297 2021 2318 decreti
2047 2302 2122 2325 sacrae

1941 2324 2116 2349 congregationis.
