2247 3208
227 233 275 260 An.
296 231 326 259 c.
344 229 410 257 ¹667
457 218 521 252 610

239 1974 410 1995 DecretumPon-

223 2002 273 2021 tifex
293 2001 408 2022 confirmat,

419 271 712 310 sanctimonialium
743 263 965 301 claustralium
993 262 1078 296 licite
1108 261 1155 293 uti

418 330 565 363 valeant;

463 380 523 411 Pro
542 377 655 409 iisdem
676 372 805 406 insertis
820 370 927 404 dubiis
938 366 1154 401 examinandis

420 443 456 465 ac
479 427 682 463 resolvendis
707 424 869 468 deputavit
894 422 951 454 sub
971 448 977 453 .
1001 447 1007 453 .
1030 447 1036 452 .
1055 419 1063 436 ¹
1085 419 1155 452 iulii

418 484 564 528 proxime
589 478 753 524 praeteriti
779 475 1064 518 congregationem
1085 483 1156 515 par-

419 537 588 569 ticularem
604 530 934 566 eminentissimorum
946 526 1156 560 cardinalium

419 587 592 626 Brancatii,
615 582 831 618 Sanctacrucii
863 586 895 614 et
918 580 1060 619 Carasae,
1086 579 1155 622 qui,

419 643 539 674 attenta
559 638 787 672 informatione
811 634 935 668 domini
955 633 1155 676 patriarchae

418 693 637 733 venetiarum,
652 701 752 734 reque
773 688 948 731 diligenter
966 686 1153 725 examinata,

420 747 496 779 visis
526 745 686 784 videndis,
714 747 746 775 et
778 740 987 774 consideratis
1011 738 1156 772 conside-

418 800 545 839 randis,
571 797 831 841 responderunt:

464 852 510 885 Ad
535 862 562 892 1,
589 851 699 884 licere.

464 904 511 937 Ad
536 914 575 945 11,
602 902 723 936 licere²
747 906 820 945 post
846 900 1156 933 decimumoctavum

420 968 540 991 annum
573 957 659 989 iuxta
684 955 843 998 praefatas
869 952 1116 986 constitutiones
1140 962 1157 984 a

420 1015 550 1043 sanctae
578 1008 754 1042 memoriae
778 1007 942 1040 Clemente
966 1004 1016 1037 Vll
1041 1003 1156 1037 confir-

421 1069 534 1096 matas,
764 1105 767 1108 Ι
1036 1062 1037 1065 ’

466 1117 511 1149 Ad
538 1126 591 1156 111,
618 1126 687 1148 esse
720 1113 925 1147 dimittendas
957 1112 1046 1152 illas,
1075 1121 1156 1154 quae

420 1169 606 1202 huiusmodi
630 1173 767 1201 aetatem
792 1167 903 1199 decem
922 1170 952 1198 et
969 1169 1041 1198 octo
1062 1174 1157 1197 anno-

420 1233 488 1255 rum
515 1232 580 1254 non
606 1220 807 1264 expleverint
839 1220 878 1252 ad
895 1219 1031 1252 formam
1058 1217 1157 1251 dicta-

420 1286 492 1309 rum
517 1274 794 1308 constitutionum.

463 1329 510 1361 Ad
535 1338 582 1369 1v,
601 1327 698 1359 licere
724 1327 757 1359 in
782 1336 857 1359 casu
883 1325 922 1358 de
947 1335 1009 1368 quo
1036 1323 1155 1366 agitur,

420 1392 494 1414 cum
519 1380 559 1412 sit
583 1380 720 1412 ecclesia
744 1379 886 1422 publica.

464 1434 511 1466 Ad
537 1444 572 1473 v,
599 1432 758 1475 negative.

465 1488 510 1520 Ad
535 1495 581 1527 v1,
606 1487 717 1526 licere,
737 1484 831 1518 salvis
852 1483 976 1517 iuribus
1001 1483 1155 1516 ecclesiae

420 1539 628 1583 parochialis,
836 1562 839 1565 .

463 1594 510 1625 Ad
540 1602 586 1625 v11
616 1591 771 1634 denique,
805 1589 1035 1623 remittendum
1068 1599 1153 1628 esse,

418 1651 514 1689 prout
538 1645 650 1677 harum
671 1645 781 1687 vigore
802 1642 951 1683 remittit,
975 1642 1107 1674 arbitrio
1125 1646 1157 1674 et

419 1698 611 1743 prudentiae
638 1697 781 1730 eiusdem
806 1696 1022 1739 patriarchae.

464 1752 600 1791 Romae,
626 1761 683 1784 xxx
707 1748 847 1792 augusti,
874 1758 1037 1782 muetxvn.

675 1803 713 1835 M.
741 1801 914 1835 cardinalis
939 1801 1110 1835 Gnvnrrus.

508 1857 595 1890 Loco
620 1857 645 1899 †
670 1856 780 1899 sigilli.

576 1910 610 1943 E.
641 1909 826 1953 episcopus.
847 1909 882 1941 A.
910 1907 1104 1941 secretarius
1124 1920 1154 1940 n.

465 1966 479 2009 g
504 1964 535 1997 >1.
563 1963 638 1997 Cum
672 1967 794 2003 autem,
828 1961 913 1994 sicut
944 1961 1156 1994 Pizzocherae

420 2018 584 2063 praefatae
610 2016 702 2049 nobis
728 2025 831 2059 nuper
854 2013 973 2057 exponi
1000 2014 1154 2053 fecerunt,

421 2071 510 2114 ipsae
535 2071 701 2102 decretum
721 2067 916 2107 huiusmodi,
939 2077 998 2109 pro
1025 2065 1156 2099 firmiori

420 2124 508 2156 illius
522 2121 742 2161 subsistentia,
759 2120 1012 2154 confirmationis
1026 2125 1157 2152 nostrae

421 2176 604 2220 patrocinio
630 2174 824 2207 communiri
849 2183 1055 2216 summopere
1082 2172 1158 2205 desi-

422 2230 552 2261 derent:
567 2238 635 2267 nos⁷
651 2228 736 2270 ipsas
752 2231 950 2269 exponentes
965 2225 1158 2268 specialibus

422 2282 584 2314 favoribus
609 2285 640 2311 et.
657 2279 765 2321 gratiis
782 2278 935 2322 prosequi
954 2279 1109 2317 volentes,
1128 2282 1159 2310 et

422 2344 533 2367 earum
561 2333 739 2375 singulares
771 2342 928 2375 personas
953 2342 970 2363 a
995 2330 1158 2374 quibusvis

422 2386 779 2426 excommunicationis‚
811 2384 1034 2428 suspensionis
1060 2389 1093 2416 et
1116 2383 1159 2416 in-

422 2439 562 2479 terdicti,
579 2439 713 2482 aliisque
733 2438 961 2471 ecclesiasticis
980 2436 1157 2477 sententiis,

423 2492 567 2527 censuris
581 2498 611 2525 et
628 2492 752 2535 poenis,
772 2502 788 2524 a
808 2492 876 2524 iure
893 2492 943 2524 vel
958 2490 997 2524 ab
1016 2489 1158 2530 homine,

460 2566 471 2592 1
495 2564 575 2591 Deest
595 2571 720 2589 numerus
740 2562 792 2589 diei
814 2564 852 2597 (n.
873 2563 922 2596 T.).

458 2610 475 2637 2
495 2609 543 2636 Ed.
562 2608 641 2634 ‚ltin
665 2607 726 2642 lvgil
747 2607 834 2633 libere
853 2608 893 2640 (R,
914 2607 962 2639 T.).

1000 213 1179 239 BULLAmUM
1203 211 1354 236 ROMANUM
1940 207 1988 234 An.
2011 208 2038 234 G.
2060 206 2124 233 1607

1198 258 1307 303 quavis
1332 258 1502 291 occasione
1526 258 1575 291 vel
1592 258 1686 290 causa
1702 257 1794 297 latis,
1820 256 1845 289 si
1866 255 1934 299 qui-

1198 312 1256 344 bus
1290 310 1536 355 quomodolibet
1565 310 1739 343 innodatae
1773 309 1930 349 existunt,

1198 365 1237 397 ad
1262 364 1410 397 effectum
1435 363 1653 406 praesentium
1672 364 1837 395 dumtaxat
1857 371 1934 394 con-

1199 417 1409 460 sequendum,
1437 416 1552 448 harum
1576 414 1658 447 serie
1683 414 1885 447 absolventes
1903 418 1936 446 et

1198 470 1365 502 absolutas
1391 469 1457 502 sore
1482 472 1663 508 censentes,
1691 466 1935 511 supplicationi-

1198 523 1259 555 bus
1285 532 1396 555 earum
1418 521 1549 554 nomine
1570 520 1663 554 nobis
1685 530 1782 563 super
1800 520 1861 552 boc
1879 520 1935 552 hu-

1199 575 1320 608 militer
1330 574 1488 618 porrectis
1501 574 1657 614 inclinati,
1668 574 1834 606 decretum
1848 584 1935 616 prae-

1198 628 1363 668 insertum‚
1390 627 1577 660 auctoritate
1603 626 1794 670 apostolica,
1821 630 1933 658 tenore

1199 681 1427 724 praesentium,
1461 680 1678 723 approbamus
1702 684 1734 711 et
1765 678 1935 711 confirma-

1198 745 1278 775 mus,
1303 735 1414 777 illique
1441 733 1636 766 inviolabilis
1663 731 1859 775 apostolicae
1887 731 1934 764 fir-

1200 787 1320 819 mitatis
1356 787 1454 819 robur
1487 786 1675 826 adiicimus;
1710 786 1796 818 salva
1827 789 1935 817 tamen

1200 850 1326 883 semper
1349 839 1382 872 in
1407 838 1592 882 praemissis
1616 838 1807 871 auctoritate
1839 847 1935 881 prae-

1200 893 1282 925 satae
1307 893 1571 935 congregationis
1595 891 1820 925 cardinalium.

1243 946 1257 989 ἓ
1282 945 1312 978 2.
1339 946 1556 978 Decernentes
1588 950 1775 988 praesentes
1809 944 1932 977 litteras
1955 952 2083 983 ,neemiam
2101 952 2129 973 ir-

1199 997 1326 1037 firmas,
1355 999 1476 1031 validas
1504 1003 1534 1031 et
1559 998 1707 1031 efficaces
1739 997 1877 1030 existere
1903 982 2018 1029 etmw'

1200 1052 1284 1091 sore,
1310 1062 1449 1094 suosque
1474 1051 1639 1095 plenarios
1664 1055 1696 1083 et
1718 1050 1863 1092 integros
1889 1050 1935 1083 ef-

1200 1104 1300 1137 fectus
1335 1104 1443 1137 sortiri
1469 1109 1502 1137 et
1525 1103 1685 1144 obtinere,
1716 1114 1752 1135 ac
1784 1103 1860 1143 illis,
1894 1102 1935 1135 ad

1200 1167 1280 1200 quos
1305 1162 1429 1200 spectat
1452 1162 1484 1190 et
1507 1167 1565 1200 pro
1598 1162 1742 1199 tempore
1775 1156 1937 1199 spectabit

1200 1210 1232 1243 in
1251 1211 1403 1250 futurum,
1423 1210 1612 1253 plenissime
1630 1208 1807 1251 suffragari,
1826 1209 1936 1252 sicque

1200 1263 1232 1296 in
1257 1262 1440 1306 praemissis
1472 1273 1531 1306 per
1557 1272 1779 1306 quoscumpue
1811 1261 1937 1295 iudices

1199 1310 1379 1350 ordinarios
1403 1321 1433 1348 et
1457 1316 1634 1358 delegatos,
1652 1315 1748 1348 etiam
1767 1325 1937 1348 causarum

1199 1370 1310 1413 palatii
1335 1369 1504 1413 apostolici
1530 1368 1714 1409 auditores,
1743 1367 1881 1401 iudicari
1907 1373 1939 1400 et

1201 1423 1327 1456 definiri
1353 1423 1485 1463 debere,
1512 1432 1548 1455 ac
1573 1422 1699 1454 irritum
1725 1426 1756 1454 et
1780 1421 1886 1461 inane,
1911 1421 1937 1453 si

1200 1486 1290 1509 secus
1308 1485 1405 1519 super
1421 1474 1471 1507 his
1488 1485 1505 1507 a
1523 1485 1691 1517 quoquam,
1708 1474 1818 1517 quavis
1832 1478 1938 1506 aucto-

1200 1530 1305 1570 ritate,
1333 1529 1475 1562 scienter
1497 1529 1547 1561 vel
1571 1528 1769 1570 ignoranter,
1793 1528 1937 1570 contige-

1199 1583 1241 1615 rit
1265 1581 1429 1615 attentari.

1243 1636 1258 1679 g
1280 1635 1309 1668 3.
1334 1634 1402 1667 Non
1424 1633 1628 1667 obstantibus
1647 1633 1935 1666 constitutionibus
1988 1638 2131 1683 [wiva-³⁸⁰

1201 1694 1231 1722 et
1247 1687 1507 1722 ordinationibus
1529 1687 1726 1731 apostolicis,
1753 1671 2108 1730 ceterisquem'mmm'

1201 1741 1371 1775 contrariis
1396 1740 1668 1784 quibuscumque.

1244 1794 1357 1827 Datum
1381 1793 1516 1833 Romae,
1550 1794 1636 1836 apud
1661 1792 1692 1825 S.
1719 1792 1848 1826 Mariam
1880 1792 1938 1825 Ma-

1200 1848 1322 1888 iorem,
1358 1847 1417 1879 sub
1449 1847 1570 1879 annulo
1608 1846 1804 1886 Piscatoris,
1838 1845 1888 1878 die
1919 1856 1939 1879 x

1202 1900 1381 1934 decembris
1406 1908 1569 1940 MDCvam
1595 1899 1801 1943 pontificatus
1836 1898 1937 1931 nostri

1202 1964 1286 1987 anno
1312 1964 1333 1987 1.

1236 2015 1293 2042 Dat.
1315 2015 1359 2043 die
1380 2015 1413 2043 10
1431 2013 1585 2042 decembris
1606 2012 1684 2047 1667,
1701 2020 1771 2040 anno
1787 2019 1806 2040 1.

1503 2137 1638 2171 XXXIX.

1201 2219 1348 2253 Absolvit
1384 2218 1585 2252 dioecesanos
1620 2227 1656 2250 ac
1690 2215 1873 2260 capitulum
1910 2220 1939 2248 et

1246 2272 1414 2304 canonicos
1445 2271 1592 2304 ecclesiae
1624 2269 1883 2313 Porlalcqrensis
1919 2279 1940 2301 a

1246 2325 1386 2357 censuris
1407 2328 1435 2357 et
1451 2324 1567 2368 ,poenis
1592 2322 1826 2362 ecclesiasticis,
1857 2331 1939 2364 quas

1245 2379 1414 2421 respective
1447 2379 1675 2416 incurrerunt,
1703 2376 1783 2408 dicti
1806 2374 1938 2418 quidem

1247 2431 1450 2471 dioecesani,
1487 2431 1567 2474 quia
1601 2430 1644 2462 ad
1679 2430 1818 2461 minores
1853 2426 1940 2458 ordi-

1246 2495 1300 2517 nes
1319 2484 1459 2528 promoti
1478 2485 1611 2527 fuerunt
1636 2492 1655 2515 α
1671 2479 1867 2525 quibusdam
1884 2478 1940 2511 ab·

1253 2540 1396 2579 batibus,
1423 2538 1541 2582 quibus
1565 2535 1746 2579 capitulum
1776 2532 1846 2565 sede
1877 2541 1936 2565 va-

1248 2597 1339 2626 cante
1374 2591 1502 2624 ordines
1537 2587 1724 2621 huiusmodi
1756 2584 1939 2626 conterendi
