2247 3208
229 241 278 266 nn.
294 241 324 267 c.
344 241 410 267 11100
455 232 518 265 436

999 241 1178 265 BULLARIL'M
1202 241 1354 267 ROMANEM

1941 244 2122 275 Αη.(2.1ὓῦ6

419 288 562 331 quotidie
587 288 626 320 ad
652 287 830 320 domestica
855 289 1039 329 revocabat,
1056 294 1087 321 ct
1110 289 1155 321 al-
1199 289 1310 322 habito
1336 292 1509 333 respectu,
1541 296 1573 324 et
1607 297 1668 325 tam
1692 303 1869 336 generose,
1894 298 1929 325 ut

418 340 518 373 terius
538 340 739 381 reverentia,
768 351 806 374 ne
832 340 909 383 quid
934 340 1067 374 nimium
1093 341 1152 374 sibi
1174 319 1178 376 i

1198 341 1345 374 ducissae
1371 342 1409 374 de
1435 343 1643 388 Longavilla,
1677 356 1789 388 peram
1821 347 1929 379 aureis

417 402 569 435 arrogare
594 392 772 433 videretur,
799 393 994 433 cohibebat,
1022 404 1154 427 conces·
1196 393 1326 435 plenam
1348 394 1558 437 impertienti,
1586 398 1689 439 palam
1708 408 1780 430 cum
1798 409 1931 442 respue·
2027 410 2041 421 ·

416 456 484 477 sam
509 445 568 478 sibi
593 446 723 485 tandem
749 456 955 490 quocumque
976 447 1077 489 pietas
1098 447 1153 480 im-

415 498 553 540 pelleret
577 498 674 531 eundi
700 499 886 531 facultatem
911 499 1075 542 cognovit.
1101 500 1152 532 Sic

1195 450 1252 486 ret,
1279 446 1394 479 dixerit
1419 447 1517 490 gratis
1542 449 1695 489 dandum,
1720 450 1805 493 quod
1831 452 1928 493 gratis

1194 498 1371 542 accipitur,
1405 510 1465 532 nec
1501 501 1598 533 ullam
1632 503 1844 545 expetendam
1868 513 1928 546 pro

415 551 510 592 plena
534 551 670 593 potitus¹
696 551 896 592 auctoritate,
918 551 1059 594 integras
1085 552 1152 595 epi-
1193 551 1267 584 fidei
1292 552 1467 595 praeconio
1489 554 1684 593 mercedem,
1705 560 1835 597 practer
1858 566 1927 598 pre-

413 603 501 646 scopi
526 608 634 646 partes
659 603 821 647 suscepit;
855 614 966 637 cavere
999 615 1039 637 ne
1072 615 1148 647 grex

412 666 449 687 ac
466 655 623 688 dioecesis
645 657 868 699 improborum
898 657 1149 690 haereticorum-

412 719 487 751 que,
514 719 602 741 more
627 710 779 752 luporum
796 709 1029 750 insidiantium,
1046 710 1148 742 incur-

410 761 496 794 sibus
522 767 656 805 patcrct,
681 762 831 795 ordinare
849 763 981 803 clerum,
1006 768 1145 795 statuere

409 814 562 847 familiam
586 815 745 857 religiosis
763 815 904 848 moribus
922 816 1144 858 compositam,

408 873 593 900 sanctorum
617 872 760 910 patrum,
786 873 994 911 veterumque
1022 869 1144 911 episco-

407 931 525 963 porum
551 921 699 963 exempla
718 921 778 953 sibi
800 931 1004 963 proponere,
1029 927 1143 954 cuncta

407 974 599 1016 episcopalis
624 973 706 1005 vitae
731 978 896 1005 momenta
929 974 994 1006 suis
1018 974 1143 1007 virtuti—

406 1027 464 1058 bus
491 1026 772 1068 functionibusque
797 1026 959 1066 animare,
986 1028 1142 1070 synodum

406 1089 543 1120 cogere,
576 1078 811 1111 ecclesiasticae
841 1079 1029 1122 disciplinae
1053 1081 1141 1123 leges

404 1133 453 1164 vel
488 1131 656 1164 restituere
693 1133 927 1173 vel-sancire,
967 1143 1003 1166 ac
1039 1135 1140 1177 potis-

404 1185 521 1217 simum
553 1186 730 1218 catholicae
762 1186 931 1229 religionis
962 1187 1138 1220 sinceritati

403 1240 584 1278 consulere,
612 1249 675 1282 qua
699 1249 806 1272 mores
833 1239 1064 1272 catholicorum
1091 1240 1138 1273 in-

403 1291 571 1324 formando
587 1318 594 1331 ,
635 1303 697 1334 qua
737 1292 952 1324 sectariorum
989 1293 1137 1335 dogmata

402 1345 588 1383 evertendo,
615 1355 677 1387 qua
702 1345 854 1387 deceptas
879 1355 954 1377 oves
984 1346 1022 1377 ad
1052 1346 1135 1379 ovile

400 1399 597 1438 reducendo,
624 1399 708 1441 quod
730 1399 810 1431 adeo
832 1398 965 1431 offendit
989 1399 1135 1432 calvinia-

400 1461 458 1483 nos
478 1451 783 1493 psciuloministros,
799 1457 841 1490 ut,
861 1462 932 1483 cum
944 1452 1024 1484 duos
1042 1452 1135 1484 nobi-

399 1504 445 1536 les
459 1504 543 1536 viros
558 1503 719 1536 Gexenscs
736 1504 774 1536 ad
796 1504 955 1537 Ecclesiae.
975 1505 1133 1546 gremium

399 1562 573 1595 evocasset,
592 1556 637 1589 illi
664 1557 753 1589 rabie
779 1567 814 1589 ac
839 1557 943 1589 surore
969 1557 1134 1590 (101110110-

398 1620 476 1641 1111111
502 1609 531 1641 ei
556 1609 811 1652 propinaverint,
829 1610 915 1653 quod
935 1616 1040 1643 tamen
1066 1610 1133 1642 irri-

399 1667 464 1693 tum
490 1662 558 1701 suit,
583 1663 753 1705 implorata
772 1674 831 1706 per
851 1669 957 1696 votum
977 1663 1131 1706 Deiparae

228 1721 478 1757 tnsissnwirosope3
507 1720 539 1747 et
565 1720 686 1748 tantum
712 1716 814 1748 abfuit
838 1722 872 1748 ut
892 1722 1067 1759 propterea
1093 1716 1132 1748 ab

202 1748 213 1767 s:
224 1749 249 1767 tm
267 1748 387 1768 vatliolicae
400 1767 405 1772 ,

201 1776 302 1795 restituit.

398 1773 547 1810 incoepto
573 1768 754 1808 desisteret,
773 1774 808 1800 ut
824 1770 1022 1801 constantius
1040 1770 1133 1801 desu-

398 1820 521 1852 daverit
546 1820 578 1852 in
604 1821 815 1853 concionibus
843 1821 1020 1860 habendis,
1054 1833 1132 1864 qua-

395 1882 467 1903 rum
492 1873 520 1904 vi
545 1873 686 1913 Divione,
708 1873 939 1917 Grafianopoli,
955 1874 1083 1906 Parisiis
1101 1880 1132 1906 et

394 1925 469 1957 alibi
496 1926 607 1968 plures
632 1926 775 1968 insignes
801 1927 886 1960 viros
922 1926 995 1959 tidei
1025 1927 1131 1960 catho-

393 1978 472 2010 licae
500 1979 662 2019 restituit,
696 1990 731 2012 ac
762 1980 936 2023 praecipue
962 1979 1130 2013 Claudium

393 2031 592 2064 Buccarduni
628 2033 815 2065 Lausannae
840 2033 1005 2076 publicum
1038 2034 1130 2066 theo-

392 2084 497 2126 logiae
519 2085 758 2126 professorem,
786 2085 989 2118 Franciscum
1015 2085 1129 2117 ducem

391 2135 621 2178 Diguerianum
639 2165 644 2177 ‚
671 2138 886 2180 Delphinatus
931 2149 1103 2181 proregem
1119 2164 1126 2177 ‚

393 2188 580 2222 Barbcrium
605 2195 635 2222 et
660 2190 807 2223 Iacobum
833 2191 1017 2234 Philippum
1043 2192 1128 2238 eele-

392 2240 467 2273 bres
486 2242 682 2276 calvinianae
698 2249 801 2276 sectae
820 2244 1124 2287 pseudoministros.

391 2293 425 2326 In
452 2294 501 2326 his
528 2300 635 2328 autem
660 2297 879 2337 concionibus,
905 2302 940 2329 ut
964 2302 1128 2330 constaret

391 2357 408 2378 a
433 2358 465 2379 se
491 2348 619 2380 nonnisi
645 2349 824 2382 animarum
849 2350 983 2382 salutem
1004 2351 1126 2393 quaeri,

390 2400 572 2442 pecuniam,
601 2412 680 2443 quae
708 2407 791 2434 esset
815 2403 864 2435 vel
883 2403 954 2435 loco
972 2402 1126 2442 alimenti,

390 2452 437 2484 vel
471 2454 681 2486 excellentiae
715 2452 925 2495 testimonio,
968 2456 1127 2487 recusavit

390 2514 539 2545 omnem,
578 2507 668 2538 nullo
702 2507 885 2550 principum
922 2507 1125 2540 otl'erentium

426 2620 438 2646 1
460 2618 508 2646 Edi
526 2619 603 2646 Mun.
622 2619 797 2655 legitpolius
812 2628 860 2655 pro
876 2622 985 2655 potitus
1004 2620 1105 2655 (11.τ.).

1192 603 1305 636 tiosam
1330 605 1440 645 illam,
1474 617 1568 649 quam
1603 606 1781 639 cultoribus
1814 607 1925 641 vineae

1191 657 1342 699 promisit
1366 658 1533 691 Dominus.

1233 710 1248 753 g
1272 710 1325 743 11.
1352 711 1467 744 Notum
1492 717 1542 745 est
1567 713 1674 753 enim,
1708 724 1779 745 cum
1813 714 1922 756 magni
1944 751 1947 753 ¹
1967 724 2115 752 mnemosynu-

1190 763 1434 807 eleemosynarii
1461 775 1595 797 munere
1621 766 1706 808 apud
1728 757 1978 798 Cliristinamii'ii.
1997 757 2114 778 ‘'³¹¹¹'⁰‘¹'¹''

1187 815 1363 850 Sabaudiae
1401 818 1558 851 ducissam
1596 819 1803 861 fungeretur,
1839 818 1921 851 1111111

1187 874 1316 911 praeter
1349 870 1446 903 huius
1480 872 1618 903 nominis
1654 871 1843 914 dignitatem
1868 883 1922 905 vo-

1186 921 1296 961 luisse,
1310 928 1341 954 et
1354 933 1418 955 non
1433 924 1536 955 solum
1551 924 1708 967 quidquid
1725 925 1920 958 honorariae

1185 974 1343 1006 mercedis
1361 975 1489 1007 solitum
1507 981 1575 1008 erat
1595 976 1662 1008 dari
1683 977 1919 1010 modestissime

1184 1029 1360 1067 recusasse,
1386 1039 1497 1060 verum
1524 1029 1619 1062 etiam
1649 1030 1919 1072 pretiosissimum

1183 1080 1388 1112 adamantem
1415 1081 1530 1114 valoris
1556 1082 1806 1124 quingentorum
1828 1092 1921 1115 num-

1183 1142 1309 1165 morum
1326 1133 1365 1165 ab
1383 1134 1496 1166 eadem
1513 1133 1672 1166 Christiua
1690 1134 1814 1166 ducissa
1832 1135 1918 1167 dono

1182 1191 1347 1228 acceptum
1365 1186 1566 1229 pauperibus
1583 1186 1775 1225 destinasse,
1794 1186 1831 1219 iis
1848 1197 1918 1219 ver-

1181 1238 1230 1271 bis
1255 1249 1348 1271 usus:
1381 1239 1470 1271 «lioc
1495 1250 1554 1282 pro
1573 1239 1770 1282 pauperibus
1796 1240 1915 1272 nostris

1181 1291 1436 1323 Annesiensibus
1460 1292 1580 1324 bonum
1607 1292 1667 1324 crit
1684 1304 1714 1324 ».

1223 1344 1237 1386 ἓ
1262 1344 1315 1376 1⁶2.
1342 1344 1403 1376 Sed
1430 1345 1497 1377 eius
1522 1345 1701 1377 constantia
1716 1345 1826 1377 delmit
1843 1355 1914 1386 gra·
1937 1353 2031 1375 namn-m
2047 1356 2107 1376 2112-

1178 1396 1322 1429 vioribus
1352 1396 1584 1439 experimentis
1610 1396 1744 1435 muniri,
1772 1403 1808 1429 ut
1831 1384 2107 1430 fideserumconc..ffla.

1178 1450 1382 1492 probaretur.
1410 1449 1477 1481 Duo
1503 1449 1589 1481 enim
1615 1454 1705 1488 sunt,
1732 1460 1814 1492 quae
1848 1460 1913 1481 ma-

1177 1501 1259 1533 xime
1285 1501 1380 1533 fidem
1406 1501 1609 1541 concutiunt,
1634 1502 1784 1534 damnum
1810 1508 1841 1534 et
1864 1503 1913 1535 lu-

1176 1564 1278 1593 crum,
1304 1559 1476 1596 utrumque
1502 1553 1547 1586 illi
1560 1554 1760 1597 propositum
1779 1555 1912 1587 robora-

1176 1606 1228 1645 vit,
1254 1606 1351 1638 fidem
1377 1616 1441 1639 non
1464 1606 1606 1648 infregit.

1219 1659 1233 1701 ξ
1258 1658 1310 1691 13.
1329 1658 1434 1691 iussus
1459 1670 1475 1691 a
1500 1659 1665 1691 Gallorum
1679 1670 1754 1702 rege
1775 1659 1907 1693 Gexium
1956 1670 2043 1690 Amissis,
2067 1669 2104 1690 no.

1877 1713 1883 1718 .
1921 1702 1993 1716 1111111111
2014 1703 2059 1717 eius
2081 1697 2103 1716 tz-

1175 1712 1221 1744 ire
1241 1739 1247 1752 ,
1279 1718 1310 1744 et.
1334 1722 1406 1744 cum
1434 1713 1556 1745 barone
1583 1713 1732 1752 Luxensi,
1760 1713 1850 1755 regio
1876 1724 1907 1745 111
1921 1723 1967 1754 1111,-
1984 1728 2025 1743 non
2041 1723 2103 1744 mnu-

1175 1766 1288 1798 ducatu
1316 1766 1521 1808 Burgundiae
1540 1767 1789 1805 locumtenente,
1809 1767 1847 1800 de
1862 1777 1910 1799 re·
1921 1751 1957 1773 ‘m'

1174 1819 1303 1861 lig-ionis
1329 1819 1509 1851 catholicae
1537 1829 1597 1851 usu
1630 1819 1849 1862 exercitioque
1875 1819 1909 1851 in

1174 1882 1242 1904 eam
1267 1872 1434 1914 regionem
1462 1872 1647 1905 inducendo
1678 1882 1799 1913 agere,
1838 1882 1909 1905 cum

1174 1925 1360 1965 Rhodanus,
1386 1926 1440 1968 qui
1466 1926 1675 1959 traiiciendus
1701 1931 1769 1958 erat
1793 1932 1828 1958 ut
1850 1925 1910 1958 Ge-

1174 1978 1259 2010 1111111
1284 1983 1424 2020 peteret,
1451 1978 1609 2011 imbribus
1643 1979 1809 2011 exundans
1845 1988 1909 2010 cer-

1173 2036 1239 2063 tum
1266 2031 1394 2064 afferret
1428 2033 1509 2064 vitae
1547 2032 1744 2071 discrimen,
1783 2031 1908 2064 Geneva

1172 2084 1332 2127 intrepide
1348 2084 1544 2127 pertransiit,
1560 2095 1621 2116 nec
1636 2085 1747 2117 babitu
1762 2084 1906 2127 episcopi

1172 2137 1330 2179 deposito,
1356 2147 1415 2169 nec
1436 2137 1579 2180 episcopi
1598 2136 1756 2169 dioecesis
1776 2136 1905 2168 nomine

1171 2190 1385 2229 dissimulato,
1411 2189 1506 2222 unica
1531 2195 1655 2221 tantum
1680 2189 1834 2221 orationis
1859 2199 1907 2220 ar-

1170 2245 1295 2276 matura
1320 2243 1475 2281 munitus,
1495 2248 1590 2285 atque
1608 2242 1682 2274 inde
1701 2248 1773 2284 post
1790 2242 1905 2274 horam

1170 2296 1352 2336 discedens,
1377 2295 1511 2328 Gexium
1536 2295 1671 2338 appulit..
1691 2295 1781 2338 Impii
1801 2295 1905 2327 horni-

1169 2359 1237 2388 nes,
1261 2354 1296 2380 ut
1320 2349 1382 2380 hoc
1406 2348 1574 2390 religionis
1604 2347 1771 2389 negotium
1797 2347 1904 2379 turba-

1169 2407 1262 2441 rent,
1300 2401 1405 2434 statim
1449 2401 1535 2443 apud
1576 2401 1689 2432 ducem
1723 2399 1902 2432 Sabaudiae

1168 2459 1318 2486 accusant
1331 2454 1531 2496 episcopum,
1548 2453 1634 2496 quod
1652 2453 1690 2484 de
1709 2452 1903 2484 transferen-

1169 2507 1217 2539 dis
1243 2507 1275 2538 in
1300 2517 1410 2549 regem
1436 2506 1602 2538 Gallorum
1633 2504 1768 2536 civitatis
1801 2504 1903 2537 Gene-

1168 2559 1273 2591 vensis
1307 2558 1429 2590 iuribus
1455 2561 1684 2600 pertractaret·,
1711 2566 1793 2599 quae
1818 2557 1903 2589 calu-

1168 2612 1256 2644 mnia
1281 2611 1386 2654 primo
1413 2612 1517 2643 locum
1542 2620 1607 2642 non
1632 2609 1760 2650 habuit,
1789 2614 1903 2652 postea
