2247 3208
228 211 266 237 An
294 211 411 239 c.ieci
459 204 522 237 256

244 1902 269 1922 Et
282 1901 398 1922 ahsolutio-

217 1934 262 1948 n=m
284 1929 311 1949 at»

216 1954 255 1974 bns
267 1954 349 1975 delictis
360 1955 398 1975 hac.

217 1982 329 2001 oticasiono
362 1987 397 2006 par

216 2007 277 2027 tratis
292 2008 396 2028 concedit.

333 1929 399 1948 omni-

419 272 565 305 quaeque
583 262 615 293 in
632 260 771 293 futurum
797 268 901 301 usque
922 258 960 291 ad
981 258 1153 292 restitutio·

419 324 492 346 nem
510 313 662 346 naturalis
682 312 899 356 possessionis
924 311 1057 344 civitatis
1079 312 1153 345 Ave-

418 365 582 399 nionensis
601 370 632 398 et
648 366 815 399 comitatus
829 365 1018 409 Venayssini
1032 370 1152 399 nostro-

417 429 486 450 rum
510 418 743 461 praefatorum,
769 419 862 452 nobis
888 424 920 452 et
944 419 1045 452 dictae
1077 418 1151 453 Secti

418 471 619 514 Apostolicae
644 482 661 504 a
685 477 861 505 memorato
892 472 1051 505 Ludovico
1074 483 1151 516 rege

418 529 451 556 ut
476 524 657 567 praefertur
689 525 884 566 faciendam,
912 526 1152 569 quomodolibet

418 578 477 620 agi,
503 577 583 618 sieri,
609 579 689 622 geri,
716 580 765 612 vel
791 580 939 613 attentari
965 580 1148 622 contigerit,

417 630 545 670 seriem,
571 631 750 674 qualitates,
777 642 901 672 causas,
915 632 1100 665 occasiones
1120 637 1151 664 et
1175 662 1176 665 ,

416 683 672 717 circumstantias
687 695 916 729 quascumque,
926 685 1021 718 etiam
1034 685 1150 718 sactum

415 736 522 778 ipsum
546 737 845 781 quomodocumque
875 743 906 771 et
930 737 1150 781 qualitercum-

416 799 479 831 que
495 799 530 821 ac
546 795 835 833 quantumcumque
850 794 1071 833 aggravantes,
1086 801 1149 822 mu-

415 846 517 874 tantes
544 847 575 874 et
595 843 778 883 alteranteS,
796 854 831 876 ac
848 844 944 876 etiam
962 845 1067 876 laesae
1084 854 1149 876 ma-

414 892 545 934 iestatis,
561 895 656 928 etiam
670 895 701 927 in
719 896 824 939 primo
842 896 945 938 capite
963 895 1145 935 seditionis,

412 946 614 987 rebellioniS,
640 948 900 991 conspirationis,
925 949 971 981 vis
997 948 1146 991 publicae

414 1004 446 1031 et
469 1005 618 1039 armatae,
644 1001 745 1033 aliave
771 1011 989 1044 quaecumque
1014 1001 1147 1034 crimina

414 1057 446 1084 et
470 1052 594 1091 delicta,
614 1053 849 1095 quantumlibet
865 1053 985 1086 atrocia
1001 1058 1033 1086 et
1057 1063 1146 1086 enor-

412 1105 486 1144 mia,
511 1116 546 1137 ac
570 1106 759 1148 gravissima
778 1111 814 1145 ‚et
838 1106 1068 1146 enormissima,
1095 1107 1147 1139 im-

412 1162 592 1199 portantes,
619 1168 676 1190 seu
701 1158 945 1198 indueentes,et
969 1159 1031 1191 alia
1055 1170 1146 1202 quae-

411 1219 558 1252 cumque,
578 1210 673 1243 etiam
697 1212 870 1254 specialem
895 1217 927 1245 et
950 1212 1146 1257 individuam

411 1262 609 1296 mentionem
627 1269 658 1296 et
675 1263 917 1306 expressionem
938 1264 1144 1307 requirentia,

411 1315 536 1348 etiamsi
562 1316 635 1349 talia
659 1316 731 1356 sint,
750 1321 791 1356 ut,
814 1315 877 1349 nisi
903 1317 1090 1349 nominatim
1116 1323 1146 1350 et

411 1368 577 1410 sigillatim
601 1374 843 1409 enumerentur,
865 1370 923 1402 sub
945 1380 1145 1413 quacumque

411 1420 553 1462 generali
590 1426 619 1453 et
659 1421 903 1464 generalissima
936 1422 1144 1465 expressione

411 1473 506 1506 etiam
530 1474 563 1506 in
587 1474 815 1508 favorabilibus
840 1485 905 1508 non
929 1476 1059 1508 veniant
1087 1487 1147 1508 nee

410 1527 645 1569 comprehensa
673 1532 885 1568 censeantur,
920 1528 1144 1571 praesentibus

410 1589 469 1622 pro
505 1580 695 1622 plenissime
734 1586 765 1614 et
804 1581 1075 1615 sufficientissime
1110 1593 1145 1615 ac

410 1631 575 1674 sigillatim
607 1638 638 1666 et
672 1634 860 1667 nominatim
892 1635 1145 1668 accuratissime-

410 1695 484 1727 que,
509 1690 540 1718 et
563 1686 645 1719 nihil
671 1687 797 1729 penitus
815 1687 946 1727 omisso,
967 1688 1142 1731 expressis,

409 1738 578 1779 annotatis,
601 1739 793 1782 specificatis
819 1745 851 1773 et
875 1740 1068 1774 enumeratis
1094 1742 1145 1774 ha-

410 1790 524 1824 bentes
549 1796 581 1824 et
605 1801 733 1835 semper
757 1793 868 1825 haberi
894 1794 1013 1827 debere
1039 1794 1145 1829 decer-

410 1848 543 1877 nentes:

453 1898 467 1941 ἓ
492 1897 522 1930 4.
550 1897 633 1931 Motu
658 1899 797 1941 proprio,
816 1909 852 1932 ae
872 1910 907 1932 ex
933 1902 1019 1933 certa
1043 1900 1144 1933 scien-

411 1950 452 1983 tia
477 1953 594 1991 nostra,
622 1956 654 1983 et
676 1954 801 1984 matura
825 1953 1057 1986 deliberatione
1081 1965 1145 1987 me-

410 2005 507 2046 raque
533 2003 725 2037 liberalitate
751 2005 875 2044 nostris,
895 2006 998 2049 deque
1019 2012 1145 2049 aposto-

410 2055 490 2088 lieae
526 2057 690 2099 potestatis
726 2057 950 2099 plenitudine,
978 2068 1088 2091 omnes
1113 2064 1144 2091 et

409 2108 552 2151 singulos
577 2109 677 2149 cives,
703 2110 910 2150 habitatores,
934 2111 1142 2153 originarios,

410 2161 639 2194 domiciliarios
663 2167 694 2194 et
714 2162 835 2195 incolas
853 2163 987 2196 civitatis
1011 2163 1144 2197 Arenio-

410 2214 518 2246 nensis
535 2219 566 2247 et
582 2215 749 2249 comitatus
762 2215 949 2258 Venayssini
962 2221 1143 2249 nostrorum

411 2267 640 2309 praefatorum,
658 2278 694 2300 ac
717 2268 803 2300 bona
827 2268 964 2310 stabilia,
987 2269 1140 2309 mobilia,

411 2320 549 2353 feudalia
581 2325 612 2353 et
643 2321 806 2354 allodialia
838 2322 871 2354 in
896 2322 941 2354 eis
966 2322 1144 2365 quomodo-

410 2371 489 2405 libet
514 2372 725 2416 possidentes,
748 2379 810 2406 tam
835 2374 1080 2415 ecclesiasticos,
1097 2385 1144 2407 se-

409 2426 533 2458 culares
551 2430 581 2458 et
598 2428 771 2468 regulares,
791 2438 887 2470 quam
906 2427 1017 2468 laicos,
1039 2428 1144 2460 cuius-

409 2489 545 2521 cumque
570 2484 680 2519 status,
708 2490 822 2519 sexus,
854 2481 982 2522 gradus,
1010 2481 1142 2519 ordinis,

409 2531 680 2573 congregationis,
706 2531 877 2571 societatis,
910 2534 959 2564 vel
985 2532 1140 2571 instituti,

408 2582 539 2615 militiae
555 2609 562 2623 ,
588 2582 750 2626 dignitatis
764 2609 772 2624 ,
798 2589 860 2616 tam
885 2585 1119 2618 ecclesiasticae
1135 2611 1142 2625 ,

1002 211 1181 236 numanum
1205 201 1356 237 Romnum

1195 259 1291 292 etiam
1325 259 1609 304 archiepiscopalis
1642 266 1674 295 et
1708 263 1925 307 episcopalis,

1195 323 1290 356 quam
1315 313 1502 356 temporalis
1530 324 1585 347 seu
1602 316 1792 356 mundanae,
1818 326 1928 359 praee-

1194 365 1385 405 minentiae,
1414 367 1653 409 praerogativae
1678 373 1709 400 et
1733 369 1927 401 conditionis

1195 418 1341 458 existant,
1357 428 1482 451 necnon
1497 418 1630 452 civitatis
1648 420 1880 454 Avenionensis
1898 426 1929 455 et

1194 470 1362 504 comitatus
1376 470 1563 514 Venayssini
1582 472 1763 506 huiusmodi
1782 474 1927 508 illei-um-

1194 533 1255 566 que
1274 521 1450 567 respective
1469 524 1706 565 suburbiorum,
1720 527 1924 569 oppidorum,

1194 581 1362 617 terrarum,
1389 577 1560 618 civitatum,
1586 578 1740 618 locorum,
1762 580 1926 622 pertinen-

1193 628 1307 661 tiarum
1332 634 1364 661 et
1388 630 1678 672 dependentiarum
1705 642 1927 674 quarumcum-

1193 692 1255 724 que
1274 683 1528 722 communitates,
1543 683 1765 716 universitates
1784 689 1815 716 et
1829 685 1927 717 homi-

1191 745 1269 773 nes,
1297 736 1455 777 consules,
1482 736 1615 778 priores,
1641 741 1792 777 rectores,
1817 738 1927 780 vigue-

1191 788 1267 827 rios,
1286 789 1524 830 gubernatores,
1542 789 1694 829 vicarios,
1717 791 1924 833 apparitores,

1190 840 1376 873 barisellos.
1408 842 1578 881 satellites,
1613 843 1766 882 notarios,
1802 843 1924 876 scribas

1190 893 1356 933 actuarios,
1371 894 1581 937 graphiariOS,
1595 895 1796 936 tabelliones,
1807 896 1924 928 aliosve

1190 946 1351 988 quoslibet
1390 947 1541 980 officiales
1581 953 1613 980 et
1647 948 1808 981 ministros
1845 960 1917 991 quo-

1189 998 1368 1031 modolibet
1398 1004 1600 1042 nuncupatos
1615 1027 1622 1040 ,
1647 1011 1684 1032 ac
1708 1001 1922 1041 marchiones

1189 1051 1333 1091 comites,
1360 1051 1498 1084 barones
1513 1079 1520 1092 ,
1549 1057 1722 1094 magnates,
1744 1053 1922 1095 optimates,

1190 1102 1340 1143 illustres,
1365 1104 1506 1143 nobiles,
1532 1104 1737 1145 domicellos,
1763 1106 1920 1148 patritios,

1189 1162 1220 1189 et
1244 1157 1355 1200 quovis
1381 1158 1472 1190 titulo
1491 1163 1522 1190 et
1546 1158 1769 1201 praerogativa
1794 1159 1922 1202 insigni-

1189 1214 1247 1250 tos,
1262 1209 1316 1252 qui
1335 1210 1367 1242 in
1384 1210 1657 1252 consequentiam,
1672 1221 1726 1243 seu
1741 1211 1919 1251 occasione,

1188 1262 1320 1295 obtentu
1354 1263 1403 1295 vel
1428 1268 1596 1305 praetextu
1621 1273 1710 1296 casus
1746 1263 1921 1306 supradicti

1189 1316 1240 1349 die
1257 1326 1293 1348 xx
1318 1316 1443 1358 augusti
1461 1326 1591 1349 iunctm
1609 1316 1641 1349 in
1659 1317 1720 1349 hac
1737 1318 1819 1350 alma
1836 1317 1921 1350 Urbe

1188 1369 1289 1402 secuti
1314 1369 1353 1402 ab
1378 1369 1452 1401 inde
1477 1369 1555 1402 citra
1578 1380 1679 1412 usque
1704 1370 1743 1402 ad
1768 1379 1923 1412 praesen-

1189 1427 1252 1454 tem
1276 1422 1361 1454 diem
1387 1422 1686 1465 quomodocumque
1714 1427 1745 1454 et
1769 1422 1922 1465 qualiter-

1188 1485 1324 1517 cumque
1343 1479 1374 1507 et
1402 1475 1666 1517 quantiscumque
1682 1474 1806 1507 vicibus
1827 1471 1920 1507 etiam

1188 1527 1336 1560 adversus
1371 1532 1511 1560 nostram
1535 1532 1567 1560 et
1591 1527 1692 1560 dictae
1724 1527 1813 1560 Sedis
1838 1527 1922 1570 Apo-

1187 1580 1317 1613 stolicae
1342 1580 1554 1621 maiestatem,
1581 1580 1784 1623 dignitatem,
1811 1591 1922 1624 supre-

1187 1644 1272 1666 mum
1297 1633 1492 1674 dominium,
1517 1638 1723 1676 potestatem,
1750 1634 1921 1667 auctorita—

1188 1692 1250 1719 tem
1276 1691 1307 1719 et
1331 1686 1585 1719 iurisdietionem
1609 1686 1859 1720 ecclesiasticam
1890 1691 1922 1720 et

1187 1740 1409 1784 temporalem,
1435 1740 1638 1782 debitamque
1667 1751 1703 1772 ac
1723 1740 1819 1772 etiam
1838 1741 1921 1773 iura-

1188 1798 1250 1826 tam
1274 1794 1368 1827 nobis
1404 1798 1436 1826 et
1465 1793 1569 1826 eidem
1605 1793 1680 1827 Sedi
1712 1793 1920 1834 fidelitatem,

1187 1846 1412 1887 obedientiam,
1439 1846 1683 1886 subiectionem,
1711 1846 1918 1889 homagium,

1186 1900 1291 1939 fidem,
1310 1900 1545 1932 observantiam
1562 1904 1594 1932 et
1610 1900 1835 1939 reverentiam,
1851 1910 1920 1933 nec-

1186 1963 1251 1986 non
1277 1953 1308 1985 in
1333 1958 1485 1995 spretum,
1517 1958 1752 1995 contemptum,
1785 1953 1920 1995 vilipen-

1186 2005 1285 2045 dium,
1317 2006 1491 2045 danmum,
1520 2005 1668 2038 iniuriam
1696 2010 1726 2038 et
1754 2010 1920 2037 contume-

1186 2058 1259 2091 liam
1279 2058 1458 2100 vicelegati‚
1479 2058 1742 2100 gubernatorum,
1759 2057 1920 2099 magistra-

1187 2114 1295 2149 tuum,
1323 2110 1523 2152 aliorumque
1559 2110 1785 2142 officiariorum
1810 2115 1841 2142 et
1862 2110 1919 2142 mi-

1185 2164 1357 2196 nistrorum
1391 2168 1573 2196 nostrorum
1606 2163 1837 2206 praefatorum,
1864 2174 1920 2197 seu

1185 2216 1320 2249 alicuius
1345 2227 1468 2256 corum,
1496 2216 1559 2249 sive
1591 2227 1650 2259 pro
1676 2217 1893 2250 subvertendo
1909 2245 1916 2257 ,

1187 2270 1358 2309 turbando,
1383 2269 1549 2309 mutando,
1572 2271 1622 2302 vel
1647 2270 1815 2302 alterando
1841 2270 1921 2302 anti-

1186 2333 1247 2365 quo
1273 2322 1430 2365 regimine
1456 2327 1488 2355 et
1512 2323 1670 2364 gubernio
1693 2322 1826 2355 civitatis
1844 2323 1921 2356 Ave-

1186 2375 1350 2408 nionensis
1376 2380 1405 2407 et
1432 2375 1600 2407 comitatus
1624 2375 1821 2418 Venayssini‚
1845 2375 1921 2408 alia-

1186 2438 1318 2470 rumque
1343 2427 1522 2467 eiritatum,
1555 2427 1748 2471 oppidorum
1775 2431 1806 2459 et
1831 2428 1920 2460 loco-

1186 2490 1254 2512 rum
1279 2480 1526 2523 praedictorum,
1548 2480 1669 2523 aliquid
1687 2479 1782 2512 etiam
1807 2480 1920 2522 gravis-

1186 2532 1301 2564 simum
1316 2538 1347 2564 et
1360 2533 1595 2565 atrocissimum
1610 2533 1761 2572 fecerunt,
1772 2537 1917 2575 egerunt,

1186 2590 1365 2628 gesserunt,
1398 2586 1637 2627 commiserunt,
1668 2590 1916 2630 perpetrarunt,

1937 213 1988 242 An.
2009 213 2038 240 C.
2057 214 2122 241 1602
