2247 3208
134 243 173 269 An
204 247 237 274 C.
255 243 320 271 1568

164 1305 227 1327 Fides
251 1307 307 1326 tran-

121 1336 259 1358 sumptorum.

961 240 1041 264 CLEM
1048 239 1103 263 ENS
1127 240 1158 264 IX
1183 241 1231 264 Pr.

329 290 507 324 sortiantur
533 291 571 322 de
598 299 757 323 consensu
783 289 926 333 magistri
945 294 975 322 et
992 298 1065 321 eon-

329 348 440 376 ventus
466 342 717 385 praedictorum,
745 348 777 374 et
801 352 867 374 non
893 342 981 381 alias,
1004 351 1063 373 nec

327 395 390 428 alio
411 395 507 428 niodo
523 421 530 434 ,
566 395 718 438 quodque
746 395 806 438 ipsi
831 399 998 427 exactores
1031 399 1063 426 et

326 449 543 491 appaltatores
570 448 722 487 decimas,
749 448 886 490 pedagia
905 452 936 480 et
961 457 1062 480 onera

327 501 512 534 huiusmodi
539 501 634 533 etiam
661 502 700 534 ab
726 501 883 544 exemptis
915 500 1058 543 exigere,

325 559 357 586 et
380 554 454 587 illos
481 554 519 587 ad
546 554 739 587 solutionem
764 564 820 586 seu
849 553 1072 599 contributio-Z

324 616 396 639 nem
423 617 538 649 cogere
565 613 597 639 et
629 607 826 649 compellere
853 606 977 648 possint
1002 615 1071 648 seu,

324 659 477 699 debeant3
505 660 621 703 quibus
646 659 817 698 omnibus,
844 659 974 691 illorum
995 668 1060 690 om-

323 712 412 744 nium
437 717 576 753 tenores,
602 722 639 744 ac
653 711 678 744 si
693 711 732 744 de
751 711 850 744 verbo
872 711 910 743 ad
926 711 1058 743 verbum

322 763 555 804 insererentur,
570 763 797 807 praesentibus
815 763 1072 808 pro'expressish

323 818 490 857 habentes,
517 817 581 850 illis
607 817 684 850 alias
710 817 742 848 in
767 826 825 849 suo
843 815 962 849 robore
983 810 1072 859 per-¹

322 870 490 909 mansuris,
516 870 577 902 hac
601 869 668 902 vice
695 869 868 910 dumtaxat,
887 869 919 901 in
937 879 1056 912 genere

320 922 408 954 etin
433 923 554 965 speeie,
583 923 623 955 ad
648 922 799 955 effectum
823 922 1054 966 praesentium,

319 975 517 1008 sufficienter
541 980 572 1008 et
597 986 749 1019 expresse
776 976 992 1018 derogamus,
1019 986 1055 1008 ac

319 1029 513 1071 derogatum
539 1039 608 1062 esse
635 1029 865 1068 decernimus;
903 1029 1055 1072 quodque

318 1091 374 1114 vos
398 1081 536 1124 primam
572 1092 638 1114 non
673 1082 812 1114 feceritis
844 1082 876 1114 in
911 1082 1055 1115 eeclesiis

319 1134 505 1167 huiusmodi
523 1136 728 1177 personalem
756 1135 964 1167 residentiam
981 1145 1056 1167 con-

317 1192 466 1227 suetam,
501 1188 683 1231 ceterisque
720 1187 891 1221 contrariis
923 1187 1055 1230 quibus-

317 1250 465 1283 cumque.

362 1293 376 1335 ᾗ
401 1292 432 1325 5.
460 1292 613 1325 Volumus
631 1298 743 1333 autem,
766 1293 860 1336 quod,
883 1299 1054 1336 antequam
1073 1314 1074 1319 =

317 1346 419 1388 gratia
450 1346 625 1389 creationis
666 1346 697 1378 in
734 1352 863 1379 nostros
898 1352 930 1379 et
964 1345 1255 1387 seclisggubernio
1293 1351 1324 1377 et
1364 1345 1602 1378 conservationi
1648 1352 1833 1389 opportune

315 1398 523 1441 Apostolicae
549 1399 692 1432 notarios
706 1399 794 1431 vobis
809 1405 843 1431 ut
861 1410 957 1442 supra
972 1400 1053 1432 faeta
1072 1422 1073 1431 1

315 1451 438 1495 perfrui
471 1452 627 1493 valeatis,
666 1452 698 1484 in
733 1452 880 1484 manibus
917 1453 1051 1485 alicuius

314 1515 475 1548 personae
493 1505 526 1537 in
548 1505 705 1547 dignitate
731 1504 956 1538 ecelesiastica
980 1516 1052 1538 con-

314 1557 448 1591 stitutae
474 1558 714 1601 professionem
739 1559 814 1592 fidei
833 1559 920 1592 iuxta
934 1560 1051 1592 artico-

314 1611 362 1644 los
386 1611 512 1654 pridem
537 1622 553 1643 a
577 1611 659 1644 Sede
683 1612 848 1655 praedicta
866 1613 1049 1656 propositos
1070 1628 1072 1632 ·

313 1674 465 1707 expresse
491 1664 639 1697 emittere
666 1670 697 1697 et
721 1666 853 1698 solitum
885 1665 1049 1698 fidelitatis

313 1715 530 1750 iuramentum
554 1722 719 1760 praestare
745 1718 878 1751 omnino
900 1719 1051 1751 teneami-

312 1769 365 1809 ni,
393 1770 546 1813 quodque
572 1770 795 1813 praesentium
829 1772 1048 1814 transumptis,

313 1823 411 1855 etiam
434 1823 617 1866 impressis,
644 1833 743 1855 manu
769 1824 908 1856 alicuius
934 1824 1049 1857 notarii

311 1876 431 1919 publici
458 1876 649 1919 subscriptis
666 1903 673 1916 ,
701 1882 732 1909 et
756 1877 865 1919 sigillo
891 1888 1049 1920 personae

311 1930 344 1962 in
359 1929 515 1971 dignitate
534 1929 754 1962 ecclesiastica
772 1930 965 1963 constitutae
983 1941 1050 1962 mu-

311 1983 395 2022 nitis,
423 1983 539 2015 eadem
564 1982 697 2025 prorsus
715 1981 796 2015 fides
815 1983 937 2026 ubique
957 1983 1049 2016 adhi-

309 2036 424 2068 beatur
448 2035 480 2068 in
506 2035 628 2068 iudicio
653 2040 685 2067 et
710 2040 818 2075 extra,
850 2046 932 2079 quae
958 2046 1050 2078 prae-

310 2088 456 2120 sentibus
492 2087 569 2130 ipsis
605 2087 839 2127 adhiberetur,
878 2089 904 2120 si
941 2088 1050 2120 forent

312 2140 479 2173 exhibitae
505 2141 556 2172 vel
582 2146 748 2173 ostensae.

356 2194 469 2226 Datum
494 2193 622 2233 Romae,
650 2195 735 2237 apud
761 2194 792 2227 S.
820 2194 957 2235 Petrum,
991 2195 1048 2227 sub

312 2247 430 2278 annulo
441 2245 626 2286 piscatoris,
639 2246 690 2279 die
700 2257 777 2279 xxni
786 2247 859 2279 maii
871 2257 1046 2287 iincnan,

312 2297 516 2342 pontificatus
541 2299 644 2331 nostri
669 2309 754 2331 anno
780 2309 801 2332 1.
1026 2312 1029 2315 ·

346 2359 404 2386 Dat.
423 2359 467 2386 die
487 2358 521 2387 23
536 2359 598 2386 maii
616 2359 693 2393 1668,
709 2360 804 2395 pontif.
825 2368 895 2388 anno
910 2367 928 2388 1.

641 2493 716 2526 LXI.

309 2560 522 2603 Confirmatio
563 2562 768 2595 resolutionis
802 2574 821 2595 a
849 2564 1050 2608 particulari

353 2615 599 2658 corcyreyativne
633 2627 690 2659 pm·
723 2616 950 2649 Aleaecmdrmn
991 2616 1052 2650 VII
1068 2653 1070 2655 ,

1746 232 1804 265 671

1151 286 1305 330 deputam
1331 293 1510 328 emanante,
1534 289 1619 332 quod
1639 299 1843 332 ›nunnspro-

1152 341 1278 373 lectoris
1295 341 1459 383 cappellae
1475 341 1517 373 ud
1539 341 1692 386 Praesepr
1711 342 1845 374 Domini

1151 392 1183 424 in
1211 393 1347 428 basilica
1364 393 1395 425 S.
1412 394 1538 427 Mariae
1555 394 1691 426 Maioris
1708 394 1746 427 de
1766 394 1844 427 Urbe

1148 449 1302 488 spectaret
1327 446 1369 478 ml
1395 447 1511 479 bimum
1542 448 1729 479 meritorium
1766 458 1839 480 car—

1147 497 1293 530 dinalem
1310 499 1506 539 Pullollum,
1529 504 1692 542 [umquam
1711 511 1749 533 ew
1770 511 1843 543 pro-

1149 549 1252 581 vincia*
1278 550 1445 583 illarrlziae
1473 553 1698 584 Ancrmitunae
1723 554 1838 585 oriem-

1146 601 1234 642 dum,
1262 603 1297 635 in
1322 613 1477 636 concursu
1503 604 1629 636 domini
1661 604 1841 638 cardinalis

1148 654 1282 695 Ursini,
1317 656 1376 698 qui
1410 661 1576 700 lanzqnom
1607 657 1643 689 tle
1671 658 1841 700 parentela?-

1145 706 1234 740 Sicuti
1263 708 1288 740 V
1302 708 1463 742 oriundus
1484 709 1568 742 illuct
1583 710 1836 752 pratlemlebul'.

1323 798 1457 824 Clemens
1478 799 1555 832 Papa
1576 799 1621 830 IX,

1242 841 1277 867 ad
1298 841 1430 868 futuram
1449 842 1494 869 rei
1514 842 1694 869 memoriam.

1144 922 1158 965 ᾗ
1183 922 1212 954 Ἰ.
1242 922 1366 955 Dudum
1392 922 1493 955 felicis
1520 923 1754 957 reeordationis
1776 924 1838 958 Six-

1100 980 1150 1007 tus
1171 975 1254 1018 Papa
1273 975 1294 1006 V
1320 975 1557 1017 praedecessor
1574 981 1695 1016 noster,
1722 976 1754 1008 in
1772 987 1837 1010 suis

1100 1039 1199 1071 super
1224 1029 1389 1061 erectione
1416 1029 1581 1071 cappellae
1611 1029 1651 1062 ad
1676 1029 1836 1072 Praesepe

1099 1081 1224 1113 Domini
1251 1081 1352 1113 nostri
1379 1081 1449 1113 Iesu
1479 1081 1597 1114 Christi
1634 1081 1667 1114 in
1699 1082 1835 1116 basilica

1098 1133 1128 1166 S.
1157 1133 1272 1166 Mariae
1300 1133 1426 1166 Maioris
1453 1134 1490 1166 de
1517 1134 1599 1167 Urbe
1622 1135 1682 1167 sub
1700 1135 1834 1177 plumbo

1098 1186 1256 1228 expeditis
1284 1186 1410 1226 litteris,
1437 1187 1519 1219 inter
1543 1187 1616 1227 alia,
1634 1192 1669 1219 ut
1690 1187 1834 1221 eiusdem

1098 1240 1265 1282 cappellae
1284 1239 1434 1282 illiti-:que
1454 1239 1593 1272 fabricae
1613 1245 1644 1272 et
1668 1240 1832 1274 sacristiae

1097 1302 1132 1323 ac
1157 1291 1287 1333 collegii
1314 1292 1397 1333 felici
1419 1297 1450 1324 et
1475 1302 1634 1335 prospero
1668 1292 1831 1335 regimini,

1096 1399 1331 1438 consuleretur,
1358 1404 1457 1441 utque
1484 1404 1668 1441 promptum
1693 1404 1724 1431 et
1741 1409 1834 1442 para-

1096 1456 1161 1483 tum
1189 1457 1276 1484 esset
1300 1451 1368 1483 eius
1393 1451 1558 1491 auxilium,
1582 1451 1687 1484 bonae
1709 1462 1832 1484 memo-

1095 1503 1161 1537 riae
1187 1505 1418 1543 Alexandrum,
1445 1504 1520 1537 dum
1545 1504 1631 1544 vixit,
1656 1504 1687 1537 S.
1715 1505 1830 1538 Mariae

1094 1558 1126 1590 in
1151 1557 1319 1590 Cosmedin
1356 1557 1527 1590 diaconum
1557 1558 1761 1591 cardinalem*
1791 1559 1829 1591 de

1094 1611 1265 1644 Monte-alto
1283 1616 1512 1654 nuncupatum,
1534 1622 1625 1643 suum
1651 1621 1688 1644 ex
1718 1622 1830 1645 sorore

1094 1667 1246 1707 germana
1269 1665 1445 1697 seeundum
1460 1675 1587 1698 carnem
1605 1670 1830 1707 pronepotem,

1093 1724 1132 1757 et,
1159 1729 1198 1753 eo
1224 1717 1287 1750 vita
1314 1718 1432 1758 functo,
1459 1717 1676 1761 antiquiorem
1694 1717 1722 1750 S.
1740 1718 1776 1750 R.
1793 1718 1828 1752 E.

1093 1771 1288 1803 cardinalem
1315 1782 1351 1803 ex
1374 1770 1474 1813 ipsius
1500 1770 1577 1803 Sixti
1602 1771 1831 1814 praedeeesso-

1094 1825 1136 1857 ris
1163 1824 1283 1856 familia
1307 1829 1337 1856 et
1362 1825 1542 1867 parentela,
1561 1824 1618 1863 vel,
1640 1823 1673 1856 in
1691 1825 1758 1856 eius
1777 1825 1830 1857 de·

1093 1879 1221 1917 fectum,
1242 1888 1277 1910 ex*
1299 1876 1465 1920 provincia
1479 1877 1638 1910 Mareliiae
1657 1877 1829 1910 Anconita-

1092 1942 1151 1963 nae
1166 1931 1347 1969 oriundum,
1364 1941 1429 1970 seu,
1445 1930 1470 1962 si
1485 1931 1592 1962 nullus
1610 1941 1724 1963 eorum
1738 1931 1828 1969 foret,

1092 1984 1232 2027 primum
1272 1984 1495 2026 presbyterum
1529 1983 1729 2015 cardinalem
1770 1994 1828 2026 pro

1094 2041 1237 2079 tempore
1255 2036 1459 2075 existentem,
1478 2035 1623 2068 eiusdem
1649 2037 1829 2078 cappellae,

1092 2089 1243 2131 illiusque
1268 2099 1496 2132 personarum,
1529 2099 1645 2129 rerum,
1672 2089 1830 2122 bonorum

1092 2148 1121 2174 et
1144 2142 1261 2174 iurium
1286 2147 1505 2184 protectorem
1536 2152 1570 2174 ac
1603 2142 1828 2183 defensorem,

1092 2195 1181 2227 euius
1208 2195 1344 2228 consilio
1383 2200 1414 2227 et
1450 2205 1511 2237 ope
1540 2195 1648 2228 omnia
1678 2195 1710 2227 in
1736 2195 1828 2228 dictis

1092 2248 1207 2281 litteris
1233 2258 1385 2290 expressa
1410 2254 1439 2280 et
1461 2258 1684 2291 quaecumque
1708 2248 1771 2280 alia
1797 2248 1827 2280 in

1092 2301 1142 2333 liis
1169 2305 1200 2333 et
1224 2300 1309 2333 eirca
1330 2310 1367 2332 ea
1382 2300 1630 2343 quomodolibet
1643 2301 1828 2333 necessaria

1091 2358 1275 2396 agerentur,
1302 2357 1521 2385 statuerentur
1538 2358 1570 2385 et
1583 2353 1825 2391 ordinarentur,

1091 2406 1259 2439 constituit
1284 2410 1315 2438 et
1339 2405 1512 2448 deputavit.
1541 2406 1584 2438 Ac
1607 2405 1707 2438 voluit
1726 2411 1758 2438 et
1778 2405 1829 2438 de-

1092 2459 1234 2499 claravit,
1259 2459 1354 2502 quod,
1374 2459 1459 2498 licet,
1477 2459 1567 2492 nullo
1586 2459 1742 2492 existente
1760 2469 1829 2491 san-

1093 2512 1198 2554 guinis
1224 2511 1371 2544 eiusdem
1388 2511 1464 2544 Sixti
1480 2512 1742 2555 praedecessoris
1761 2521 1829 2544 car-

1092 2563 1207 2603 dinale,
1235 2564 1315 2596 alius
1342 2564 1380 2596 ad
1399 2564 1430 2596 id
1448 2569 1482 2595 ut
1498 2564 1680 2607 praefertur
1696 2569 1826 2597 vocatus

1103 2619 1105 2621 ¹
1130 2627 1138 2652 l
1162 2625 1197 2652 Ex
1220 2625 1324 2659 [ti-gest.
1348 2624 1373 2652 in
1394 2626 1493 2653 Seeret.
1518 2627 1593 2653 brev.

1856 245 1904 267 An.
1916 242 1945 267 (j.
1970 241 2035 268 leS

1888 935 2032 956 Recenwntnr

1813 978 1819 984 .
1848 961 1931 983 litterae
1943 963 1996 983 Sul!
2009 962 2033 984 V.
