2247 3208
211 164 262 192 An.
277 164 307 192 c.
330 164 397 193 1663
442 156 506 189 146

237 797 324 818 Motiva.

241 2323 353 2344 Confirmat
376 2326 398 2344 ut

213 2349 235 2371 in
250 2350 342 2371 rubrica.

409 263 746 297 excommunicationis
782 265 886 305 poena
921 262 996 294 iussi
1026 262 1143 294 fuerint

407 322 580 359 usurpatos
617 320 793 348 conventus
829 315 1011 347 reformatis
1048 315 1142 347 resti-

408 375 510 407 tuere,
525 379 589 401 11011
601 370 702 400 50111111
717 367 848 400 minime
866 369 1139 410 obtemperarunt,

408 422 464 453 sed
490 421 583 453 etiam
610 421 648 452 ab
673 420 729 453 illo
755 424 903 463 tempore
938 430 1003 452 non
1034 431 1141 453 cessa-

406 478 482 506 runt
505 473 612 512 novis,
640 473 800 505 continuis
826 478 858 505 et
882 472 1034 505 inauditis
1060 473 1142 505 iniu-

407 525 462 557 riis
488 526 575 568 ipsos
600 525 794 557 reformatos
819 525 992 567 impetere,
1025 531 1059 557 ut
1084 536 1140 558 eos

407 578 534 620 penitus
560 577 765 620 extirparent,
785 577 934 610 timentes
954 588 993 610 ne
1013 578 1141 621 incepta

408 630 593 662 reformatio
619 630 713 662 latius
738 629 771 661 in
792 629 958 672 provincia
979 640 1142 663 excresce-

407 688 464 721 ret⁷
491 693 627 725 eamque
649 683 779 715 tandem
804 682 836 714 in
856 682 1033 724 perfectum
1049 694 1143 725 regu-

407 735 482 768 laris
508 735 730 767 observantiae
756 739 873 767 statum
894 735 1077 768 reduceret.

451 789 465 831 ξ
491 787 520 820 2.
548 787 625 821 Cum
650 792 772 827 autem,
799 787 883 820 510111
907 788 1021 820 eadem
1046 799 1142 831 expo-

408 841 480 873 sitio
514 840 748 882 subiungebat,
782 841 872 872 nulla
904 840 969 873 iam
1003 841 1142 883 supersit

408 904 479 936 ¹spes
510 893 659 925 fratribus
693 893 876 925 reformatis
913 892 1071 925 intentam
1102 894 1141 926 ah

408 947 483 989 ipsis
512 946 774 978 reformationem
805 946 837 978 in
871 946 987 978 dictam
1011 947 1143 989 provin-

408 1000 487 1031 ciam
513 999 754 1037 introducendi,
780 998 844 1031 imo
870 1009 929 1031 nec
954 999 1085 1041 pacifice
1110 999 1142 1031 111

408 1052 508 1084 tribus
533 1051 762 1090 conventibus,
789 1051 842 1094 qui
874 1051 918 1083 eis
949 1056 1142 1094 supersunt,

407 1104 549 1143 vivendi,
576 1104 635 1135 nisi
661 1104 700 1135 ab
726 1103 789 1136 illis
813 1104 964 1136 relaxatis
989 1105 1143 1137 fratribus

409 1158 539 1190 omnino
564 1162 763 1199 separentur,
785 1162 853 1189 tum
871 1162 1006 1200 propter
1023 1158 1144 1200 exigui-

408 1216 503 1243 tatem
528 1210 689 1252 ipsorum,
723 1215 789 1242 111111
821 1216 955 1253 propter
976 1211 1143 1253 penuriam

407 1264 551 1295 locorum
576 1268 606 1294 et
638 1262 787 1294 iniuriam
820 1267 1021 1305 temporum:
1048 1264 1142 1297 nobis

408 1319 580 1357 propterea
591 1314 665 1346 dicti
680 1319 877 1357 exponentes
892 1315 1059 1348 humiliter
1072 1326 1144 1359 sup-

408 1368 520 1410 plicari
554 1368 698 1399 fecerunt
729 1372 764 1399 ut
794 1367 853 1399 sibi
886 1369 924 1401 (10
956 1369 1062 1402 medio
1087 1380 1144 1412 op-

408 1425 548 1463 portuno
574 1422 718 1463 regulam
743 1431 831 1453 suam
857 1422 897 1454 ad
922 1421 1062 1454 litteram
1087 1423 1144 1455 011-

409 1473 566 1511 servandi,
578 1473 663 1505 iuxta
676 1474 912 1516 praescriptum
926 1475 1144 1517 praefatarum

409 1524 579 1558 Clementis
598 1525 856 1568 praedecessoris
878 1526 1059 1559 litterarum
1077 1527 1145 1571 qui-

409 1578 467 1610 bus
481 1588 592 1610 omnes
606 1584 637 1610 01
653 1578 773 1620 singuli
791 1578 1059 1621 subscripserunt,
1071 1590 1144 1623 pro-

408 1631 532 1671 videre,
559 1636 590 1663 01
611 1631 685 1674 quia
704 1631 764 1664 soli
789 1631 902 1664 fratres
927 1633 1090 1665 recollecti
1111 1633 1143 1665 in

409 1683 509 1716 Gallia
534 1684 591 1716 51111
617 1684 738 1716 eisdem
762 1684 933 1717 Clementis
956 1686 1144 1728 praedeces-

410 1736 489 1768 soris
515 1736 629 1769 litteris
654 1737 798 1778 regulam
823 1741 960 1778 servant,
986 1737 1063 1780 ipsis
1092 1749 1144 1771 ex-

410 1790 603 1831 ponentibus
627 1794 662 1821 ut
685 1800 755 1822 cum
785 1790 877 1823 dictis
904 1791 1005 1824 tribus
1030 1802 1143 1825 eorum

410 1842 617 1874 conventibus
654 1842 799 1876 viciniori
836 1849 890 1876 aut
932 1844 1143 1878 commodiori

410 1895 593 1937 provinciae
630 1897 875 1929 recollectorum
905 1907 959 1930 seu
992 1898 1145 1931 reforma-

411 1953 516 1981 torum
551 1948 584 1980 in
615 1949 737 1988 Gallia,
771 1954 896 1982 servato
931 1955 1037 1983 tamen
1073 1951 1143 1984 iure

410 2002 668 2044 uniuscuiusque,
683 2002 768 2034 uniri
795 2008 826 2035 et
849 2003 1053 2046 incorporari
1070 2014 1145 2047 pos-

411 2053 474 2085 sint
497 2055 684 2096 permittere
699 2081 706 2094 ,
732 2065 768 2087 ac
792 2057 919 2098 plenam
952 2062 1143 2099 potestaten]

411 2106 629 2138 commissario
648 2108 791 2148 generali
808 2107 962 2141 visitatori
981 2110 1143 2151 praefatae

411 2158 593 2200 provinciae
608 2160 689 2191 lianc
703 2160 854 2193 unionem
868 2162 1056 2203 perficiendi
1071 2173 1145 2195 con-

412 2211 526 2243 cedere
552 2212 589 2244 de
615 2212 811 2255 benignitate
836 2215 1010 2256 apostolica
1033 2216 1144 2258 digna-

412 2274 529 2296 remur.

456 2317 470 2359 ἕ
503 2316 534 2349 3.
561 2316 622 2349 Nos
647 2317 756 2359 igitur,
783 2320 910 2352 eosdem
945 2325 1145 2363 exponentes

413 2368 609 2411 specialibus
636 2370 795 2403 favoribus
813 2376 844 2403 et
861 2372 971 2414 gratiis
993 2373 1144 2416 prosequi

412 2422 569 2461 volentes,
593 2427 624 2454 et
645 2433 756 2455 00111111
779 2424 960 2467 singulares
985 2436 1144 2468 personas

412 2484 429 2506 a
448 2474 613 2516 quibusvis
638 2477 990 2517 excommunicationis,
1010 2488 1145 2520 suspen-

412 2526 513 2560 sionis
540 2532 571 2560 01
587 2527 759 2568 interdicti,
786 2528 921 2572 aliisque
948 2529 1145 2563 ecclesiasti-

978 164 1158 188 BULLARIUM
1182 162 1333 187 ROMANUM

408 212 554 256 impediti
570 218 600 244 et
620 212 741 254 repulsi
760 211 902 243 fuissent.
922 210 969 249 Et,
986 211 1063 242 11001
1081 210 1140 241 51111
1157 210 1159 214 “

1175 209 1220 241 015
1240 209 1420 249 sententiis,
1435 210 1582 243 censuris
1598 216 1630 243 et
1645 210 1770 254 poenis,
1797 221 1814 242 a
1838 210 1907 243 iure

1174 262 1225 294 vel
1257 262 1297 294 ab
1333 262 1484 302 homine,
1511 263 1621 306 quavis
1658 263 1831 296 occasione
1856 264 1907 295 vel

1175 316 1271 346 causa
1295 313 1377 353 latis,
1405 314 1431 346 si
1457 315 1572 357 quibus
1598 316 1846 358 quomodolibet
1859 315 1909 347 in-

1174 367 1314 399 nodatae
1341 366 1496 407 existunt,
1523 368 1562 399 ad
1588 367 1735 401 effectum
1753 379 1910 412 praesen-

1176 419 1253 451 tium
1283 420 1446 451 dumtaxat
1478 422 1763 464 consequendum,
1791 422 1907 454 harum

1176 471 1261 504 serie
1294 472 1502 505 absolventes
1520 477 1552 504 et
1568 474 1727 506 absolutas
1751 474 1819 507 fore
1835 485 1909 507 cen-

1175 528 1292 563 sentes,
1312 524 1494 557 huiusmodi
1516 525 1803 568 supplicationibus
1819 527 1909 559 incli-

1175 575 1251 614 nati,
1266 576 1305 608 de
1328 577 1562 610 venerabilium
1577 578 1711 610 fratrum
1727 584 1909 612 nostrorum

1175 627 1205 659 S.
1234 628 1270 660 R.
1298 629 1332 660 E.
1360 629 1571 663 cardinalium
1606 631 1744 673 negotiis
1774 636 1806 664 et
1834 642 1909 665 con-

1164 671 1402 714 'sultationibus
1424 682 1650 726 episcoporum
1664 687 1695 715 et
1712 684 1909 726 regularium

1176 734 1433 776 praepositorum
1450 736 1595 776 consilio,
1613 736 1741 769 attentis
1758 737 1907 777 narratis,

1176 795 1211 816 ac
1235 786 1342 819 audito
1364 797 1421 829 per
1439 789 1567 820 cosdem
1584 789 1764 821 cardinales
1782 794 1814 821 01
1833 800 1910 822 0011-

1176 838 1333 872 sentiente
1359 840 1476 873 dilecto
1501 841 1566 874 filio
1591 842 1738 875 ministro
1763 842 1908 884 generali

1176 889 1304 924 Ordinis
1329 893 1476 935 praefati,
1501 899 1535 925 ut
1557 895 1723 927 memorati
1749 900 1814 927 tres
1836 905 1910 927 con-

1176 947 1297 983 ventus,
1322 945 1473 978 nimirum
1494 947 1702 987 Vastinensis,
1720 947 1910 980 Inicastren-

1177 997 1217 1029 sis
1236 1003 1267 1030 et
1291 998 1639 1041 Castrireginaldensis,
1657 1010 1783 1033 necnon
1800 1005 1831 1032 et
1848 1000 1911 1032 fra-

1177 1055 1241 1082 tres
1266 1050 1298 1082 in
1323 1050 1402 1093 ipsis
1420 1051 1581 1093 degentes,
1597 1051 1683 1084 uniri
1708 1057 1739 1084 et
1762 1053 1910 1096 incorpo-

1177 1104 1241 1135 rari
1266 1103 1389 1147 possint
1413 1104 1597 1147 provinciae
1614 1105 1760 1139 viciniori
1779 1110 1810 1138 et
1826 1117 1912 1139 com-

1177 1156 1314 1189 modiori
1349 1156 1596 1190 reformatorum
1632 1168 1687 1190 seu
1725 1159 1911 1192 recollecto-

1178 1219 1258 1249 rum,
1283 1209 1470 1241 auctoritate
1488 1210 1672 1253 apostolica,
1691 1216 1802 1244 tenore
1819 1222 1912 1255 prae-

1177 1261 1324 1302 sentium,
1349 1262 1554 1295 concedimus
1571 1268 1603 1295 et
1621 1263 1839 1307 indulgemus.
1867 1266 1912 1298 Ac

1178 1315 1271 1347 huius
1295 1314 1423 1348 unionis
1456 1320 1487 1347 et
1516 1315 1787 1359 incorporationis
1818 1328 1911 1360 pera-

1177 1367 1301 1409 gendae
1326 1367 1509 1400 facultatem
1534 1368 1653 1402 dilecto
1677 1369 1743 1402 filio
1761 1371 1911 1404 commis-

1177 1420 1262 1453 sario
1277 1421 1419 1463 generali
1434 1421 1591 1454 visitatori
1604 1422 1706 1465 ipsius
1717 1423 1910 1466 provinciae,

1177 1473 1366 1506 auctoritate
1380 1478 1411 1506 et
1426 1479 1538 1507 tenore
1552 1475 1713 1517 praefatis,
1727 1475 1909 1510 tribuimus.

1220 1526 1234 1569 ἓ
1257 1527 1288 1559 4.
1315 1527 1537 1560 Decernentes
1564 1528 1696 1561 easdem
1716 1535 1911 1572 praesentes

1177 1580 1303 1612 litteras
1330 1590 1461 1624 semper
1481 1580 1600 1621 firmas,
1617 1581 1740 1615 validas
1755 1587 1788 1615 et
1806 1583 1913 1615 effica-

1177 1642 1230 1665 ces
1257 1631 1397 1665 existere
1417 1637 1449 1665 et
1473 1633 1556 1674 fore,
1575 1644 1719 1677 suosque
1744 1635 1911 1678 plenarios

1177 1690 1209 1717 et
1233 1684 1380 1728 integros
1399 1684 1534 1718 effectus
1552 1686 1664 1719 sortiri
1692 1691 1724 1719 et
1747 1687 1910 1728 obtinere,

1176 1749 1213 1770 ac
1236 1737 1314 1778 illis,
1329 1738 1369 1770 ad
1394 1748 1475 1781 quos
1497 1743 1627 1781 spectat
1643 1744 1675 1772 et
1691 1749 1750 1782 pro
1766 1745 1913 1784 tempore

1177 1791 1350 1834 spectabit,
1377 1791 1563 1834 plenissime
1581 1791 1772 1835 suffragari,
1799 1792 1913 1837 sicque

1177 1844 1210 1876 in
1234 1844 1420 1886 praemissis
1444 1855 1505 1888 per
1531 1855 1755 1889 quoscumque
1786 1846 1912 1880 iudices

1178 1897 1362 1930 ordinarios
1397 1902 1429 1930 et
1459 1898 1627 1940 delegatos
1643 1926 1651 1939 ‚
1678 1899 1774 1932 etiam
1800 1911 1914 1933 eausa-

1178 1960 1249 1982 rum
1281 1950 1394 1992 palatii
1429 1950 1602 1993 apostolici
1634 1951 1812 1992 auditores,
1828 1952 1913 1985 iudi-

1177 2002 1244 2035 cari
1275 2006 1308 2035 et
1337 2001 1465 2035 definiri
1491 2003 1634 2043 debere,
1661 2014 1697 2036 ac
1725 2003 1856 2037 irritum
1881 2009 1914 2037 et

1177 2055 1274 2088 inane
1310 2055 1337 2087 si
1368 2065 1463 2088 secus
1495 2066 1596 2099 super
1619 2056 1670 2088 his
1696 2067 1714 2088 a
1735 2067 1912 2100 quoquam,

1179 2107 1291 2151 quavis
1306 2108 1515 2149 auctoritate,
1535 2108 1679 2141 scienter
1693 2111 1742 2142 vel
1760 2109 1913 2152 ignoran-

1179 2165 1240 2201 ter,
1267 2161 1442 2203 contigerit
1467 2161 1633 2194 attentari.

1221 2214 1235 2256 ἓ
1261 2213 1292 2246 5.
1318 2213 1388 2246 Non
1414 2214 1616 2247 obstantibus
1645 2216 1851 2258 praemissis,
1877 2228 1914 2250 ac

1178 2266 1462 2299 constitutionibus
1488 2272 1518 2299 et
1550 2267 1810 2302 ordinationibus
1837 2280 1914 2313 apo-

1178 2318 1312 2358 stolicis,
1334 2329 1472 2359 necnon,
1489 2325 1646 2362 quatenus
1673 2332 1753 2364 opus
1779 2322 1830 2363 sit,
1858 2322 1914 2355 Or-

1179 2371 1261 2404 dinis
1285 2382 1320 2404 ac
1345 2372 1535 2414 provinciae
1561 2379 1592 2406 et
1616 2380 1827 2407 conventuum
1855 2375 1914 2408 hu-

1177 2423 1324 2464 iusmodi,
1336 2424 1433 2457 etiam
1452 2425 1644 2467 iuramento,
1664 2427 1912 2462 confirmatione

1178 2477 1366 2520 apostolica,
1393 2479 1442 2510 vel
1469 2479 1579 2521 quavis
1604 2479 1756 2513 firmitate
1780 2481 1913 2514 011010-

1177 2530 1309 2571 boratis,
1336 2531 1461 2564 statutis
1480 2536 1511 2565 et
1531 2533 1829 2575 consuetudinibus,
1845 2534 1913 2579 pri-

1921 164 1971 189 An.
1991 162 2018 188 C.
2038 162 2110 190 1663

1953 1538 2069 1560 Decretum
2081 1539 2110 1560 ir-

1926 1566 2001 1587 ritans.

1996 2224 2111 2251 Derogauo

1928 2252 2089 2273 contrariorum.
