2247 3208
145 213 196 240 λη.
219 213 247 240 C.
266 212 332 240 {009

964 208 1000 231 CL
1007 207 1106 231 EMENS
1130 208 1160 230 tx
1185 208 1233 230 Pr.

1756 195 1819 228 Soa

340 266 371 294 et
385 265 657 300 conventuurn,ac
674 258 767 291 ctiam
782 268 964 290 mensarum
978 256 1076 289 abba-
1123 266 1193 287 rum
1220 259 1366 288 tenorem
1392 256 1617 299 praesentibus
1635 266 1695 298 pro
1713 256 1809 297 plene
1828 260 1859 287 ct

342 313 475 353 tialium,
492 313 728 356 capitularium,
745 317 807 344 tani
823 310 1072 350 cathedralium,

338 367 434 399 etiam
453 367 788 409 metropolitanarum,
810 375 905 408 quam
924 374 1075 407 quarum-

338 430 475 463 cumque
512 419 754 462 collcgiatarum
798 417 1007 450 ecclesiarum
1044 421 1075 448 et

337 473 619 511 conventualium,
645 472 847 515 prioratuum
884 480 1013 513 quoque
1040 480 1074 501 ac

337 531 517 558 ceterorum
560 524 793 558 beneficiorum
839 522 1075 556 ecclesiastico—

337 588 417 617 rum,
438 588 510 611 cum
530 580 605 610 cura
623 582 653 610 et
673 577 742 609 sine
768 578 854 615 cura,
878 574 1074 607 secularium

337 642 373 663 ac
398 631 583 674 quorumvis
609 630 763 663 Ordinum
787 629 955 671 utriusque
981 637 1074 659 sexus

337 685 432 717 etiam
451 683 699 716 Mendicantium
717 693 838 715 annuos
855 678 1001 714 redditffs
1019 681 1075 712 lia-

335 737 490 777 bentium,
518 742 580 769 tani
608 736 749 769 virorum
774 746 868 778 quam
893 734 1071 771 mulierum,

336 800 466 823 necnon
491 789 790 831 congregationum,
808 787 1029 820 institutorum
1044 792 1075 819 et

335 842 524 875 societatum
549 841 754 883 regularium,
781 841 876 873 etiam
905 839 1072 873 Societatis

334 895 413 935 lesu,
440 901 471 928 et
494 900 662 938 praeterea
688 894 896 937 hospitalium
931 899 962 926 et
991 893 1074 925 mili-

336 948 451 980 tiarum
477 958 754 991 quarummimque
781 947 944 990 (exceptis
967 952 1073 979 tamen

335 1006 464 1034 sanctae
485 1001 649 1034 Romanae
668 1001 832 1033 Ecclesiae
856 1000 1072 1033 cardinalibus

336 1060 368 1087 et
393 1054 545 1087 fratribus
569 1054 723 1087 militibus
757 1054 929 1097 hospitalis
959 1053 990 1086 S.
1026 1053 1073 1086 Io·

336 1108 429 1141 annis
453 1108 759 1151 Hierosolymitaui,
786 1107 840 1150 qui
866 1118 924 1151 pro
950 1107 998 1139 sui
1025 1112 1073 1138 tu-

337 1163 398 1194 tela
437 1167 551 1195 contra
590 1161 706 1193 Turcas
743 1167 775 1193 et
810 1161 890 1194 alios
928 1160 1072 1193 infideles

335 1214 448 1247 alienis
473 1215 599 1248 auxiliis
627 1214 773 1258 quotidie
798 1214 1003 1256 indigebant,
1031 1219 1072 1254 ct,

336 1268 443 1310 quoad
469 1273 590 1305 curata,
614 1267 651 1299 iis
681 1277 819 1309 quorum
838 1272 986 1307 centum,
1009 1277 1071 1309 quo

334 1330 411 1352 vcro
430 1320 468 1352 ad
491 1319 650 1362 simpiicia
668 1318 826 1352 beneficia
844 1319 1070 1359 ecclesiastica,

333 1373 372 1405 iis
400 1383 537 1415 quorum
563 1372 660 1404 annui
686 1372 831 1404 redditus
853 1382 1008 1405 summam
1027 1372 1072 1404 vi-

334 1427 413 1468 ginti
439 1431 576 1469 quatuor
594 1426 783 1458 ducatorum
801 1425 868 1457 auri
887 1426 925 1458 de
946 1428 1072 1458 camera

334 1491 398 1512 non
424 1480 639 1521 excederent)
664 1479 696 1511 in
725 1478 833 1522 regnis
859 1478 1014 1512 Castellac
1041 1485 1072 1512 ct

333 1534 486 1576 Legionis
522 1544 557 1565 ac
592 1533 773 1575 Aragoniae
808 1539 840 1565 et
874 1533 1067 1573 Valentiae‚

333 1597 463 1619 necnon
488 1585 671 1628 principatu
697 1584 891 1625 Cataloniae,
912 1590 1005 1629 atque
1024 1586 1072 1618 in-

334 1639 414 1671 sulis
428 1638 624 1677 Balearibus,
639 1644 670 1670 ct
686 1638 844 1678 Sardinia,
855 1639 1070 1682 omnibusque

333 1691 506 1735 provinciis
532 1696 563 1724 et
591 1691 769 1724 ditionibus
801 1690 835 1723 in
868 1691 989 1724 eisdem
1021 1702 1071 1724 re-

333 1745 404 1788 gnis
419 1750 452 1777 et
468 1744 582 1777 insulis
593 1744 837 1787 comprehensis
855 1744 1070 1784 existentium,

334 1809 369 1831 ac
393 1798 541 1831 similiter
565 1798 710 1830 omnium
742 1798 937 1841 pensionum
974 1808 1071 1840 super

335 1851 521 1894 praemissis
545 1851 779 1893 assignatarum
805 1855 836 1884 et
860 1851 1071 1893 assignanda-

333 1915 412 1947 rum,
439 1910 470 1937 et
494 1904 572 1937 alias
598 1904 657 1936 sub
682 1904 779 1937 certis
797 1904 894 1937 modo
919 1909 951 1937 et
968 1904 1070 1936 Forma

334 1963 407 1990 tunc
423 1957 598 2001 expressis,
617 1968 652 1990 ac.
671 1957 848 2000 praefatum
871 1962 946 1990 tunc
963 1962 994 1990 et
1013 1968 1070 2000 pro

333 2017 481 2054 tempore
507 2011 699 2043 existentem
725 2021 819 2042 suum
845 2015 875 2043 et
896 2010 998 2043 dictae
1016 2012 1071 2043 Se-

334 2064 427 2097 disin
444 2064 595 2107 praefatis
615 2063 842 2107 Hispaniarum
860 2064 971 2107 regnis
989 2075 1071 2096 nun-

333 2118 416 2149 cium
429 2117 570 2149 decimae
582 2117 767 2150 huiusmodi
777 2118 987 2150 collectorem
999 2128 1069 2150 cum

333 2170 536 2203 facultatibus
561 2170 752 2213 opportunis
778 2170 944 2202 constituit
968 2175 999 2203 et
1017 2171 1072 2203 de—

333 2223 463 2266 putarit,
483 2223 611 2267 ipsique
637 2223 756 2256 nuncio
784 2229 886 2256 taxam
912 2229 942 2256 et
961 2234 1072 2267 repar-

334 2276 503 2308 timentum
527 2276 716 2309 huiusmodi
740 2288 801 2320 pro
832 2277 917 2309 dicta
950 2279 1071 2309 summa

334 2329 594 2371 octingentorum
617 2329 753 2362 millium
780 2330 971 2362 ducatorum
996 2340 1072 2361 con-

1119 308 1318 341 sufficienter
1355 319 1512 352 expresso
1549 309 1661 342 haberi
1691 309 1857 348 volumus,

1118 361 1250 393 uberius
1270 361 1466 394 continetur.

1162 415 1176 457 5³
1202 414 1233 446 ΕΞ.
1260 415 1297 446 Et
1321 415 1458 448 subinde
1484 426 1543 458 pro
1576 422 1666 459 parte
1702 415 1856 449 carissimi

1118 465 1149 498 in
1175 467 1303 499 Christo
1329 468 1384 500 tilii
1412 469 1510 501 nostri
1537 469 1641 502 Caroli
1666 470 1856 503 eorumdem

1118 519 1343 562 Hispaniarum
1371 521 1456 563 regis
1487 522 1636 554 catholici
1670 523 1755 555 dicto
1786 524 1857 555 Ale-

1118 573 1241 605 xandro
1278 575 1524 615 praedecessori
1563 576 1710 618 exposito
1747 577 1856 619 quod,

1119 624 1252 658 liabito¹
1279 627 1479 659 necessitatis
1512 629 1724 661 ecclesiarum
1755 630 1856 662 dicto-

1118 687 1188 710 rum
1213 688 1389 721 regnorum
1411 679 1566 713 Castellae
1585 687 1617 714 et
1634 682 1783 724 Legionis
1806 693 1857 715 ra-

1120 730 1219 771 tione,
1248 732 1354 774 portio
1377 732 1520 766 decimae
1539 735 1703 776 praefatae
1722 736 1855 768 casdem

1117 784 1270 817 ecclesias
1282 785 1473 828 contingens
1488 797 1524 819 ex
1547 788 1656 830 regiae
1678 788 1856 821 maiestatis

1118 837 1318 879 benignitate
1345 839 1384 871 ad
1417 839 1575 872 minorem
1613 851 1729 884 nempe
1763 841 1855 884 quin-

1117 896 1286 932 gentorum
1311 891 1422 935 viginti
1441 893 1584 936 quinque
1606 894 1741 926 millium
1761 895 1856 927 duca-

1117 949 1223 976 torum
1248 944 1350 977 dictae
1379 951 1528 978 monetae
1562 947 1735 989 Hispaniae
1769 958 1855 980 sum-

1116 1007 1199 1029 mam
1226 998 1359 1031 reducta
1384 999 1498 1040 suerat,
1526 1000 1656 1033 residuo
1694 1001 1772 1044 ipsis
1805 1012 1855 1034 ec-

1116 1049 1222 1082 clesiis
1243 1055 1272 1082 et
1298 1051 1445 1093 personis
1470 1052 1693 1085 ecclesiasticis
1715 1054 1852 1087 remisso

1116 1106 1148 1134 et
1172 1103 1366 1143 condonato,
1393 1115 1429 1137 ac
1455 1105 1549 1138 ctiam
1575 1105 1743 1138 biennium
1769 1108 1855 1140 solu-

1117 1154 1196 1187 tioni
1221 1156 1366 1189 eiusdem
1386 1157 1527 1191 decimae
1546 1169 1604 1200 per
1623 1160 1746 1192 litteras
1763 1171 1855 1203 prae-

1117 1208 1194 1241 fatas
1209 1208 1412 1251 praefinitum
1432 1211 1555 1243 eisdem
1570 1212 1713 1245 ecclesiis
1735 1218 1767 1245 et
1783 1224 1856 1256 per-

1115 1261 1201 1294 sonis
1226 1262 1451 1296 ecclesiasticis
1486 1275 1662 1306 regnorum
1695 1266 1852 1299 Castellae

1116 1319 1148 1346 et
1181 1314 1331 1356 Legionis
1366 1316 1404 1347 ad
1430 1316 1679 1358 quadriennium
1712 1329 1748 1350 ex
1782 1319 1850 1361 pari

1114 1366 1312 1409 benignitate
1339 1368 1525 1411 ampliatum
1550 1370 1714 1411 extiterat,
1732 1371 1853 1403 idcirco

1115 1418 1199 1451 idem
1218 1420 1400 1452 Alexander
1417 1422 1660 1463 praedecessor,
1680 1429 1715 1454 ut
1729 1433 1854 1455 summa

1115 1471 1369 1514 quingentorum
1380 1473 1786 1517 vigintiquinquemillium
1804 1477 1855 1508 du-

1115 1531 1260 1559 catorum
1284 1533 1432 1560 monetae
1459 1528 1645 1561 huiusmodi
1672 1529 1755 1562 intra
1781 1540 1854 1573 qua-

1115 1579 1299 1612 driennium
1324 1582 1504 1624 praefatum
1533 1583 1657 1615 facilius
1684 1583 1779 1626 exigi,
1809 1589 1854 1616 ta-

1115 1643 1217 1675 xaque
1255 1638 1287 1665 et
1322 1634 1588 1676 repat-timentum
1629 1641 1852 1678 opportunum

1115 1685 1254 1728 desuper
1278 1687 1456 1729 expeditius
1477 1688 1591 1720 confici
1612 1689 1766 1729 valerent,
1786 1699 1853 1731 pro-

1114 1739 1233 1779 videre,
1249 1750 1375 1772 necnon
1394 1739 1649 1781 difficultatibus,
1670 1752 1750 1785 quae
1769 1742 1853 1774 circa

1115 1793 1292 1836 praemissa
1324 1793 1401 1826 oriri
1437 1801 1591 1837 possent,
1626 1795 1777 1835 obviare,
1817 1807 1852 1828 ac

1115 1847 1354 1890 exemptionem
1379 1859 1436 1881 seu
1470 1849 1694 1892 exceptionem
1728 1849 1854 1892 praesa-

1116 1906 1179 1932 tam
1205 1906 1240 1932 ut
1256 1900 1340 1933 infra
1359 1901 1521 1934 moderari
1544 1903 1662 1941 rolens,
1690 1913 1748 1945 per
1773 1903 1851 1935 alias

1115 1964 1189 1986 suas
1215 1954 1338 1997 pariter
1362 1954 1395 1986 in
1421 1956 1523 1987 forma
1549 1955 1659 1988 Brevis
1682 1956 1733 1988 die
1755 1966 1784 1988 lx
1804 1956 1853 1988 de-

1115 2007 1252 2040 cembris
1277 2017 1402 2041 MDCva
1421 2008 1586 2051 expeditas
1605 2008 1753 2048 litte1¹as²‚
1776 2019 1853 2051 qua-

1105 2061 1186 2093 'rum
1199 2066 1345 2094 tenorem
1357 2062 1585 2105 praesentibus
1601 2062 1711 2095 itidem
1728 2073 1786 2105 pro
1801 2072 1854 2094 ex-

1115 2124 1229 2157 presso
1255 2114 1368 2147 haberi
1390 2116 1552 2155 volumus,
1575 2116 1678 2158 quod,
1702 2110 1853 2158 c⁸x-paro·

1115 2167 1236 2200 cliiales
1269 2168 1438 2208 ecclesias,
1471 2179 1605 2211 quarum
1640 2174 1786 2207 centum,
1822 2173 1853 2201 et

1114 2220 1273 2253 beneficia
1286 2221 1443 2264 simplicia
1462 2222 1613 2264 praes-ata,
1630 2232 1766 2265 quorum
1781 2222 1854 2254 red-

1115 2274 1199 2306 ditus
1237 2275 1334 2306 annui
1370 2274 1623 2317 vigintiquatuor
1660 2275 1851 2308 ducatorum

1115 2328 1183 2360 auri
1210 2328 1248 2360 dc
1269 2330 1394 2360 camera
1412 2339 1567 2360 summam
1587 2328 1768 2371 respective
1788 2339 1852 2361 non

333 2381 461 2415 ficiendi
491 2383 630 2426 amplam
662 2388 857 2425 potestatem
893 2381 1070 2422 concessit,
1092 2370 1095 2428 Ξ
1116 2381 1330 2420 excederent,
1359 2381 1595 2421 obtinentibus,
1622 2382 1661 2414 ad
1686 2382 1852 2414 contribu-

333 2441 430 2479 prout
449 2436 482 2468 in
500 2436 599 2479 ipsius
621 2436 793 2469 Alexandri
812 2435 1071 2478 praedecessoris
1092 2432 1095 2490 Ι
1116 2434 1237 2466 tionem
1264 2439 1295 2467 et
1319 2434 1511 2467 solutionem
1532 2435 1689 2477 portionis
1710 2434 1851 2467 decimae

333 2489 449 2521 litteris
475 2489 616 2531 desuper
643 2489 674 2520 in
700 2489 794 2521 simili
828 2489 929 2521 forma
961 2488 1071 2521 Brevis
1092 2493 1095 2527 ζ
1116 2486 1302 2519 huiusmodi
1338 2488 1417 2520 sieut
1450 2487 1666 2531 praemittitur
1699 2488 1852 2520 reductae

333 2541 385 2575 die
408 2552 446 2575 xx
471 2542 612 2574 octobris
630 2552 762 2575 iinctxn
781 2540 971 2585 expeditis¹‚
997 2552 1072 2584 qua-

368 2605 381 2630 1
402 2603 472 2635 Quas
489 2604 548 2631 vide
564 2613 652 2640 supra,
676 2612 735 2639 pagi
753 2603 780 2630 71
802 2605 840 2638 [n.
859 2603 896 2637 ης

1149 2558 1162 2584 1
1186 2557 1343 2593 Legendum
1357 2558 1456 2586 habim
1473 2565 1509 2591 tn.
1528 2559 1576 2592 τ.).

1151 2601 1166 2628 2
1187 2602 1256 2632 Quas
1273 2610 1382 2637 quoque
1401 2602 1458 2629 vide
1474 2611 1564 2638 susa-a.
1582 2611 1632 2638 pag
1663 2602 1711 2629 <205
1728 2602 1823 2637 (iza.)-

1865 206 1914 231 Ant
1937 205 1965 232 C.
1983 204 2050 232 1⁸69

1908 426 1966 450 Quae
1981 429 2050 446 tarn-20

1869 455 1905 474 {uit
1921 457 1995 478 postea
2007 460 2050 473 um-

1872 481 1951 501 lerata.
