2247 3208
87 241 144 267 An.
159 239 188 267 C.
212 239 278 267 1666

276 287 396 327 sactae;
425 287 510 319 unde
536 286 635 319 iidem
661 286 837 329 capitulum
862 291 894 317 ct
918 294 1013 316 cano-

273 340 337 372 nici
363 339 518 372 ecclesiae
536 339 567 371 S.
583 339 769 377 salvatoris,
790 338 880 370 nullo
902 337 1011 369 liabito

273 398 424 435 respectu
461 393 498 425 ad
533 392 734 435 praeiudicia
768 402 849 434 quae
884 390 930 422 eis
962 400 1012 421 re-

272 446 393 478 sultare
419 451 578 488 poterant,
605 445 655 477 die
681 455 777 477 xxviii
797 443 872 476 dieti
890 442 1011 475 mensis

272 498 385 541 aprilis
412 509 530 530 novum
546 498 797 530 instrumentum
822 495 1011 538 acceptatio-

272 551 321 583 nis
341 551 463 583 decreti
491 556 523 583 et
547 551 725 584 litterarum
750 555 930 582 nostrarum
949 549 1010 580 hu-

271 603 410 636 iusmodi
436 604 599 641 fecerunt,
626 603 844 646 approbantes
871 608 900 634 ct
925 602 1009 634 uoti-

270 655 415 696 ficantes,
441 658 564 699 absque
582 658 645 689 ulla
671 655 932 698 praeservatione
958 656 1007 688 vel

269 709 474 749 limitatione,
502 708 727 750 obligationes„
754 707 1005 750 promissiones,

269 761 534 803 recognitiones,
560 761 843 798 renunciationes,
877 761 1004 803 aliaque

268 813 376 846 omnia
400 814 432 846 in
458 813 543 846 Urbe
569 814 608 846 ab
634 813 749 846 eodem
775 813 893 845 Ioanne
915 813 1003 851 sacta,

267 865 430 908 nobisque
456 866 677 909 supplicantes
703 871 736 897 ut
761 865 806 897 eis
828 865 1004 898 absolutio-

266 929 341 951 nem
366 930 384 950 a
407 919 552 951 censuris
574 919 754 951 concedere
781 919 1001 960 dignaremur,
1024 949 1025 962 2

265 972 449 1004 constitutis
463 972 502 1005 ad
521 983 592 1004 eum
611 970 759 1003 etl'ectum
772 971 918 1014 pluribus
935 982 1003 1014 pro-

264 1024 469 1056 curatoribus
510 1034 580 1056 cum
622 1024 770 1056 facultate
813 1024 1002 1065 acceptandi

264 1086 499 1119 quamcumque
517 1077 764 1119 poeniteutiam,
781 1087 863 1119 quae
881 1077 926 1109 eis
946 1077 1014 1109 im-.

263 1134 455 1170 poneretur,
482 1135 578 1172 prout
601 1130 634 1162 in
658 1129 859 1162 ultimodicto
885 1130 1001 1162 instru-

263 1187 375 1214 mento
395 1183 489 1215 latius
510 1182 705 1215 continetur.

307 1236 321 1277 g
346 1235 376 1267 02.
404 1235 441 1267 Et.
465 1235 539 1279 quia
563 1236 649 1268 circa
673 1235 860 1278 depositum
881 1237 1000 1268 emolu-

262 1293 448 1320 mentorum
480 1293 555 1331 post
587 1294 791 1331 sequestrum
827 1289 998 1321 occasione

262 1340 394 1372 ultimae
409 1341 588 1373 vacationis
603 1341 689 1373 sedis
708 1341 996 1384 archiepiscopalis

260 1394 424 1435 praefatae
450 1399 680 1436 perceptorum
706 1394 792 1426 iuxta
811 1395 998 1437 dispositio-

260 1456 336 1478 nein
362 1447 483 1479 decreti
509 1447 687 1489 supradicti
709 1447 907 1479 inmanibus
934 1448 995 1479 tuis

260 1498 445 1531 faciendum
484 1499 682 1542 praecedere
713 1499 854 1531 debebat
887 1500 996 1533 debita

259 1550 431 1593 liquidatio
448 1578 455 1591 ‚
482 1552 652 1584 memorati
679 1552 858 1594 capitulum
890 1558 921 1585 et
945 1564 996 1585 ea-

259 1604 369 1636 nonici
394 1604 551 1637 ecclesiae
584 1604 614 1637 S.
647 1604 821 1638 Salvatoris
848 1606 996 1638 obtinue-

258 1662 330 1688 runt
358 1668 376 1689 a
401 1663 431 1689 te.
458 1658 518 1690 hac
543 1669 643 1701 super
675 1669 708 1690 re
739 1659 888 1702 deputari
920 1660 996 1692 Cae-

257 1715 470 1751 saraugustae
496 1711 650 1743 dilectum
676 1711 777 1744 tilium
803 1713 993 1744 advocatum

258 1761 401 1794 fiscalem
431 1774 579 1796 camerae
612 1770 743 1797 nostrae
769 1765 991 1807 apostolicae,

257 1815 310 1856 qui
336 1826 528 1857 processum
554 1816 698 1860 desuper
724 1818 863 1850 formare
882 1819 991 1856 voluit,

256 1873 288 1899 et
312 1868 492 1900 secundum
517 1875 672 1902 contenta
707 1871 737 1902 in
769 1871 825 1903 illo
857 1872 990 1910 retulit,

256 1921 345 1963 quod
370 1921 455 1953 dicta
480 1923 704 1954 emolumenta
729 1924 769 1955 ab
796 1924 912 1956 eodem
944 1936 994 1957 ca-

255 1973 358 2015 pitulo
372 1979 528 2016 percepta
543 1975 759 2007 ascenderent
774 1976 811 2008 ad
831 1987 990 2009 summam

255 2027 398 2069 quinque
418 2027 555 2060 millium
575 2028 865 2070 quadrigentorum
878 2030 988 2071 viginti

254 2080 350 2111 trium
377 2085 543 2112 scutorum
577 2086 609 2112 et
641 2081 818 2123 nonaginta
842 2082 990 2115 baioeco-

255 2142 339 2171 rum,
365 2138 494 2175 praeter
517 2135 675 2166 nonnulla
700 2134 825 2167 credita
842 2136 987 2168 modicae

254 2185 527 2218 considerationis
552 2187 698 2218 nondum
720 2193 840 2227 exacta3
862 2187 987 2231 ipsique

254 2239 430 2280 capitulum
449 2245 480 2271 et
493 2240 641 2271 canonici
656 2241 802 2272 eamdem
817 2251 986 2279 summam,

254 2301 293 2323 ne
321 2291 468 2323 deductis
495 2291 627 2333 quidem
646 2293 798 2335 expensis
818 2295 987 2326 etsalariis

253 2344 490 2382 ministrorum,
517 2345 642 2386 integre
685 2346 802 2388 deponi
833 2353 988 2379 curarunt

253 2396 291 2429 de
318 2398 470 2429 mandato
496 2402 550 2429 tuo
575 2408 677 2440 penes
697 2397 850 2430 dilectum
866 2400 988 2441 pariter

253 2450 351 2481 tilium
385 2450 618 2492 depositarium
655 2450 802 2482 eiusdem
839 2462 985 2483 camerae

251 2502 376 2535 Madriti
396 2503 604 2541 residentem,
629 2501 682 2533 nbi
709 2503 753 2534 sie
780 2503 929 2545 deposita
948 2505 985 2536 de

249 2555 415 2596 praesenti
442 2556 615 2598 reperitur,
642 2557 680 2588 ad
708 2556 769 2587 hoc
786 2556 868 2588 utin
888 2568 987 2599 opera

249 2607 300 2652 pia
326 2607 414 2639 iuxta
439 2614 583 2640 mentem
602 2614 746 2641 nostram
765 2615 929 2651 erogetur,
948 2621 984 2643 ac

877 236 1065 260 A’IAExxNDER
1088 237 1132 260 vn
1158 236 1205 258 1³1³.

1695 226 1758 260 477

1055 283 1152 315 etiam
1179 283 1235 315 tibi
1273 294 1329 316 seu
1366 289 1419 317 tuo
1453 284 1552 317 tlscali
1588 284 1793 317 tradiderunt

1053 337 1185 368 cedulas
1212 337 1374 369 dictorum
1400 338 1600 370 creditorum
1626 338 1792 370 iuexactn—

1052 399 1142 426 rum,
1168 394 1265 431 prout
1290 400 1326 421 ex
1353 390 1415 422 tuis
1443 390 1716 423 testimonialibus
1742 391 1792 424 lit-

1054 441 1140 477 teris,
1162 452 1197 473 ac
1219 452 1254 473 ex
1282 442 1360 474 actis
1381 443 1425 474 tui
1445 443 1614 476 tribunalis
1640 451 1786 487 apparet.

1095 494 1108 533 ,ξ
1133 493 1164 526 3.
1192 493 1269 525 Cum
1296 500 1416 534 autem,
1443 495 1525 528 sicut
1551 497 1664 529 eadem
1691 508 1789 540 expo-

1051 544 1126 577 sitio
1152 546 1384 588 subiungebat,
1404 549 1537 590 praet'ati
1557 551 1735 592 capitulum
1756 556 1788 583 et

1050 598 1199 630 canonici
1225 599 1382 631 ecclesiae
1407 600 1438 632 S.
1458 601 1634 634 Salvatoris
1655 604 1787 637 decreto

1049 656 1081 682 et
1106 651 1225 683 litteris
1260 653 1381 684 nostris
1418 653 1505 686 illius
1537 656 1787 690 confirmatoriis

1049 703 1244 745 supradictis
1271 705 1397 747 integre
1424 708 1600 748 paruerint,
1628 719 1663 741 ac
1688 710 1784 742 etiam

1048 765 1205 797 expensas
1232 756 1263 788 in
1290 768 1382 790 sacro
1409 758 1508 791 Rotae
1545 760 1707 794 Romanae
1732 773 1786 794 au-

1048 807 1165 840 ditorio
1192 809 1364 851 liquidatas
1402 811 1487 843 iuxta
1524 817 1669 845 tenorem
1708 815 1784 847 dicti

1047 861 1354 902 deeretisolverint3
1375 864 1468 896 nobis
1491 871 1665 908 propterea
1680 867 1783 900 dictus

1046 913 1181 946 loannes
1217 915 1384 948 humiliter
1425 918 1601 960 supplicari
1633 920 1707 952 t'ecit
1749 926 1784 953 ut

1045 966 1168 999 eisdem
1193 969 1336 1011 capitulo
1362 975 1393 1001 et
1419 972 1585 1004 canonicis
1622 973 1653 1004 in
1690 984 1784 1016 prae-

1044 1019 1149 1052 missis
1176 1027 1361 1064 opportune
1388 1024 1559 1065 proridme
1585 1030 1617 1057 et
1642 1031 1676 1057 ut.
1699 1026 1783 1059 infra

1022 1072 1214 1115 'indulgere
1241 1075 1279 1107 (le
1306 1076 1508 1117 benignitate
1534 1079 1714 1120 apostolica
1734 1080 1781 1112 di-

1043 1136 1228 1166 gmnemur.
1255 1127 1318 1159 Nos
1345 1129 1450 1169 igitur,
1481 1130 1635 1163 Ioannem
1667 1143 1703 1164 ac
1729 1143 1781 1165 ca-

1042 1179 1180 1220 pitulum
1206 1187 1236 1212 et
1262 1182 1436 1213 canonicos
1462 1185 1622 1225 {ttrael'atos
1656 1185 1780 1227 specia-

1042 1232 1125 1264 libus
1153 1233 1314 1266 saroribus
1342 1240 1371 1266 et
1397 1235 1509 1276 gratiis
1543 1238 1699 1279 prosequi
1724 1249 1780 1270 vo·-

1042 1286 1161 1323 lentes,
1197 1291 1226 1317 et
1254 1297 1367 1319 eorum
1401 1288 1585 1329 singulares
1620 1301 1779 1332 personas

1041 1349 1056 1368 .t
1081 1338 1249 1380 quibusvis
1269 1341 1622 1380 excommunicationis,
1642 1354 1779 1385 suspen·

1044 1391 1139 1423 <ionis
1155 1397 1184 1423 et
1204 1392 1377 1431 interdicti,
1390 1393 1526 1436 aliisque
1547 1395 1777 1429 ecelesiasticis

1039 1444 1222 1482 sententiis,
1247 1445 1393 1477 censuris
1411 1452 1443 1477 et
1461 1447 1588 1489 poeuis,
1609 1460 1625 1479 a
1644 1448 1712 1481 iure
1728 1451 1777 1482 vel

1038 1497 1076 1527 ali
1103 1496 1256 1535 homine,
1285 1498 1395 1540 quavis
1424 1505 1653 1542 praeterquam
1686 1512 1778 1544 prae-

1038 1550 1209 1582 missorum
1236 1552 1409 1583 occasione
1435 1553 1485 1584 vel
1513 1557 1605 1585 «niusa
1633 1554 1720 1593 latis,
1749 1555 1775 1587 si

1038 1603 1413 1646 quibusquomodolilwt
1426 1605 1601 1639 innodatae
1617 1607 1772 1647 existunt,

1033 1657 1073 1688 ad
1092 1656 1241 1689 ellectum
1267 1658 1486 1700 praesentium
1509 1660 1670 1692 dumtaxat
1698 1672 1775 1693 con-

1035 1711 1262 1752 sequendum.
1297 1711 1411 1743 barum
1445 1713 1528 1744 serie
1566 1714 1774 1746 absolventes

1035 1768 1066 1793 ct
1087 1762 1254 1794 absolutas
1281 1763 1349 1795 sore
1375 1771 1560 1802 censentes,
1585 1765 1772 1799 huiusmodi

1032 1815 1326 1857 supplicationilms
1362 1816 1519 1856 inclinati,
1558 1818 1596 1849 de
1633 1819 1772 1851 consilio

1034 1868 1239 1910 supradictae
1264 1869 1529 1910 congiegationis
1557 1871 1771 1903 cardinalium

1033 1925 1061 1951 et
1089 1921 1317 1962 praelatorum,
1345 1921 1393 1952 cui
1420 1932 1455 1953 ex
1487 1922 1692 1954 documentis
1719 1934 1771 1955 su-

1032 1983 1090 2014 pra
1112 1973 1292 2004 enunciatis
1318 1979 1346 2005 et
1366 1973 1518 2005 exhibitis
1539 1974 1571 2006 in
1593 1977 1696 2007 t'orma
1717 1987 1771 2007 au-

1033 2027 1178 2059 thentica
1202 2028 1297 2070 plene
1328 2028 1475 2059 constitit
1514 2030 1676 2071 praefatos
1718 2041 1768 2062 ca-

1031 2079 1171 2121 pitulum
1211 2085 1241 2111 et
1278 2080 1453 2113 canonicos
1494 2082 1768 2124 metropolitanae

1032 2133 1186 2164 ecclesiae
1212 2134 1242 2164 S.
1263 2132 1438 2165 Salvatoris
1456 2134 1681 2176 adimplevisse
1701 2146 1769 2167 om-

1031 2186 1083 2217 nia
1120 2192 1149 2217 et
1187 2185 1315 2228 singula
1340 2192 1493 2218 contenta
1524 2187 1556 2218 in
1589 2194 1768 2220 memorato

1030 2239 1160 2271 decreto
1179 2239 1325 2272 eiusdem
1346 2241 1609 2282 congregationis
1631 2252 1647 2273 a
1673 2242 1766 2274 nobis

1030 2297 1118 2324 motu
1145 2293 1280 2335 proprio
1305 2304 1363 2335 per
1388 2293 1512 2325 litteras
1534 2299 1661 2326 nostras
1679 2305 1767 2337 prae—

1030 2345 1167 2387 scriptas
1183 2346 1384 2383 contlri‘nato,
1404 2347 1596 2378 fraternitati
1616 2352 1687 2379 tuae
1706 2358 1766 2390 per

1029 2404 1219 2439 praesentes
1259 2398 1489 2430 committimus
1515 2404 1546 2430 ct
1576 2400 1766 2431 mandamus

1029 2457 1059 2481 ut
1086 2452 1217 2483 eosdem
1244 2451 1420 2493 capitulum
1446 2457 1478 2483 et
1507 2453 1682 2485 canonicos
1713 2463 1766 2484 ec-

1029 2504 1146 2536 clesiae
1171 2504 1202 2536 S.
1230 2504 1423 2543 Salvatoris,
1460 2504 1486 2537 si
1521 2505 1582 2538 lioe
1607 2516 1624 2537 a
1650 2510 1679 2537 te
1706 2505 1765 2537 liu-

1029 2558 1150 2590 militer
1174 2557 1352 2600 petierint,
1378 2558 1531 2600 imposita
1555 2558 1600 2590 eis
1626 2558 1763 2590 arbitrio

1029 2616 1082 2642 tuo
1108 2611 1216 2653 aliqua
1240 2611 1444 2653 poenitentia
1469 2611 1618 2650 salutari,
1646 2611 1684 2642 al)
1709 2621 1763 2642 ex-

1805 238 1854 263 An.
1870 235 1898 262 C.
1921 234 1986 263 1thss

1851 510 1866 530 Λ
1888 511 1982 532 censuris

1798 536 1910 558 absolutio.
