2247 3208
249 227 298 256 Aa.
320 228 349 255 c.
368 226 435 254 1662
480 215 523 249 90

278 500 345 520 Annus
357 498 431 525 proba-

251 527 320 548 tinum

277 971 380 991 professis]
396 976 431 991 no-

252 1002 354 1018 wtmrum.

446 271 596 309 novitiis;
612 266 731 312 poterit
750 269 869 302 tamen,
887 262 912 295 si
927 261 969 294 sit
984 260 1175 304 praesidens

446 327 479 359 in
505 324 620 366 capite,
649 324 779 352 vacante
806 316 911 349 officio
937 313 1178 347 commendato—

446 380 501 417 ris,
530 374 654 409 etiamsi
684 382 742 416 per
767 369 1018 413 suspensionem
1044 367 1083 399 ab
1108 365 1178 399 offi-

447 431 507 468 cio,
528 427 645 461 ceteris
670 431 706 458 ut
730 434 827 469 supra
852 420 1130 455 concurrentibus.

489 492 576 515 xxu1.
619 481 755 522 Insuper
796 475 939 509 decrevit
978 472 1177 516 praedictum

447 535 598 578 generale
618 530 846 567 definitorium,
864 527 949 571 quod
965 527 997 558 in
1011 524 1176 569 praedicto

447 588 550 630 capite
570 596 646 619 xxul
667 585 712 617 De
735 581 926 625 recipiendis
951 579 991 611 ad
1013 578 1176 619 Ordinem,

446 641 499 673 ubi
520 640 645 672 dicitur:
667 642 720 669 «et
737 642 861 678 tempus
880 632 1081 677 probationis
1099 631 1178 664 assi-

448 698 564 736 gnetur
588 692 615 724 ei
636 689 771 733 (novitio
790 687 933 729 scilicet)
952 697 969 718 a
986 686 1174 728 praelato»,

448 746 600 778 addatur:
633 755 646 774 <a
667 743 752 774 iuxta
785 741 949 773 decretum
980 736 1177 770 sacrosancti

447 797 580 831 Concilii
606 793 804 834 Tridentini,
837 803 918 825 sess.
946 801 1041 831 xx111,
1076 795 1108 823 et
1138 791 1176 822 de

446 850 526 890 inre,
548 850 632 893 quod
651 854 700 880 est
716 848 842 889 integer
858 855 973 885 annus,
993 849 1067 888 post
1083 854 1178 887 quem

446 903 630 936 immediate
654 901 793 934 novitius
819 904 868 932 est
892 898 1108 931 admittendus
1123 910 1153 929 v.

489 966 571 988 xxw.
598 956 676 987 Item
710 953 854 986 decrevit
884 952 1084 995 praedictum
1125 961 1179 993 ge-

447 1010 557 1042 nerale
584 1006 802 1040 definitorium
829 1005 916 1048 quod
937 1005 969 1037 iu
995 1004 1099 1047 capite
1120 1014 1178 1037 xxv

448 1061 635 1105 praedictae
678 1059 800 1102 primae
843 1057 1060 1090 distinctionis
1080 1084 1088 1098 ,
1122 1057 1177 1088 ubi

450 1115 554 1157 agitur
586 1114 624 1145 de
648 1111 865 1155 professione,
893 1110 1052 1143 addantur
1075 1110 1176 1146 haec:

453 1180 464 1197 α
492 1167 529 1199 Et
554 1166 705 1198 similiter
729 1164 822 1197 irrita
859 1169 890 1197 et
917 1164 1006 1196 nulla
1032 1164 1074 1195 sit
1102 1174 1179 1207 pro-

447 1220 546 1253 fessio
581 1219 734 1257 illorum,
770 1217 825 1260 qui
862 1227 898 1249 ex
933 1216 1094 1259 sacrilego
1126 1221 1180 1248 aut

446 1273 634 1305 incestuoso
660 1271 835 1304 concubitu
857 1281 963 1314 usque
985 1270 1023 1302 ad
1049 1269 1178 1302 tertium

431 1324 740 1368 ‘consanguinitatis
765 1325 816 1357 vel
852 1323 1016 1356 affinitatis
1043 1323 1179 1366 gradum

271 2132 345 2152 Contra
357 2131 439 2151 defrau-

258 2158 332 2178 danie<
342 2158 396 2177 luunt
408 2164 439 2177 rc-

258 2185 389 2210 demptionis.

448 1383 524 1411 sunt
544 1378 622 1417 nati,
650 1378 736 1410 iuxta
758 1376 1056 1419 motumproprium
1077 1376 1178 1409 felicis

447 1430 684 1465 recordationis
709 1430 787 1463 Sixti
812 1430 870 1462 PP.
897 1430 932 1470 V,
960 1440 1056 1473 quem
1083 1440 1180 1472 gene-

448 1487 515 1518 rale
535 1485 710 1527 c:11‘›itultun
729 1483 909 1516 Murciense
928 1483 959 1515 in
985 1482 1105 1516 Ordine
1123 1493 1181 1515 no-

450 1544 518 1571 stro
533 1538 653 1571 servari
671 1537 830 1577 decrevit3
851 1542 882 1570 et
895 1536 1018 1580 pariter
1032 1536 1071 1569 sit
1090 1536 1180 1568 irrita

443 1589 482 1624 'et
506 1593 593 1624 nulla
619 1590 778 1634 professio
804 1590 953 1629 illorum,
981 1590 1036 1633 qui
1061 1589 1094 1621 in
1119 1589 1180 1621 alia

441 1644 591 1686 'regulari
607 1644 766 1686 religione
789 1643 910 1675 suerint
925 1643 1078 1686 professi,
1095 1642 1181 1674 iuxta

450 1698 617 1729 decretum
644 1697 775 1740 capituli
802 1696 965 1739 generalis
992 1695 1139 1728 Toletani
1164 1706 1181 1727 a

450 1751 646 1783 sanctissimo
678 1751 806 1783 Urbano
834 1750 897 1782 VIII
931 1749 1179 1782 confirmatum:

450 1804 475 1836 si
494 1815 582 1843 vero,
605 1804 699 1836 tacita
717 1803 863 1843 veritate,
882 1804 932 1836 vel
951 1804 1104 1846 expressa
1126 1803 1182 1835 fal-

451 1857 553 1894 sitate,
569 1857 756 1889 huiusmodi
773 1857 917 1889 defectus
932 1857 1092 1888 habentes
1107 1866 1182 1899 pro-

451 1910 625 1942 fessionem
654 1909 848 1949 emiserint„
868 1920 1075 1953 quocumque
1102 1915 1182 1941 tem-

450 1973 530 2005 pere
556 1963 587 1995 id
612 1968 836 2004 cognoscatur,
865 1963 904 1995 ab
922 1962 1042 1995 Ordine
1068 1968 1181 1995 nostro

451 2016 582 2058 penitus
614 2020 775 2058 tamquam
808 2026 873 2049 non
905 2015 1044 2058 professi
1075 2018 1183 2058 expel-

453 2070 560 2101 lantur
585 2082 615 2100 ».

497 2133 565 2154 xxv.
593 2122 672 2154 Item
699 2123 842 2155 decrevit
866 2123 1066 2165 praedictum
1085 2133 1183 2165 gene-

456 2177 522 2207 rale
549 2174 769 2207 definitorium
795 2177 902 2218 quod,
937 2176 991 2219 qui
1023 2177 1109 2209 bona
1133 2187 1184 2208 re-

456 2227 652 2269 demptionis
671 2227 701 2259 in
720 2228 828 2270 aliquo
847 2229 1057 2261 defraudasse
1072 2240 1185 2272 reper-

456 2285 507 2312 tus
535 2280 649 2318 fuerit,
678 2291 741 2313 non
773 2282 876 2313 solum
909 2292 985 2314 voce
1019 2282 1121 2314 activa
1154 2287 1185 2314 et

455 2334 583 2376 passiva
608 2334 639 2365 in
665 2339 859 2376 perpetuum
884 2334 1027 2376 privatus
1054 2335 1181 2376 existat,

457 2387 558 2425 sieut,
586 2386 673 2418 inter
706 2387 782 2418 alias
816 2397 956 2429 poenas,
985 2398 1055 2430 cap.
1088 2399 1184 2421 xxvm

457 2438 674 2471 distinctionis
701 2438 822 2481 primae
855 2445 1040 2472 nostrarum
1066 2441 1186 2473 consti-

457 2494 618 2524 tutionum
636 2491 798 2530 statuitur,
819 2492 875 2523 sed
897 2492 987 2524 illum
1014 2493 1059 2525 sic
1083 2494 1186 2526 delin-

459 2550 614 2587 quentem
632 2554 692 2576 nec
713 2543 921 2586 provincialis
943 2555 1003 2576 nec
1023 2546 1184 2587 generalis

458 2598 615 2641 magister
633 2598 671 2630 ad
691 2598 806 2630 totales
824 2607 920 2630 voees
946 2598 1134 2639 restituere,
1156 2604 1187 2632 et

1019 212 1199 236 BULLARIUM
1222 210 1375 235 ROMANUM

1211 259 1250 291 ab
1275 260 1313 291 ea
1332 260 1439 302 poena
1456 259 1596 294 liberare
1619 261 1735 305 possit,
1755 262 1817 296 nisi
1837 263 1944 297 solum

1211 312 1400 345 universum
1433 313 1655 348 definitorium
1687 317 1839 358 generale
1865 327 1945 350 una-

1211 365 1298 398 nime
1324 370 1356 398 et
1380 366 1546 400 conforme
1563 395 1570 407 ,
1600 378 1637 400 ac
1666 369 1796 402 nemine
1823 369 1944 403 discre-

1211 422 1321 460 pante,
1345 423 1377 451 et
1393 419 1454 451 nisi
1476 420 1636 453 restitutis
1653 421 1780 455 ablatis.
1800 423 1838 456 Et
1855 423 1945 456 simi-

1212 470 1286 503 liter
1312 472 1455 506 decrevit
1479 474 1567 516 quod
1591 474 1679 507 hona
1707 476 1942 519 redemptionis

1212 528 1377 565 nequeant
1397 534 1414 555 a
1442 524 1657 557 conventibus
1686 526 1792 568 pretio
1813 537 1944 571 compa-

1212 574 1289 614 rari,
1313 575 1387 615 nisi,
1410 575 1492 608 infra
1510 574 1768 620 vigintiquatuor
1789 578 1944 613 horarum

1213 627 1362 670 spatium,
1380 628 1521 671 pretium
1543 640 1602 672 pro
1621 630 1787 673 emptione
1807 631 1840 663 in
1856 642 1944 665 com-

1212 680 1301 713 muni
1327 681 1477 724 deposito
1502 683 1689 726 praedictae
1708 684 1944 729 redemptionis

1212 740 1409 777 reponatur;
1437 736 1524 778 quod
1541 736 1567 768 si
1585 737 1783 770 contrarium
1808 748 1869 782 per
1888 738 1946 772 ali-

1213 797 1294 830 quos
1320 789 1486 831 praelatos
1500 788 1566 829 fiat,
1586 790 1702 832 poenis
1727 790 1760 823 in
1778 791 1946 834 praedicta

1212 841 1447 873 constitutione
1474 841 1645 884 assignatis
1672 843 1873 877 subiaceant.

1256 894 1459 938 Insuperque
1477 895 1653 928 declaravit
1670 897 1873 940 praedictum
1891 909 1947 941 ge-

1212 947 1324 980 nerale
1350 947 1572 981 definitorium
1599 950 1686 993 quod
1711 961 1838 994 poenae
1870 962 1947 984 con-

1213 1000 1421 1034 stitutionum
1449 1001 1482 1034 in
1510 1002 1596 1035 bona
1623 1003 1792 1046 religionis
1819 1004 1947 1037 defrau-

1214 1054 1328 1087 dantes
1342 1065 1407 1088 non
1424 1059 1548 1087 tantum
1563 1060 1639 1088 sunt
1654 1057 1947 1090 excommunicatio

1214 1112 1246 1139 et
1258 1107 1396 1150 privatio
1415 1108 1502 1141 vocis
1523 1108 1644 1142 activae
1663 1114 1695 1142 et
1711 1109 1872 1153 passivae,
1889 1111 1946 1143 sed

1214 1160 1310 1193 etiam
1336 1161 1473 1204 privatio
1505 1162 1685 1195 officiorum
1716 1163 1749 1195 in
1779 1166 1849 1197 tota
1872 1164 1948 1197 reli-

1214 1213 1322 1256 gione,
1349 1219 1381 1247 et
1405 1214 1449 1247 ita
1474 1219 1550 1247 sunt
1573 1215 1606 1247 in
1632 1220 1802 1259 posterum
1826 1216 1948 1250 intelli-

1214 1268 1339 1309 gendae
1365 1272 1397 1301 et
1420 1268 1628 1311 infligendae.

1255 1331 1338 1353 xxvi.
1366 1321 1457 1362 Item,
1478 1321 1554 1364 quia
1578 1326 1737 1355 statutum
1755 1327 1806 1355 est
1824 1333 1841 1356 a
1861 1323 1948 1367 capi-

1216 1374 1283 1407 tulo
1303 1374 1447 1417 generali
1473 1375 1629 1408 Toletano
1654 1380 1686 1407 et
1711 1386 1729 1408 a
1746 1376 1946 1409 sanctissimo

1214 1427 1343 1460 urbam
1361 1428 1424 1459 wll
1450 1428 1551 1461 felicis
1575 1429 1812 1461 recordationis
1831 1428 1949 1462 confir-

1215 1485 1348 1521 matum,
1366 1481 1465 1524 quod,
1483 1480 1520 1521 si,
1539 1482 1669 1524 quando
1692 1481 1833 1515 officium
1851 1493 1949 1525 gene-

1215 1535 1336 1566 ralatus
1362 1534 1523 1567 vacaverit
1547 1539 1579 1567 et
1598 1534 1696 1567 fuerit
1715 1534 1880 1569 notificata
1895 1547 1949 1569 va-

1215 1588 1298 1621 catio
1324 1588 1496 1620 conventui
1521 1589 1792 1630 Barchinonensi,
1817 1599 1883 1622 non
1908 1589 1950 1623 sit

1216 1641 1304 1684 prior
1325 1642 1464 1681 electus,
1493 1646 1649 1674 tenentur
1672 1647 1782 1685 patres
1808 1653 1947 1676 conven-

1217 1695 1320 1727 tuales
1340 1694 1416 1727 dicti
1441 1700 1619 1727 conventus
1638 1694 1722 1728 intra
1744 1695 1886 1739 spatium
1904 1696 1949 1729 vi-

1217 1748 1439 1790 gintiquatuor
1458 1748 1612 1780 horarum
1638 1748 1783 1791 priorem
1801 1749 1840 1782 de
1858 1759 1948 1782 more

1216 1802 1303 1833 iuxta
1338 1801 1590 1833 constitutiones
1622 1801 1769 1843 eligere;
1805 1802 1950 1835 decrevit

1216 1855 1418 1898 praedictum
1437 1856 1590 1898 generale
1610 1854 1831 1888 definitorium
1847 1856 1946 1899 quod,

1217 1908 1242 1941 si
1270 1919 1363 1941 secus
1400 1907 1557 1948 fecerint,
1583 1908 1616 1940 in
1650 1908 1846 1950 gubernium
1874 1909 1950 1942 reli-

1217 1961 1323 2004 gionis
1341 1966 1374 1994 et
1391 1961 1533 1994 officium
1557 1961 1669 1994 vicarii
1694 1958 1858 2004 generalis
1877 1972 1949 1994 suc-

1217 2015 1310 2048 cedat
1334 2014 1553 2058 provincialis,
1580 2019 1633 2047 aut
1656 2014 1794 2047 vicarius
1820 2015 1951 2058 provin-

1218 2068 1308 2101 cialis
1340 2068 1373 2100 in
1407 2067 1513 2110 eapite
1552 2067 1637 2100 illius
1673 2067 1859 2110 provinciae
1894 2067 1949 2100 ubi

1219 2122 1280 2155 erit
1316 2122 1547 2154 celebrandum
1584 2121 1757 2164 capitulum
1797 2122 1950 2163 generale

1214 2174 1406 2207 immediate
1422 2175 1573 2206 fut‘urum.
1592 2173 1767 2206 Deficiente
1784 2184 1862 2211 vero
1876 2185 1951 2217 pro-

1218 2227 1358 2267 vinciali,
1375 2233 1430 2259 aut
1439 2227 1606 2270 praedicto
1619 2227 1739 2260 vicario
1750 2227 1949 2270 provinciali,

1219 2282 1371 2314 succedat
1396 2281 1642 2314 commendator
1657 2280 1744 2313 illius
1770 2281 1898 2321 domus,
1918 2280 1952 2314 in

1220 2345 1283 2377 qua
1307 2334 1536 2367 celebrandum
1564 2338 1613 2366 est
1637 2333 1841 2377 praedictum
1866 2333 1953 2377 capi-

1221 2388 1335 2420 tulum.
1358 2386 1447 2424 Quod
1466 2386 1617 2420 similiter
1634 2387 1875 2419 observandum
1902 2391 1953 2420 est

1220 2440 1245 2473 si
1271 2440 1360 2483 prior
1383 2439 1678 2479 Barcliinonensis,
1713 2444 1861 2482 tempore
1887 2449 1951 2482 quo

1220 2493 1427 2535 magistratus
1462 2492 1641 2532 vacaverit,
1676 2491 1773 2524 fuerit
1807 2492 1951 2534 legitime

1220 2546 1394 2588 impeditus
1414 2545 1572 2588 gubernio
1596 2544 1777 2586 religionis,
1795 2544 1884 2577 iuxta
1898 2546 1953 2578 de-

1220 2605 1344 2632 cretum
1377 2599 1509 2643 capituli
1535 2598 1695 2641 generalis
1728 2598 1904 2632 Bilbilitani
1935 2609 1954 2634 a

1959 215 2009 244 An.
2026 216 2053 243 C.
2076 217 2142 245 1662

1975 1334 2099 1360 ,uagtstratu
2111 1340 2146 1355 va-

1963 1364 2024 1381 cante
2046 1361 2094 1387 quis
2110 1361 2147 1381 do-

1963 1388 2013 1408 beat
2027 1393 2075 1408 esse
2090 1387 2146 1407 vica-

1962 1415 2006 1435 rius
2021 1413 2133 1440 generalis.
