2247 3208
162 247 211 273 An.
226 245 256 272 C.
280 243 346 271 ¹669

216 1622 329 1651 Det-ogau.

147 1652 309 1670 commi-iorum.

973 239 1115 265 CLEMENS
1140 241 1170 264 tx
1194 241 1242 264 PP.

355 297 421 326 tum
447 301 510 324 non
538 290 702 327 excedant,
728 289 857 332 praevia
882 289 956 321 dicti
982 287 1090 320 nuncii

354 344 503 383 licentia,
534 344 638 375 eidem
674 343 828 375 ecclcsiae
866 341 1090 374 Ratisboncnsi

354 397 482 435 cedere,
501 407 536 428 ac
560 396 593 428 in
610 396 712 439 ipsam
730 394 898 427 ccclv-siam
918 394 1089 426 traiisl'eisse

354 455 384 482 et
410 454 647 492 transportare;
674 454 707 480 ut
730 452 835 480 autem
860 446 1016 489 pecuniae
1042 445 1088 477 eis

353 502 534 545 respective
549 503 587 534 ad
602 501 771 534 solvendas
788 500 963 543 portiones,
978 509 1088 531 unuiu-

354 556 502 599 qumlque
529 566 564 588 ex
597 554 688 587 [lictis
723 552 925 585 monasteriis
963 551 1088 583 contiu-

352 614 476 650 gcntes‚
503 612 686 650 suppetant,
712 605 865 649 pecunias
890 605 928 636 ad
955 614 1087 636 censum

352 672 407 693 seu
434 661 518 693 aliud
543 660 699 692 interesse
725 659 773 690 vel
795 657 1024 689 interusurium
1051 655 1087 688 li-

351 714 449 747 cituni
472 723 569 756 super
589 711 681 744 bonis
707 711 851 753 ipsorum
877 709 1086 741 monasterio-

350 778 421 800 rum
446 766 636 809 respective,
670 769 763 807 prout
797 774 878 806 opus
912 763 1016 800 suerit,
1048 763 1085 794 ile

351 820 419 863 pari
445 819 587 851 eiusdem
609 816 714 849 nuncii
734 816 875 854 licentia,
895 826 1024 858 capere,
1053 815 1085 846 il-

350 872 461 913 lasque
483 870 514 902 in
533 870 725 902 solutionem
752 868 936 910 portionum
962 867 1083 899 contin-

349 923 491 966 gentium
517 921 699 954 huiusmodi
718 926 749 954 et
766 931 829 953 non
856 921 886 952 in
913 920 991 953 alios
1011 930 1083 951 usus
1104 944 1105 948 ,

348 981 538 1010 convertere
571 981 601 1008 et
633 986 765 1017 erogare
801 974 902 1006 libere
934 979 965 1005 et
996 973 1081 1005 licite

348 1029 474 1072 possint
498 1034 530 1061 et
553 1029 688 1068 valeant,
706 1028 748 1060 ita
767 1033 799 1059 ut
816 1037 872 1069 per
897 1025 1080 1069 praemissa,

348 1093 428 1124 quac
455 1083 567 1114 saltem
593 1081 677 1113 intra
702 1079 957 1122 quinquennium
976 1078 1083 1121 proxi-

347 1145 433 1168 mum
459 1133 578 1167 absolvi
603 1134 757 1171 volumus,
776 1132 814 1164 ab
839 1142 937 1164 onere
956 1137 987 1163 et
1007 1130 1082 1163 obli-

347 1187 476 1231 gatione
487 1187 673 1231 praestandi
688 1185 828 1218 triennio
843 1185 977 1217 durante
993 1194 1083 1227 prae-

347 1241 464 1273 dictam
490 1240 653 1273 dimidiam
678 1244 801 1282 partem
834 1238 992 1269 fructuum
1027 1247 1082 1279 pe-

345 1294 432 1327 nitus
456 1299 487 1326 et
510 1293 642 1326 omnino
670 1291 762 1325 liberi
795 1295 891 1333 atque
923 1290 1080 1321 immunes

346 1352 543 1385 remaneant,
570 1347 656 1378 salva
675 1351 780 1376 tamen
805 1343 837 1374 in
864 1341 998 1384 reliquis
1018 1353 1081 1374 om-

344 1399 437 1431 nibus
462 1404 493 1432 et
517 1398 650 1443 singulis
684 1410 720 1430 ac
744 1397 776 1429 in
807 1407 865 1429 suo
892 1396 1006 1428 robore
1033 1406 1080 1438 re-

343 1457 491 1485 manente
512 1451 787 1495 praeinsertarum
811 1452 991 1485 litterarum
1018 1449 1081 1481 dis—

343 1506 514 1549 positione,
537 1504 722 1538 auctoritate
749 1505 941 1548 apostolica,
970 1510 1079 1537 tenore

343 1558 570 1602 praesentiunt,
587 1557 794 1590 cont-edimus
815 1562 847 1590 et
862 1557 1076 1599 indulgemus.

386 1614 400 1655 ,ξ
424 1612 455 1644 4.
483 1611 552 1644 Non
577 1611 795 1651 obstantibus,
817 1611 921 1653 quoad
939 1621 975 1642 ea
999 1621 1079 1652 quae

342 1664 568 1708 praesentibus
603 1664 830 1703 adversantur,
870 1662 1079 1705 praeinsertis

343 1718 462 1751 nostris
486 1717 610 1756 litteris,
633 1727 667 1749 ac
689 1716 880 1749 recolendae
905 1715 1078 1748 memoriae

341 1771 429 1804 Pauli
458 1770 482 1803 ΙΙ
510 1775 542 1803 et
567 1770 703 1802 aliorum
729 1770 946 1802 Romanorum
971 1768 1079 1801 Ponti-

342 1824 437 1857 ficum
452 1824 737 1867 praedecessorum
756 1823 876 1866 pariter
894 1828 1078 1855 nostrorum

340 1878 378 1911 de
403 1877 499 1910 rebus
519 1876 677 1910 Ecclesiae
699 1886 763 1909 non
780 1875 967 1914 alienandis,
996 1875 1082 1908 aliis-

344 1941 404 1974 que
436 1929 719 1962 constitutionibus
753 1933 784 1960 et
820 1928 1076 1973 ordinationibus

340 1982 538 2026 apostolicis,
564 1991 694 2015 necnon
716 1982 864 2014 omnibus
886 1987 917 2014 et
941 1982 1076 2024 singulis

340 2036 413 2076 iltis,
440 2046 520 2079 quae
545 2036 578 2068 in
604 2035 718 2069 litteris
736 2035 959 2078 praesentibus
977 2035 1077 2068 velui-

341 2100 411 2122 mus
436 2099 502 2122 non
527 2088 673 2129 obstare,
699 2088 882 2131 ceterisque
906 2088 1076 2121 contrariis

341 2142 607 2185 quibuscumque.

384 2195 497 2227 Datum
522 2195 662 2234 Romae,
689 2194 775 2237 apud
801 2194 831 2226 S.
859 2194 989 2227 Mariam
1017 2194 1077 2226 Ma-

339 2246 462 2287 iorem,
490 2247 549 2280 sub
575 2249 694 2280 annulo
721 2247 892 2280 Piscatoris
910 2275 917 2287 ,
952 2248 1001 2279 die
1024 2258 1075 2281 xvt

339 2300 494 2333 februarii
529 2310 686 2340 mnemix,
726 2300 935 2344 pontificatus
972 2301 1074 2334 nostri

339 2362 424 2384 anno
445 2361 487 2385 11:

374 2414 432 2441 Dat.
450 2414 493 2442 die
510 2414 542 2441 16
557 2414 687 2441 februarii
706 2414 781 2447 1669,
798 2415 892 2450 pontis.
913 2423 956 2442 an.
977 2421 1004 2442 tt.

454 2685 532 2714 Ball.
553 2684 637 2713 Rom.
659 2699 690 2703 —-
715 2683 772 2713 Vol.
794 2682 887 2712 XVII.
1030 2683 1064 2710 97

1770 230 1833 264 769
1879 242 1929 268 An.
1945 242 1974 268 c.
1995 241 2062 267 tezen

1451 288 1550 323 XCVI.

1134 368 1320 402 Commissio
1343 369 1486 412 episcopo
1503 368 1678 401 Ferentino
1694 372 1806 400 contra.
1824 369 1871 400 in·

1178 422 1354 464 terfectores
1379 422 1516 464 episcopi
1540 420 1785 453 Nicoterensis¹.

1271 491 1438 519 venerabili
1465 491 1552 518 fratri
1581 492 1720 518 moderno

1335 535 1475 568 episcopo
1494 536 1664 567 Ferentino,

1347 589 1481 616 Clemens
1503 590 1580 622 Papa
1601 589 1646 615 IX.

1339 651 1522 678 Venerabilis
1543 651 1646 683 frater,

1162 694 1292 721 salutem
1316 698 1347 721 et
1369 696 1564 728 apostoticam
1585 696 1833 723 benedictionem.

1172 766 1186 808 ἓ
1213 764 1242 796 ’1.
1270 764 1357 803 Cum,
1379 764 1461 796 sicut
1478 766 1516 797 ad
1539 776 1631 797 aures
1656 771 1782 798 nostras
1808 777 1864 799 nu-
1902 776 1989 799 Motiva.

1128 829 1185 861 per
1210 828 1275 851 non
1301 818 1369 850 sinc
1405 818 1590 860 gravissima
1624 819 1721 851 animi
1759 820 1863 852 nostri

1126 871 1276 903 molestia
1300 871 1471 913 pervenit,
1506 872 1651 903 nonnulli
1685 872 1863 914 iniquitatis

1126 922 1182 956 filii
1207 924 1310 956 bonae
1337 924 1511 956 memoriae
1538 924 1690 956 Ioannem
1716 924 1863 957 Francis-

1126 987 1196 1009 cum
1222 977 1370 1009 ultimum
1397 977 1472 1009 duni
1497 976 1572 1008 vixit
1596 977 1784 1019 episcopum
1812 978 1863 1010 Ni-

1126 1035 1327 1062 colerensem
1360 1030 1391 1062 in
1425 1029 1492 1072 ipsa
1529 1032 1584 1062 sua
1620 1029 1745 1062 civitate
1770 1030 1863 1063 Nico-

1126 1082 1246 1114 terensi
1271 1083 1452 1115 detestabili
1490 1083 1688 1115 immanitate
1725 1084 1862 1116 trucida-

1125 1136 1247 1168 verint:
1274 1146 1356 1175 nos,
1391 1136 1444 1179 qui
1471 1136 1501 1168 in
1534 1146 1682 1178 supremo
1718 1135 1861 1169 iustitiae

1126 1188 1244 1221 throno
1262 1199 1279 1221 a
1299 1189 1432 1221 Domino
1451 1188 1617 1222 constituti
1642 1199 1759 1227 sumus,
1786 1189 1862 1221 hor-

1124 1242 1261 1274 rendum
1285 1248 1381 1285 atque
1408 1242 1642 1285 deplorandum
1662 1242 1783 1275 facinus
1803 1243 1861 1275 hu-

1124 1295 1262 1328 iusmodi
1288 1295 1418 1328 minime
1444 1296 1639 1338 impunitum
1671 1306 1858 1336 remanere,

1124 1349 1181 1381 sed
1207 1348 1375 1390 condignis
1393 1348 1506 1391 poenis
1524 1353 1555 1380 et
1573 1348 1862 1381 animadversioni-

1124 1401 1183 1433 bus
1208 1412 1266 1444 per
1290 1412 1397 1434 sacros
1428 1411 1565 1434 canones
1591 1407 1624 1433 et
1647 1401 1860 1435 conciliorum

1124 1455 1255 1487 decreta
1272 1466 1308 1487 ac
1326 1454 1573 1486 constitutiones
1598 1454 1792 1496 apostolicas
1817 1455 1860 1487 in-

1124 1507 1216 1539 llictis
1242 1512 1273 1540 et
1297 1507 1506 1550 promulgatis
1533 1507 1649 1550 puniri,
1670 1508 1810 1541 coerceri
1829 1514 1860 1541 et

1123 1561 1280 1594 vindicari
1305 1561 1463 1599 volentes,
1486 1571 1521 1592 ac
1546 1561 1584 1593 de
1610 1563 1663 1593 tua
1687 1560 1759 1600 fide,
1787 1571 1859 1604 pru-

1123 1614 1240 1655 denna,
1259 1613 1433 1655 diligentia,
1453 1613 1649 1656 integritate,
1667 1614 1858 1647 dexteritate

1123 1672 1155 1699 et
1178 1667 1354 1709 vigilantia,
1375 1676 1410 1698 ac
1435 1666 1522 1698 omni
1545 1666 1732 1698 fortitudine
1754 1671 1786 1698 et
1802 1666 1858 1699 Dei

1123 1719 1255 1762 eiusque
1281 1719 1501 1752 ministrorum
1535 1719 1668 1751 honoris
1692 1720 1761 1752 zelo
1787 1720 1859 1762 plu-

1121 1772 1236 1805 rimum
1255 1772 1287 1805 in
1308 1772 1444 1805 Domino
1459 1772 1583 1812 confisi,
1603 1778 1691 1805 motu
1710 1772 1856 1816 proprio,

1121 1835 1157 1857 ac
1182 1836 1218 1857 ex
1244 1827 1331 1857 certa
1347 1825 1481 1857 scicntia
1500 1831 1529 1858 et
1550 1827 1675 1857 matura
1700 1821 1858 1858 delibera}

1122 1878 1209 1910 tione
1227 1878 1355 1917 nostris,
1379 1878 1483 1920 deque
1505 1878 1701 1921 apostolicae
1719 1883 1857 1921 potesta-

1121 1931 1159 1964 tis
1173 1931 1389 1974 plenitudine,
1411 1931 1601 1963 fraternitati
1613 1936 1685 1964 tuae
1699 1942 1758 1974 per
1771 1941 1858 1974 prae·
1899 1941 2054 1973 *Commune-nr

1121 1990 1227 2016 sentes
1252 1983 1478 2016 committimus
1503 1989 1535 2016 et
1559 1984 1747 2017 mandamus
1766 1989 1801 2016 ut
1818 1985 1857 2017 ad
1869 1969 2054 2030 ἷξᾷἶῗὲἕῖωεὲἷῖ

1119 2037 1317 2080 praedictam
1342 2037 1501 2070 civitatem
1528 2037 1783 2077 Nicoterensem,
1809 2023 1950 2071 νεὶῖῗῗοὲῗι
1975 2021 1994 2041 ¹⁰
2018 2026 2054 2041 ω’

1119 2089 1193 2130 atio,
1209 2095 1306 2132 prout
1323 2090 1539 2133 opportunius
1557 2095 1651 2133 atque
1670 2090 1767 2123 tutius
1789 2091 1858 2124 fore

1119 2143 1331 2182 indicaveris,
1363 2143 1601 2187 quamprimum
1635 2148 1664 2176 te
1690 2144 1856 2185 conseras,

1119 2206 1155 2227 ac
1180 2200 1289 2228 contra
1315 2206 1425 2228 omnes
1452 2201 1483 2227 et
1506 2196 1663 2239 singulos,
1693 2196 1746 2239 qui
1771 2197 1858 2229 dcte-

1119 2249 1268 2283 standum
1294 2249 1504 2282 homicidium
1529 2249 1713 2282 huiusmodi
1736 2249 1768 2282 in
1787 2259 1858 2293 per-

1119 2304 1198 2335 sona
1234 2301 1309 2334 dicti
1345 2302 1473 2335 Ioannis
1513 2302 1675 2335 Francisci
1712 2303 1857 2347 episcopi

1119 2354 1349 2395 commiserint,
1365 2359 1421 2387 aut
1438 2355 1516 2387 illud
1533 2355 1601 2388 lieri
1619 2355 1855 2397 mandaverint,

1120 2418 1178 2441 sen
1203 2407 1318 2440 sactum
1351 2408 1390 2440 ab
1421 2407 1491 2441 aliis
1522 2412 1626 2441 ratum
1658 2408 1853 2449 habuerint,

1102 2465 1174 2494 *aut
1197 2461 1276 2494 socii
1303 2461 1334 2494 in
1357 2462 1419 2494 ltoc
1439 2462 1559 2495 suerint
1575 2461 1777 2502 faventit11n2,
1799 2472 1856 2494 seu

1155 2541 1167 2567 1
1191 2540 1227 2567 Ex
1248 2540 1354 2575 Regest.
1377 2540 1403 2566 in
1423 2541 1524 2568 Secret.
1547 2541 1622 2567 Brev.

1156 2585 1172 2611 2
1191 2584 1284 2619 Aptius
1305 2585 1373 2611 infra
1395 2585 1420 2611 in
1444 2585 1494 2612 loc.
1512 2585 1607 2620 parall.
1628 2585 1725 2620 legitur
1745 2584 1856 2619 facien-

1122 2631 1196 2659 tium
1213 2637 1250 2664 tn.
1268 2630 1314 2665 iz).
