2247 3208
209 222 258 250 An.
274 222 303 250 C.
324 222 392 250 1662
438 213 457 246 8

226 1387 338 1409 Contrariis
347 1388 381 1409 de·

201 1417 266 1440 rogat.

239 1651 381 1676 Transnnwus

200 1677 269 1697 danda
284 1678 341 1697 tides.

407 274 444 302 ut
474 269 682 313 praefertur,
710 266 890 309 apostoliea
916 265 1111 297 auctoritate
1127 291 1134 304 ,
1153 268 1155 306 t

405 326 521 354 tenore
544 319 779 363 praesentium,
801 317 1014 350 concedimus
1033 321 1065 349 et
1085 328 1136 349 as—

406 375 584 416 signamus.
612 373 655 405 Ae
680 376 858 415 propterea
874 370 1054 404 venerabili
1073 370 1136 403 fra-

405 427 446 459 tri
471 426 586 459 Carolo
612 425 864 468 archiepiscopo
889 423 1036 456 Corinthi
1067 433 1136 455 mo-

404 479 506 511 derno
532 483 564 510 et
588 488 648 520 pro
673 482 823 520 tempore
843 475 993 508 existenti
1019 479 1134 508 nostro

404 536 436 564 et
459 530 550 564 Sedis
576 529 785 573 Apostolicae
810 529 897 572 apud
927 528 1134 560 maiestatem

402 589 492 617 tuam
516 583 650 623 nuncio,
668 592 798 615 necnon
815 581 934 614 dilecto
952 580 1018 614 filio
1036 580 1133 613 Petro

402 638 543 676 Paceco,
569 636 633 669 iam
667 634 815 667 eiusdem
841 632 977 665 subsidii
1004 637 1134 665 exacto-

402 690 494 722 ribus
531 692 563 721 et
587 685 821 720 commissariis
852 684 1073 728 generalibus,
1101 690 1133 717 et

402 752 516 776 eorum
542 740 698 781 cuilibet,
724 739 855 783 plenam
880 743 912 771 et
936 738 1074 771 liberam
1098 738 1131 771 in

400 794 592 838 praemissis
625 793 814 826 facultatem
846 791 1131 824 etauctoritatem

401 847 585 887 tribuimus,
606 855 667 889 per
684 855 729 886 se,
747 845 797 878 vel
822 845 940 885 alium,
962 854 1020 877 seu
1037 843 1128 884 alios,

401 911 482 943 quos
502 899 541 932 ad
565 899 598 932 id
617 898 754 931 idoneos
776 897 936 937 duxerint,
956 897 995 929 ad
1013 906 1130 929 execu-

400 952 524 985 tionem
547 950 826 995 praemissorum,
853 960 889 982 ac
914 949 1008 990 alias,
1040 949 1130 981 iuxta

401 1006 570 1039 facultates
609 1014 670 1047 per
705 1003 808 1036 dictos
851 1003 1127 1046 praedecessores

399 1059 470 1092 aliis
496 1056 729 1090 commissariis
755 1061 787 1089 et
812 1055 1019 1088 exactoribus
1044 1054 1126 1098 ipsis

399 1121 582 1150 concessas,
602 1110 689 1143 omni
711 1114 742 1142 et
760 1119 966 1152 quacumque
981 1108 1128 1152 appella-

399 1165 486 1196 tione
503 1162 695 1206 postposita,
714 1162 927 1205 procedendi,
941 1162 1068 1205 aliaque
1084 1161 1128 1194 fa-

397 1216 504 1249 ciendi
529 1220 561 1248 et
586 1215 780 1258 exequendi,
808 1225 891 1257 quae
916 1215 948 1247 in
968 1215 1128 1258 praemis-

398 1269 441 1301 sis
467 1273 499 1301 et
523 1268 609 1301 circa
633 1278 671 1300 ea
695 1267 884 1300 necessaria
915 1266 1037 1300 fuerint
1068 1277 1126 1300 seu

398 1320 647 1365 quomodolibet
671 1325 870 1364 opportuna.

440 1374 498 1417 gli.
517 1373 586 1406 Non
604 1374 810 1406 obstantibus
827 1373 1031 1417 praemissis,
1051 1383 1127 1406 nec-

396 1438 461 1461 non
487 1427 636 1460 omnibus
662 1426 749 1467 aliis,
776 1437 860 1470 quae
886 1427 962 1460 dicti
987 1427 1126 1470 praedo-

397 1491 546 1514 cessores
571 1480 604 1512 in
629 1479 696 1512 suis
721 1480 842 1513 litteris
866 1480 1045 1523 praedictis
1071 1490 1127 1513 vo-

397 1535 530 1566 luerunt
548 1543 613 1566 non
632 1534 773 1573 obstare,
792 1532 978 1576 ceterisque
997 1537 1127 1566 contra-

396 1587 451 1620 riis
478 1587 752 1630 quibuscumque.

439 1640 453 1682 ἓ
484 1639 516 1672 4.
550 1639 590 1672 Ut
626 1644 734 1672 autem
766 1645 958 1683 praesentes
984 1639 1123 1679 litterae,

396 1703 469 1725 cum
503 1703 584 1736 opus
611 1693 731 1733 suerit,
757 1693 883 1726 facilius
914 1693 953 1726 ad
978 1693 1124 1726 omnium

395 1746 544 1778 notitiam
580 1746 696 1778 deduci
730 1746 880 1788 possint,
916 1746 1123 1779 decernimus

396 1804 431 1831 ut
455 1809 567 1831 earum
592 1799 827 1842 transumptis,
854 1809 912 1831 seu
945 1800 1122 1843 exemplis,

396 1851 492 1884 etiam
517 1852 700 1894 impressis,
726 1862 823 1884 manu
848 1852 986 1885 alieuius
1004 1854 1123 1886 notarii

395 1904 517 1946 publici
542 1904 747 1947 subscriptis,
774 1909 805 1937 et
826 1905 934 1947 sigillo
959 1916 1122 1948 personae

395 1956 426 1988 in
466 1956 621 1998 dignitate
666 1957 889 1989 ecclesiastica
925 1958 1121 1991 constitutae

396 2009 542 2049 munitis,
569 2010 681 2041 eatlem
711 2021 846 2053 prorsus
876 2010 956 2043 sides
982 2011 1014 2043 in
1040 2012 1124 2045 iudi-

396 2061 445 2093 cio
476 2067 508 2093 et
540 2067 628 2094 extra
662 2062 781 2106 ubique
820 2064 1002 2105 habeatur,
1039 2076 1122 2108 quae

395 2115 474 2157 ipsis
500 2116 728 2158 praesentibus
755 2117 945 2159 haberetur,
964 2118 990 2150 si
1016 2118 1124 2151 forent

397 2167 559 2200 exhibitae
586 2169 634 2200 vel
660 2173 823 2202 ostensae.

438 2220 553 2253 Datum
579 2221 698 2254 Romae
724 2223 809 2265 apud
827 2222 856 2255 S.
880 2223 1009 2256 Mariam
1027 2224 1125 2257 Maio-

397 2284 467 2306 rem
499 2275 558 2307 sul)
591 2276 711 2308 annulo
741 2275 927 2316 piscatoris,
964 2277 1014 2309 die
1047 2288 1124 2311 xvni

397 2326 508 2370 aprilis
534 2337 679 2368 MDCLxu,
706 2328 914 2371 pontificatus
939 2331 1043 2363 nostri
1069 2341 1125 2363 an-

396 2389 438 2412 no
463 2390 531 2413 vm.

430 2440 489 2469 Dat.
510 2441 553 2470 die
574 2441 604 2469 18
624 2442 716 2478 aprilis
737 2443 813 2478 1662,
830 2444 925 2479 pontif.
943 2452 1012 2473 anno
1034 2451 1088 2473 v111.

659 2562 852 2570 ——-

984 218 1162 241 BULLARIL’M
1188 218 1338 242 ROMANUM

1421 264 1637 299 CCCLXXXIX

1170 334 1322 367 Diversae
1346 335 1565 368 ordinationes
1580 347 1638 379 pro
1662 337 1750 379 felici
1769 341 1856 369 statu
1874 341 1901 369 et

1213 387 1386 420 directione
1414 388 1681 430 Conyreqatwnis
1711 390 1900 422 clericorum

1190 439 1417 481 -reyularz'um
1441 439 1471 472 S.
1497 440 1601 472 Pauli
1624 441 1811 474 Dcoollati.¹.

1367 518 1530 545 Alexander
1549 519 1627 552 Papa
1648 519 1699 546 VII

1291 561 1326 587 ad
1345 564 1518 595 perpetuam
1538 562 1581 588 rei
1602 562 1779 589 memoriam.

1210 631 1349 665 Iniuncti
1374 633 1468 666 nobis
1495 634 1631 667 caelitus
1652 634 1827 677 pastoralis
1853 635 1899 667 os—

1166 682 1230 716 ficii
1255 684 1337 717 ratio
1363 687 1510 728 postulat
1534 691 1593 726 ut,
1626 691 1797 728 paternam
1823 687 1899 719 reli-

1166 737 1334 779 giosorum
1352 739 1510 779 virorum,
1537 739 1668 782 pietatis
1687 740 1803 772 studiis
1829 740 1898 772 lau-

1166 790 1319 823 dabiliter
1342 791 1616 832 incumbentium,
1635 792 1821 835 uberesque
1839 793 1898 825 bo-

1164 852 1282 874 norum
1308 853 1446 886 operum
1472 844 1597 876 fructus
1622 845 1654 876 in
1672 844 1817 877 Ecclesia
1840 845 1895 877 Dei

1163 895 1313 937 proferre
1338 895 1460 938 iugiter
1496 897 1734 938 satagentium,
1761 897 1897 930 curam⁹

1163 952 1334 989 gerentes,
1375 948 1508 981 illorum
1544 959 1706 992 prospero
1744 950 1895 992 regimini

1163 1005 1196 1032 et
1218 1000 1305 1033 felici
1331 1001 1521 1042 directioni,
1549 1007 1706 1045 quantum
1731 1004 1826 1035 nobis
1858 1014 1895 1035 ex

1163 1053 1228 1086 alto
1264 1054 1469 1094 conceditur,
1508 1055 1686 1087 salubriter
1721 1057 1894 1088 consulere

1163 1106 1371 1147 studeamus,
1408 1111 1516 1150 prout,
1542 1108 1697 1150 prudenti
1733 1108 1895 1141 delibera-

1162 1159 1251 1191 tione
1277 1159 1434 1200 adhibita,
1456 1160 1489 1192 in
1506 1159 1644 1193 Domino
1666 1161 1894 1203 cognoscimus

1162 1212 1329 1254 expedire.

1205 1264 1219 1306 g
1243 1263 1274 1295 1.
1294 1263 1381 1296 Alias
1399 1263 1563 1307 siquidem
1580 1275 1639 1297 nos
1654 1276 1714 1308 per
1735 1266 1893 1308 quasdam

1161 1321 1291 1349 nostras
1316 1317 1349 1349 in
1375 1316 1473 1350 simili
1500 1317 1603 1350 forma
1624 1318 1734 1350 Brevis
1753 1318 1892 1359 litteras,

1162 1380 1301 1413 quarum
1332 1375 1481 1403 tenorem
1511 1372 1744 1413 praesentibus
1778 1372 1893 1404 haberi

1161 1423 1311 1454 volumus
1359 1433 1420 1465 pro
1461 1433 1618 1465 expresso
1638 1450 1646 1463 ,
1689 1424 1893 1456 decrevimus

1160 1480 1196 1507 ut
1214 1476 1352 1508 dilectus
1379 1475 1465 1508 filius
1491 1477 1702 1519 praepositus
1729 1477 1893 1519 generalis

1160 1528 1431 1571 Congregationis
1458 1529 1654 1561 clericorum
1691 1529 1893 1571 regularium

1159 1582 1190 1615 S.
1221 1582 1314 1615 Pauli
1339 1583 1497 1616 Decollati
1524 1585 1587 1615 una
1612 1594 1685 1615 cum
1711 1583 1894 1615 assistenti-

1158 1637 1219 1668 bus
1241 1635 1344 1679 ipsius
1363 1635 1633 1678 Congrcgationis
1652 1636 1691 1668 ad
1710 1636 1894 1679 quinquen-

1159 1688 1248 1720 nium
1275 1693 1352 1721 tunc
1383 1688 1568 1731 proximum
1601 1688 1633 1720 in
1664 1688 1760 1720 domo
1797 1698 1893 1730 regu-

1159 1741 1218 1775 lari
1244 1752 1302 1774 seu
1328 1742 1467 1784 collegio
1489 1741 1519 1774 S.
1540 1741 1645 1774 Caroli
1664 1742 1703 1774 de
1721 1741 1892 1773 Catinariis

1158 1795 1337 1838 nuncupati
1364 1795 1403 1827 de
1428 1794 1513 1827 Urbe
1541 1795 1689 1827 eiusdem
1710 1793 1894 1836 Congrega-

1159 1848 1255 1881 tionis
1280 1847 1455 1887 resideret,
1482 1847 1594 1891 ibique
1620 1848 1734 1880 sedem
1763 1847 1893 1880 ordina-

1157 1902 1237 1934 riam
1262 1901 1478 1945 principalem
1503 1901 1654 1933 haberet.
1796 1895 1802 1900 ’

1200 1955 1214 1997 ἓ
1237 1954 1268 1986 02.
1294 1953 1385 1985 Nunc
1409 1958 1527 1993 autem,
1547 1952 1795 1985 considerantes
1823 1962 1890 1984 non

1157 2004 1343 2040 modiea1n¹
1368 2006 1443 2038 inde
1470 2006 1533 2037 hoe
1565 2005 1698 2037 biennio
1723 2005 1890 2048 praefatae

1157 2060 1409 2104 Congregationi
1449 2060 1624 2092 utilitatem
1667 2059 1861 2102 provenisse
1881 2086 1889 2099 ,

1158 2115 1243 2148 felici
1283 2114 1431 2146 eiusdem
1464 2112 1735 2155 Congregationis
1769 2112 1889 2153 statui,

1157 2166 1370 2211 progressui,
1398 2165 1571 2198 directioni
1604 2171 1636 2198 ct
1661 2165 1891 2208 tranquillitati

1157 2220 1360 2265 peramplius
1386 2225 1419 2252 et
1443 2219 1577 2252 uberius
1604 2219 1792 2252 censuimus
1818 2229 1890 2252 esse

1918 218 1966 244 An.
1985 217 2012 243 C.
2036 217 2099 243 tot-32

1940 647 2080 670 Prooemium.

1979 1278 2090 1299 Decretum

1910 1304 1962 1324 alniis
1973 1308 2090 1326 mnan-atum

1910 1334 1980 1351 reteri.

1920 1962 1997 1981 Statuit
2009 1962 2091 1982 domum

1907 1994 1943 2013 pro
1960 1988 2052 2013 generali
2068 1991 2090 2008 et

1906 2015 2061 2035 assistentibus.

1157 2275 1410 2319 providendum.
1430 2273 1517 2306 Motu
1533 2273 1643 2316 itaque
1658 2273 1809 2316 proprio,
1824 2283 1891 2305 non
1919 2266 1926 2273 ’

1158 2328 1198 2361 ad
1222 2327 1393 2361 cuiusdam
1417 2318 1512 2359 nobis
1547 2336 1648 2370 super
1674 2326 1737 2359 hoc
1762 2326 1890 2358 oblatae

1194 2425 1205 2451 1
1227 2424 1265 2451 Ex
1284 2423 1390 2459 Regest.
1411 2423 1437 2450 in
1457 2422 1558 2450 Secret.
1580 2421 1657 2449 BreV.

1192 2470 1208 2496 2
1228 2469 1346 2497 Pessime
1365 2468 1430 2496 edit.
1451 2468 1534 2496 Main.
1555 2467 1620 2502 legit
1638 2473 1743 2495 curare
1767 2473 1816 2501 pro
1844 2473 1893 2493 cu-

1158 2523 1225 2543 ram
1244 2515 1283 2548 (a.
1300 2515 1347 2548 τ.).

1193 2560 1208 2586 3
1223 2559 1290 2586 Male
1305 2558 1370 2585 edit.
1386 2558 1468 2586 Maiu.
1485 2557 1550 2593 legit
1564 2556 1676 2584 modica
1691 2563 1755 2583 cum
1770 2562 1818 2590 pro
1833 2562 1893 2583 mo-

1158 2604 1254 2632 dicam
1268 2604 1308 2639 (n.
1326 2603 1375 2638 T.).
