2247 3208
86 259 136 287 An.
167 254 197 281 C.
221 253 290 281 1662

82 1559 87 1563 ¹
114 1533 228 1554 committit
242 1537 264 1555 ut

81 1565 103 1580 ri.
119 1561 210 1582 rubrica.

295 307 425 336 tantum
451 302 544 335 abest
567 305 622 341 ut,
649 300 796 344 paternis
821 300 943 333 nostris
966 310 1034 332 mo-

295 356 478 389 nitionibus
503 359 536 387 et
560 354 822 388 correctionibus
844 353 1032 387 huiusmodi

295 408 405 442 debita
431 407 614 441 humilitate
639 418 763 441 morem
788 411 954 450 gerentes,
986 410 1033 438 at-

294 472 358 506 que
385 461 576 506 apostolicis
599 461 760 494 mandatis
775 464 980 499 reverenter,
995 463 1032 491 ut

292 516 417 548 iustum
444 521 505 555 est,
532 520 700 559 parentes,
727 515 766 547 ab
792 513 943 546 omnibus
965 512 1029 546 illis

293 569 433 607 actibus,
461 568 515 611 qui
542 567 589 600 eis
615 572 648 599 et
672 566 809 599 cuilibet
833 576 948 598 eorum
970 575 1031 608 per

292 621 516 664 praeinsertas
554 621 680 653 litteras
714 623 844 651 nostras
872 628 1027 661 expresse

291 674 458 706 interdicti
484 678 578 713 sunt,
605 682 678 705 sese
703 672 835 716 penitus
861 671 1029 705 abstinue-

291 727 367 765 rint,
396 731 430 758 ut
456 726 552 759 etiam
579 725 682 768 (quod
708 724 948 767 deplorandum
967 728 1025 764 est,

289 779 472 822 maiorique
498 777 783 811 animadversione
814 787 1027 821 compescen-

289 832 380 883 dum)
406 832 531 864 actibus
566 831 803 874 capitularibus
837 830 1025 874 ceterisque

286 883 443 928 praefatis
463 883 565 926 (inani
592 884 702 916 forsan
720 888 893 927 praetextu
915 884 1025 916 cuius-

287 938 360 970 dam
393 942 538 970 assertae
565 937 804 978 absolutionis,
833 937 872 970 ad
898 942 1024 970 certum

286 996 416 1034 tempus
442 990 609 1023 dumtaxat
633 994 665 1023 et
689 1000 763 1023 cum
788 990 1021 1029 reincidentia,

286 1055 303 1076 a
328 1044 476 1087 praefato
502 1044 659 1087 episcopo
697 1043 939 1076 Andrcvillensi
977 1043 1040 1076 di-=

288 1102 359 1130 ctae
397 1097 555 1130 ecclesiae
588 1090 779 1129 Bisuntinae
815 1096 1040 1139 suffraganea

284 1162 347 1195 per
372 1162 427 1185 eos
454 1152 562 1184 fucato
588 1150 729 1184 verbalis
754 1151 926 1194 paritionis
946 1162 1041 1207 sup-3

284 1204 394 1247 posito
421 1205 581 1247 extortae)
608 1214 680 1236 sese
715 1204 887 1237 intrudere
924 1209 1020 1246 atque

283 1257 467 1290 immiscere
494 1257 563 1290 ausi
589 1258 652 1290 siut
675 1262 708 1289 et
732 1257 885 1296 audeant,
905 1256 1020 1299 illique

283 1315 315 1343 et
340 1311 535 1354 praesertim
561 1311 666 1343 dictus
688 1310 890 1353 Guglielmus
920 1310 1020 1342 Hum-

281 1364 394 1396 bertus
420 1374 454 1396 se
479 1364 569 1407 ipsos
595 1364 635 1396 ad
661 1364 722 1396 alia
749 1363 865 1403 officia,
881 1373 1037 1396 munera,

282 1421 314 1449 et
338 1417 448 1450 forsan
474 1417 649 1460 dignitates
682 1416 758 1459 eligi
795 1427 832 1449 ac
866 1416 1016 1460 deputari

280 1474 448 1512 satagant:

323 1523 337 1566 ἓ
361 1522 392 1556 3.
418 1523 598 1566 Propterea
616 1534 689 1563 nos,
712 1523 767 1566 qui
785 1534 884 1556 ausus
903 1523 1018 1555 huius-

278 1576 366 1610 modi
384 1576 592 1617 temerarios‚
616 1576 698 1609 et-in
722 1576 963 1620 praeiudicium
984 1588 1017 1609 a-

277 1629 458 1672 postolieae
484 1629 690 1662 auctoritatis
717 1629 900 1669 tendentes,
923 1631 1015 1663 nullo

276 1683 374 1715 modo
400 1682 606 1716 dissimulare
633 1692 819 1726 possumus,
838 1693 898 1715 nec
917 1683 1016 1716 debe-

277 1746 359 1775 mus,
378 1740 478 1775 motu,
500 1735 638 1768 scientia
656 1740 687 1768 et
707 1735 947 1768 deliberatione
973 1737 1015 1769 si-

276 1788 418 1828 milibus,
446 1788 637 1821 discretioni
664 1793 739 1822 tuae
764 1789 885 1822 iterum
902 1790 933 1822 in
952 1789 1015 1822 vir-

277 1846 346 1874 tute
372 1847 503 1875 sanctae
530 1842 749 1882 obedientiae,
768 1854 803 1875 ac
823 1844 882 1875 sub
907 1846 1015 1886 poena

279 1894 625 1927 excommunicationis
660 1905 722 1938 per
753 1900 804 1935 te,
839 1895 901 1927 nisi
938 1895 1015 1929 huic

276 1948 429 1980 mandato
454 1952 570 1980 nostro
594 1947 765 1991 parueris,
783 1948 1012 1989 incurrendae,

277 2001 508 2034 committimus
544 2005 576 2033 et
609 2001 799 2034 mandamus
814 2028 821 2042 ,
846 2006 881 2034 ut
905 2001 1014 2034 statim

277 2059 373 2097 atque
388 2060 581 2098 praesentes
596 2054 721 2087 litteras
736 2054 914 2098 receperis,
926 2054 1013 2087 omni

276 2107 461 2150 postposita
485 2111 596 2148 mora,
623 2108 772 2141 eumdem
797 2108 1013 2151 Guglielmum

276 2160 491 2193 Humbertum
515 2161 763 2204 Praecipianum
795 2172 831 2194 ac
867 2161 1012 2204 singulos

277 2214 453 2247 canonicos
472 2214 540 2247 eius
560 2216 721 2248 electores
736 2215 901 2258 praefatos
920 2215 1014 2258 (quo-

277 2279 348 2301 rum
373 2269 506 2301 nomina
526 2274 558 2301 et
582 2268 789 2311 cognomina,
810 2269 835 2301 si
855 2269 1011 2302 hactenus

276 2322 443 2365 publicata
468 2332 533 2354 non
559 2322 693 2361 fuerint,
709 2322 871 2365 publicari
898 2323 1011 2366 facias)

277 2386 295 2408 a
319 2375 518 2418 supradictis
541 2375 782 2418 suspensionis,
803 2386 839 2408 ac
857 2376 1013 2419 privatio-

276 2428 340 2468 nis,
359 2429 547 2471 ceterisque
566 2439 583 2461 a
600 2428 694 2461 nobis
712 2439 772 2471 per
788 2429 1011 2472 praeinserts

276 2481 403 2514 litteras
421 2481 552 2514 inflictis
571 2481 687 2524 poenis
703 2481 835 2515 minime
854 2482 1011 2515 liberatos

277 2544 339 2567 nec
363 2544 423 2578 pro
449 2533 595 2567 liberatis
621 2534 792 2567 habendos
819 2545 908 2575 esse,
936 2536 1011 2576 sed,

278 2591 440 2630 quatenus
465 2598 483 2620 a
507 2592 689 2620 memorato
716 2587 872 2631 episcopo
887 2589 1029 2622 Andre-¹

276 2640 407 2674 villensi
422 2667 430 2682 ,
464 2640 548 2691 sicut
571 2641 820 2684 praemittitur,
852 2647 908 2674 aut
931 2642 1010 2675 alias

895 250 1083 275 ALEXANDER
1106 250 1149 273 Vll
1176 250 1222 272 PP-

1068 297 1344 340 (piandocumque
1377 299 1408 327 et
1439 294 1723 338 qualitercumque
1750 294 1805 326 ab·

1067 350 1165 382 soluti
1190 350 1325 389 fuerint,
1352 349 1385 381 in
1410 349 1542 381 easdem
1560 357 1685 392 poenas
1715 346 1804 379 rein-

1066 403 1198 443 cidisse,
1214 403 1346 445 illisque
1365 403 1472 435 adhuc
1490 402 1665 434 innodatos
1684 405 1716 434 et.
1733 401 1804 435 illa-

1065 461 1203 499 queatos
1222 466 1308 495 esse,
1328 455 1523 489 auctoritate
1549 455 1729 499 apostolica
1747 455 1803 488 de-

1064 510 1169 542 clares
1196 513 1229 541 et
1254 508 1425 541 decernas.

1106 561 1120 604 §
1144 561 1175 593 li.
1203 561 1258 602 Et,
1286 566 1448 605 quatenus
1475 561 1521 593 illi
1548 571 1581 593 se
1608 561 1648 593 ab
1673 561 1799 594 actibus

1735 234 1777 282 63
1822 244 1870 269 Αη.
1886 243 1914 270 c.
1937 243 2004 271 teca

1843 571 1940 593 Facilitas
1963 579 2000 598 per

1824 604 1896 619 ›oenas
1925 606 1998 626 pincu-

1063 614 1299 658 capitularibus
1317 614 1521 654 huiusmodi,
1541 618 1572 646 et
1590 613 1674 654 aliis,
1694 618 1729 645 ut
1747 625 1800 646 su-
1816 605 1886 646 tumn.

1061 678 1132 710 pra,
1156 667 1237 711 ipsis
1255 667 1454 707 interdictis,
1477 677 1543 699 non
1566 666 1798 707 abstinuerint,

1061 720 1195 753 eosdem
1226 731 1262 752 ac
1296 720 1444 762 singulos
1478 728 1593 752 eorum
1631 719 1686 762 qui
1722 729 1799 752 con-

1060 774 1273 814 trafecerint,
1308 783 1437 806 necnon
1471 783 1528 806 eos
1566 773 1621 816 qui
1651 772 1725 806 illos
1758 773 1796 805 ad

1059 832 1150 860 actus
1176 827 1342 870 praefatos
1369 836 1500 870 quoquo
1518 826 1615 859 modo
1644 837 1680 858 ac
1702 836 1798 869 prae-

1060 885 1147 913 textu
1183 879 1374 923 receperint
1406 885 1460 912 aut
1495 879 1709 921 admiserint,
1746 881 1795 913 vel

1058 934 1193 978 propria
1211 939 1284 966 vota
1304 933 1371 966 sive
1391 931 1542 976 sutfragia
1564 943 1625 976 per
1642 944 1676 965 se
1705 932 1795 976 ipsos

1057 992 1111 1020 aut
1137 997 1250 1020 eorum
1276 991 1507 1030 procuratores
1539 997 1599 1029 pro
1633 986 1795 1019 electione

1056 1045 1107 1074 aut
1135 1039 1344 1083 deputatione
1370 1040 1409 1072 ad
1435 1050 1658 1083 quaecumque
1679 1039 1795 1081 officia,

1057 1104 1191 1126 munera
1217 1094 1267 1126 vel
1294 1093 1468 1136 dignitates
1489 1093 1554 1126 illis
1579 1098 1633 1125 aut
1661 1093 1796 1126 cuilibet

1056 1158 1170 1180 eorum
1197 1147 1357 1187 dederint,
1377 1154 1415 1179 e'o
1440 1146 1510 1189 ipso
1533 1145 1795 1179 excommunica-

1057 1200 1153 1232 tionis
1179 1199 1387 1239 sententiam‚
1414 1210 1431 1231 a
1457 1209 1519 1242 qua
1548 1209 1644 1232 nemo
1670 1210 1688 1231 a
1714 1210 1793 1242 quo-

1055 1263 1150 1295 quam
1176 1251 1238 1284 nisi
1263 1262 1279 1283 a
1303 1251 1398 1284 nobis
1420 1262 1477 1283 seu
1496 1262 1555 1294 pro
1576 1256 1721 1294 tempore
1740 1262 1792 1284 cx-

1053 1306 1172 1337 istentc
1198 1305 1344 1338 Romano
1362 1304 1518 1337 Pontificc
1541 1309 1674 1346 tantum,
1699 1315 1794 1347 prae-

1053 1364 1200 1401 terquam
1225 1357 1258 1390 in
1283 1358 1396 1391 mortis
1423 1358 1560 1390 articulo
1586 1358 1791 1400 constitutus,

1052 1412 1177 1445 absolvi
1203 1412 1317 1456 possit,
1344 1411 1575 1445 damnabiliter
1600 1411 1790 1454 incurrisse,

1052 1466 1136 1499 dicta
1154 1466 1347 1499 auctoritate
1362 1467 1510 1499 declares
1528 1467 1651 1510 pariter
1669 1471 1700 1499 et
1716 1476 1791 1509 pro-

1051 1519 1186 1553 nuncies
1216 1525 1248 1553 et
1271 1519 1441 1564 publices;
1468 1531 1527 1553 nos
1559 1520 1645 1553 enim
1679 1530 1791 1563 quam-

1052 1583 1188 1616 cumque
1214 1572 1435 1606 necessariam
1453 1578 1485 1606 et
1505 1578 1723 1617 opportunam
1750 1573 1788 1605 ad

1050 1626 1232 1670 praemissa
1249 1627 1435 1659 facultatem
1461 1631 1493 1659 et
1516 1631 1712 1670 potestatem
1731 1626 1788 1659 tibi

1051 1681 1165 1715 harum
1191 1680 1287 1722 serie,
1313 1680 1427 1713 eadem
1449 1680 1654 1720 auctoritate,
1675 1679 1789 1712 tribui-

1050 1744 1119 1766 mus
1146 1739 1177 1766 et
1201 1733 1415 1777 impartimur.

1093 1787 1107 1830 g
1132 1786 1162 1819 5.
1189 1786 1412 1819 Decernentes
1437 1786 1569 1819 easdem
1594 1791 1788 1829 praesentes

1050 1841 1196 1880 litteras,
1224 1840 1321 1873 etiam
1346 1850 1384 1873 ex
1416 1850 1455 1873 eo
1481 1840 1567 1883 quod
1593 1840 1731 1883 quilibet
1754 1840 1787 1873 in

1048 1893 1239 1937 praemissis
1269 1893 1431 1926 interesse
1463 1893 1625 1925 habentes
1658 1893 1697 1926 ad
1731 1892 1787 1925 illa

1049 1947 1152 1981 vocati
1178 1953 1210 1980 et
1234 1947 1333 1979 auditi
1357 1957 1425 1980 non
1444 1946 1572 1985 fuerint,
1592 1946 1631 1979 de
1649 1947 1787 1990 subrep-

1049 2001 1146 2034 tionis
1172 2001 1221 2033 vel
1247 1999 1451 2043 obreptionis
1473 2005 1527 2032 aut
1558 1999 1713 2033 nullitatis
1743 1999 1788 2032 vi-

1050 2055 1102 2094 tio,
1129 2065 1187 2087 seu
1212 2053 1402 2087 intentionis
1421 2059 1553 2086 nostrae
1575 2053 1679 2086 aliove
1710 2064 1787 2098 quo-

1050 2109 1129 2141 libet
1145 2108 1273 2141 defectu
1292 2106 1408 2147 notari,
1427 2106 1621 2150 impugnari,
1640 2107 1783 2150 infringi,

1048 2161 1228 2199 retractari,
1267 2165 1321 2193 aut
1352 2160 1391 2193 ad
1428 2160 1587 2193 terminos
1621 2160 1701 2193 iuris
1734 2171 1785 2193 re-

1049 2215 1138 2255 duci,
1177 2225 1235 2247 seu
1269 2214 1303 2246 in
1339 2214 1601 2247 controversiam
1636 2213 1784 2247 revocari

1048 2268 1178 2301 minime
1203 2278 1312 2311 posse,
1332 2267 1390 2300 sed
1405 2267 1493 2311 ipsas
1514 2272 1709 2310 praesentes
1734 2267 1786 2300 lit-

1048 2327 1133 2355 teras
1159 2326 1191 2354 et
1214 2321 1248 2353 in
1272 2320 1401 2354 illarum
1426 2321 1617 2353 executione
1643 2332 1660 2353 a
1685 2326 1715 2353 te
1740 2320 1785 2352 fa-

1047 2375 1163 2408 cienda
1187 2374 1288 2414 firma,
1306 2373 1412 2407 valida
1432 2379 1465 2406 et
1482 2373 1626 2407 efficacia
1643 2373 1784 2406 existere

1048 2434 1079 2461 et
1104 2428 1183 2467 fore,
1211 2420 1361 2470 suosque*
1385 2426 1554 2470 plenarios
1581 2431 1612 2459 et
1636 2426 1784 2468 integros

1047 2481 1180 2514 etl‘ectus
1207 2480 1317 2513 sortiri
1349 2485 1381 2513 et
1412 2479 1582 2520 obtinere,
1616 2479 1728 2523 sicque
1754 2485 1786 2512 et

1047 2546 1112 2568 non
1138 2535 1232 2567 aliter
1256 2534 1289 2566 in
1314 2533 1503 2578 praemissis
1527 2544 1589 2577 per
1613 2543 1784 2577 quoscum-

1047 2600 1107 2633 que
1145 2588 1267 2621 iudices
1304 2587 1489 2621 ordinarios
1525 2593 1558 2620 et
1593 2587 1781 2629 delegatos„

1047 2643 1143 2675 etiam
1168 2652 1337 2675 causarum
1361 2641 1473 2677 palatii
1498 2639 1669 2681 apostolici
1694 2638 1783 2672 audi-

1830 1793 1949 1816 Clausulas.
