<?xml version="1.0" encoding="UTF-8"?>
<!DOCTYPE html PUBLIC "-//W3C//DTD XHTML 1.0 Transitional//EN"
    "http://www.w3.org/TR/xhtml1/DTD/xhtml1-transitional.dtd">
<html xmlns="http://www.w3.org/1999/xhtml" xml:lang="en" lang="en">
 <head>
  <title>
</title>
<meta http-equiv="Content-Type" content="text/html;charset=utf-8" />
  <meta name='ocr-system' content='tesseract 3.04.00' />
  <meta name='ocr-capabilities' content='ocr_page ocr_carea ocr_par ocr_line ocrx_word'/>
</head>
<body>
  <div class='ocr_page' id='page_1' title='image "./bullarumdiplomat17cath_0818.png"; bbox 0 0 2247 3208; ppageno 0'>
   <div class='ocr_carea' id='block_1_1' title="bbox 199 240 495 277">
    <p class='ocr_par' dir='ltr' id='par_1_1' title="bbox 199 240 495 277">
     <span class='ocr_line' id='line_1_1' title="bbox 199 240 495 277; baseline -0.01 -1"><span class='ocrx_word' id='word_1_1' title='bbox 199 249 250 276; x_wconf 64' lang='lat' dir='ltr'>An.</span> <span class='ocrx_word' id='word_1_2' title='bbox 267 248 295 276; x_wconf 82' lang='lat' dir='ltr'>e.</span> <span class='ocrx_word' id='word_1_3' title='bbox 319 248 385 277; x_wconf 74' lang='lat'><strong>1668</strong></span> <span class='ocrx_word' id='word_1_4' title='bbox 430 240 495 274; x_wconf 76' lang='grc'>716</span> 
     </span>
    </p>
   </div>
   <div class='ocr_carea' id='block_1_2' title="bbox 195 678 379 732">
    <p class='ocr_par' dir='ltr' id='par_1_2' title="bbox 195 678 379 732">
     <span class='ocr_line' id='line_1_2' title="bbox 222 678 379 704; baseline -0.013 -5"><span class='ocrx_word' id='word_1_5' title='bbox 222 679 336 704; x_wconf 72' lang='lat' dir='ltr'>Dispensat</span> <span class='ocrx_word' id='word_1_6' title='bbox 353 678 379 698; x_wconf 75' lang='lat' dir='ltr'>au</span> 
     </span>
     <span class='ocr_line' id='line_1_3' title="bbox 195 706 379 732; baseline -0.011 -6"><span class='ocrx_word' id='word_1_7' title='bbox 195 707 256 732; x_wconf 70' lang='lat' dir='ltr'>plina</span> <span class='ocrx_word' id='word_1_8' title='bbox 269 706 379 726; x_wconf 69' lang='lat' dir='ltr'>beneficia.</span> 
     </span>
    </p>
   </div>
   <div class='ocr_carea' id='block_1_3' title="bbox 202 1732 384 1780">
    <p class='ocr_par' dir='ltr' id='par_1_3' title="bbox 202 1732 384 1780">
     <span class='ocr_line' id='line_1_4' title="bbox 226 1732 384 1754; baseline -0.006 0"><span class='ocrx_word' id='word_1_9' title='bbox 226 1733 294 1754; x_wconf 66' lang='lat' dir='ltr'>Etiam</span> <span class='ocrx_word' id='word_1_10' title='bbox 306 1738 318 1754; x_wconf 74' lang='lat' dir='ltr'>a</span> <span class='ocrx_word' id='word_1_11' title='bbox 332 1732 384 1754; x_wconf 75' lang='lat' dir='ltr'>resl-</span> 
     </span>
     <span class='ocr_line' id='line_1_5' title="bbox 202 1760 280 1780; baseline -0.013 0"><span class='ocrx_word' id='word_1_12' title='bbox 202 1760 280 1780; x_wconf 62' lang='lat' dir='ltr'>nuntia.</span> 
     </span>
    </p>
   </div>
   <div class='ocr_carea' id='block_1_4' title="bbox 390 295 1137 2667">
    <p class='ocr_par' dir='ltr' id='par_1_4' title="bbox 390 295 1130 648">
     <span class='ocr_line' id='line_1_6' title="bbox 392 295 1130 341; baseline -0.007 -9"><span class='ocrx_word' id='word_1_13' title='bbox 392 298 558 341; x_wconf 79' lang='lat' dir='ltr'>ctigalium</span> <span class='ocrx_word' id='word_1_14' title='bbox 585 302 616 330; x_wconf 92' lang='lat' dir='ltr'>et</span> <span class='ocrx_word' id='word_1_15' title='bbox 639 296 835 330; x_wconf 85' lang='lat' dir='ltr'>tributorum</span> <span class='ocrx_word' id='word_1_16' title='bbox 863 295 1048 328; x_wconf 89' lang='lat' dir='ltr'>huiusmodi</span> <span class='ocrx_word' id='word_1_17' title='bbox 1079 305 1130 328; x_wconf 90' lang='lat' dir='ltr'>re-</span> 
     </span>
     <span class='ocr_line' id='line_1_7' title="bbox 392 351 1130 394; baseline -0.005 -9"><span class='ocrx_word' id='word_1_18' title='bbox 392 353 587 394; x_wconf 85' lang='lat' dir='ltr'>demptores,</span> <span class='ocrx_word' id='word_1_19' title='bbox 601 351 815 383; x_wconf 82' lang='lat' dir='ltr'>conductores</span> <span class='ocrx_word' id='word_1_20' title='bbox 830 355 860 382; x_wconf 88' lang='lat' dir='ltr'>et</span> <span class='ocrx_word' id='word_1_21' title='bbox 870 355 1046 390; x_wconf 85' lang='lat' dir='ltr'>exactores,</span> <span class='ocrx_word' id='word_1_22' title='bbox 1057 359 1130 391; x_wconf 90' lang='lat' dir='ltr'>quo-</span> 
     </span>
     <span class='ocr_line' id='line_1_8' title="bbox 391 403 1129 447; baseline -0.003 -10"><span class='ocrx_word' id='word_1_23' title='bbox 391 414 527 447; x_wconf 83' lang='lat' dir='ltr'>cumque</span> <span class='ocrx_word' id='word_1_24' title='bbox 539 403 716 446; x_wconf 81' lang='lat' dir='ltr'>privilegio,</span> <span class='ocrx_word' id='word_1_25' title='bbox 728 404 931 447; x_wconf 78' lang='lat' dir='ltr'>exemptione</span> <span class='ocrx_word' id='word_1_26' title='bbox 943 404 1129 436; x_wconf 84' lang='lat' dir='ltr'>etlacultate</span> 
     </span>
     <span class='ocr_line' id='line_1_9' title="bbox 390 457 1126 500; baseline 0 -10"><span class='ocrx_word' id='word_1_27' title='bbox 390 457 545 497; x_wconf 76' lang='lat' dir='ltr'>suffultos,</span> <span class='ocrx_word' id='word_1_28' title='bbox 572 457 649 490; x_wconf 76' lang='lat' dir='ltr'>alias</span> <span class='ocrx_word' id='word_1_29' title='bbox 676 467 771 500; x_wconf 88' lang='lat' dir='ltr'>quam</span> <span class='ocrx_word' id='word_1_30' title='bbox 795 461 831 490; x_wconf 90' lang='lat' dir='ltr'>ut</span> <span class='ocrx_word' id='word_1_31' title='bbox 859 458 1040 500; x_wconf 79' lang='lat' dir='ltr'>praefertur</span> <span class='ocrx_word' id='word_1_32' title='bbox 1070 468 1126 490; x_wconf 87' lang='lat' dir='ltr'>va-</span> 
     </span>
     <span class='ocr_line' id='line_1_10' title="bbox 390 510 1129 553; baseline 0 -10"><span class='ocrx_word' id='word_1_33' title='bbox 390 511 478 543; x_wconf 90' lang='lat' dir='ltr'>leant</span> <span class='ocrx_word' id='word_1_34' title='bbox 495 510 663 549; x_wconf 82' lang='lat' dir='ltr'>coarctari,</span> <span class='ocrx_word' id='word_1_35' title='bbox 684 510 836 553; x_wconf 89' lang='lat' dir='ltr'>quamdiu</span> <span class='ocrx_word' id='word_1_36' title='bbox 854 510 991 544; x_wconf 88' lang='lat' dir='ltr'>servitiis</span> <span class='ocrx_word' id='word_1_37' title='bbox 1007 510 1129 543; x_wconf 90' lang='lat' dir='ltr'>nostris</span> 
     </span>
     <span class='ocr_line' id='line_1_11' title="bbox 390 563 1130 604; baseline 0.001 -9"><span class='ocrx_word' id='word_1_38' title='bbox 390 563 567 595; x_wconf 79' lang='lat' dir='ltr'>institerint</span> <span class='ocrx_word' id='word_1_39' title='bbox 591 563 770 604; x_wconf 74' lang='lat' dir='ltr'>dumtaxat,</span> <span class='ocrx_word' id='word_1_40' title='bbox 797 563 966 596; x_wconf 81' lang='lat' dir='ltr'>eximimus</span> <span class='ocrx_word' id='word_1_41' title='bbox 991 568 1022 596; x_wconf 87' lang='lat' dir='ltr'>et</span> <span class='ocrx_word' id='word_1_42' title='bbox 1050 563 1130 596; x_wconf 86' lang='lat' dir='ltr'>libe-</span> 
     </span>
     <span class='ocr_line' id='line_1_12' title="bbox 390 626 509 648; baseline 0 -1"><span class='ocrx_word' id='word_1_43' title='bbox 390 626 509 648; x_wconf 89' lang='lat' dir='ltr'>ramus.</span> 
     </span>
    </p>

    <p class='ocr_par' dir='ltr' id='par_1_5' title="bbox 390 669 1134 1705">
     <span class='ocr_line' id='line_1_13' title="bbox 434 669 1130 712; baseline 0.001 -11"><span class='ocrx_word' id='word_1_44' title='bbox 434 669 493 711; x_wconf 66' lang='lat'>53.</span> <span class='ocrx_word' id='word_1_45' title='bbox 510 669 557 702; x_wconf 83' lang='lat' dir='ltr'>Ad</span> <span class='ocrx_word' id='word_1_46' title='bbox 574 669 655 702; x_wconf 89' lang='lat' dir='ltr'>haec</span> <span class='ocrx_word' id='word_1_47' title='bbox 672 679 743 702; x_wconf 90' lang='lat' dir='ltr'>cum</span> <span class='ocrx_word' id='word_1_48' title='bbox 758 669 888 709; x_wconf 90' lang='lat' dir='ltr'>eisdem,</span> <span class='ocrx_word' id='word_1_49' title='bbox 908 674 943 702; x_wconf 87' lang='lat' dir='ltr'>ut</span> <span class='ocrx_word' id='word_1_50' title='bbox 960 680 1130 712; x_wconf 87' lang='lat' dir='ltr'>quaecum-</span> 
     </span>
     <span class='ocr_line' id='line_1_14' title="bbox 392 721 1130 765; baseline 0.003 -12"><span class='ocrx_word' id='word_1_51' title='bbox 392 732 452 764; x_wconf 90' lang='lat' dir='ltr'>que</span> <span class='ocrx_word' id='word_1_52' title='bbox 480 722 544 754; x_wconf 90' lang='lat' dir='ltr'>duo</span> <span class='ocrx_word' id='word_1_53' title='bbox 567 721 734 754; x_wconf 79' lang='lat' dir='ltr'>dissimilia</span> <span class='ocrx_word' id='word_1_54' title='bbox 757 723 806 755; x_wconf 88' lang='lat' dir='ltr'>vel</span> <span class='ocrx_word' id='word_1_55' title='bbox 834 722 992 765; x_wconf 86' lang='lat' dir='ltr'>simplicia</span> <span class='ocrx_word' id='word_1_56' title='bbox 1012 722 1130 755; x_wconf 83' lang='lat' dir='ltr'>similia</span> 
     </span>
     <span class='ocr_line' id='line_1_15' title="bbox 391 774 1131 818; baseline 0.001 -11"><span class='ocrx_word' id='word_1_57' title='bbox 391 775 450 807; x_wconf 88' lang='lat' dir='ltr'>sub</span> <span class='ocrx_word' id='word_1_58' title='bbox 484 774 617 817; x_wconf 78' lang='lat' dir='ltr'>singulis</span> <span class='ocrx_word' id='word_1_59' title='bbox 649 775 750 808; x_wconf 89' lang='lat' dir='ltr'>tribus</span> <span class='ocrx_word' id='word_1_60' title='bbox 783 775 873 808; x_wconf 88' lang='lat' dir='ltr'>tectis</span> <span class='ocrx_word' id='word_1_61' title='bbox 906 785 1131 818; x_wconf 89' lang='lat' dir='ltr'>quarumcum-</span> 
     </span>
     <span class='ocr_line' id='line_1_16' title="bbox 391 827 1130 870; baseline 0.001 -11"><span class='ocrx_word' id='word_1_62' title='bbox 391 838 454 870; x_wconf 91' lang='lat' dir='ltr'>que</span> <span class='ocrx_word' id='word_1_63' title='bbox 479 827 579 859; x_wconf 89' lang='lat' dir='ltr'>trium</span> <span class='ocrx_word' id='word_1_64' title='bbox 605 828 854 868; x_wconf 82' lang='lat' dir='ltr'>cathedralium,</span> <span class='ocrx_word' id='word_1_65' title='bbox 886 828 981 861; x_wconf 86' lang='lat' dir='ltr'>etiam</span> <span class='ocrx_word' id='word_1_66' title='bbox 1011 833 1130 861; x_wconf 88' lang='lat' dir='ltr'>metro-</span> 
     </span>
     <span class='ocr_line' id='line_1_17' title="bbox 390 880 1130 923; baseline 0 -11"><span class='ocrx_word' id='word_1_67' title='bbox 390 880 629 923; x_wconf 87' lang='lat' dir='ltr'>politanarum,</span> <span class='ocrx_word' id='word_1_68' title='bbox 663 886 715 913; x_wconf 90' lang='lat' dir='ltr'>aut</span> <span class='ocrx_word' id='word_1_69' title='bbox 748 881 883 914; x_wconf 87' lang='lat' dir='ltr'>aliarum</span> <span class='ocrx_word' id='word_1_70' title='bbox 917 880 1130 913; x_wconf 88' lang='lat' dir='ltr'>ecclesiarum</span> 
     </span>
     <span class='ocr_line' id='line_1_18' title="bbox 392 933 1131 973; baseline 0 -8"><span class='ocrx_word' id='word_1_71' title='bbox 392 933 616 973; x_wconf 74' lang='lat' dir='ltr'>consistentia,</span> <span class='ocrx_word' id='word_1_72' title='bbox 637 933 761 966; x_wconf 85' lang='lat' dir='ltr'>etiamsi</span> <span class='ocrx_word' id='word_1_73' title='bbox 774 944 873 966; x_wconf 90' lang='lat' dir='ltr'>unum</span> <span class='ocrx_word' id='word_1_74' title='bbox 891 945 927 966; x_wconf 88' lang='lat' dir='ltr'>ex</span> <span class='ocrx_word' id='word_1_75' title='bbox 945 933 1008 966; x_wconf 89' lang='lat' dir='ltr'>illis</span> <span class='ocrx_word' id='word_1_76' title='bbox 1026 933 1131 966; x_wconf 91' lang='lat' dir='ltr'>omni-</span> 
     </span>
     <span class='ocr_line' id='line_1_19' title="bbox 390 985 1131 1029; baseline 0.001 -12"><span class='ocrx_word' id='word_1_77' title='bbox 390 985 451 1018; x_wconf 91' lang='lat' dir='ltr'>bus</span> <span class='ocrx_word' id='word_1_78' title='bbox 477 996 549 1018; x_wconf 90' lang='lat' dir='ltr'>cum</span> <span class='ocrx_word' id='word_1_79' title='bbox 575 989 661 1026; x_wconf 72' lang='lat' dir='ltr'>cura,</span> <span class='ocrx_word' id='word_1_80' title='bbox 682 992 735 1019; x_wconf 86' lang='lat' dir='ltr'>aut</span> <span class='ocrx_word' id='word_1_81' title='bbox 755 986 893 1029; x_wconf 78' lang='lat' dir='ltr'>dignitas</span> <span class='ocrx_word' id='word_1_82' title='bbox 911 987 1007 1019; x_wconf 85' lang='lat' dir='ltr'>etiam</span> <span class='ocrx_word' id='word_1_83' title='bbox 1025 987 1131 1019; x_wconf 88' lang='lat' dir='ltr'>maior</span> 
     </span>
     <span class='ocr_line' id='line_1_20' title="bbox 391 1038 1128 1082; baseline 0.003 -12"><span class='ocrx_word' id='word_1_84' title='bbox 391 1043 422 1070; x_wconf 89' lang='lat' dir='ltr'>et</span> <span class='ocrx_word' id='word_1_85' title='bbox 440 1038 638 1082; x_wconf 83' lang='lat' dir='ltr'>principalis,</span> <span class='ocrx_word' id='word_1_86' title='bbox 656 1039 862 1071; x_wconf 78' lang='lat' dir='ltr'>canonicatus</span> <span class='ocrx_word' id='word_1_87' title='bbox 881 1044 912 1071; x_wconf 91' lang='lat' dir='ltr'>et</span> <span class='ocrx_word' id='word_1_88' title='bbox 930 1039 1128 1082; x_wconf 85' lang='lat' dir='ltr'>praebenda,</span> 
     </span>
     <span class='ocr_line' id='line_1_21' title="bbox 391 1091 1130 1134; baseline 0.001 -11"><span class='ocrx_word' id='word_1_89' title='bbox 391 1097 607 1134; x_wconf 81' lang='lat' dir='ltr'>personatus,</span> <span class='ocrx_word' id='word_1_90' title='bbox 636 1092 871 1125; x_wconf 76' lang='lat' dir='ltr'>administratio</span> <span class='ocrx_word' id='word_1_91' title='bbox 907 1092 955 1124; x_wconf 91' lang='lat' dir='ltr'>vel</span> <span class='ocrx_word' id='word_1_92' title='bbox 992 1091 1130 1124; x_wconf 83' lang='lat' dir='ltr'>officium</span> 
     </span>
     <span class='ocr_line' id='line_1_22' title="bbox 392 1144 1130 1188; baseline 0.001 -12"><span class='ocrx_word' id='word_1_93' title='bbox 392 1144 495 1183; x_wconf 89' lang='lat' dir='ltr'>suerit,</span> <span class='ocrx_word' id='word_1_94' title='bbox 527 1149 557 1177; x_wconf 89' lang='lat' dir='ltr'>et</span> <span class='ocrx_word' id='word_1_95' title='bbox 589 1145 628 1177; x_wconf 87' lang='lat' dir='ltr'>ad</span> <span class='ocrx_word' id='word_1_96' title='bbox 654 1144 865 1187; x_wconf 77' lang='lat' dir='ltr'>dignitatem,</span> <span class='ocrx_word' id='word_1_97' title='bbox 897 1150 1130 1188; x_wconf 84' lang='lat' dir='ltr'>personatum,</span> 
     </span>
     <span class='ocr_line' id='line_1_23' title="bbox 391 1196 1130 1231; baseline 0.003 -2"><span class='ocrx_word' id='word_1_98' title='bbox 391 1196 703 1230; x_wconf 80' lang='lat' dir='ltr'>administrationem</span> <span class='ocrx_word' id='word_1_99' title='bbox 717 1198 767 1230; x_wconf 88' lang='lat' dir='ltr'>vel</span> <span class='ocrx_word' id='word_1_100' title='bbox 785 1197 928 1230; x_wconf 83' lang='lat' dir='ltr'>officium</span> <span class='ocrx_word' id='word_1_101' title='bbox 944 1198 1130 1231; x_wconf 89' lang='lat' dir='ltr'>huiusmodi</span> 
     </span>
     <span class='ocr_line' id='line_1_24' title="bbox 392 1250 1130 1293; baseline 0.003 -12"><span class='ocrx_word' id='word_1_102' title='bbox 392 1250 593 1283; x_wconf 85' lang='lat' dir='ltr'>consueverit</span> <span class='ocrx_word' id='word_1_103' title='bbox 614 1250 684 1293; x_wconf 88' lang='lat' dir='ltr'>quis</span> <span class='ocrx_word' id='word_1_104' title='bbox 703 1261 762 1293; x_wconf 89' lang='lat' dir='ltr'>per</span> <span class='ocrx_word' id='word_1_105' title='bbox 784 1250 979 1283; x_wconf 81' lang='lat' dir='ltr'>electionem</span> <span class='ocrx_word' id='word_1_106' title='bbox 1000 1251 1130 1291; x_wconf 84' lang='lat' dir='ltr'>assumi,</span> 
     </span>
     <span class='ocr_line' id='line_1_25' title="bbox 394 1301 1131 1344; baseline 0.001 -10"><span class='ocrx_word' id='word_1_107' title='bbox 394 1301 505 1344; x_wconf 86' lang='lat' dir='ltr'>eisque</span> <span class='ocrx_word' id='word_1_108' title='bbox 532 1313 608 1335; x_wconf 89' lang='lat' dir='ltr'>cura</span> <span class='ocrx_word' id='word_1_109' title='bbox 632 1302 728 1335; x_wconf 82' lang='lat' dir='ltr'>etiam</span> <span class='ocrx_word' id='word_1_110' title='bbox 744 1303 1009 1336; x_wconf 88' lang='lat' dir='ltr'>iurisdictionalis</span> <span class='ocrx_word' id='word_1_111' title='bbox 1026 1303 1131 1335; x_wconf 90' lang='lat' dir='ltr'>immi-</span> 
     </span>
     <span class='ocr_line' id='line_1_26' title="bbox 393 1355 1130 1395; baseline 0.004 -9"><span class='ocrx_word' id='word_1_112' title='bbox 393 1360 470 1387; x_wconf 89' lang='lat' dir='ltr'>neat</span> <span class='ocrx_word' id='word_1_113' title='bbox 495 1355 696 1395; x_wconf 87' lang='lat' dir='ltr'>animarum,</span> <span class='ocrx_word' id='word_1_114' title='bbox 726 1356 751 1388; x_wconf 86' lang='lat' dir='ltr'>si</span> <span class='ocrx_word' id='word_1_115' title='bbox 784 1356 829 1388; x_wconf 90' lang='lat' dir='ltr'>eis</span> <span class='ocrx_word' id='word_1_116' title='bbox 859 1357 939 1389; x_wconf 78' lang='lat' dir='ltr'>alias</span> <span class='ocrx_word' id='word_1_117' title='bbox 974 1356 1130 1389; x_wconf 89' lang='lat' dir='ltr'>canonice</span> 
     </span>
     <span class='ocr_line' id='line_1_27' title="bbox 395 1407 1129 1452; baseline 0.004 -13"><span class='ocrx_word' id='word_1_118' title='bbox 395 1407 604 1440; x_wconf 85' lang='lat' dir='ltr'>conferantur</span> <span class='ocrx_word' id='word_1_119' title='bbox 617 1413 671 1441; x_wconf 89' lang='lat' dir='ltr'>aut</span> <span class='ocrx_word' id='word_1_120' title='bbox 685 1408 855 1451; x_wconf 80' lang='lat' dir='ltr'>eligantur,</span> <span class='ocrx_word' id='word_1_121' title='bbox 872 1414 1129 1452; x_wconf 86' lang='lat' dir='ltr'>praesententur,</span> 
     </span>
     <span class='ocr_line' id='line_1_28' title="bbox 394 1460 1132 1494; baseline 0 0"><span class='ocrx_word' id='word_1_122' title='bbox 394 1465 449 1494; x_wconf 87' lang='lat' dir='ltr'>aut</span> <span class='ocrx_word' id='word_1_123' title='bbox 466 1460 545 1493; x_wconf 69' lang='lat' dir='ltr'>alias</span> <span class='ocrx_word' id='word_1_124' title='bbox 562 1462 815 1494; x_wconf 87' lang='lat' dir='ltr'>assumanturad</span> <span class='ocrx_word' id='word_1_125' title='bbox 838 1462 893 1494; x_wconf 87' lang='lat' dir='ltr'>illa</span> <span class='ocrx_word' id='word_1_126' title='bbox 913 1466 944 1494; x_wconf 85' lang='lat' dir='ltr'>et</span> <span class='ocrx_word' id='word_1_127' title='bbox 964 1462 1132 1494; x_wconf 85' lang='lat' dir='ltr'>instituan-</span> 
     </span>
     <span class='ocr_line' id='line_1_29' title="bbox 394 1513 1133 1557; baseline 0.005 -13"><span class='ocrx_word' id='word_1_128' title='bbox 394 1518 444 1545; x_wconf 90' lang='lat' dir='ltr'>tur</span> <span class='ocrx_word' id='word_1_129' title='bbox 468 1513 500 1545; x_wconf 91' lang='lat' dir='ltr'>in</span> <span class='ocrx_word' id='word_1_130' title='bbox 526 1514 591 1554; x_wconf 86' lang='lat' dir='ltr'>eis,</span> <span class='ocrx_word' id='word_1_131' title='bbox 613 1514 777 1557; x_wconf 83' lang='lat' dir='ltr'>recipere,</span> <span class='ocrx_word' id='word_1_132' title='bbox 805 1520 850 1554; x_wconf 86' lang='lat' dir='ltr'>et,</span> <span class='ocrx_word' id='word_1_133' title='bbox 877 1515 1051 1548; x_wconf 89' lang='lat' dir='ltr'>dummodo</span> <span class='ocrx_word' id='word_1_134' title='bbox 1076 1515 1133 1548; x_wconf 89' lang='lat' dir='ltr'>illa</span> 
     </span>
     <span class='ocr_line' id='line_1_30' title="bbox 395 1567 1133 1610; baseline 0.003 -12"><span class='ocrx_word' id='word_1_135' title='bbox 395 1567 502 1599; x_wconf 86' lang='lat' dir='ltr'>omnia</span> <span class='ocrx_word' id='word_1_136' title='bbox 526 1578 590 1599; x_wconf 90' lang='lat' dir='ltr'>uno</span> <span class='ocrx_word' id='word_1_137' title='bbox 616 1573 751 1610; x_wconf 85' lang='lat' dir='ltr'>excepto</span> <span class='ocrx_word' id='word_1_138' title='bbox 768 1568 974 1610; x_wconf 84' lang='lat' dir='ltr'>personalem</span> <span class='ocrx_word' id='word_1_139' title='bbox 992 1568 1133 1601; x_wconf 89' lang='lat' dir='ltr'>residen-</span> 
     </span>
     <span class='ocr_line' id='line_1_31' title="bbox 394 1619 1134 1663; baseline 0.003 -12"><span class='ocrx_word' id='word_1_140' title='bbox 394 1619 470 1652; x_wconf 89' lang='lat' dir='ltr'>tiam</span> <span class='ocrx_word' id='word_1_141' title='bbox 496 1630 561 1652; x_wconf 92' lang='lat' dir='ltr'>non</span> <span class='ocrx_word' id='word_1_142' title='bbox 592 1620 769 1663; x_wconf 84' lang='lat' dir='ltr'>requirant,</span> <span class='ocrx_word' id='word_1_143' title='bbox 797 1621 924 1653; x_wconf 91' lang='lat' dir='ltr'>insimul</span> <span class='ocrx_word' id='word_1_144' title='bbox 957 1621 1065 1663; x_wconf 89' lang='lat' dir='ltr'>quoad</span> <span class='ocrx_word' id='word_1_145' title='bbox 1088 1621 1134 1653; x_wconf 88' lang='lat' dir='ltr'>vi-</span> 
     </span>
     <span class='ocr_line' id='line_1_32' title="bbox 394 1672 677 1705; baseline 0.004 -1"><span class='ocrx_word' id='word_1_146' title='bbox 394 1672 500 1705; x_wconf 80' lang='lat' dir='ltr'>xerint</span> <span class='ocrx_word' id='word_1_147' title='bbox 523 1673 677 1705; x_wconf 88' lang='lat' dir='ltr'>retinere.</span> 
     </span>
    </p>

    <p class='ocr_par' dir='ltr' id='par_1_6' title="bbox 395 1726 1137 2667">
     <span class='ocr_line' id='line_1_33' title="bbox 439 1726 1134 1770; baseline 0.001 -12"><span class='ocrx_word' id='word_1_148' title='bbox 439 1726 453 1769; x_wconf 63' lang='grc' dir='ltr'><strong>ἓ</strong></span> <span class='ocrx_word' id='word_1_149' title='bbox 489 1726 520 1758; x_wconf 79' lang='grc'>4.</span> <span class='ocrx_word' id='word_1_150' title='bbox 554 1726 684 1759; x_wconf 86' lang='lat' dir='ltr'>Necnon</span> <span class='ocrx_word' id='word_1_151' title='bbox 711 1727 825 1764; x_wconf 78' lang='lat' dir='ltr'>etiam,</span> <span class='ocrx_word' id='word_1_152' title='bbox 862 1726 1015 1770; x_wconf 86' lang='lat' dir='ltr'>quamdiu</span> <span class='ocrx_word' id='word_1_153' title='bbox 1040 1726 1134 1759; x_wconf 87' lang='lat' dir='ltr'>nobis</span> 
     </span>
     <span class='ocr_line' id='line_1_34' title="bbox 395 1779 1134 1819; baseline 0.001 -8"><span class='ocrx_word' id='word_1_154' title='bbox 395 1779 602 1811; x_wconf 85' lang='lat' dir='ltr'>inservierint</span> <span class='ocrx_word' id='word_1_155' title='bbox 627 1784 759 1819; x_wconf 86' lang='lat' dir='ltr'>tantum,</span> <span class='ocrx_word' id='word_1_156' title='bbox 782 1783 813 1811; x_wconf 90' lang='lat' dir='ltr'>in</span> <span class='ocrx_word' id='word_1_157' title='bbox 840 1779 1006 1812; x_wconf 72' lang='lat' dir='ltr'>beneficiis</span> <span class='ocrx_word' id='word_1_158' title='bbox 1032 1781 1134 1812; x_wconf 81' lang='lat' dir='ltr'>eccle-</span> 
     </span>
     <span class='ocr_line' id='line_1_35' title="bbox 396 1831 1134 1875; baseline 0.003 -12"><span class='ocrx_word' id='word_1_159' title='bbox 396 1831 545 1871; x_wconf 76' lang='lat' dir='ltr'>siasticiS,</span> <span class='ocrx_word' id='word_1_160' title='bbox 575 1842 640 1864; x_wconf 89' lang='lat' dir='ltr'>non</span> <span class='ocrx_word' id='word_1_161' title='bbox 673 1838 779 1865; x_wconf 89' lang='lat' dir='ltr'>tamen</span> <span class='ocrx_word' id='word_1_162' title='bbox 811 1832 1054 1875; x_wconf 75' lang='lat' dir='ltr'>parochialibus</span> <span class='ocrx_word' id='word_1_163' title='bbox 1085 1833 1134 1865; x_wconf 84' lang='lat' dir='ltr'>vel</span> 
     </span>
     <span class='ocr_line' id='line_1_36' title="bbox 397 1884 1135 1928; baseline 0.001 -11"><span class='ocrx_word' id='word_1_164' title='bbox 397 1894 508 1917; x_wconf 86' lang='lat' dir='ltr'>curam</span> <span class='ocrx_word' id='word_1_165' title='bbox 526 1884 705 1917; x_wconf 85' lang='lat' dir='ltr'>animarum</span> <span class='ocrx_word' id='word_1_166' title='bbox 723 1886 995 1928; x_wconf 85' lang='lat' dir='ltr'>parochianorum</span> <span class='ocrx_word' id='word_1_167' title='bbox 1014 1885 1135 1918; x_wconf 88' lang='lat' dir='ltr'>haben-</span> 
     </span>
     <span class='ocr_line' id='line_1_37' title="bbox 397 1938 1133 1981; baseline 0.001 -12"><span class='ocrx_word' id='word_1_168' title='bbox 397 1938 500 1977; x_wconf 87' lang='lat' dir='ltr'>tibus,</span> <span class='ocrx_word' id='word_1_169' title='bbox 534 1948 592 1980; x_wconf 91' lang='lat' dir='ltr'>per</span> <span class='ocrx_word' id='word_1_170' title='bbox 627 1948 682 1970; x_wconf 88' lang='lat' dir='ltr'>eos</span> <span class='ocrx_word' id='word_1_171' title='bbox 715 1949 775 1981; x_wconf 89' lang='lat' dir='ltr'>pro</span> <span class='ocrx_word' id='word_1_172' title='bbox 800 1944 945 1981; x_wconf 85' lang='lat' dir='ltr'>tempore</span> <span class='ocrx_word' id='word_1_173' title='bbox 971 1938 1133 1977; x_wconf 85' lang='lat' dir='ltr'>obtentis,</span> 
     </span>
     <span class='ocr_line' id='line_1_38' title="bbox 397 1990 1135 2030; baseline 0.001 -8"><span class='ocrx_word' id='word_1_174' title='bbox 397 1990 492 2022; x_wconf 88' lang='lat' dir='ltr'>etiam</span> <span class='ocrx_word' id='word_1_175' title='bbox 514 1990 553 2022; x_wconf 91' lang='lat' dir='ltr'>de</span> <span class='ocrx_word' id='word_1_176' title='bbox 579 1990 665 2029; x_wconf 89' lang='lat' dir='ltr'>iure,</span> <span class='ocrx_word' id='word_1_177' title='bbox 693 1996 834 2030; x_wconf 82' lang='lat' dir='ltr'>statuto,</span> <span class='ocrx_word' id='word_1_178' title='bbox 861 1991 1050 2023; x_wconf 84' lang='lat' dir='ltr'>fundatione</span> <span class='ocrx_word' id='word_1_179' title='bbox 1085 1991 1135 2023; x_wconf 82' lang='lat' dir='ltr'>vel</span> 
     </span>
     <span class='ocr_line' id='line_1_39' title="bbox 397 2043 1136 2086; baseline 0.001 -11"><span class='ocrx_word' id='word_1_180' title='bbox 397 2043 568 2085; x_wconf 76' lang='lat' dir='ltr'>privilegio</span> <span class='ocrx_word' id='word_1_181' title='bbox 601 2045 807 2086; x_wconf 84' lang='lat' dir='ltr'>personalem</span> <span class='ocrx_word' id='word_1_182' title='bbox 843 2044 1053 2076; x_wconf 86' lang='lat' dir='ltr'>residentiam</span> <span class='ocrx_word' id='word_1_183' title='bbox 1086 2053 1136 2075; x_wconf 88' lang='lat' dir='ltr'>re-</span> 
     </span>
     <span class='ocr_line' id='line_1_40' title="bbox 398 2095 1136 2139; baseline 0.003 -13"><span class='ocrx_word' id='word_1_184' title='bbox 398 2095 610 2137; x_wconf 87' lang='lat' dir='ltr'>quirentibus,</span> <span class='ocrx_word' id='word_1_185' title='bbox 629 2096 751 2128; x_wconf 85' lang='lat' dir='ltr'>etiamsi</span> <span class='ocrx_word' id='word_1_186' title='bbox 773 2097 945 2139; x_wconf 73' lang='lat' dir='ltr'>dignitates</span> <span class='ocrx_word' id='word_1_187' title='bbox 964 2097 995 2128; x_wconf 91' lang='lat' dir='ltr'>in</span> <span class='ocrx_word' id='word_1_188' title='bbox 1016 2101 1136 2129; x_wconf 88' lang='lat' dir='ltr'>metro-</span> 
     </span>
     <span class='ocr_line' id='line_1_41' title="bbox 397 2148 1136 2190; baseline 0.003 -11"><span class='ocrx_word' id='word_1_189' title='bbox 397 2148 549 2190; x_wconf 84' lang='lat' dir='ltr'>politanis</span> <span class='ocrx_word' id='word_1_190' title='bbox 575 2150 623 2181; x_wconf 87' lang='lat' dir='ltr'>vel</span> <span class='ocrx_word' id='word_1_191' title='bbox 650 2149 890 2181; x_wconf 86' lang='lat' dir='ltr'>cathedralibus</span> <span class='ocrx_word' id='word_1_192' title='bbox 919 2150 1074 2189; x_wconf 85' lang='lat' dir='ltr'>maiores,</span> <span class='ocrx_word' id='word_1_193' title='bbox 1104 2154 1136 2181; x_wconf 90' lang='lat' dir='ltr'>et</span> 
     </span>
     <span class='ocr_line' id='line_1_42' title="bbox 398 2200 1137 2245; baseline 0.003 -13"><span class='ocrx_word' id='word_1_194' title='bbox 398 2200 430 2233; x_wconf 89' lang='lat' dir='ltr'>in</span> <span class='ocrx_word' id='word_1_195' title='bbox 456 2201 635 2242; x_wconf 67' lang='lat' dir='ltr'>collegiatis</span> <span class='ocrx_word' id='word_1_196' title='bbox 662 2202 807 2234; x_wconf 82' lang='lat' dir='ltr'>ecclesiis</span> <span class='ocrx_word' id='word_1_197' title='bbox 834 2202 1018 2235; x_wconf 87' lang='lat' dir='ltr'>huiusmodi</span> <span class='ocrx_word' id='word_1_198' title='bbox 1048 2202 1137 2245; x_wconf 91' lang='lat' dir='ltr'>prin-</span> 
     </span>
     <span class='ocr_line' id='line_1_43' title="bbox 398 2252 1135 2297; baseline 0.004 -13"><span class='ocrx_word' id='word_1_199' title='bbox 398 2252 519 2295; x_wconf 83' lang='lat' dir='ltr'>cipales</span> <span class='ocrx_word' id='word_1_200' title='bbox 538 2253 665 2291; x_wconf 80' lang='lat' dir='ltr'>suerint,</span> <span class='ocrx_word' id='word_1_201' title='bbox 682 2254 899 2297; x_wconf 76' lang='lat' dir='ltr'>personaliter</span> <span class='ocrx_word' id='word_1_202' title='bbox 911 2255 1054 2287; x_wconf 87' lang='lat' dir='ltr'>residere</span> <span class='ocrx_word' id='word_1_203' title='bbox 1069 2265 1135 2287; x_wconf 91' lang='lat' dir='ltr'>non</span> 
     </span>
     <span class='ocr_line' id='line_1_44' title="bbox 400 2307 1135 2350; baseline 0.005 -14"><span class='ocrx_word' id='word_1_204' title='bbox 400 2309 578 2345; x_wconf 87' lang='lat' dir='ltr'>teneantur,</span> <span class='ocrx_word' id='word_1_205' title='bbox 605 2316 665 2338; x_wconf 87' lang='lat' dir='ltr'>nec</span> <span class='ocrx_word' id='word_1_206' title='bbox 691 2307 729 2339; x_wconf 86' lang='lat' dir='ltr'>ad</span> <span class='ocrx_word' id='word_1_207' title='bbox 755 2307 787 2338; x_wconf 89' lang='lat' dir='ltr'>id</span> <span class='ocrx_word' id='word_1_208' title='bbox 813 2318 871 2350; x_wconf 87' lang='lat' dir='ltr'>per</span> <span class='ocrx_word' id='word_1_209' title='bbox 896 2308 1045 2340; x_wconf 89' lang='lat' dir='ltr'>locorum</span> <span class='ocrx_word' id='word_1_210' title='bbox 1079 2307 1135 2340; x_wconf 84' lang='lat' dir='ltr'>Or-</span> 
     </span>
     <span class='ocr_line' id='line_1_45' title="bbox 398 2357 1135 2397; baseline 0.007 -9"><span class='ocrx_word' id='word_1_211' title='bbox 398 2357 555 2397; x_wconf 86' lang='lat' dir='ltr'>dinarios,</span> <span class='ocrx_word' id='word_1_212' title='bbox 574 2369 630 2390; x_wconf 89' lang='lat' dir='ltr'>seu</span> <span class='ocrx_word' id='word_1_213' title='bbox 652 2359 863 2392; x_wconf 77' lang='lat' dir='ltr'>ecclesiarum</span> <span class='ocrx_word' id='word_1_214' title='bbox 880 2361 1067 2393; x_wconf 85' lang='lat' dir='ltr'>earumdem</span> <span class='ocrx_word' id='word_1_215' title='bbox 1083 2370 1135 2393; x_wconf 89' lang='lat' dir='ltr'>ca-</span> 
     </span>
     <span class='ocr_line' id='line_1_46' title="bbox 398 2411 1134 2454; baseline 0.007 -13"><span class='ocrx_word' id='word_1_216' title='bbox 398 2411 510 2453; x_wconf 86' lang='lat' dir='ltr'>pitula,</span> <span class='ocrx_word' id='word_1_217' title='bbox 530 2416 582 2443; x_wconf 89' lang='lat' dir='ltr'>aut</span> <span class='ocrx_word' id='word_1_218' title='bbox 600 2414 728 2454; x_wconf 84' lang='lat' dir='ltr'>quosvis</span> <span class='ocrx_word' id='word_1_219' title='bbox 746 2414 835 2453; x_wconf 83' lang='lat' dir='ltr'>alios,</span> <span class='ocrx_word' id='word_1_220' title='bbox 862 2414 899 2445; x_wconf 84' lang='lat' dir='ltr'>ad</span> <span class='ocrx_word' id='word_1_221' title='bbox 925 2414 1134 2446; x_wconf 86' lang='lat' dir='ltr'>residendum</span> 
     </span>
     <span class='ocr_line' id='line_1_47' title="bbox 398 2463 1131 2510; baseline 0.005 -15"><span class='ocrx_word' id='word_1_222' title='bbox 398 2463 528 2496; x_wconf 86' lang='lat' dir='ltr'>interim</span> <span class='ocrx_word' id='word_1_223' title='bbox 555 2465 585 2496; x_wconf 91' lang='lat' dir='ltr'>in</span> <span class='ocrx_word' id='word_1_224' title='bbox 612 2466 674 2498; x_wconf 86' lang='lat' dir='ltr'>illis</span> <span class='ocrx_word' id='word_1_225' title='bbox 700 2466 786 2498; x_wconf 88' lang='lat' dir='ltr'>inviti</span> <span class='ocrx_word' id='word_1_226' title='bbox 813 2467 963 2509; x_wconf 85' lang='lat' dir='ltr'>compelli</span> <span class='ocrx_word' id='word_1_227' title='bbox 996 2467 1131 2510; x_wconf 87' lang='lat' dir='ltr'>possint,</span> 
     </span>
     <span class='ocr_line' id='line_1_48' title="bbox 400 2519 1135 2561; baseline 0.003 -12"><span class='ocrx_word' id='word_1_228' title='bbox 400 2527 579 2559; x_wconf 84' lang='lat' dir='ltr'>omnesque</span> <span class='ocrx_word' id='word_1_229' title='bbox 611 2524 642 2550; x_wconf 87' lang='lat' dir='ltr'>et</span> <span class='ocrx_word' id='word_1_230' title='bbox 674 2519 818 2561; x_wconf 76' lang='lat' dir='ltr'>singulos</span> <span class='ocrx_word' id='word_1_231' title='bbox 853 2521 982 2553; x_wconf 89' lang='lat' dir='ltr'>illorum</span> <span class='ocrx_word' id='word_1_232' title='bbox 1012 2519 1135 2553; x_wconf 79' lang='lat' dir='ltr'>beneti-</span> 
     </span>
     <span class='ocr_line' id='line_1_49' title="bbox 401 2569 1133 2612; baseline 0.004 -11"><span class='ocrx_word' id='word_1_233' title='bbox 401 2569 525 2602; x_wconf 90' lang='lat' dir='ltr'>ciorum</span> <span class='ocrx_word' id='word_1_234' title='bbox 551 2570 757 2603; x_wconf 82' lang='lat' dir='ltr'>obtentorum</span> <span class='ocrx_word' id='word_1_235' title='bbox 782 2572 903 2605; x_wconf 80' lang='lat' dir='ltr'>fructus</span> <span class='ocrx_word' id='word_1_236' title='bbox 930 2578 960 2604; x_wconf 89' lang='lat' dir='ltr'>et</span> <span class='ocrx_word' id='word_1_237' title='bbox 978 2573 1133 2612; x_wconf 87' lang='lat' dir='ltr'>redditus,</span> 
     </span>
     <span class='ocr_line' id='line_1_50' title="bbox 402 2622 1136 2667; baseline 0.004 -13"><span class='ocrx_word' id='word_1_238' title='bbox 402 2622 536 2655; x_wconf 86' lang='lat' dir='ltr'>durante</span> <span class='ocrx_word' id='word_1_239' title='bbox 559 2623 691 2655; x_wconf 88' lang='lat' dir='ltr'>servitio</span> <span class='ocrx_word' id='word_1_240' title='bbox 708 2625 886 2667; x_wconf 81' lang='lat' dir='ltr'>praedicto,</span> <span class='ocrx_word' id='word_1_241' title='bbox 905 2636 977 2657; x_wconf 90' lang='lat' dir='ltr'>cum</span> <span class='ocrx_word' id='word_1_242' title='bbox 996 2627 1032 2657; x_wconf 78' lang='lat' dir='ltr'>ea</span> <span class='ocrx_word' id='word_1_243' title='bbox 1053 2625 1136 2657; x_wconf 91' lang='lat' dir='ltr'>inte-</span> 
     </span>
    </p>
   </div>
   <div class='ocr_carea' id='block_1_5' title="bbox 1149 299 1153 858">
    <p class='ocr_par' dir='ltr' id='par_1_7' title="bbox 1149 299 1153 858">
     <span class='ocr_line' id='line_1_51' title="bbox 1149 299 1153 858; baseline 0 0"><span class='ocrx_word' id='word_1_244' title='bbox 1149 299 1153 858; x_wconf 95' lang='lat' dir='ltr'> </span> 
     </span>
    </p>
   </div>
   <div class='ocr_carea' id='block_1_6' title="bbox 1151 1186 1158 2087">
    <p class='ocr_par' dir='ltr' id='par_1_8' title="bbox 1151 1186 1158 2087">
     <span class='ocr_line' id='line_1_52' title="bbox 1151 1186 1158 2087; baseline 0 0"><span class='ocrx_word' id='word_1_245' title='bbox 1151 1186 1158 2087; x_wconf 95' lang='lat' dir='ltr'> </span> 
     </span>
    </p>
   </div>
   <div class='ocr_carea' id='block_1_7' title="bbox 976 245 1332 272">
    <p class='ocr_par' dir='ltr' id='par_1_9' title="bbox 976 245 1332 272">
     <span class='ocr_line' id='line_1_53' title="bbox 976 245 1332 272; baseline -0.003 -1"><span class='ocrx_word' id='word_1_246' title='bbox 976 246 1158 272; x_wconf 71' lang='lat' dir='ltr'><strong>BU‘LLARIUM</strong></span> <span class='ocrx_word' id='word_1_247' title='bbox 1180 245 1332 270; x_wconf 65' lang='lat' dir='ltr'>ROMANUM</span> 
     </span>
    </p>
   </div>
   <div class='ocr_carea' id='block_1_8' title="bbox 1170 292 1911 496">
    <p class='ocr_par' dir='ltr' id='par_1_10' title="bbox 1170 292 1911 496">
     <span class='ocr_line' id='line_1_54' title="bbox 1172 292 1909 337; baseline 0.003 -12"><span class='ocrx_word' id='word_1_248' title='bbox 1172 293 1289 336; x_wconf 81' lang='lat' dir='ltr'>gritate</span> <span class='ocrx_word' id='word_1_249' title='bbox 1302 293 1599 337; x_wconf 89' lang='lat' dir='ltr'>(distributionibus</span> <span class='ocrx_word' id='word_1_250' title='bbox 1615 293 1812 337; x_wconf 87' lang='lat' dir='ltr'>quotidianis</span> <span class='ocrx_word' id='word_1_251' title='bbox 1823 292 1909 327; x_wconf 90' lang='lat' dir='ltr'>dum-</span> 
     </span>
     <span class='ocr_line' id='line_1_55' title="bbox 1172 346 1910 391; baseline 0.001 -12"><span class='ocrx_word' id='word_1_252' title='bbox 1172 352 1258 380; x_wconf 80' lang='lat' dir='ltr'>taxat</span> <span class='ocrx_word' id='word_1_253' title='bbox 1284 346 1442 390; x_wconf 87' lang='lat' dir='ltr'>exceptis)</span> <span class='ocrx_word' id='word_1_254' title='bbox 1468 357 1539 379; x_wconf 91' lang='lat' dir='ltr'>cum</span> <span class='ocrx_word' id='word_1_255' title='bbox 1565 358 1628 390; x_wconf 90' lang='lat' dir='ltr'>qua</span> <span class='ocrx_word' id='word_1_256' title='bbox 1658 347 1731 380; x_wconf 90' lang='lat' dir='ltr'>illos</span> <span class='ocrx_word' id='word_1_257' title='bbox 1762 347 1910 391; x_wconf 87' lang='lat' dir='ltr'>percipe-</span> 
     </span>
     <span class='ocr_line' id='line_1_56' title="bbox 1170 399 1909 434; baseline 0.001 -3"><span class='ocrx_word' id='word_1_258' title='bbox 1170 404 1245 432; x_wconf 85' lang='lat' dir='ltr'>rent</span> <span class='ocrx_word' id='word_1_259' title='bbox 1277 400 1302 432; x_wconf 90' lang='lat' dir='ltr'>si</span> <span class='ocrx_word' id='word_1_260' title='bbox 1336 399 1368 431; x_wconf 93' lang='lat' dir='ltr'>in</span> <span class='ocrx_word' id='word_1_261' title='bbox 1401 399 1524 432; x_wconf 86' lang='lat' dir='ltr'>eisdem</span> <span class='ocrx_word' id='word_1_262' title='bbox 1553 400 1701 433; x_wconf 88' lang='lat' dir='ltr'>ecclesiis</span> <span class='ocrx_word' id='word_1_263' title='bbox 1732 400 1797 433; x_wconf 84' lang='lat' dir='ltr'>sive</span> <span class='ocrx_word' id='word_1_264' title='bbox 1829 400 1909 434; x_wconf 88' lang='lat' dir='ltr'>locis</span> 
     </span>
     <span class='ocr_line' id='line_1_57' title="bbox 1172 452 1911 496; baseline 0 -11"><span class='ocrx_word' id='word_1_265' title='bbox 1172 453 1388 496; x_wconf 85' lang='lat' dir='ltr'>personaliter</span> <span class='ocrx_word' id='word_1_266' title='bbox 1413 452 1609 493; x_wconf 87' lang='lat' dir='ltr'>residerent,</span> <span class='ocrx_word' id='word_1_267' title='bbox 1634 452 1821 496; x_wconf 87' lang='lat' dir='ltr'>percipere,</span> <span class='ocrx_word' id='word_1_268' title='bbox 1847 453 1911 486; x_wconf 87' lang='lat' dir='ltr'>exi-</span> 
     </span>
    </p>
   </div>
   <div class='ocr_carea' id='block_1_9' title="bbox 1172 505 1918 2669">
    <p class='ocr_par' dir='ltr' id='par_1_11' title="bbox 1172 505 1911 705">
     <span class='ocr_line' id='line_1_58' title="bbox 1173 505 1910 549; baseline 0.001 -11"><span class='ocrx_word' id='word_1_269' title='bbox 1173 516 1251 548; x_wconf 80' lang='lat' dir='ltr'>gere</span> <span class='ocrx_word' id='word_1_270' title='bbox 1277 510 1310 539; x_wconf 89' lang='lat' dir='ltr'>et</span> <span class='ocrx_word' id='word_1_271' title='bbox 1333 507 1459 546; x_wconf 90' lang='lat' dir='ltr'>levare,</span> <span class='ocrx_word' id='word_1_272' title='bbox 1484 505 1613 549; x_wconf 89' lang='lat' dir='ltr'>proviso</span> <span class='ocrx_word' id='word_1_273' title='bbox 1639 510 1745 538; x_wconf 86' lang='lat' dir='ltr'>tamen</span> <span class='ocrx_word' id='word_1_274' title='bbox 1770 516 1830 549; x_wconf 89' lang='lat' dir='ltr'>per</span> <span class='ocrx_word' id='word_1_275' title='bbox 1854 515 1910 539; x_wconf 89' lang='lat' dir='ltr'>eos</span> 
     </span>
     <span class='ocr_line' id='line_1_59' title="bbox 1172 556 1911 599; baseline 0 -10"><span class='ocrx_word' id='word_1_276' title='bbox 1172 562 1207 589; x_wconf 92' lang='lat' dir='ltr'>ut</span> <span class='ocrx_word' id='word_1_277' title='bbox 1232 567 1331 590; x_wconf 88' lang='lat' dir='ltr'>onera</span> <span class='ocrx_word' id='word_1_278' title='bbox 1352 557 1473 590; x_wconf 90' lang='lat' dir='ltr'>eisdem</span> <span class='ocrx_word' id='word_1_279' title='bbox 1499 557 1706 599; x_wconf 85' lang='lat' dir='ltr'>dignitatibus</span> <span class='ocrx_word' id='word_1_280' title='bbox 1731 562 1762 589; x_wconf 87' lang='lat' dir='ltr'>et</span> <span class='ocrx_word' id='word_1_281' title='bbox 1789 556 1911 590; x_wconf 79' lang='lat' dir='ltr'>benefi-</span> 
     </span>
     <span class='ocr_line' id='line_1_60' title="bbox 1172 609 1909 654; baseline 0.001 -12"><span class='ocrx_word' id='word_1_282' title='bbox 1172 609 1228 642; x_wconf 89' lang='lat' dir='ltr'>ciis</span> <span class='ocrx_word' id='word_1_283' title='bbox 1254 609 1366 652; x_wconf 88' lang='lat' dir='ltr'>quovis</span> <span class='ocrx_word' id='word_1_284' title='bbox 1391 609 1488 643; x_wconf 90' lang='lat' dir='ltr'>modo</span> <span class='ocrx_word' id='word_1_285' title='bbox 1517 610 1737 643; x_wconf 81' lang='lat' dir='ltr'>incumbentia</span> <span class='ocrx_word' id='word_1_286' title='bbox 1769 620 1909 654; x_wconf 85' lang='lat' dir='ltr'>congrue</span> 
     </span>
     <span class='ocr_line' id='line_1_61' title="bbox 1172 667 1418 705; baseline 0.004 -11"><span class='ocrx_word' id='word_1_287' title='bbox 1172 667 1418 705; x_wconf 86' lang='lat' dir='ltr'>supportentur.</span> 
     </span>
    </p>

    <p class='ocr_par' dir='ltr' id='par_1_12' title="bbox 1172 715 1914 1502">
     <span class='ocr_line' id='line_1_62' title="bbox 1216 715 1910 759; baseline 0.003 -11"><span class='ocrx_word' id='word_1_288' title='bbox 1216 715 1230 757; x_wconf 65' lang='grc' dir='ltr'><strong>ἓ</strong></span> <span class='ocrx_word' id='word_1_289' title='bbox 1256 715 1286 748; x_wconf 85' lang='grc'>5.</span> <span class='ocrx_word' id='word_1_290' title='bbox 1314 715 1461 756; x_wconf 82' lang='lat' dir='ltr'>Necnon,</span> <span class='ocrx_word' id='word_1_291' title='bbox 1490 715 1615 749; x_wconf 87' lang='lat' dir='ltr'>etiamsi</span> <span class='ocrx_word' id='word_1_292' title='bbox 1639 716 1819 759; x_wconf 79' lang='lat' dir='ltr'>presbyteri</span> <span class='ocrx_word' id='word_1_293' title='bbox 1844 716 1910 750; x_wconf 85' lang='lat' dir='ltr'>sue-</span> 
     </span>
     <span class='ocr_line' id='line_1_63' title="bbox 1173 768 1909 811; baseline 0.004 -12"><span class='ocrx_word' id='word_1_294' title='bbox 1173 768 1247 808; x_wconf 91' lang='lat' dir='ltr'>rint,</span> <span class='ocrx_word' id='word_1_295' title='bbox 1273 779 1308 801; x_wconf 88' lang='lat' dir='ltr'>ac</span> <span class='ocrx_word' id='word_1_296' title='bbox 1333 769 1506 811; x_wconf 82' lang='lat' dir='ltr'>dignitates</span> <span class='ocrx_word' id='word_1_297' title='bbox 1524 774 1556 802; x_wconf 86' lang='lat' dir='ltr'>et</span> <span class='ocrx_word' id='word_1_298' title='bbox 1575 769 1682 802; x_wconf 82' lang='lat' dir='ltr'>officia</span> <span class='ocrx_word' id='word_1_299' title='bbox 1698 769 1909 810; x_wconf 89' lang='lat' dir='ltr'>obtinuerint,</span> 
     </span>
     <span class='ocr_line' id='line_1_64' title="bbox 1173 821 1909 864; baseline 0.004 -12"><span class='ocrx_word' id='word_1_300' title='bbox 1173 821 1260 863; x_wconf 82' lang='lat' dir='ltr'>leges</span> <span class='ocrx_word' id='word_1_301' title='bbox 1294 826 1325 853; x_wconf 90' lang='lat' dir='ltr'>et</span> <span class='ocrx_word' id='word_1_302' title='bbox 1356 821 1425 853; x_wconf 92' lang='lat' dir='ltr'>iura</span> <span class='ocrx_word' id='word_1_303' title='bbox 1456 822 1560 855; x_wconf 84' lang='lat' dir='ltr'>civilia</span> <span class='ocrx_word' id='word_1_304' title='bbox 1590 822 1685 855; x_wconf 89' lang='lat' dir='ltr'>etiam</span> <span class='ocrx_word' id='word_1_305' title='bbox 1717 822 1846 864; x_wconf 91' lang='lat' dir='ltr'>publice</span> <span class='ocrx_word' id='word_1_306' title='bbox 1877 822 1909 855; x_wconf 91' lang='lat' dir='ltr'>in</span> 
     </span>
     <span class='ocr_line' id='line_1_65' title="bbox 1172 874 1911 918; baseline 0.003 -12"><span class='ocrx_word' id='word_1_307' title='bbox 1172 874 1292 907; x_wconf 91' lang='lat' dir='ltr'>scholis</span> <span class='ocrx_word' id='word_1_308' title='bbox 1317 884 1352 906; x_wconf 86' lang='lat' dir='ltr'>ac</span> <span class='ocrx_word' id='word_1_309' title='bbox 1375 874 1640 908; x_wconf 86' lang='lat' dir='ltr'>universitatibus</span> <span class='ocrx_word' id='word_1_310' title='bbox 1661 875 1839 908; x_wconf 90' lang='lat' dir='ltr'>studiorum</span> <span class='ocrx_word' id='word_1_311' title='bbox 1856 886 1911 918; x_wconf 84' lang='lat' dir='ltr'>ge-</span> 
     </span>
     <span class='ocr_line' id='line_1_66' title="bbox 1172 926 1909 971; baseline 0.005 -13"><span class='ocrx_word' id='word_1_312' title='bbox 1172 926 1331 960; x_wconf 88' lang='lat' dir='ltr'>neralium</span> <span class='ocrx_word' id='word_1_313' title='bbox 1360 928 1398 960; x_wconf 87' lang='lat' dir='ltr'>ad</span> <span class='ocrx_word' id='word_1_314' title='bbox 1434 928 1693 971; x_wconf 89' lang='lat' dir='ltr'>quinquennium</span> <span class='ocrx_word' id='word_1_315' title='bbox 1724 929 1909 970; x_wconf 85' lang='lat' dir='ltr'>dumtaxat,</span> 
     </span>
     <span class='ocr_line' id='line_1_67' title="bbox 1173 981 1910 1024; baseline 0.004 -12"><span class='ocrx_word' id='word_1_316' title='bbox 1173 981 1348 1013; x_wconf 88' lang='lat' dir='ltr'>dummodo</span> <span class='ocrx_word' id='word_1_317' title='bbox 1374 981 1471 1014; x_wconf 89' lang='lat' dir='ltr'>iidem</span> <span class='ocrx_word' id='word_1_318' title='bbox 1497 981 1696 1024; x_wconf 81' lang='lat' dir='ltr'>trigesimum</span> <span class='ocrx_word' id='word_1_319' title='bbox 1720 982 1832 1015; x_wconf 89' lang='lat' dir='ltr'>aetatis</span> <span class='ocrx_word' id='word_1_320' title='bbox 1857 992 1910 1015; x_wconf 90' lang='lat' dir='ltr'>an-</span> 
     </span>
     <span class='ocr_line' id='line_1_68' title="bbox 1173 1034 1910 1074; baseline 0.003 -10"><span class='ocrx_word' id='word_1_321' title='bbox 1173 1043 1251 1065; x_wconf 92' lang='lat' dir='ltr'>num</span> <span class='ocrx_word' id='word_1_322' title='bbox 1275 1043 1341 1065; x_wconf 91' lang='lat' dir='ltr'>non</span> <span class='ocrx_word' id='word_1_323' title='bbox 1367 1034 1576 1074; x_wconf 84' lang='lat' dir='ltr'>excesserint,</span> <span class='ocrx_word' id='word_1_324' title='bbox 1595 1034 1715 1074; x_wconf 87' lang='lat' dir='ltr'>audire,</span> <span class='ocrx_word' id='word_1_325' title='bbox 1738 1045 1783 1074; x_wconf 89' lang='lat' dir='ltr'>ac,</span> <span class='ocrx_word' id='word_1_326' title='bbox 1809 1035 1836 1066; x_wconf 89' lang='lat' dir='ltr'>si</span> <span class='ocrx_word' id='word_1_327' title='bbox 1854 1034 1910 1066; x_wconf 88' lang='lat' dir='ltr'>ha-</span> 
     </span>
     <span class='ocr_line' id='line_1_69' title="bbox 1172 1086 1909 1130; baseline 0.003 -12"><span class='ocrx_word' id='word_1_328' title='bbox 1172 1086 1256 1119; x_wconf 89' lang='lat' dir='ltr'>biles</span> <span class='ocrx_word' id='word_1_329' title='bbox 1275 1091 1307 1119; x_wconf 89' lang='lat' dir='ltr'>et</span> <span class='ocrx_word' id='word_1_330' title='bbox 1325 1086 1521 1119; x_wconf 84' lang='lat' dir='ltr'>sufficientes</span> <span class='ocrx_word' id='word_1_331' title='bbox 1542 1087 1664 1130; x_wconf 88' lang='lat' dir='ltr'>reperti</span> <span class='ocrx_word' id='word_1_332' title='bbox 1685 1088 1790 1129; x_wconf 85' lang='lat' dir='ltr'>suerit,</span> <span class='ocrx_word' id='word_1_333' title='bbox 1812 1086 1909 1120; x_wconf 89' lang='lat' dir='ltr'>etiam</span> 
     </span>
     <span class='ocr_line' id='line_1_70' title="bbox 1173 1139 1912 1183; baseline 0.001 -12"><span class='ocrx_word' id='word_1_334' title='bbox 1173 1139 1212 1171; x_wconf 90' lang='lat' dir='ltr'>ad</span> <span class='ocrx_word' id='word_1_335' title='bbox 1239 1139 1425 1172; x_wconf 88' lang='lat' dir='ltr'>doctoratus</span> <span class='ocrx_word' id='word_1_336' title='bbox 1452 1140 1586 1183; x_wconf 85' lang='lat' dir='ltr'>gradum</span> <span class='ocrx_word' id='word_1_337' title='bbox 1610 1141 1643 1173; x_wconf 90' lang='lat' dir='ltr'>in</span> <span class='ocrx_word' id='word_1_338' title='bbox 1667 1140 1854 1174; x_wconf 90' lang='lat' dir='ltr'>huiusmodi</span> <span class='ocrx_word' id='word_1_339' title='bbox 1871 1140 1912 1173; x_wconf 86' lang='lat' dir='ltr'>sa-</span> 
     </span>
     <span class='ocr_line' id='line_1_71' title="bbox 1174 1193 1914 1238; baseline 0.003 -13"><span class='ocrx_word' id='word_1_340' title='bbox 1174 1193 1290 1226; x_wconf 84' lang='lat' dir='ltr'>cultate</span> <span class='ocrx_word' id='word_1_341' title='bbox 1305 1203 1339 1225; x_wconf 91' lang='lat' dir='ltr'>se</span> <span class='ocrx_word' id='word_1_342' title='bbox 1354 1194 1539 1236; x_wconf 89' lang='lat' dir='ltr'>promoveri</span> <span class='ocrx_word' id='word_1_343' title='bbox 1554 1194 1671 1234; x_wconf 84' lang='lat' dir='ltr'>facere,</span> <span class='ocrx_word' id='word_1_344' title='bbox 1689 1194 1824 1238; x_wconf 86' lang='lat' dir='ltr'>ipsaque</span> <span class='ocrx_word' id='word_1_345' title='bbox 1845 1194 1914 1228; x_wconf 90' lang='lat' dir='ltr'>iura</span> 
     </span>
     <span class='ocr_line' id='line_1_72' title="bbox 1174 1245 1910 1289; baseline 0.004 -12"><span class='ocrx_word' id='word_1_346' title='bbox 1174 1245 1270 1278; x_wconf 88' lang='lat' dir='ltr'>etiam</span> <span class='ocrx_word' id='word_1_347' title='bbox 1302 1245 1432 1288; x_wconf 89' lang='lat' dir='ltr'>publice</span> <span class='ocrx_word' id='word_1_348' title='bbox 1467 1246 1606 1287; x_wconf 89' lang='lat' dir='ltr'>docere,</span> <span class='ocrx_word' id='word_1_349' title='bbox 1640 1251 1735 1289; x_wconf 87' lang='lat' dir='ltr'>atque</span> <span class='ocrx_word' id='word_1_350' title='bbox 1771 1246 1910 1288; x_wconf 90' lang='lat' dir='ltr'>iudicis,</span> 
     </span>
     <span class='ocr_line' id='line_1_73' title="bbox 1175 1298 1913 1341; baseline 0.003 -11"><span class='ocrx_word' id='word_1_351' title='bbox 1175 1298 1322 1331; x_wconf 87' lang='lat' dir='ltr'>advocati</span> <span class='ocrx_word' id='word_1_352' title='bbox 1348 1304 1379 1331; x_wconf 92' lang='lat' dir='ltr'>et</span> <span class='ocrx_word' id='word_1_353' title='bbox 1399 1299 1616 1341; x_wconf 89' lang='lat' dir='ltr'>procuratoris</span> <span class='ocrx_word' id='word_1_354' title='bbox 1633 1299 1772 1332; x_wconf 84' lang='lat' dir='ltr'>officium</span> <span class='ocrx_word' id='word_1_355' title='bbox 1789 1299 1822 1332; x_wconf 91' lang='lat' dir='ltr'>in</span> <span class='ocrx_word' id='word_1_356' title='bbox 1839 1309 1913 1332; x_wconf 91' lang='lat' dir='ltr'>cau-</span> 
     </span>
     <span class='ocr_line' id='line_1_74' title="bbox 1174 1350 1914 1385; baseline 0.003 -2"><span class='ocrx_word' id='word_1_357' title='bbox 1174 1350 1215 1383; x_wconf 88' lang='lat' dir='ltr'>sis</span> <span class='ocrx_word' id='word_1_358' title='bbox 1242 1351 1467 1384; x_wconf 85' lang='lat' dir='ltr'>ecclesiasticis</span> <span class='ocrx_word' id='word_1_359' title='bbox 1481 1357 1513 1384; x_wconf 89' lang='lat' dir='ltr'>et</span> <span class='ocrx_word' id='word_1_360' title='bbox 1527 1351 1671 1385; x_wconf 89' lang='lat' dir='ltr'>civilibus</span> <span class='ocrx_word' id='word_1_361' title='bbox 1685 1357 1808 1385; x_wconf 91' lang='lat' dir='ltr'>tantum</span> <span class='ocrx_word' id='word_1_362' title='bbox 1823 1362 1914 1385; x_wconf 87' lang='lat' dir='ltr'>exer-</span> 
     </span>
     <span class='ocr_line' id='line_1_75' title="bbox 1175 1405 1912 1447; baseline 0.001 -10"><span class='ocrx_word' id='word_1_363' title='bbox 1175 1415 1248 1437; x_wconf 91' lang='lat' dir='ltr'>cere</span> <span class='ocrx_word' id='word_1_364' title='bbox 1276 1405 1380 1437; x_wconf 87' lang='lat' dir='ltr'>libere</span> <span class='ocrx_word' id='word_1_365' title='bbox 1407 1410 1438 1437; x_wconf 91' lang='lat' dir='ltr'>et</span> <span class='ocrx_word' id='word_1_366' title='bbox 1463 1405 1550 1437; x_wconf 89' lang='lat' dir='ltr'>licite</span> <span class='ocrx_word' id='word_1_367' title='bbox 1576 1405 1703 1447; x_wconf 90' lang='lat' dir='ltr'>possint</span> <span class='ocrx_word' id='word_1_368' title='bbox 1728 1410 1760 1438; x_wconf 89' lang='lat' dir='ltr'>et</span> <span class='ocrx_word' id='word_1_369' title='bbox 1775 1406 1912 1447; x_wconf 85' lang='lat' dir='ltr'>valeant,</span> 
     </span>
     <span class='ocr_line' id='line_1_76' title="bbox 1175 1458 1909 1502; baseline 0.001 -12"><span class='ocrx_word' id='word_1_370' title='bbox 1175 1458 1213 1490; x_wconf 90' lang='lat' dir='ltr'>de</span> <span class='ocrx_word' id='word_1_371' title='bbox 1239 1458 1387 1501; x_wconf 87' lang='lat' dir='ltr'>specialis</span> <span class='ocrx_word' id='word_1_372' title='bbox 1414 1458 1498 1491; x_wconf 91' lang='lat' dir='ltr'>dono</span> <span class='ocrx_word' id='word_1_373' title='bbox 1520 1458 1641 1501; x_wconf 82' lang='lat' dir='ltr'>gratiae</span> <span class='ocrx_word' id='word_1_374' title='bbox 1672 1459 1909 1502; x_wconf 88' lang='lat' dir='ltr'>dispensamus.</span> 
     </span>
    </p>

    <p class='ocr_par' dir='ltr' id='par_1_13' title="bbox 1175 1511 1918 2669">
     <span class='ocr_line' id='line_1_77' title="bbox 1218 1511 1913 1555; baseline 0.001 -11"><span class='ocrx_word' id='word_1_375' title='bbox 1218 1511 1287 1554; x_wconf 55' lang='lat' dir='ltr'>§ti</span> <span class='ocrx_word' id='word_1_376' title='bbox 1323 1511 1431 1544; x_wconf 89' lang='lat' dir='ltr'>Liceat</span> <span class='ocrx_word' id='word_1_377' title='bbox 1466 1522 1594 1555; x_wconf 88' lang='lat' dir='ltr'>quoque</span> <span class='ocrx_word' id='word_1_378' title='bbox 1626 1512 1706 1555; x_wconf 89' lang='lat' dir='ltr'>ipsis</span> <span class='ocrx_word' id='word_1_379' title='bbox 1739 1518 1771 1545; x_wconf 91' lang='lat' dir='ltr'>et</span> <span class='ocrx_word' id='word_1_380' title='bbox 1801 1523 1913 1545; x_wconf 89' lang='lat' dir='ltr'>eorum</span> 
     </span>
     <span class='ocr_line' id='line_1_78' title="bbox 1175 1565 1912 1608; baseline 0.003 -12"><span class='ocrx_word' id='word_1_381' title='bbox 1175 1565 1311 1607; x_wconf 81' lang='lat' dir='ltr'>singulis</span> <span class='ocrx_word' id='word_1_382' title='bbox 1336 1565 1478 1608; x_wconf 91' lang='lat' dir='ltr'>aliquem</span> <span class='ocrx_word' id='word_1_383' title='bbox 1506 1565 1659 1598; x_wconf 88' lang='lat' dir='ltr'>idoneum</span> <span class='ocrx_word' id='word_1_384' title='bbox 1693 1570 1724 1598; x_wconf 87' lang='lat' dir='ltr'>et</span> <span class='ocrx_word' id='word_1_385' title='bbox 1755 1565 1794 1598; x_wconf 89' lang='lat' dir='ltr'>ab</span> <span class='ocrx_word' id='word_1_386' title='bbox 1822 1565 1912 1598; x_wconf 89' lang='lat' dir='ltr'>Ordi-</span> 
     </span>
     <span class='ocr_line' id='line_1_79' title="bbox 1175 1617 1912 1662; baseline 0.003 -13"><span class='ocrx_word' id='word_1_387' title='bbox 1175 1617 1267 1650; x_wconf 90' lang='lat' dir='ltr'>nario</span> <span class='ocrx_word' id='word_1_388' title='bbox 1290 1618 1352 1650; x_wconf 90' lang='lat' dir='ltr'>loci</span> <span class='ocrx_word' id='word_1_389' title='bbox 1378 1618 1591 1661; x_wconf 84' lang='lat' dir='ltr'>approbatum</span> <span class='ocrx_word' id='word_1_390' title='bbox 1615 1618 1839 1662; x_wconf 80' lang='lat' dir='ltr'>presbyterum</span> <span class='ocrx_word' id='word_1_391' title='bbox 1863 1628 1912 1651; x_wconf 88' lang='lat' dir='ltr'>se-</span> 
     </span>
     <span class='ocr_line' id='line_1_80' title="bbox 1176 1670 1913 1714; baseline 0 -11"><span class='ocrx_word' id='word_1_392' title='bbox 1176 1671 1317 1703; x_wconf 85' lang='lat' dir='ltr'>cularem</span> <span class='ocrx_word' id='word_1_393' title='bbox 1341 1671 1390 1703; x_wconf 90' lang='lat' dir='ltr'>vel</span> <span class='ocrx_word' id='word_1_394' title='bbox 1415 1670 1552 1703; x_wconf 89' lang='lat' dir='ltr'>cuiusvis</span> <span class='ocrx_word' id='word_1_395' title='bbox 1577 1670 1703 1703; x_wconf 89' lang='lat' dir='ltr'>Ordinis</span> <span class='ocrx_word' id='word_1_396' title='bbox 1730 1671 1913 1714; x_wconf 79' lang='lat' dir='ltr'>regularem</span> 
     </span>
     <span class='ocr_line' id='line_1_81' title="bbox 1176 1724 1914 1767; baseline 0 -11"><span class='ocrx_word' id='word_1_397' title='bbox 1176 1724 1207 1756; x_wconf 90' lang='lat' dir='ltr'>in</span> <span class='ocrx_word' id='word_1_398' title='bbox 1233 1735 1325 1756; x_wconf 91' lang='lat' dir='ltr'>suum</span> <span class='ocrx_word' id='word_1_399' title='bbox 1350 1724 1472 1767; x_wconf 80' lang='lat' dir='ltr'>eligere</span> <span class='ocrx_word' id='word_1_400' title='bbox 1497 1724 1732 1765; x_wconf 87' lang='lat' dir='ltr'>consessorem,</span> <span class='ocrx_word' id='word_1_401' title='bbox 1769 1724 1823 1767; x_wconf 91' lang='lat' dir='ltr'>qui</span> <span class='ocrx_word' id='word_1_402' title='bbox 1851 1724 1914 1757; x_wconf 76' lang='lat' dir='ltr'>vita</span> 
     </span>
     <span class='ocr_line' id='line_1_82' title="bbox 1177 1776 1914 1820; baseline -0.001 -11"><span class='ocrx_word' id='word_1_403' title='bbox 1177 1776 1222 1809; x_wconf 86' lang='lat' dir='ltr'>eis</span> <span class='ocrx_word' id='word_1_404' title='bbox 1247 1777 1364 1809; x_wconf 87' lang='lat' dir='ltr'>comite</span> <span class='ocrx_word' id='word_1_405' title='bbox 1393 1787 1449 1810; x_wconf 89' lang='lat' dir='ltr'>eos</span> <span class='ocrx_word' id='word_1_406' title='bbox 1482 1782 1514 1809; x_wconf 87' lang='lat' dir='ltr'>et</span> <span class='ocrx_word' id='word_1_407' title='bbox 1544 1777 1687 1820; x_wconf 88' lang='lat' dir='ltr'>ipsorum</span> <span class='ocrx_word' id='word_1_408' title='bbox 1719 1777 1864 1819; x_wconf 82' lang='lat' dir='ltr'>singulos</span> <span class='ocrx_word' id='word_1_409' title='bbox 1897 1786 1914 1808; x_wconf 90' lang='lat' dir='ltr'>a</span> 
     </span>
     <span class='ocr_line' id='line_1_83' title="bbox 1177 1829 1916 1872; baseline 0.001 -11"><span class='ocrx_word' id='word_1_410' title='bbox 1177 1830 1344 1872; x_wconf 86' lang='lat' dir='ltr'>quibusvis</span> <span class='ocrx_word' id='word_1_411' title='bbox 1360 1829 1711 1870; x_wconf 87' lang='lat' dir='ltr'>excommunicationis,</span> <span class='ocrx_word' id='word_1_412' title='bbox 1727 1829 1916 1872; x_wconf 86' lang='lat' dir='ltr'>suspensio-</span> 
     </span>
     <span class='ocr_line' id='line_1_84' title="bbox 1177 1881 1913 1926; baseline -0.001 -11"><span class='ocrx_word' id='word_1_413' title='bbox 1177 1883 1226 1915; x_wconf 90' lang='lat' dir='ltr'>nis</span> <span class='ocrx_word' id='word_1_414' title='bbox 1255 1888 1286 1915; x_wconf 91' lang='lat' dir='ltr'>et</span> <span class='ocrx_word' id='word_1_415' title='bbox 1315 1883 1493 1923; x_wconf 86' lang='lat' dir='ltr'>interdicti,</span> <span class='ocrx_word' id='word_1_416' title='bbox 1519 1883 1653 1926; x_wconf 88' lang='lat' dir='ltr'>aliisque</span> <span class='ocrx_word' id='word_1_417' title='bbox 1684 1881 1913 1915; x_wconf 88' lang='lat' dir='ltr'>ecclesiasticis</span> 
     </span>
     <span class='ocr_line' id='line_1_85' title="bbox 1177 1935 1914 1980; baseline 0 -12"><span class='ocrx_word' id='word_1_418' title='bbox 1177 1936 1356 1977; x_wconf 84' lang='lat' dir='ltr'>sententiis,</span> <span class='ocrx_word' id='word_1_419' title='bbox 1384 1936 1527 1969; x_wconf 87' lang='lat' dir='ltr'>censuris</span> <span class='ocrx_word' id='word_1_420' title='bbox 1553 1941 1583 1969; x_wconf 90' lang='lat' dir='ltr'>et</span> <span class='ocrx_word' id='word_1_421' title='bbox 1599 1936 1723 1980; x_wconf 90' lang='lat' dir='ltr'>poenis,</span> <span class='ocrx_word' id='word_1_422' title='bbox 1744 1946 1762 1968; x_wconf 89' lang='lat' dir='ltr'>a</span> <span class='ocrx_word' id='word_1_423' title='bbox 1779 1935 1847 1969; x_wconf 87' lang='lat' dir='ltr'>iure</span> <span class='ocrx_word' id='word_1_424' title='bbox 1863 1936 1914 1969; x_wconf 87' lang='lat' dir='ltr'>vel</span> 
     </span>
     <span class='ocr_line' id='line_1_86' title="bbox 1178 1988 1915 2032; baseline 0 -11"><span class='ocrx_word' id='word_1_425' title='bbox 1178 1989 1217 2021; x_wconf 84' lang='lat' dir='ltr'>ab</span> <span class='ocrx_word' id='word_1_426' title='bbox 1243 1989 1383 2029; x_wconf 85' lang='lat' dir='ltr'>homine,</span> <span class='ocrx_word' id='word_1_427' title='bbox 1411 1989 1520 2032; x_wconf 88' lang='lat' dir='ltr'>quavis</span> <span class='ocrx_word' id='word_1_428' title='bbox 1541 1988 1711 2021; x_wconf 88' lang='lat' dir='ltr'>occasione</span> <span class='ocrx_word' id='word_1_429' title='bbox 1739 1989 1790 2021; x_wconf 90' lang='lat' dir='ltr'>vel</span> <span class='ocrx_word' id='word_1_430' title='bbox 1819 1989 1915 2021; x_wconf 76' lang='lat' dir='ltr'>causa</span> 
     </span>
     <span class='ocr_line' id='line_1_87' title="bbox 1179 2040 1915 2085; baseline -0.001 -11"><span class='ocrx_word' id='word_1_431' title='bbox 1179 2042 1269 2081; x_wconf 79' lang='lat' dir='ltr'>latis,</span> <span class='ocrx_word' id='word_1_432' title='bbox 1303 2047 1335 2074; x_wconf 92' lang='lat' dir='ltr'>et</span> <span class='ocrx_word' id='word_1_433' title='bbox 1364 2052 1422 2085; x_wconf 90' lang='lat' dir='ltr'>per</span> <span class='ocrx_word' id='word_1_434' title='bbox 1454 2052 1509 2074; x_wconf 91' lang='lat' dir='ltr'>eos</span> <span class='ocrx_word' id='word_1_435' title='bbox 1541 2041 1699 2082; x_wconf 79' lang='lat' dir='ltr'>incursis,</span> <span class='ocrx_word' id='word_1_436' title='bbox 1732 2046 1765 2074; x_wconf 89' lang='lat' dir='ltr'>et</span> <span class='ocrx_word' id='word_1_437' title='bbox 1797 2040 1915 2084; x_wconf 89' lang='lat' dir='ltr'>quibus</span> 
     </span>
     <span class='ocr_line' id='line_1_88' title="bbox 1179 2093 1912 2138; baseline -0.003 -11"><span class='ocrx_word' id='word_1_438' title='bbox 1179 2094 1268 2138; x_wconf 87' lang='lat' dir='ltr'>ipsos</span> <span class='ocrx_word' id='word_1_439' title='bbox 1289 2105 1349 2138; x_wconf 88' lang='lat' dir='ltr'>pro</span> <span class='ocrx_word' id='word_1_440' title='bbox 1371 2099 1517 2138; x_wconf 86' lang='lat' dir='ltr'>tempore</span> <span class='ocrx_word' id='word_1_441' title='bbox 1535 2094 1706 2137; x_wconf 87' lang='lat' dir='ltr'>illaqueari</span> <span class='ocrx_word' id='word_1_442' title='bbox 1727 2093 1912 2136; x_wconf 82' lang='lat' dir='ltr'>contigerit,</span> 
     </span>
     <span class='ocr_line' id='line_1_89' title="bbox 1179 2146 1914 2180; baseline -0.003 0"><span class='ocrx_word' id='word_1_443' title='bbox 1179 2147 1305 2180; x_wconf 88' lang='lat' dir='ltr'>etiamsi</span> <span class='ocrx_word' id='word_1_444' title='bbox 1328 2148 1490 2180; x_wconf 89' lang='lat' dir='ltr'>absolutio</span> <span class='ocrx_word' id='word_1_445' title='bbox 1513 2148 1607 2180; x_wconf 89' lang='lat' dir='ltr'>nobis</span> <span class='ocrx_word' id='word_1_446' title='bbox 1624 2152 1655 2180; x_wconf 89' lang='lat' dir='ltr'>et</span> <span class='ocrx_word' id='word_1_447' title='bbox 1673 2146 1914 2180; x_wconf 81' lang='lat' dir='ltr'>successoribus</span> 
     </span>
     <span class='ocr_line' id='line_1_90' title="bbox 1178 2200 1916 2242; baseline -0.003 -9"><span class='ocrx_word' id='word_1_448' title='bbox 1178 2201 1297 2233; x_wconf 88' lang='lat' dir='ltr'>nostris</span> <span class='ocrx_word' id='word_1_449' title='bbox 1322 2201 1474 2233; x_wconf 85' lang='lat' dir='ltr'>Romanis</span> <span class='ocrx_word' id='word_1_450' title='bbox 1507 2200 1714 2233; x_wconf 78' lang='lat' dir='ltr'>Pontificibus</span> <span class='ocrx_word' id='word_1_451' title='bbox 1746 2210 1805 2242; x_wconf 90' lang='lat' dir='ltr'>pro</span> <span class='ocrx_word' id='word_1_452' title='bbox 1834 2203 1916 2231; x_wconf 87' lang='lat' dir='ltr'>tem-</span> 
     </span>
     <span class='ocr_line' id='line_1_91' title="bbox 1177 2253 1916 2296; baseline -0.001 -11"><span class='ocrx_word' id='word_1_453' title='bbox 1177 2264 1258 2296; x_wconf 89' lang='lat' dir='ltr'>pore</span> <span class='ocrx_word' id='word_1_454' title='bbox 1284 2253 1498 2286; x_wconf 83' lang='lat' dir='ltr'>existentibus</span> <span class='ocrx_word' id='word_1_455' title='bbox 1523 2253 1708 2296; x_wconf 86' lang='lat' dir='ltr'>specialiter</span> <span class='ocrx_word' id='word_1_456' title='bbox 1735 2253 1784 2285; x_wconf 87' lang='lat' dir='ltr'>vel</span> <span class='ocrx_word' id='word_1_457' title='bbox 1818 2261 1916 2294; x_wconf 85' lang='lat' dir='ltr'>gene-</span> 
     </span>
     <span class='ocr_line' id='line_1_92' title="bbox 1178 2306 1917 2348; baseline -0.001 -10"><span class='ocrx_word' id='word_1_458' title='bbox 1178 2306 1290 2339; x_wconf 88' lang='lat' dir='ltr'>raliter</span> <span class='ocrx_word' id='word_1_459' title='bbox 1314 2312 1475 2340; x_wconf 87' lang='lat' dir='ltr'>reservata</span> <span class='ocrx_word' id='word_1_460' title='bbox 1490 2307 1614 2346; x_wconf 86' lang='lat' dir='ltr'>existat,</span> <span class='ocrx_word' id='word_1_461' title='bbox 1635 2316 1670 2338; x_wconf 91' lang='lat' dir='ltr'>ac</span> <span class='ocrx_word' id='word_1_462' title='bbox 1688 2314 1917 2348; x_wconf 90' lang='lat' dir='ltr'>quorumcum-</span> 
     </span>
     <span class='ocr_line' id='line_1_93' title="bbox 1179 2359 1915 2403; baseline -0.001 -12"><span class='ocrx_word' id='word_1_463' title='bbox 1179 2371 1239 2403; x_wconf 87' lang='lat' dir='ltr'>que</span> <span class='ocrx_word' id='word_1_464' title='bbox 1266 2364 1414 2393; x_wconf 89' lang='lat' dir='ltr'>votorum</span> <span class='ocrx_word' id='word_1_465' title='bbox 1436 2364 1467 2392; x_wconf 90' lang='lat' dir='ltr'>et</span> <span class='ocrx_word' id='word_1_466' title='bbox 1487 2359 1643 2392; x_wconf 86' lang='lat' dir='ltr'>ecclesiae</span> <span class='ocrx_word' id='word_1_467' title='bbox 1661 2363 1915 2402; x_wconf 85' lang='lat' dir='ltr'>praeceptorum</span> 
     </span>
     <span class='ocr_line' id='line_1_94' title="bbox 1179 2410 1917 2455; baseline -0.004 -10"><span class='ocrx_word' id='word_1_468' title='bbox 1179 2413 1502 2455; x_wconf 79' lang='lat' dir='ltr'>transgressionibus,</span> <span class='ocrx_word' id='word_1_469' title='bbox 1517 2412 1693 2445; x_wconf 85' lang='lat' dir='ltr'>homicidio</span> <span class='ocrx_word' id='word_1_470' title='bbox 1704 2410 1834 2451; x_wconf 88' lang='lat' dir='ltr'>casuali,</span> <span class='ocrx_word' id='word_1_471' title='bbox 1849 2420 1917 2443; x_wconf 90' lang='lat' dir='ltr'>ma-</span> 
     </span>
     <span class='ocr_line' id='line_1_95' title="bbox 1178 2465 1916 2508; baseline -0.004 -9"><span class='ocrx_word' id='word_1_472' title='bbox 1178 2477 1275 2499; x_wconf 90' lang='lat' dir='ltr'>nuum</span> <span class='ocrx_word' id='word_1_473' title='bbox 1300 2466 1518 2499; x_wconf 88' lang='lat' dir='ltr'>violentarum</span> <span class='ocrx_word' id='word_1_474' title='bbox 1543 2465 1577 2498; x_wconf 94' lang='lat' dir='ltr'>in</span> <span class='ocrx_word' id='word_1_475' title='bbox 1602 2465 1728 2508; x_wconf 89' lang='lat' dir='ltr'>quasvis</span> <span class='ocrx_word' id='word_1_476' title='bbox 1761 2474 1916 2508; x_wconf 84' lang='lat' dir='ltr'>personas</span> 
     </span>
     <span class='ocr_line' id='line_1_96' title="bbox 1178 2517 1917 2560; baseline -0.001 -9"><span class='ocrx_word' id='word_1_477' title='bbox 1178 2519 1274 2551; x_wconf 84' lang='lat' dir='ltr'>etiam</span> <span class='ocrx_word' id='word_1_478' title='bbox 1299 2519 1544 2559; x_wconf 83' lang='lat' dir='ltr'>ecclesiasticas,</span> <span class='ocrx_word' id='word_1_479' title='bbox 1572 2528 1638 2551; x_wconf 92' lang='lat' dir='ltr'>non</span> <span class='ocrx_word' id='word_1_480' title='bbox 1663 2523 1770 2550; x_wconf 86' lang='lat' dir='ltr'>tamen</span> <span class='ocrx_word' id='word_1_481' title='bbox 1792 2517 1917 2560; x_wconf 84' lang='lat' dir='ltr'>episco-</span> 
     </span>
     <span class='ocr_line' id='line_1_97' title="bbox 1177 2570 1915 2615; baseline -0.003 -11"><span class='ocrx_word' id='word_1_482' title='bbox 1177 2583 1236 2615; x_wconf 90' lang='lat' dir='ltr'>pos</span> <span class='ocrx_word' id='word_1_483' title='bbox 1268 2574 1317 2605; x_wconf 88' lang='lat' dir='ltr'>vel</span> <span class='ocrx_word' id='word_1_484' title='bbox 1343 2572 1423 2604; x_wconf 89' lang='lat' dir='ltr'>alios</span> <span class='ocrx_word' id='word_1_485' title='bbox 1450 2572 1635 2615; x_wconf 88' lang='lat' dir='ltr'>superiores</span> <span class='ocrx_word' id='word_1_486' title='bbox 1668 2571 1850 2614; x_wconf 89' lang='lat' dir='ltr'>praelatos,</span> <span class='ocrx_word' id='word_1_487' title='bbox 1877 2570 1915 2602; x_wconf 87' lang='lat' dir='ltr'>de</span> 
     </span>
     <span class='ocr_line' id='line_1_98' title="bbox 1177 2622 1918 2669; baseline -0.004 -11"><span class='ocrx_word' id='word_1_488' title='bbox 1177 2625 1355 2669; x_wconf 79' lang='lat' dir='ltr'>praeterito</span> <span class='ocrx_word' id='word_1_489' title='bbox 1380 2624 1622 2666; x_wconf 86' lang='lat' dir='ltr'>iniectionibus,</span> <span class='ocrx_word' id='word_1_490' title='bbox 1650 2634 1705 2656; x_wconf 90' lang='lat' dir='ltr'>seu</span> <span class='ocrx_word' id='word_1_491' title='bbox 1723 2623 1848 2656; x_wconf 89' lang='lat' dir='ltr'>consilii</span> <span class='ocrx_word' id='word_1_492' title='bbox 1865 2622 1918 2656; x_wconf 85' lang='lat' dir='ltr'>vel</span> 
     </span>
    </p>
   </div>
   <div class='ocr_carea' id='block_1_10' title="bbox 1919 243 2100 274">
    <p class='ocr_par' dir='ltr' id='par_1_14' title="bbox 1919 243 2100 274">
     <span class='ocr_line' id='line_1_99' title="bbox 1919 243 2100 274; baseline 0.011 -3"><span class='ocrx_word' id='word_1_493' title='bbox 1919 243 2011 272; x_wconf 63' lang='lat' dir='ltr'>nme.</span> <span class='ocrx_word' id='word_1_494' title='bbox 2035 244 2100 274; x_wconf 71' lang='lat'>¹668</span> 
     </span>
    </p>
   </div>
   <div class='ocr_carea' id='block_1_11' title="bbox 1946 725 2095 748">
    <p class='ocr_par' dir='ltr' id='par_1_15' title="bbox 1946 725 2095 748">
     <span class='ocr_line' id='line_1_100' title="bbox 1946 725 2095 748; baseline 0 0"><span class='ocrx_word' id='word_1_495' title='bbox 1946 727 1991 748; x_wconf 72' lang='lat' dir='ltr'>Alia</span> <span class='ocrx_word' id='word_1_496' title='bbox 2005 725 2095 748; x_wconf 69' lang='lat' dir='ltr'>indulta.</span> 
     </span>
    </p>
   </div>
   <div class='ocr_carea' id='block_1_12' title="bbox 1923 1518 2106 1570">
    <p class='ocr_par' dir='ltr' id='par_1_16' title="bbox 1923 1518 2106 1570">
     <span class='ocr_line' id='line_1_101' title="bbox 1949 1518 2104 1538; baseline 0 0"><span class='ocrx_word' id='word_1_497' title='bbox 1949 1518 2104 1538; x_wconf 64' lang='lat' dir='ltr'>Consasearinm</span> 
     </span>
     <span class='ocr_line' id='line_1_102' title="bbox 1923 1546 2106 1570; baseline -0.011 -5"><span class='ocrx_word' id='word_1_498' title='bbox 1923 1546 2002 1570; x_wconf 70' lang='lat' dir='ltr'>eligere</span> <span class='ocrx_word' id='word_1_499' title='bbox 2017 1548 2106 1570; x_wconf 70' lang='lat' dir='ltr'>possint.</span> 
     </span>
    </p>
   </div>
  </div>
 </body>
</html>
