2247 3208
129 260 178 287 Αη.
200 259 229 288 C.
247 261 315 288 1669

181 585 306 605 Outinauun

120 612 214 636 lingum.

167 2272 299 2301 ¹Apprvbzuo

116 2301 217 2323 magistri.

942 265 1083 291 CLEMENS

319 310 432 339 Dilecto
453 311 513 339 filio
534 320 638 347 magno
658 314 801 348 magistro
820 314 979 348 hospitalis
992 323 1059 342 san·
1080 315 1081 318 ’

354 355 399 382 cti
410 356 531 384 Ioannis
548 358 829 392 Hierosolymitani,

537 409 671 437 Clemens
693 411 770 444 Papa
792 411 836 438 IX>

590 473 703 499 Dilecto
724 473 783 504 fili,

352 514 483 541 salutem
504 518 534 542 et
554 516 747 549 apostolic-ain
770 516 1020 543 benedictionem.

362 584 376 626 ἓ
401 584 431 616 ⁴l.
460 584 572 627 Nuper
597 585 656 627 p'ro
683 591 774 627 parte
802 584 996 617 dilectorum
1023 586 1057 616 u-

319 636 436 669 lierum
463 638 595 669 l‘ratrum
611 636 739 678 linguae
763 637 946 669 Provinciae
965 637 1056 670 istius

320 690 488 732 hospitalis
528 689 559 722 S.
605 689 732 721 loannis
772 689 1079 735 Hierosolvinitanit

319 739 412 772 nobis
439 739 618 782 expositum
643 739 711 776 suit,
734 740 829 781 quod,
847 740 1055 773 considerato

317 792 445 824 modico
471 798 567 834 atque
596 791 772 825 miserabili
798 792 880 824 victu
913 792 966 835 qui
993 793 1055 824 l'ra-

319 844 420 876 tribus
438 843 595 876 militibus
612 843 715 876 dictae
736 844 863 886 linguae
889 845 980 877 valde
1000 855 1056 877 nu-

315 896 449 929 merosis
474 897 506 928 in
532 897 617 929 illius
644 897 786 939 albergia
811 898 995 940 praebetur,
1016 899 1053 931 ad

316 949 551 982 sublevandam
566 949 725 982 eiusmodi
746 950 908 982 miseriam
925 951 989 983 sive
1011 957 1056 984 te-

315 1003 472 1035 nuitatem
489 1030 496 1043 ‚
524 1003 563 1035 ab
589 1003 703 1036 eadem
738 1003 847 1046 lingua
881 1004 930 1042 die
957 1015 1053 1037 xxviii

316 1055 499 1088 novembris
524 1066 688 1095 nncexvu,
715 1068 751 1088 ae
776 1069 793 1089 a
819 1063 847 1089 te
874 1063 905 1089 et
929 1057 1053 1090 dilectis

315 1108 389 1142 siliis
414 1109 550 1142 consilio
576 1109 650 1141 dicti
677 1110 848 1152 hospitalis
879 1111 929 1143 dic
957 1121 986 1144 1x
1010 1111 1054 1143 ia-

315 1162 419 1194 nuarii
452 1172 616 1195 moctxvut
647 1163 831 1195 ordinatum
853 1164 929 1204 suit,
958 1170 990 1195 ut
1015 1173 1052 1196 ex

315 1214 495 1247 redditibus
519 1220 550 1247 et
574 1215 784 1257 proventilnis
803 1216 964 1258 prioratus
985 1227 1054 1248 san-

315 1267 355 1298 cti
383 1267 498 1309 :Egidii
526 1267 654 1311 linguae
681 1273 711 1301 et
736 1269 903 1311 hospitalis
931 1270 1053 1312 praesa-

315 1325 433 1359 torum,
453 1325 525 1363 post
541 1326 679 1353 mortem
698 1320 806 1353 dilecti
828 1321 883 1354 tilii
905 1322 1051 1354 moderni

314 1374 434 1416 prioris
461 1374 534 1406 dicti
563 1374 739 1416 prioratus,
766 1381 997 1417 separarentur
1022 1381 1053 1407 ct

314 1426 627 1459 dismembrarentur
659 1437 765 1458 annua
797 1438 850 1459 sex
884 1428 984 1460 millia
1021 1428 1051 1461 li·

313 1479 444 1511 brarum
481 1485 631 1512 monetae
664 1479 791 1512 illarum
824 1480 986 1522 partium,
1013 1492 1050 1513 ex

313 1531 428 1574 quibus
446 1532 588 1575 quinque
607 1532 707 1565 millia
732 1532 886 1565 librarum
911 1534 1052 1576 applica-

313 1589 424 1616 rentur
461 1584 615 1627 impensis
648 1585 749 1617 vietus
786 1585 918 1617 fratrum
949 1586 1050 1619 dictae

313 1637 452 1678 linguae,
470 1638 555 1669 ultra
572 1638 613 1677 id,
630 1638 716 1681 quod
742 1649 800 1680 pro
828 1645 970 1682 tempore
986 1640 1051 1672 exi-

313 1695 398 1722 stens
424 1701 558 1732 magnus
578 1691 874 1724 commendatarius
891 1692 1049 1725 baiulivus

313 1743 537 1775 conventualis
573 1743 716 1776 eiusdem
749 1743 876 1786 linguae
913 1755 983 1777 eain
1018 1746 1049 1777 in

313 1804 380 1826 rem
401 1794 439 1827 de
465 1795 600 1837 proprio
618 1795 806 1838 impendere
831 1796 948 1836 debet3
975 1797 1050 1829 reli·
1070 1807 1072 1810 ⁴

312 1856 392 1888 quae
418 1858 494 1880 vero
519 1847 604 1880 mille
630 1847 729 1880 librae
756 1848 938 1882 huiusmodi
963 1860 1050 1882 coin-

313 1900 401 1932 muni
427 1900 552 1933 aerario
578 1901 746 1943 hospitalis
764 1902 898 1945 praelati
916 1902 949 1936 in
967 1914 1050 1936 com-

312 1953 538 1995 pensationem
564 1954 670 1986 damni
701 1956 787 1997 quod
820 1955 866 1988 illi
898 1967 957 1999 per
987 1957 1049 1989 dis-

312 2005 584 2039 membrationem
601 2007 783 2040 huiusmodi
798 2008 909 2041 inferri
928 2015 1046 2052 posset,

312 2063 343 2090 et
368 2058 445 2091 alias
470 2066 568 2102 prout
593 2060 625 2092 in
652 2061 788 2093 decretis
816 2061 957 2105 desuper
982 2063 1070 2095 die-¹

311 2111 371 2143 bus
391 2113 544 2154 praefatis
562 2123 618 2145 seu
641 2113 710 2146 aliis
727 2114 908 2147 verioribus
927 2121 1049 2159 tempo-

311 2163 400 2196 ribus
419 2165 595 2208 respective
611 2167 766 2200 emanatis
782 2167 913 2200 uberius
932 2168 1049 2201 dieitur

311 2215 472 2249 contineri
490 2228 497 2257 ;

355 2268 369 2310 ἓ
394 2268 425 2300 Ξ.
452 2269 489 2301 Et
512 2270 658 2310 subinde,
685 2282 757 2303 curn
784 2272 895 2305 divisio
916 2283 972 2305 scu
998 2284 1048 2305 se-

310 2321 435 2363 paratio
462 2327 494 2354 et
518 2323 760 2356 dismembratio
780 2325 964 2358 huiusmodi
991 2337 1048 2369 per

310 2374 549 2407 commissarios
574 2375 605 2407 in
631 2377 776 2418 partibus
809 2378 978 2420 deputatos
1005 2379 1069 2417 sa-¹

310 2432 377 2460 ctae
412 2426 542 2459 fuissent
577 2431 613 2460 ea
645 2429 715 2470 lege
747 2435 781 2461 ut
811 2430 941 2462 deinum
975 2437 1047 2473 post,

309 2484 445 2512 mortem
471 2479 545 2512 dicti
570 2481 719 2513 moderni
745 2483 865 2524 prioris
901 2482 1045 2516 effectum

310 2532 431 2564 habere
445 2543 480 2564 ac
493 2533 673 2565 executioni
689 2534 876 2567 demandari
892 2536 1043 2576 debeant,

310 2589 343 2616 tu
362 2591 392 2617 et
408 2584 575 2618 consilium
590 2586 768 2629 praefatum
787 2588 870 2627 illas,
890 2588 975 2620 iuxta
990 2600 1045 2621 eo-

311 2637 455 2670 rumdem
492 2639 785 2672 commissariortun
826 2641 1042 2684 r‹.⁵lationt·m,

1107 268 1137 291 1x
1161 268 1210 292 rr.
1728 260 1792 294 789
1838 270 1887 298 An.
1907 269 1936 298 C.
1960 271 2037 298 1669

1102 316 1152 348 die
1177 327 1194 349 x
1221 316 1400 350 decembris
1423 318 1567 361 proxime
1592 319 1758 362 praeteriti
1781 330 1837 362 ap-

1102 369 1267 411 probastis,
1282 376 1375 413 prout
1395 372 1426 404 in
1442 373 1570 405 decreto
1589 373 1835 416 approbationis

1102 421 1285 455 huiusmodi
1311 424 1470 456 contineri
1496 425 1590 457 etiam
1615 425 1739 458 dicitur.

1143 474 1157 515 ἓ
1182 474 1213 507 3.
1241 475 1316 508 Cum
1341 482 1459 516 autem,
1488 478 1571 510 sicut
1596 479 1710 511 cadem
1737 490 1834 522 expo·
1872 489 1998 512 postulatio.

1099 525 1173 558 sitio
1191 527 1415 570 subiungebat,
1435 530 1509 562 dicti
1529 537 1727 573 exponentes
1746 542 1835 574 prae-

1099 579 1217 618 missa,
1243 590 1306 622 quo
1332 580 1454 614 firmius
1489 583 1682 623 subsistant,
1710 590 1835 626 aposto-

1099 631 1176 664 licae
1203 633 1456 666 confirmationis
1488 641 1618 668 nostrae
1651 638 1833 680 patrocinio

1077 689 1078 693 ’
1098 684 1288 716 communiri
1310 696 1515 729 summopere
1538 688 1745 729 desiderent;
1764 701 1832 729 nos,

1076 741 1078 748 '
1098 736 1273 778 specialem
1290 737 1367 780 ipsis
1386 741 1623 781 exponentibus
1644 742 1777 783 gratiam
1795 742 1834 775 fa-

1098 799 1170 821 cere
1196 791 1349 829 volentes,
1373 796 1403 823 et
1428 802 1539 824 eorum
1562 792 1742 835 singulares
1762 805 1835 837 per-

1097 851 1192 875 sonas
1227 854 1244 874 a
1274 843 1437 885 qrribuwis
1463 847 1807 880 excommunicationis
1824 875 1832 888 ,

1097 895 1321 937 suspensionis
1338 901 1369 928 et
1386 896 1558 937 interdicti,
1581 899 1715 941 aliisque
1737 901 1835 933 eccle-

1097 946 1232 980 siasticis
1256 949 1444 989 sententiis,
1474 951 1617 983 censuris
1644 957 1675 983 et
1699 950 1828 994 poenis,

1097 1010 1114 1031 a
1138 1000 1207 1033 iure
1234 1002 1281 1033 vel
1308 1002 1346 1033 ab
1372 1002 1512 1043 homine,
1533 1003 1642 1045 quavis
1664 1004 1834 1037 occasione

1096 1054 1145 1086 vel
1171 1056 1263 1086 causa
1288 1055 1370 1094 latis,
1390 1055 1416 1086 si
1442 1056 1556 1098 quibus
1584 1057 1833 1099 quomodolibet

1096 1107 1267 1140 innodatae
1293 1107 1439 1148 existunt,
1459 1108 1497 1140 ad
1516 1108 1663 1142 effectum
1680 1120 1834 1153 praesen-

1096 1160 1174 1193 tium
1209 1161 1371 1193 dumtaxat
1406 1163 1692 1205 consequendum,
1720 1164 1834 1197 harum

1095 1213 1178 1245 serie
1204 1214 1409 1246 absolventes
1434 1220 1466 1246 et
1490 1214 1654 1248 absolutas
1676 1216 1745 1248 sore
1760 1227 1834 1249 cen-

1094 1270 1211 1304 sentes,
1239 1266 1532 1308 supplicationilnis
1559 1278 1671 1300 eorum
1703 1268 1832 1301 nomine

1095 1318 1187 1350 nobis
1214 1330 1314 1361 super
1335 1319 1396 1352 hoc
1422 1320 1590 1353 humiliter
1616 1321 1773 1363 porrectis
1789 1321 1832 1353 in-

1094 1372 1215 1411 clinati,
1231 1373 1286 1404 tibi
1306 1372 1498 1406 divisionem
1516 1384 1571 1406 seu
1591 1375 2028 1431 sepasffl’iffloem.f.‘·,'.‘{'s{{{¹¹‘'¹,¹1.¹‘;'³.'

1095 1430 1126 1457 et
1151 1426 1468 1459 dismembrationem
1489 1437 1666 1459 annuarum
1692 1438 1746 1460 sex
1760 1428 1831 1461 mil·
1842 1425 1909 1457 briis-
2000 1424 2011 1430 '²

1094 1478 1173 1510 lium
1198 1478 1353 1510 librarum
1379 1479 1562 1512 huiusmodi
1588 1491 1625 1512 ex
1650 1480 1830 1514 redditibus

1094 1536 1126 1563 ct
1150 1532 1360 1574 proventibus
1392 1533 1562 1566 memorati
1593 1533 1758 1576 prioratus
1791 1535 1830 1567 sa-

1094 1589 1157 1616 etas
1174 1611 1181 1624 ,
1215 1591 1246 1617 et
1278 1585 1406 1617 demum
1430 1592 1504 1628 post
1529 1592 1667 1619 mortem
1692 1587 1829 1630 praefati

1094 1637 1241 1669 moderni
1267 1637 1383 1680 prioris
1409 1637 1560 1670 effectum
1586 1638 1765 1680 sortiturus,
1793 1650 1830 1673 ac

1093 1696 1159 1722 ate
1185 1696 1216 1722 et
1240 1691 1376 1723 consilio
1401 1691 1588 1734 supradicto
1617 1692 1825 1735 approbatas,

1092 1748 1125 1774 ut
1150 1744 1342 1785 praefertur,
1357 1754 1484 1777 necnon
1503 1744 1752 1778 deliberationes
1770 1756 1828 1779 seu

1093 1795 1223 1827 decreta
1254 1796 1382 1838 linguae
1416 1802 1447 1829 et
1480 1797 1606 1830 consilii
1641 1798 1828 1831 huiusmodi

1093 1849 1234 1891 desuper
1258 1855 1413 1889 emanata,
1441 1860 1511 1882 cum
1536 1850 1686 1883 omnibus
1712 1857 1744 1883 et
1768 1851 1828 1883 sin-

1092 1901 1174 1943 gulis
1193 1901 1225 1933 in
1244 1901 1288 1933 eis
1313 1903 1484 1941 contentis,
1513 1902 1591 1935 alias
1611 1908 1718 1935 tamen
1733 1903 1827 1936 licitis

1092 1959 1122 1985 et
1147 1954 1302 1994 honestis,
1320 1954 1509 1987 auctoritate
1528 1958 1636 1987 nostra
1652 1955 1827 1998 apostolica

1091 2007 1304 2040 confirmandi
1329 2012 1361 2040 et
1383 2008 1595 2050 approbandi,
1625 2008 1752 2051 illisque
1778 2008 1827 2041 in-

1090 2060 1248 2093 violabilis
1288 2061 1483 2102 apostolicae
1523 2060 1683 2093 firmitatis
1727 2062 1828 2093 robur

1090 2113 1262 2145 adjiciendi
1281 2139 1288 2151 ,
1323 2123 1359 2145 ac
1387 2124 1499 2146 omnes
1525 2120 1556 2146 ct
1573 2114 1722 2155 singulos
1747 2113 1827 2146 iuris

1090 2171 1122 2197 et
1144 2165 1215 2197 t'acti
1243 2165 1396 2205 desectus,
1414 2165 1439 2197 si
1458 2165 1511 2208 qui
1531 2166 1670 2209 desuper
1691 2176 1827 2208 quomo-

1091 2218 1212 2250 delibet
1236 2218 1491 2258 intervenerint,
1518 2218 1603 2250 dicta
1633 2218 1826 2251 auctoritate

1090 2271 1280 2313 supplendi,
1307 2281 1451 2310 necnon,
1478 2276 1635 2314 quatenus
1668 2282 1747 2314 opus
1772 2271 1825 2311 sit,

1091 2325 1221 2356 easdem
1247 2323 1437 2356 divisionem
1463 2334 1517 2356 seu
1536 2324 1777 2367 separationem
1795 2329 1828 2356 et

1091 2376 1414 2408 dismembrationem
1447 2377 1485 2409 de
1517 2387 1600 2409 novo
1633 2377 1824 2409 auctoritate

1068 2422 1069 2453 ἶ
1090 2429 1230 2471 praefata
1256 2429 1405 2468 faciendi,
1431 2430 1560 2472 plenam
1578 2435 1609 2462 et
1625 2431 1764 2472 amplam
1782 2430 1826 2462 sa-

1090 2483 1253 2522 eultatein,
1267 2483 1380 2515 eadem
1395 2483 1594 2523 auctoritate,
1612 2489 1723 2516 tenore
1737 2493 1814 2526 prae

1067 2534 1068 2555 ³
1089 2535 1238 2575 sentium,
1267 2536 1435 2568 tribuimus
1461 2542 1492 2568 et
1518 2536 1732 2579 impartimur.

1131 2590 1145 2632 g
1170 2588 1202 2621 Δ..
1230 2589 1299 2621 Non
1325 2589 1527 2622 obstantibus
1553 2589 1760 2632 praemissis,
1788 2598 1823 2620 ae
1841 2592 2026 2613 ‘-¹¹>÷¹³n¹'¹³1011¹²-

1087 2642 1368 2675 constitutionibus
1403 2647 1435 2676 et
1467 2641 1724 2675 ordinationibus
1751 2650 1821 2683 apo-
