2247 3208
207 230 259 256 An.
272 229 303 255 C.
327 228 393 255 ¹667

440 217 505 251 484

979 218 1158 243 BULLARIUM
1181 217 1333 242 ROMANUM

395 287 466 309 eam
483 278 606 307 tantum
626 270 837 315 quantitatem
859 268 984 301 solvere
1005 272 1138 300 tenean-
1180 266 1370 308 derogatum
1383 274 1452 298 esse
1471 270 1647 306 censeatur,
1664 265 1727 298 nisi
1739 265 1800 298 sub
1817 264 1916 298 certis

393 334 458 367 tur,
474 337 568 370 quam
587 324 711 357 ratione
732 321 885 355 similium
903 320 1134 359 subsidiorum,

394 392 411 413 a
426 379 528 412 felicis
546 375 781 410 recordationis
799 373 988 407 Innocentio
1005 372 1093 416 Papa
1109 372 1135 404 X

394 432 645 476 praedecessore
670 433 780 462 nostro
806 432 838 460 et
862 437 880 459 a
903 425 997 459 nobis
1021 435 1135 468 respe-

394 485 475 518 ctive
509 493 758 522 concessorum,
790 481 968 519 solverunt,
995 483 1027 511 et
1049 477 1134 510 nihil

395 538 545 581 amplius,
573 536 725 580 quodque
747 543 919 577 expensae,
942 542 1024 575 quae
1050 530 1134 563 circa

395 590 599 625 exactionem
637 587 771 621 subsidii
807 584 991 619 huiusmodi
1027 584 1135 616 forsan

395 643 562 677 faciendae
594 641 733 680 fuerint,
764 639 796 672 in
830 644 960 673 centum
990 637 1134 670 millibus

395 697 493 730 scutis
519 694 694 740 praedictis
717 693 850 727 minime
875 691 1054 735 computari
1080 690 1135 723 de-

393 749 502 790 beant,
519 749 577 782 sed
603 748 706 781 dictae
720 756 879 790 personae
895 743 1134 778 ecclesiasticae

375 806 378 807 ⁷
395 813 554 847 expensas
567 802 664 845 ipsas,
677 801 761 833 ultra
778 805 878 833 ratam
896 802 1019 842 partem
1039 807 1134 840 quam

191 988 203 1003 ο
220 973 335 994 Contrariis
349 973 383 994 de·

223 1003 265 1025 gat.

395 858 520 890 ratione
548 855 693 888 eiusdem
726 853 859 886 subsidii
886 853 1011 885 solvere
1037 851 1135 884 debe-

396 910 485 949 bunt,
511 909 608 941 etiam
633 907 822 950 persolvere
848 909 1031 937 teneantur.

441 963 454 1005 ἓ
479 961 510 994 4.
538 960 608 993 Non
634 959 836 993 obstantibus
862 956 1027 1001 quibusvis
1058 965 1134 988 con-

397 1014 616 1047 stitutionibus
649 1018 679 1044 et
704 1010 962 1044 ordinationibus
979 1006 1134 1051 apostoli-

1178 317 1276 351 modo
1301 322 1333 350 et
1350 317 1452 350 forma
1476 317 1509 349 in
1527 317 1572 350 eis
1590 317 1761 361 expressis,
1781 323 1914 352 tenores

1179 370 1383 419 huiusmodi,
1410 381 1446 402 ac
1469 370 1495 402 si
1520 370 1558 403 de
1582 372 1681 404 verbo
1713 372 1753 404 ad
1781 372 1916 404 verbum

1177 425 1407 463 1nsererentur,
1427 422 1649 466 praesentibus
1673 433 1732 465 pro
1757 413 1916 456 sufficien-

1177 481 1226 509 ter
1250 475 1410 518 expressis
1436 481 1468 508 et
1491 475 1628 514 insertis,
1650 475 1705 508 ac¹
1729 477 1861 509 modum
1885 481 1917 509 et

1178 530 1313 562 sormam
1342 528 1444 562 adid
1469 529 1640 562 servandos
1665 539 1726 572 pro
1750 529 1916 562 individue

1179 581 1314 614 servatis
1339 581 1504 621 habentes,
1527 582 1566 614 ad
1580 581 1830 624 praemissorum
1843 580 1918 615 elfe-

1178 641 1263 668 etum
1290 637 1463 676 dumtaxat,
1489 636 1552 669 illis
1571 636 1648 670 alias
1673 636 1706 668 in
1722 647 1780 669 suo
1798 635 1916 669 robore

1177 689 1404 732 permansuris,
1419 689 1613 732 derogamus
1620 700 1628 730 3
1647 689 1827 733 ceterisque
1841 699 1919 723 con-

1177 742 1282 774 trariis
1307 742 1579 786 quibuscumque;
1615 773 1617 775 .

1221 794 1235 837 5
1262 794 1293 827 5.
1322 795 1385 827 Aut
1409 795 1434 827 si
1460 788 1670 839 patriarchis,
1697 795 1918 838 archiepisco-

1177 845 1236 889 pis,
1256 847 1427 891 episcopis,
1447 847 1568 888 electis,
1584 847 1914 888 administratoribus,

1177 899 1365 941 abbatibus,
1398 900 1698 941 commendaturus,
1732 900 1915 943 ceterisque

1176 952 1362 994 praedictis,
1378 957 1408 985 et
1421 952 1587 995 quibusvis
1606 952 1688 993 aliis,
1703 952 1917 985 communiter

1175 1005 1224 1037 vel
1243 1004 1382 1046 divisim,
1402 1006 1440 1038 ab
1459 1006 1572 1038 eadem
1588 1005 1631 1038 sit
1644 1005 1727 1038 Sede
1743 1005 1914 1045 indultum,

395 1068 450 1108 cis,
463 1067 557 1100 etiam
572 1066 602 1098 in
621 1062 1008 1098 conciliisuniversalibus
1025 1060 1130 1100 editis,
1150 1070 1151 1102 ᾗ
1168 1058 1264 1100 ‚quod
1290 1056 1451 1098 interdici,
1478 1058 1633 1102 suspendi
1658 1059 1708 1092 vel
1735 1068 1916 1090 excommu-

394 1131 523 1153 necnon
560 1117 771 1152 ecclesiarum
791 1144 797 1155 ,
840 1114 1128 1154 monasteriorum,
1149 1104 1151 1141 Ι
1174 1110 1275 1143 nicari
1300 1121 1365 1143 non
1391 1111 1516 1154 possint
1539 1121 1597 1154 per
1622 1111 1745 1144 litteras
1761 1110 1915 1154 apostoli-

391 1174 581 1218 prioratum,
606 1170 769 1210 Ordinum,
786 1168 1073 1211 congregationum
1099 1172 1131 1199 et

390 1227 581 1259 militiarum
607 1222 802 1262 huiusmodi,
823 1222 918 1255 etiam
936 1222 1127 1260 iuramento,

389 1278 634 1312 confirmatione
662 1275 849 1320 apostolica,
875 1275 924 1306 vel
943 1273 1052 1317 quavis
1077 1272 1129 1304 sir-

388 1332 497 1364 mitate
515 1331 576 1363 alia
600 1328 773 1368 roboratis,
791 1326 924 1366 statutis,
943 1331 974 1358 et
993 1336 1129 1358 consue-

387 1384 562 1423 tudinibus,
575 1381 813 1420 stabilimentis,
829 1380 940 1412 usibus
949 1383 981 1411 et
991 1378 1126 1418 naturis,

388 1436 565 1480 privilegiis
591 1446 730 1478 quoque,
756 1433 895 1472 indultis,
919 1431 1129 1474 exemptioni-

386 1490 446 1522 bus
472 1495 502 1522 et
526 1487 791 1526 immunitatilnts,
815 1486 909 1519 etiam
935 1485 967 1516 in
992 1494 1126 1527 corpore

387 1543 466 1576 iuris
491 1542 616 1581 clausis,
644 1552 680 1573 ac
704 1540 819 1573 litteris
853 1538 1057 1581 apostolicis,
1077 1547 1128 1569 ec-

387 1595 505 1635 clesiis,
529 1593 743 1633 monasteriis,
768 1592 972 1635 prioratibus,
1000 1600 1128 1633 praece-

385 1649 511 1693 ptoriis,
538 1647 698 1691 praelatis,
726 1646 886 1690 capitulis,
907 1643 1125 1683 conventibus,

386 1701 575 1741 Ordinibus,
601 1698 908 1742 congregationibus
929 1703 961 1730 et
981 1696 1123 1736 militiis,

387 1755 521 1797 aliisque
543 1752 727 1797 praedictis,
746 1752 778 1784 in
800 1761 918 1794 genere
935 1751 985 1783 vel
1003 1749 1035 1781 in
1057 1759 1127 1792 spe-

386 1807 443 1847 cie,
463 1808 520 1840 sub
546 1816 746 1849 quacumque
772 1805 874 1837 forma
899 1808 930 1836 et
953 1803 1126 1836 verborum

386 1859 606 1903 expressione,
627 1870 643 1891 a
661 1858 753 1891 nobis
771 1863 803 1889 et
817 1857 899 1890 Sede
925 1855 1123 1898 Apostolica,

386 1913 482 1945 etiam
516 1911 804 1949 consistorialiter,
837 1914 868 1942 et
891 1914 979 1941 motu
1009 1907 1124 1947 simili,

386 1977 422 1999 ac
448 1965 526 1998 alias
551 1964 664 2008 quovis
688 1964 785 1996 modo
811 1961 977 2000 emanatis,
996 1971 1126 1993 conces-

387 2019 442 2059 sis,
470 2024 501 2050 et
524 2017 619 2051 etiam
640 2016 762 2049 iteratis
778 2015 902 2048 vicibus
919 2013 1124 2053 confirmatis,

386 2071 572 2114 approbatis
593 2076 625 2103 et
641 2069 814 2109 innovatis,
841 2068 956 2111 quibus
977 2067 1125 2099 omnibus

387 2130 418 2157 et
442 2123 597 2166 singulis,
613 2123 735 2156 etiamsi
753 2132 811 2165 pro
830 2119 998 2154 sufficienti
1013 2129 1124 2152 eorum

387 2176 597 2219 derogatione
624 2176 662 2209 de
688 2175 752 2208 illis
781 2184 958 2216 eorumque
980 2173 1054 2205 totis
1078 2178 1125 2205 te-

386 2230 520 2261 noribus
545 2228 702 2272 specialis,
732 2226 888 2270 specifica,
917 2236 1068 2269 expressa
1093 2230 1123 2257 et

386 2281 558 2322 individua,
585 2292 621 2314 ac
645 2281 683 2314 de
709 2281 807 2313 verbo
833 2279 1032 2318 adverbum,
1058 2289 1123 2311 non

386 2341 492 2368 autem
510 2346 567 2378 per
580 2335 737 2367 clausulas
762 2334 932 2376 generales
957 2332 1042 2365 idem
1067 2332 1124 2364 im-

385 2394 572 2431 portantes,
599 2388 719 2420 mentio
750 2397 804 2420 seu
831 2385 961 2429 quaevis
986 2384 1048 2418 alia
1072 2395 1124 2417 ex-

386 2440 511 2484 pressio
537 2447 591 2472 aut
615 2441 721 2483 aliqua
746 2440 807 2472 alia
832 2438 990 2482 exquisita
1022 2439 1123 2470 forma

385 2494 424 2526 ad
444 2494 505 2526 hoc
519 2494 673 2526 servanda
699 2493 791 2532 soret,
810 2498 841 2525 et
866 2492 897 2524 in
912 2492 957 2524 eis
977 2496 1123 2523 caveatur

386 2557 535 2590 expresse
561 2546 647 2588 quod
671 2556 730 2589 per
756 2545 941 2578 huiusmodi
961 2544 1122 2577 clausulas

385 2600 555 2642 generales
582 2599 627 2632 eis
648 2599 831 2632 nullatenus
853 2598 1036 2641 derogetur,
1062 2608 1121 2630 nec

1172 1174 1224 1196 cas
1249 1175 1315 1197 non
1337 1164 1491 1197 facientes
1513 1166 1643 1208 plenam
1669 1169 1700 1197 et
1725 1174 1912 1207 expressam

1171 1227 1209 1250 ac
1234 1218 1272 1250 de
1297 1217 1394 1250 verbo
1420 1218 1459 1250 ad
1485 1218 1619 1250 verbum
1643 1217 1682 1250 de
1706 1217 1832 1250 indulto
1856 1217 1913 1250 hu·

1171 1270 1311 1304 iusmodi
1337 1270 1546 1303 mentionem.

1216 1323 1230 1366 ἓ
1255 1323 1285 1356 [i.
1314 1324 1467 1357 Volumus
1492 1329 1600 1357 autem
1626 1324 1721 1366 quod,
1747 1323 1833 1355 iuxta
1861 1332 1912 1355 or-

1172 1376 1369 1409 dinationem
1394 1376 1426 1408 in
1452 1377 1590 1409 concilio
1619 1375 1793 1409 Viennensi
1813 1385 1911 1418 super

1171 1429 1234 1461 hoc
1259 1429 1388 1468 editam,
1415 1429 1546 1468 calices,
1572 1428 1646 1461 libri
1672 1433 1704 1460 et
1728 1428 1790 1460 alia
1814 1437 1910 1460 orna-

1170 1486 1279 1514 menta
1293 1482 1514 1522 ecclesiarum,
1530 1481 1813 1520 monasteriorum,
1823 1479 1900 1523 prio·

1170 1539 1298 1568 ratuum
1325 1541 1357 1568 et
1380 1535 1517 1568 aliorum
1540 1533 1775 1567 beneficiorum
1792 1539 1823 1565 et
1838 1533 1910 1576 pio-

1171 1598 1241 1620 rum
1267 1589 1414 1621 locorum
1439 1588 1495 1619 sub
1516 1586 1742 1630 praesentibus
1763 1595 1911 1628 compre-

1171 1640 1347 1673 hensorum
1374 1640 1481 1673 divino
1507 1639 1604 1672 cultui
1630 1638 1788 1679 dedicata,
1815 1639 1910 1670 causa

1170 1694 1326 1736 pignoris,
1352 1694 1400 1726 vel
1427 1693 1518 1733 alias,
1541 1691 1709 1729 occasione
1735 1690 1909 1724 solutionis

1170 1747 1305 1779 subsidii
1321 1746 1518 1787 huiusmodi,
1529 1746 1713 1778 nullatenus
1728 1743 1906 1786 capiantur,

1170 1800 1391 1832 distrabantur
1421 1800 1469 1832 vel
1501 1803 1720 1842 occupentur;
1754 1797 1906 1840 quodque

1169 1853 1355 1886 earumdem
1380 1853 1600 1896 praesentium
1625 1852 1803 1885 litterarum
1821 1855 1907 1882 tran-

1168 1905 1312 1949 sumptis,
1328 1916 1424 1938 manu
1439 1906 1555 1938 notarii
1569 1904 1689 1948 publici
1704 1902 1904 1946 subscriptis,

1168 1964 1200 1991 et
1217 1959 1324 2001 sigillo
1342 1959 1477 1991 alicuius
1503 1969 1540 1991 ex
1559 1957 1650 1990 dictis
1675 1955 1905 1989 collectoribus

1167 2013 1216 2045 vel
1242 2011 1374 2044 alterius
1400 2011 1533 2054 praelati
1560 2008 1775 2043 ecclesiastici
1799 2006 1906 2040 muni-

1167 2065 1226 2104 tis,
1257 2065 1370 2097 eadem
1395 2073 1528 2107 prorsus
1561 2062 1640 2095 tides
1671 2062 1790 2103 ubique
1815 2059 1906 2092 adhi-

1166 2117 1290 2158 beatur,
1310 2127 1390 2160 quae
1417 2117 1492 2159 ipsis
1516 2115 1743 2159 praesentibus
1769 2113 1905 2146 adhibe-

1167 2176 1266 2209 retur,
1291 2170 1315 2202 si
1338 2170 1446 2202 forent
1474 2169 1637 2202 exhibitae
1662 2168 1712 2200 vel
1738 2172 1901 2199 ostensae.

1209 2223 1325 2255 Datum
1356 2221 1499 2261 Romae,
1521 2221 1607 2264 apud
1636 2219 1666 2252 S.
1690 2219 1821 2251 Mariam
1842 2217 1904 2250 Ma-

1166 2276 1293 2316 iorem,
1321 2276 1381 2308 sub
1414 2275 1535 2307 annulo
1562 2273 1756 2313 piscatoris,
1787 2272 1838 2304 die
1866 2281 1903 2305 111

1166 2328 1319 2361 februarii
1344 2337 1495 2362 muctxvu
1513 2353 1520 2367 ,
1554 2325 1764 2370 pontificatus
1797 2323 1901 2357 nostri

1166 2393 1250 2415 anno
1267 2392 1324 2415 XII.

1201 2445 1257 2472 Dat.
1275 2444 1318 2471 die
1334 2443 1350 2472 3
1365 2442 1480 2470 februaii
1497 2442 1574 2477 1667,
1590 2441 1687 2477 pontif.
1705 2448 1777 2468 anno
1791 2446 1838 2467 xli.

1200 2552 1212 2578 1
1235 2550 1284 2578 Ed.
1300 2550 1379 2577 Μαίη.
1395 2548 1460 2583 legit
1475 2548 1512 2574 ad
1527 2555 1575 2583 pro
1591 2555 1623 2574 ac
1640 2547 1676 2582 (n.
1692 2546 1741 2582 in).

1923 217 1971 244 An.
1988 216 2022 244 C.
2040 215 2089 243 166
2100 212 2120 239 7

1937 1331 2024 1361 ‚Calices
2033 1336 2060 1352 ne
2069 1336 2105 1352 ca·

1922 1360 2012 1384 piantur.
