2247 3208
237 240 281 267 Aa
302 237 331 264 c.
353 235 422 264 ¹666
464 225 529 259 474

423 282 472 316 ius
496 281 546 314 vel
571 279 729 311 interesse
760 275 920 309 hahentes
954 283 1013 306 seu
1042 272 1164 305 habere

430 329 677 376 quomodolibet
705 327 979 371 praetendentes,
1004 324 1068 358 illis
1098 334 1165 356 non

423 382 660 421 consenserint,
686 390 748 413 nec
772 379 811 412 ad
832 389 869 412 ea
887 377 1002 418 vocati,
1021 376 1110 410 citati
1135 380 1166 408 et

425 435 536 474 auditi,
558 444 666 477 neque
679 442 804 472 causae,
822 435 957 475 propter
978 440 1059 473 quas
1075 428 1165 471 ipsae

426 492 614 533 praesentes
640 489 841 524 emanarunt,
867 484 1034 523 adductae,
1055 481 1166 514 iustifi-

427 545 517 576 catae
549 544 582 573 et
603 538 784 572 verificatae
810 536 937 576 fuerint,
963 546 1019 569 seu
1044 545 1081 568 ex
1106 533 1166 567 alia

430 602 632 637 quacumque
657 589 861 634 quantumvis
885 589 987 627 iusta,
1012 587 1166 630 legitima,

429 648 484 691 pia
511 650 543 678 et
565 642 768 688 privilegiata
791 644 893 681 causa,
920 642 1028 674 colore
1044 667 1051 680 ,
1074 650 1168 683 prae-

432 703 521 733 textu
552 702 585 730 et
608 696 724 740 capite,
748 695 846 728 etiam
871 695 903 727 in
929 703 1064 736 corpore
1089 692 1187 725 iuris,

431 753 549 791 clauso,
576 749 673 782 etiarn
698 747 850 787 enormis,
877 746 1119 779 enormissimae
1137 750 1170 777 et

432 804 539 838 totalis
565 801 728 841 laesionis,
745 801 834 833 nullo
858 810 1001 842 unquam
1019 803 1169 841 tempore

433 858 473 891 de
488 853 709 898 subreptionis
728 854 778 886 vel
802 852 999 895 obreptionis
1028 856 1082 883 aut
1104 851 1170 884 nul-

432 910 532 944 litatis
554 908 640 948 vitio,
667 917 721 940 seu
746 905 938 939 intentionis
963 909 1092 937 nostrae
1118 908 1171 936 aut

434 963 593 996 interesse
617 958 807 993 habentium
839 968 896 990 seu
925 958 1045 990 habere
1080 965 1191 999 prae-¹¹

434 1013 637 1048 tendentium
647 1021 833 1050 consensus,
851 1010 954 1043 aliove
968 1019 1171 1053 quocumque

436 1065 638 1112 quantumvis
658 1074 785 1105 magno,
802 1062 927 1096 formali
942 1067 974 1095 et
998 1061 1172 1104 incogitato

436 1124 469 1153 et
491 1116 742 1160 inexcogitabili,
768 1115 1019 1158 specificamque
1045 1124 1174 1157 expres-

436 1173 561 1205 sionem
594 1168 779 1213 requirente
810 1168 936 1200 defectu
961 1166 1089 1207 notari,
1116 1166 1174 1198 im-

437 1223 595 1269 pugnari,
621 1220 777 1261 limitari,
802 1219 995 1259 modificari,
1029 1218 1173 1261 infringi,

437 1274 603 1318 redargui,
621 1274 661 1307 ad
680 1273 764 1306 viam
784 1282 841 1305 seu
858 1271 1012 1304 terminos
1036 1270 1113 1303 iuris
1130 1281 1176 1303 re-

439 1329 523 1369 duci,
554 1338 611 1361 seu
639 1326 673 1359 in
697 1324 955 1359 controversiam
979 1323 1098 1364 vocari,
1125 1328 1178 1356 aut

440 1382 592 1415 adversus
620 1380 691 1413 illas
723 1377 913 1422 aperitionis
937 1377 1021 1417 oris,
1049 1376 1178 1409 restitu-

440 1433 538 1466 tionis
555 1433 588 1465 in
605 1432 781 1474 integrum,
798 1430 924 1463 aliudve
949 1430 1178 1472 quodcumque

440 1486 529 1526 iuris,
555 1484 628 1518 facti
651 1485 700 1517 vel
726 1483 847 1526 gratiae
872 1483 1054 1516 remedium
1079 1482 1179 1514 inten-

441 1539 501 1571 tari
533 1548 590 1571 seu
622 1536 810 1580 impetrari,
841 1542 895 1569 aut
928 1535 1098 1578 impetrato
1128 1535 1178 1567 vel

442 1592 538 1626 etiam
563 1595 671 1629 motu,
698 1588 831 1622 scientia
862 1592 894 1620 et
916 1586 1087 1631 potestatis
1111 1587 1198 1629 ple-¹

441 1644 589 1679 nitudine
607 1642 769 1676 similibus
787 1651 940 1674 concesso
959 1641 1009 1673 vel
1028 1644 1178 1673 emanato

442 1696 627 1742 quempiam
660 1695 693 1728 in
725 1694 844 1728 iudicio
880 1694 930 1726 vel
964 1697 1053 1726 extra
1096 1692 1178 1725 illud

442 1751 490 1784 uti
515 1761 573 1783 seu
596 1759 630 1782 se
655 1748 764 1781 iuvare
787 1757 896 1790 posse,
919 1746 975 1779 sed
1000 1745 1055 1779 illa
1072 1745 1180 1778 omnia

444 1808 478 1837 et
501 1803 629 1846 singula
654 1811 786 1844 semper
821 1804 853 1833 et
881 1804 1040 1843 perpetuo
1064 1798 1178 1839 firma,

445 1856 551 1890 valida
568 1860 600 1888 et
616 1853 761 1888 efficacia
784 1852 925 1886 existere
944 1857 976 1885 et
994 1852 1074 1891 fore,
1094 1862 1180 1884 suos-

445 1919 508 1953 que
532 1907 699 1952 plenarios
725 1912 757 1940 et
780 1906 926 1948 integros
953 1904 1085 1938 effectus
1111 1915 1181 1938 sor-

445 1962 499 1995 tiri
524 1966 556 1994 et
580 1960 740 2000 obtinere,
767 1970 804 1992 ac
827 1959 867 1992 ab
891 1958 1041 1992 omnibus
1067 1963 1098 1991 et
1122 1958 1179 1991 sin·

446 2015 540 2059 gulis,
566 2014 606 2047 ad
635 2023 716 2057 quos
744 2016 870 2056 spectat
894 2017 926 2045 et
949 2022 1008 2055 pro
1034 2016 1181 2054 tempore

447 2068 715 2113 quandocumque
736 2065 908 2109 spectabit,
928 2066 961 2098 in
986 2065 1136 2098 omnibus
1151 2070 1183 2097 et
1200 2098 1202 2110 Α

446 2132 506 2166 per
530 2119 646 2160 omnia,
680 2118 913 2152 inviolabiliter
937 2122 969 2151 et
989 2116 1202 2151 inconcusse*

448 2172 627 2213 observari,
648 2177 681 2205 et
703 2172 767 2205 illis
792 2171 973 2214 respective
996 2170 1182 2214 plenissime

448 2226 634 2269 suffragari,
661 2226 771 2269 sicque
788 2230 820 2258 et
835 2235 901 2258 non
925 2225 1018 2258 aliter
1041 2224 1074 2256 in
1091 2235 1184 2268 prae-

448 2280 553 2314 missis
571 2279 721 2313 omnibus
739 2284 770 2312 et
786 2277 923 2321 singulis
941 2288 1000 2321 per
1016 2288 1184 2321 quoscum-

450 2332 645 2377 queiudices
658 2331 840 2365 ordinarios
856 2331 1070 2374 etdelegatos‚
1089 2330 1184 2364 etiam

450 2395 621 2419 causarum
654 2384 765 2428 palatii
797 2383 966 2426 apostolici
999 2383 1182 2423 auditores,

451 2449 487 2471 ac
514 2437 658 2471 eiusdem
684 2437 714 2470 S.
742 2436 778 2469 R.
805 2436 840 2469 E.
867 2436 1064 2476 cardinales,
1092 2436 1186 2468 etiam

451 2491 491 2524 de
515 2491 615 2524 latere
645 2490 779 2531 legatos,
806 2494 838 2521 et
861 2488 1064 2531 Apostolicae
1095 2488 1185 2521 Sedis

451 2544 596 2582 nuncios
613 2543 731 2575 aliosve
745 2541 906 2584 quoslibet
919 2552 1119 2584 quacumque
1138 2552 1187 2574 au-

453 2593 873 2641 ctoritate,praeeminentia
894 2598 924 2627 et
946 2599 1103 2639 potestate
1121 2594 1186 2627 fun-

1015 225 1194 250 BULLARIUM
1218 223 1368 248 ROMANUM

1207 276 1318 313 gentes
1335 275 1367 303 et
1383 271 1650 314 quandocumque
1666 270 1844 310 functuros,
1863 268 1937 301 sub-

1207 324 1270 357 lata
1291 323 1336 356 eis
1360 328 1392 356 et
1415 333 1527 356 eorum
1552 324 1686 356 cuilibet
1708 323 1817 366 quavis
1846 322 1938 355 aliter

1206 375 1370 408 iudicandi
1396 380 1428 408 et
1451 375 1691 418 interpretandi
1727 376 1878 408 facultate
1908 379 1940 407 et

1206 427 1408 467 auctoritate,
1426 427 1563 461 iudicari
1596 433 1628 460 et
1648 427 1776 460 definiri
1805 426 1938 466 debere,

1207 491 1243 513 ac
1268 480 1396 513 irrItum
1421 486 1453 513 et
1477 481 1573 513 inane
1601 480 1627 513 si
1652 490 1746 513 secus
1771 490 1870 523 super
1887 478 1938 512 his

1207 544 1224 565 a
1249 544 1427 577 quoquam,
1462 532 1573 576 quavis
1606 533 1808 571 auctoritate,
1833 532 1938 565 scien-

1208 591 1256 619 ter
1280 587 1331 619 vel
1349 586 1553 628 ignoranter,
1574 585 1750 628 contigerit
1773 585 1936 618 attentari.

1251 639 1265 681 ἓ
1289 638 1321 671 4.
1349 638 1502 676 Quocirca
1534 639 1711 671 venerabili
1745 638 1833 670 fratri
1856 637 1939 670 Vita-

1208 690 1292 724 liano
1318 691 1560 734 archiepiscopo
1585 691 1759 733 Ephesino,
1784 691 1939 723 moderno

1209 749 1239 775 et
1252 754 1311 786 pro
1332 750 1477 787 tempore
1496 743 1647 776 existenti
1665 749 1774 775 nostro
1788 747 1819 774 et
1837 742 1940 775 dictae

1209 795 1298 828 Sedis
1319 796 1351 828 in
1370 796 1478 838 regnis
1493 795 1719 839 Hispaniarum
1740 795 1868 834 nuncio,
1886 805 1943 837 per

1209 853 1396 891 praesentes
1429 853 1515 880 motu
1548 848 1616 890 pari
1649 847 1878 881 committimus
1913 852 1944 880 et

1211 901 1520 943 1nandamus,utper
1533 911 1575 939 se,
1591 901 1640 933 vel
1657 900 1767 938 alium,
1783 910 1841 933 seu
1850 900 1941 939 alios,

1210 954 1339 987 casdem
1361 960 1547 996 praesentes
1565 955 1687 987 litteras
1704 959 1736 986 et
1754 953 1786 985 in
1805 953 1851 986 eis
1871 962 1945 986 con-

1211 1011 1298 1038 tenta
1319 1016 1550 1048 quaecumque,
1574 1005 1629 1038 nbi
1655 1011 1687 1038 et
1711 1006 1840 1048 quando
1866 1016 1945 1048 opus

1212 1059 1309 1092 suerit
1333 1064 1365 1092 et
1381 1060 1506 1102 quoties
1523 1059 1561 1092 ab
1578 1059 1628 1099 iis,
1647 1069 1785 1102 quorum
1799 1059 1945 1098 interest,

1214 1111 1309 1145 fuerit
1332 1111 1518 1155 requisitus,
1541 1112 1671 1155 praevia
1689 1112 1815 1145 illarum
1841 1111 1947 1154 publi-

1213 1165 1342 1200 catione
1370 1171 1435 1197 tam
1468 1165 1501 1197 in
1533 1165 1667 1197 ecclesia
1698 1165 1733 1197 B.
1767 1164 1883 1197 Mariae
1908 1164 1946 1197 de

1215 1217 1311 1250 Pilari
1340 1227 1434 1260 quam
1470 1217 1503 1250 in
1532 1216 1666 1250 ecclesia
1692 1216 1722 1249 S.
1760 1216 1945 1256 Salvatoris‚

1216 1270 1308 1304 faciat
1332 1269 1520 1302 auctoritate
1541 1271 1650 1302 nostra
1668 1269 1706 1301 ab
1732 1268 1890 1307 omnibus,
1909 1268 1947 1300 ad

1217 1332 1297 1367 quos
1321 1328 1443 1366 spectat
1474 1327 1504 1356 et
1528 1332 1587 1365 pro
1613 1327 1756 1364 tempore
1781 1321 1947 1364 spectabit,

1218 1376 1349 1410 firmiter
1373 1381 1405 1408 et
1429 1375 1659 1408 inviolabiliter
1675 1373 1853 1414 observari·,
1874 1384 1950 1406 con-

1218 1429 1406 1462 tradictores
1423 1428 1585 1471 quoslibet
1600 1433 1632 1461 et
1648 1428 1794 1467 rebelles,
1810 1427 1842 1459 in
1859 1436 1950 1470 prae-

1219 1482 1321 1516 missis
1338 1492 1402 1515 non
1416 1486 1575 1525 parentes,
1593 1490 1651 1524 per
1666 1490 1817 1513 censuras
1834 1485 1865 1512 et
1881 1490 1952 1522 poe-

1218 1546 1274 1567 nas
1284 1534 1527 1573 ecclesiasticas,
1539 1533 1665 1576 aliaque
1680 1537 1863 1576 opportuna
1876 1531 1953 1564 iuris

1219 1594 1248 1620 et
1273 1587 1345 1619 facti
1368 1586 1510 1619 remedia
1533 1585 1782 1628 compescendo,
1807 1585 1953 1617 invocato

1220 1640 1315 1673 ctiam
1340 1640 1379 1672 ad
1405 1639 1467 1672 hoc
1486 1638 1512 1671 si
1535 1648 1616 1682 opus
1641 1638 1737 1670 fuerit
1760 1636 1885 1670 brachii
1911 1647 1954 1669 se-

1219 1692 1336 1726 cularis
1348 1691 1485 1725 auxilio:
1504 1701 1561 1724 nos
1575 1691 1662 1724 enim
1675 1690 1780 1724 eidem
1797 1689 1953 1722 Vitaliano

1219 1745 1475 1789 archiepiscopo,
1491 1744 1648 1778 moderno
1672 1749 1703 1776 et
1726 1753 1784 1786 pro
1808 1748 1954 1786 tempore

1219 1798 1367 1832 existenti
1378 1798 1506 1838 nuncio,
1524 1795 1752 1840 cognoscendi,
1771 1795 1954 1828 declarandi

1220 1861 1255 1884 ac
1269 1850 1438 1884 decidendi
1459 1849 1630 1883 summarie
1648 1853 1680 1882 et
1704 1848 1744 1881 de
1761 1849 1869 1891 plano,
1887 1848 1956 1880 sola

1219 1903 1354 1937 veritate
1386 1903 1551 1946 inspecta,
1585 1912 1621 1935 ac
1653 1901 1723 1934 sine
1756 1900 1892 1943 strepitu
1925 1905 1957 1932 et

1221 1956 1323 1999 figura
1340 1956 1460 1996 iudicii,
1479 1965 1591 1988 omnes
1603 1960 1634 1988 et
1650 1963 1868 1998 quascumque
1884 1963 1957 1986 con-

1222 2010 1408 2050 troversiaS,
1436 2008 1643 2053 quaestiones
1674 2018 1711 2040 ac
1735 2006 1848 2047 dubia,
1874 2016 1956 2049 quae

1223 2073 1318 2107 super
1347 2061 1531 2106 praemissis
1563 2066 1594 2093 et
1624 2061 1755 2093 illorum
1788 2058 1956 2092 occasione

1224 2126 1403 2159 emergere,
1430 2120 1483 2148 aut
1508 2124 1638 2157 quoquo
1662 2113 1757 2146 modo
1782 2112 1858 2146 oriri
1883 2122 1958 2145 con-

1225 2169 1352 2212 tigerit,
1379 2178 1480 2211 eaque
1511 2167 1574 2199 fine
1604 2166 1714 2200 debito
1740 2164 1956 2204 terminandi,

1225 2221 1311 2255 omni
1337 2226 1368 2254 et
1392 2230 1593 2264 quacumque
1611 2218 1829 2262 appellatione
1853 2228 1959 2251 remo-

1226 2279 1264 2315 ta,
1290 2275 1523 2319 plenissimam,
1546 2273 1775 2316 amplissimam
1801 2277 1833 2305 et
1857 2271 1960 2304 omni·

1946 221 1993 248 Αη.
2010 219 2038 250 c.
2061 220 2127 247 isan

1980 645 2132 672 ssanuuiorem

1951 672 2042 700 deputat

1226 2329 1354 2361 modam
1373 2328 1568 2365 facultatem,
1592 2327 1707 2358 harum
1731 2325 1825 2365 serie,
1852 2323 1976 2364 motu,'

1227 2381 1369 2421 scicntia,
1392 2379 1629 2413 deliberatione
1654 2384 1685 2411 et
1704 2378 1869 2421 potestatis
1894 2378 1961 2420 ple-

1228 2434 1376 2467 nitudine
1398 2432 1568 2473 similibus,
1588 2431 1761 2464 tribuimus
1785 2434 1817 2463 et
1841 2430 1961 2474 imper-

1229 2487 1336 2520 timur.

1273 2541 1287 2584 ᾗ
1311 2540 1341 2573 5.
1369 2539 1438 2572 Non
1460 2538 1664 2572 obstantibus
1685 2537 1832 2571 omnibus
1854 2541 1886 2569 et
1902 2536 1963 2570 sin-

1230 2593 1312 2639 gulis
1330 2591 1523 2639 praemissis,
1539 2602 1582 2632 ac,
1598 2595 1753 2637 quatenus
1767 2600 1847 2635 opus
1860 2589 1908 2624 sit.
1924 2589 1963 2627 de

2043 2541 2157 2565 nerogan'o

1975 2569 2137 2591 contrariorum.
