2247 3208
213 205 398 234 An.c.1663
444 196 508 229 194

243 1675 344 1696 Prohibet
364 1677 388 1696 ut

203 1702 224 1722 In
239 1702 330 1723 rumice.

988 202 1168 227 BULLARIUM
1191 201 1344 227 ROMANUM

404 252 562 285 S.Mariae
573 261 668 293 supra
679 251 850 282 Minervam
864 249 902 282 de
916 249 1000 281 Urbe
1011 248 1137 281 Ordinis
1158 250 1159 276 1
1180 248 1252 281 ciali
1277 250 1387 281 nostra
1417 259 1473 281 seu
1504 249 1639 282 Romani
1664 249 1826 283 Pontificis
1850 259 1911 292 pro

403 303 672 341 Praedicatorurn,
691 301 789 343 quod,
810 301 885 333 licet
901 301 1020 333 dudum
1038 300 1071 332 in
1089 310 1138 332 ca-

403 356 505 398 pitulo
526 352 668 395 generali
694 353 768 385 dicti
796 352 922 385 Ordinis
946 363 1030 385 anno
1058 362 1136 386 MDcl

405 458 509 497 suerit,
537 458 576 490 de
602 458 753 490 mandato
777 457 880 490 felicis
905 457 1136 490 recordationis

402 511 576 544 Clementis
599 510 704 553 Papae
721 510 784 542 vul
802 510 1061 553 praedecessoris
1082 521 1138 543 no-

402 563 468 602 stri,
487 573 527 595 ne
554 563 670 595 fierent
695 562 908 595 adfiliationes
926 563 965 595 de
981 573 1046 595 uno
1064 573 1138 594 con-

402 621 500 648 ventu
532 615 565 647 in
594 615 691 648 aliurn
724 626 760 647 ex
787 625 988 658 quacumque
1022 617 1133 655 031153,

403 668 460 701 sed
482 673 602 700 tantum
620 673 787 699 manerent
808 667 862 700 filii
888 672 1062 700 conventus
1083 668 1136 710 qui

401 720 520 753 ibidem
532 720 765 762 professionem
779 719 974 759 emisissent,
991 721 1136 762 haecque

402 773 563 805 ordinatio
582 772 731 812 subinde,
757 772 906 805 videlicet
935 783 1019 805 anno
1040 782 1134 813 MDcv,

400 826 434 858 in
472 826 617 858 eiusdem
649 825 776 858 Ordinis
813 825 956 868 capitulo
991 825 1135 867 generali

400 879 629 911 Vallisoletano
656 878 858 917 confirmata,
885 888 921 909 ac
950 877 1035 910 inter
1063 888 1137 910 con-

401 930 582 963 stitutiones
610 930 707 973 ipsius
733 929 860 962 Ordinis
885 931 999 969 relata,
1027 935 1058 962 et
1082 930 1136 962 diu

399 982 630 1014 inviolabiliter
647 987 769 1014 servata
787 982 894 1014 suerit:
913 981 1133 1021 nihilominus,

400 1035 438 1066 ab
457 1035 579 1076 aliquot
598 1035 701 1072 annis,
718 1033 781 1066 illi¹
808 1040 1047 1066 contraventum
1065 1034 1133 1073 fuit,

399 1087 556 1129 multique
583 1087 677 1119 variis
710 1087 813 1123 modis
844 1087 974 1119 adfiliati
1009 1087 1136 1120 suerunt

399 1139 545 1182 praefato
572 1139 743 1171 conventui
768 1139 798 1172 S.
826 1139 941 1171 Mariae
966 1139 1136 1182 5011131111-

399 1201 547 1232 nervam,
574 1191 627 1234 qui
652 1202 725 1224 aere
753 1191 859 1224 alieno
884 1191 1052 1234 gravatus²
1081 1201 1134 1224 eos

399 1249 580 1276 sustentare
610 1255 674 1276 non
706 1249 822 1287 potest.
850 1244 950 1283 Quare
982 1245 1056 1277 dicti
1081 1256 1134 1278 ex-

398 1303 568 1340 ponentes,
580 1298 618 1329 ad
634 1297 780 1329 evitanda
796 1298 829 1330 in
842 1303 1006 1341 posterum
1020 1298 1135 1331 similia

398 1351 610 1391 incommoda,
629 1356 659 1382 et
677 1361 716 1383 ne
742 1351 930 1383 filiationum
951 1352 1133 1385 huiusmodi

400 1403 566 1435 diversitas
591 1413 701 1445 paceni
727 1413 930 1436 communem
956 1405 1132 1446 perturbet,

398 1455 493 1487 nobis
525 1455 689 1488 humiliter
719 1456 891 1498 supplicari
924 1457 1070 1490 fecerunt
1100 1463 1135 1489 ut

398 1507 457 1539 51111
484 1507 515 1539 111
540 1507 727 1550 praemissis
752 1514 935 1551 opportune
960 1510 1132 1552 providere

399 1565 431 1592 et
447 1565 481 1592 ut
497 1560 579 1592 infra
598 1561 766 1602 indulgere
784 1561 822 1593 de
840 1561 1039 1604 benignitate
1058 1572 1133 1605 apo-

398 1613 512 1645 stolica
536 1614 755 1655 dignaremur.

444 1667 458 1709 ξ
480 1665 510 1698 ⁶2.
531 1665 593 1698 Nos
612 1666 717 1708 igitur,
736 1666 822 1708 ipsos
842 1671 1043 1709 exponentes
1062 1678 1133 1710 spe-

398 1718 531 1750 cialibus
550 1718 709 1750 savoribus
727 1723 759 1750 et
779 1719 888 1760 gratiis
907 1720 1061 1762 prosequi
1080 1731 1134 1753 ro-

397 1772 512 1809 lentes,
539 1776 571 1803 et
595 1782 707 1803 eorum
733 1771 911 1813 singulares
937 1782 1093 1814 personas
1115 1784 1132 1806 a

397 1824 560 1866 quibusvis
583 1823 930 1863 excommunicationis,
946 1826 1133 1868 suspensio-

396 1876 445 1908 nis
471 1881 502 1908 et
532 1876 712 1915 interdicti,
739 1876 875 1919 aliisque
907 1877 1131 1910 ecclesiasticis

396 1929 576 1970 sententiis,
595 1929 739 1962 censuris
759 1935 790 1962 et
814 1931 938 1973 poenis,
957 1942 974 1963 a
994 1932 1063 1963 iure
1081 1933 1130 1965 vel

397 1982 435 2013 ab
462 1981 602 2021 1101111110,
629 1982 737 2024 quavis
770 1983 937 2015 occasione
962 1985 1011 2016 vel
1037 1987 1131 2017 causa

396 2035 479 2075 latis,
501 2035 527 2067 si
553 2035 668 2077 quibus
687 2037 935 2078 quomodolibet
958 2037 1130 2070 innodatae

398 2087 545 2128 existunt,
572 2089 610 2120 ad
636 2088 782 2121 effectum
802 2091 1023 2132 praesentium
1044 2091 1132 2123 dum-

397 2144 483 2172 taxat
515 2141 796 2183 consequendum,
822 2142 937 2173 harum
969 2143 1051 2175 serie
1078 2143 1132 2174 ab-

396 2194 559 2225 solventes
595 2199 627 2225 et
656 2194 818 2226 absolutas
843 2195 911 2227 sore
937 2202 1129 2236 censentes,

396 2246 582 2278 huiusmodi
608 2246 898 2288 supplicationibus
924 2248 1078 2288 inclinati,
1091 2259 1130 2281 ne

396 2298 436 2330 de
462 2303 570 2330 cetero
599 2299 764 2341 perpetuis
795 2300 907 2331 suturis
933 2301 1131 2343 temporibus

395 2351 480 2382 ullus
506 2350 613 2390 frater,
639 2350 774 2383 cuiusvis
801 2351 931 2383 alterius
956 2358 1130 2385 conventus

397 2402 472 2435 dicti
497 2402 623 2434 Ordinis
642 2403 737 2441 silius,
757 2409 935 2436 memorato
960 2404 1129 2436 conventui

397 2455 427 2488 S.
455 2455 571 2488 Mariae
597 2466 694 2498 super
717 2455 889 2488 Minervam
914 2456 1035 2499 absque
1060 2468 1132 2500 spe-

434 2526 445 2552 1
467 2524 537 2551 Male
557 2524 622 2552 edit.
643 2525 719 2552 Main.
742 2525 806 2559 legit
824 2525 885 2552 illis
903 2527 940 2560 (11.
957 2526 1005 2561 1.).

431 2570 449 2597 2
467 2569 533 2597 Male
553 2569 616 2597 edit.
638 2569 717 2597 Main.
737 2570 802 2605 legit
819 2573 950 2605 pravalos
968 2572 1005 2606 (R.
1021 2571 1069 2605 T.).

1157 282 1159 341 ,i
1179 304 1325 342 ternpore
1348 300 1516 333 existentis
1540 302 1750 334 concessione
1775 300 1912 334 adfiliari

1158 346 1159 365 ³
1180 352 1291 395 possit,
1302 353 1489 385 anctoritate
1500 354 1685 396 apostolica⁷
1697 359 1810 386 tenore
1824 363 1912 397 prae-

403 407 435 438 in
472 406 555 437 Urbe
586 404 730 447 praefata
761 405 923 437 celebrato
953 404 1159 454 ordinatum¹

1180 404 1327 445 sentium,
1354 405 1564 448 prohibemus
1581 411 1612 438 et
1630 406 1865 439 interdicimus.

1223 458 1237 500 ξ
1261 457 1292 490 3.
1319 457 1538 489 Decernentes
1562 458 1691 490 easdem
1724 463 1910 501 praesentes

1158 516 1159 533 1
1179 508 1301 541 litteras
1328 520 1456 552 semper
1480 509 1596 548 firmas,
1616 510 1737 542 validas
1757 516 1789 542 et
1809 510 1912 543 effica-

1179 571 1231 593 ces
1257 562 1396 594 existere
1423 567 1455 594 et
1480 562 1559 602 fore,
1585 573 1724 605 suosque
1749 563 1911 605 plenarios

1179 619 1212 646 et
1235 614 1378 656 integros
1403 614 1535 647 effectus
1559 615 1668 648 sortiri
1702 621 1733 648 et
1756 615 1912 657 obtinere,

1178 676 1214 698 ac
1238 666 1276 698 ab
1301 666 1374 706 illis,
1396 667 1435 699 ad
1461 678 1542 709 quos
1568 672 1690 710 spectat
1710 672 1742 700 et
1758 678 1817 711 pro
1835 673 1913 700 tem-

1178 729 1259 761 pore
1286 719 1559 762 quandocumque
1585 721 1759 763 spectabit,
1778 720 1913 753 inviola-

1178 771 1290 803 biliter
1315 771 1501 811 observari,
1530 772 1643 815 sieque
1667 773 1700 805 in
1724 773 1912 816 praemissis

1179 833 1238 865 per
1263 834 1488 867 quoscumque
1518 824 1644 857 iudices
1670 825 1855 857 ordinarios
1881 829 1914 857 et

1180 876 1361 917 delegatos,
1388 876 1486 908 etiam
1510 887 1680 909 causarum
1704 877 1816 919 palatii
1837 887 1914 920 apo-

1179 928 1286 960 stolici
1312 928 1488 968 auditores,
1514 928 1650 961 iudicari
1668 934 1700 961 et
1715 929 1841 962 definiri
1860 929 1914 962 de-

1178 979 1280 1019 bere,
1319 990 1356 1012 ac
1392 980 1520 1012 irritum
1556 985 1588 1012 et
1622 980 1718 1012 inane
1756 980 1782 1012 si
1816 991 1912 1013 secus

1178 1041 1278 1074 super
1303 1032 1353 1064 his
1379 1043 1396 1064 3
1421 1043 1607 1075 quoquam,
1633 1033 1745 1075 quavis
1772 1032 1913 1066 auctori-

1178 1089 1255 1123 tate,
1277 1084 1421 1117 scienter
1442 1086 1491 1117 vel
1512 1085 1716 1127 ignoranter,
1739 1084 1914 1128 contigerit

1178 1137 1343 1169 attentari.

1221 1190 1235 1232 ξ
1258 1189 1289 1222 4.
1309 1189 1379 1222 Non
1398 1190 1604 1223 obstantibus
1619 1191 1912 1225 constitutionibus

1178 1247 1210 1275 et
1235 1242 1500 1276 ordinationibus
1525 1243 1734 1287 apostolicis,
1761 1254 1912 1285 necnon,

1177 1300 1338 1338 quatenus
1364 1307 1446 1339 opus
1465 1297 1518 1337 sit,
1540 1298 1763 1340 praefatorum
1782 1297 1912 1330 Ordinis

1177 1354 1210 1381 et
1234 1354 1424 1389 conventus,
1452 1350 1549 1382 etiam
1574 1350 1769 1391 iuramento,
1795 1349 1913 1383 confir—

1176 1401 1320 1434 matione
1346 1401 1538 1444 apostolica,
1558 1403 1608 1435 vel
1630 1403 1742 1446 quavis
1758 1402 1912 1437 firmitate

1176 1454 1239 1486 alia
1263 1454 1440 1494 roboratis,
1463 1455 1593 1487 statutis
1612 1460 1644 1487 et
1664 1456 1913 1489 consuetudini-

1175 1508 1249 1547 bus,
1268 1507 1448 1550 privilegiis
1475 1518 1616 1551 quoque,
1642 1508 1778 1541 indultis
1804 1513 1836 1541 et
1860 1509 1912 1542 lit-

1175 1559 1255 1592 teris
1289 1560 1478 1602 apostolicis
1511 1560 1544 1592 in
1576 1561 1778 1593 contrarium
1813 1572 1909 1605 prae-

1175 1612 1350 1644 missorum
1369 1612 1618 1655 quomodolibet
1635 1613 1815 1654 concessis,
1836 1625 1910 1647 con-

1174 1664 1310 1697 firmatis
1325 1670 1357 1697 et
1374 1665 1548 1705 innovatis3
1569 1666 1687 1708 quibus
1706 1665 1859 1699 omnibus
1877 1671 1910 1699 et

1176 1717 1324 1759 singulis,
1354 1717 1487 1750 illorum
1517 1723 1650 1751 tenores
1674 1719 1908 1761 praesentibus

1175 1780 1235 1812 pro
1260 1770 1358 1812 plene
1384 1775 1416 1802 et
1448 1769 1650 1803 sufficienter
1682 1771 1848 1814 expressis
1874 1782 1911 1804 30

1175 1821 1214 1853 de
1239 1822 1340 1854 verbo
1365 1823 1403 1855 ad
1430 1823 1565 1855 verbum
1579 1823 1712 1855 insertis
1738 1823 1909 1864 habentes,

1173 1874 1238 1907 illis
1264 1874 1342 1907 alias
1374 1875 1408 1908 in
1439 1886 1498 1908 suo
1523 1877 1643 1909 robore
1668 1877 1908 1919 permansuris,

1174 1928 1213 1960 ad
1245 1928 1504 1971 praemissorum
1539 1928 1713 1970 effectum,
1746 1930 1806 1962 hac
1841 1930 1909 1963 vice

1174 1980 1351 2020 dumtaxat,
1371 1981 1561 2024 specialiter
1579 1986 1611 2013 et
1631 1991 1786 2024 expresse
1813 1982 1910 2014 dero-

1174 2044 1312 2076 gamus;
1338 2034 1528 2077 ceterisque
1561 2033 1736 2066 contrariis
1773 2034 1908 2076 quibus-

1174 2097 1328 2129 cumque.
1735 2127 1741 2136 ⁸

1216 2139 1331 2171 Datum
1362 2138 1494 2180 Romae,
1523 2139 1609 2182 apud
1633 2138 1664 2171 S.
1691 2138 1820 2172 Mariam
1847 2139 1910 2172 Ma-

1174 2191 1296 2232 iorem,
1324 2192 1384 2224 sub
1417 2192 1537 2224 annulo
1572 2192 1756 2233 Piscatoris‚
1793 2192 1844 2225 die
1878 2203 1909 2226 lx

1175 2245 1301 2286 augusti
1326 2254 1479 2285 MDCLXIII,
1501 2244 1706 2287 pontificatus
1724 2245 1826 2277 nostri
1853 2255 1909 2277 an-

1175 2308 1217 2330 no
1243 2307 1283 2329 ix.

1209 2358 1267 2385 Dat.
1283 2357 1326 2385 die
1340 2358 1356 2385 9
1371 2358 1477 2394 augusti
1494 2357 1571 2393 1663,
1588 2357 1682 2394 pontif.
1699 2365 1769 2385 anno
1786 2363 1822 2384 11.

1927 192 2106 229 An.C.1663

1950 468 2073 495 Clausum

1992 1199 2108 1225 Derogano

1924 1227 2086 1247 couti-ariorum.
