2247 3208
123 230 173 257 Λη.
191 229 219 256 C.
242 229 309 257 1662

909 231 1097 255 ALEUNDER
1120 232 1162 255 vu
1189 233 1236 255 1³1³.

321 278 380 312 tris
415 277 537 322 prioris
569 278 711 312 officium
745 283 895 312 servetur
929 279 1056 312 Ordinis

322 331 525 373 constitutio,
551 337 636 375 part.
657 343 703 373 111,
725 343 796 376 cap.
817 343 849 372 11,
875 332 890 375 ξ
909 331 938 372 ⁶2,
964 332 1055 372 itaut,

321 384 410 427 quod
442 384 488 417 ibi
521 385 642 418 dicitur
667 386 705 418 de
731 385 955 418 visitatoribus
981 395 1058 427 pro-

320 437 447 471 vinciae
474 442 506 471 et
531 438 570 471 de
588 438 777 471 immediato
795 438 1055 481 praedecessore

318 486 542 534 provincialis,
570 491 774 534 intelligatur
799 491 922 523 dictum
939 491 978 523 de
999 501 1056 533 pa-

320 543 426 577 tribus
466 544 640 588 superiore
674 549 706 577 et
738 543 867 576 consilii
900 548 1056 586 respectu

319 597 589 631 reverendissimi
604 597 707 640 patris
721 596 884 639 generalis
898 607 959 640 pro
974 601 1055 629 tem-

318 661 418 694 pore,
446 662 544 695 quem
573 651 692 684 deinde
725 651 763 683 de
788 652 872 683 nova
897 650 1055 683 substitu-

319 704 419 745 tione,
430 709 466 736 ut
479 715 587 747 supra,
599 714 659 747 per
670 704 867 737 electionem
878 703 1053 737 certiorem

318 756 469 790 reddant.
484 756 611 790 Nemini
628 757 734 797 liceat,
749 761 825 800 post
837 761 964 800 captam
978 766 1054 799 pos-

317 810 503 843 sessionem
514 809 652 843 alieuius
668 809 774 850 oflicii,
786 809 833 842 illi
846 809 1052 848 renunciare,

317 863 380 896 nisi
395 863 530 896 accedat
546 873 701 896 assensus
722 863 756 895 in
772 862 905 906 scriptis
922 869 1053 906 patrum

317 916 469 956 consilii;
497 926 591 949 secus
617 915 787 955 facientes,
814 916 887 959 ipso
912 916 997 948 facto
1022 920 1054 947 et

316 970 441 1013 absque
458 969 611 1002 ulteriori
629 969 861 1008 declaratione,
876 979 936 1012 per
954 968 1054 1001 trien-

316 1023 409 1056 nium
435 1025 575 1066 utraque
600 1033 679 1056 voce
701 1022 767 1055 sint
790 1022 908 1065 privati
929 1028 963 1054 et
978 1032 1054 1065 per-

316 1082 418 1120 petuo
437 1076 535 1109 huius
554 1081 735 1110 conventus
754 1080 787 1108 et
811 1075 942 1118 collegii
963 1086 1054 1108 man-

318 1130 425 1163 sione.

361 1193 412 1216 xv.
438 1182 554 1216 Nullus
579 1188 683 1226 pater,
706 1188 762 1215 aut
786 1182 897 1222 frater,
917 1183 967 1215 vel
988 1183 1053 1215 cle-

317 1235 422 1281 ricw,
449 1246 509 1268 nec
541 1236 581 1268 ad
615 1235 780 1276 habitum,
811 1245 872 1268 nec
902 1235 981 1268 item
1012 1235 1052 1268 ad

316 1288 560 1332 professionem
585 1288 618 1321 in
644 1289 707 1321 hoc
741 1293 904 1321 conventu
930 1293 961 1321 et
985 1288 1053 1321 col-

315 1341 403 1383 legio
429 1341 639 1382 admittatur,
666 1351 727 1374 nec
753 1341 792 1374 de
820 1341 940 1373 familia
964 1351 1052 1374 coin-

315 1399 480 1435 moretur,
507 1394 534 1427 si
566 1404 632 1427 non
664 1394 707 1427 sit
735 1399 790 1426 aut
823 1394 990 1434 affiliatus,
1017 1398 1053 1425 ut

315 1458 425 1491 supra,
444 1453 500 1481 aut
525 1447 683 1487 officialis,
701 1452 757 1480 aut
774 1448 920 1489 studens,
940 1452 994 1480 aut
1012 1448 1050 1480 de

315 1511 456 1545 corpore
490 1500 590 1534 studii
623 1501 783 1544 (exeeptis
811 1505 919 1534 tamen
953 1511 1053 1544 quae-

314 1555 469 1594 storibus,
488 1559 544 1587 aut
561 1554 587 1587 si
605 1554 706 1597 aliqui
727 1554 792 1586 sint
812 1554 991 1587 necessarii
1012 1555 1051 1588 ad

315 1607 500 1641 ministeria
519 1608 613 1641 chori
634 1608 683 1641 vel
707 1608 746 1640 ad
767 1608 829 1640 alia
846 1608 978 1651 negotia
996 1609 1052 1642 do-

315 1662 479 1705 mestica);
492 1672 553 1705 pro
566 1661 722 1694 fratribus
735 1666 843 1694 autem
858 1661 949 1694 laicis
964 1661 1051 1695 iuxta

315 1719 498 1748 conventus
513 1714 746 1747 necessitatem
761 1715 861 1758 aliqui
876 1715 978 1758 recipi
993 1725 1051 1758 po—

316 1772 429 1800 terunt
439 1768 479 1801 ad
491 1768 641 1800 habitum
654 1772 686 1800 et
698 1767 940 1811 professionem
953 1768 1050 1811 (quae

315 1820 426 1853 omnia.
437 1820 573 1853 arbitrio
584 1826 617 1853 et
627 1819 835 1864 prudentiae¹
846 1821 949 1863 patris
962 1821 1052 1864 prio-

315 1873 360 1906 ris
386 1884 447 1916 pro
473 1878 623 1916 tempore
655 1873 867 1906 iudicandum
892 1874 1052 1917 relinqui-

315 1927 412 1969 mus),
438 1926 537 1959 modo
563 1931 673 1958 tamen
704 1936 721 1958 a
746 1926 894 1969 patribus
921 1926 1050 1960 consilii

314 1979 355 2012 ad
379 1978 592 2012 novitiatum²
617 1984 649 2012 et
673 1979 712 2012 ad
736 1978 978 2022 professionem
997 1980 1052 2013 ad-

314 2031 499 2064 mittantur.

357 2096 421 2119 XVI.
443 2085 492 2118 Ad
510 2085 710 2119 studendum
727 2085 846 2118 missus
864 2086 974 2119 nullus
1000 2097 1052 2119 re-

315 2139 465 2183 cipiatur,
491 2139 555 2172 nisi
580 2139 674 2183 nigro
700 2145 733 2173 et
756 2141 831 2173 albo
866 2140 981 2173 habitu
1010 2140 1051 2173 sit

315 2193 455 2226 honeste
476 2193 622 2234 indutus,
648 2198 705 2226 aut
728 2203 789 2236 pro
815 2193 941 2226 eisdem
953 2193 1052 2226 vesti-

314 2246 375 2279 bus
393 2257 572 2289 congruam
585 2246 745 2290 pecuniae
760 2257 921 2280 summam
938 2257 1049 2280 secum

315 2300 462 2333 attulerit
485 2300 570 2343 patri
600 2299 809 2343 procuratori
839 2300 949 2333 statim
974 2311 1051 2334 con-

315 2352 526 2396 signandam3
553 2353 702 2397 hospites
730 2358 840 2387 autem
865 2354 954 2388 omni
976 2365 1049 2387 cum

315 2406 476 2439 charitate
510 2412 541 2440 et
569 2407 745 2440 devotione
771 2407 860 2440 iuxta
885 2413 1051 2441 monaste-

315 2458 355 2492 rii
379 2459 568 2494 facultatem
601 2465 633 2493 et
661 2460 921 2504 uniuscuiusque
948 2450 1069 2511 quali-1

350 2539 362 2565 1
380 2537 451 2566 Edit.
467 2538 546 2566 Main.
562 2538 627 2574 legit
639 2539 793 2575 prudentia
807 2540 845 2574 (n.
860 2540 909 2574 τ.).

349 2582 366 2608 2
381 2582 450 2609 Edit.
470 2583 551 2610 Μαίη.
576 2583 660 2612 habet
678 2580 837 2612 novitatum
856 2592 904 2620 pro
925 2585 1050 2613 novilia-

315 2631 374 2658 tum
392 2628 429 2662 (a.
446 2631 494 2662 T.).

1751 223 1794 257 35

1093 284 1191 312 tatem
1216 280 1436 324 recipiantur,
1465 281 1637 314 transactis
1662 292 1741 314 vero
1770 281 1827 313 tri-

1090 332 1152 364 bus
1168 333 1294 372 diebus,
1313 333 1338 365 si
1354 334 1392 366 ad
1411 334 1520 377 aliqua
1536 335 1669 377 negotia
1686 334 1824 367 ulterius

1091 395 1263 418 remanere
1286 387 1458 426 voluerint,
1478 398 1538 430 pro
1557 388 1643 420 victu
1658 388 1825 421 communi

1091 439 1281 480 persolvant
1312 444 1453 471 taxatam
1482 441 1664 473 secundum
1694 446 1824 484 ternpus

1091 501 1107 522 a
1132 491 1281 533 patribus
1307 491 1436 524 consilii
1462 503 1633 533 summam,
1654 494 1752 526 aliter
1778 494 1825 527 di-

1090 543 1281 583 1nittantur3
1315 544 1471 586 quamdiu
1507 556 1584 578 vero
1621 547 1822 587 manserint,

1089 596 1218 637 legibus
1240 596 1408 639 hospitum
1428 602 1604 630 teneantur
1620 604 1653 630 et
1677 599 1825 641 obligen-

1091 655 1151 689 tur,
1166 650 1254 683 iuxta
1268 650 1398 683 Ordinis
1413 652 1677 692 constitutiones,
1699 658 1782 696 part.
1799 664 1821 687 11

1089 713 1160 746 cap.
1187 704 1282 746 xvug
1303 703 1322 735 ⁹2
1347 709 1379 736 et
1404 705 1633 747 sequentibus.

1131 767 1207 791 xv11.
1227 756 1442 790 Studcntibus
1461 759 1678 791 redeuntibus
1697 759 1730 792 in
1748 770 1823 793 suas

1088 809 1273 853 provincias
1296 816 1477 844 conventus
1492 822 1557 845 non
1576 817 1728 845 teneatur
1746 813 1823 845 dare

1088 874 1249 906 cappam,
1284 874 1345 897 ncc
1381 865 1510 898 solvere
1550 865 1726 906 viaticum,
1760 867 1824 899 nisi

1088 927 1148 959 per
1173 916 1351 949 triennium
1386 918 1552 960 integrum
1579 919 1765 952 sacerdotio
1790 920 1824 952 in

1089 970 1151 1003 hoc
1169 971 1334 1004 conventu
1352 977 1384 1004 et
1401 972 1541 1014 collegio
1568 973 1669 1005 functi
1688 973 1822 1005 fuerint:

1088 1028 1120 1055 et
1145 1028 1221 1056 tunc
1245 1034 1306 1066 pro
1333 1023 1410 1058 hinc
1435 1025 1669 1058 remetieribus
1700 1026 1824 1058 dabun-

1089 1081 1140 1108 tur
1165 1076 1278 1118 viginti
1303 1077 1406 1110 librae
1432 1078 1471 1110 ad
1497 1088 1680 1119 summum;
1704 1078 1823 1111 ceteris

1087 1140 1164 1162 vero
1183 1130 1220 1162 ad
1243 1140 1394 1163 normam
1415 1131 1561 1174 ipsarum
1586 1131 1699 1173 viginti
1724 1131 1825 1164 libra-

1087 1192 1173 1222 rum,
1198 1183 1382 1225 ponderata
1408 1183 1668 1227 uniuscuiusque
1694 1184 1823 1217 itineris

1088 1234 1258 1275 distantia;
1286 1236 1394 1278 quoad
1420 1236 1575 1269 ossiciales
1597 1242 1706 1269 autem
1724 1237 1824 1270 relin-

1087 1287 1200 1331 quitur
1229 1288 1405 1331 prudentia
1437 1288 1609 1332 patribus¹
1640 1289 1762 1333 prioris
1791 1296 1824 1323 et

1087 1340 1225 1381 consilii,
1245 1340 1309 1384 qui,
1327 1341 1416 1373 iuxta
1432 1341 1585 1374 meritum
1603 1353 1823 1385 personarum

1087 1398 1119 1426 et
1136 1393 1329 1436 qualitatem
1343 1394 1536 1435 officiorum,
1554 1395 1731 1439 unicuique
1747 1397 1824 1428 sub-

1086 1446 1321 1480 ministrabunt
1334 1446 1500 1480 sufficiens
1517 1453 1549 1481 ct
1567 1448 1743 1481 honestum
1758 1448 1824 1481 via-

1087 1500 1199 1533 ticum.

1128 1564 1218 1587 xvm.
1238 1553 1316 1588 Cum
1331 1565 1368 1588 ex
1385 1554 1507 1587 mutuis
1534 1555 1670 1588 fratrum
1687 1566 1823 1599 percus-

1086 1607 1234 1640 sionibus
1252 1607 1399 1650 ingentia
1422 1609 1546 1642 oboriri
1561 1610 1823 1653 comprobentur

1086 1661 1178 1700 mala,
1205 1660 1326 1693 adeout
1350 1660 1383 1693 in
1408 1661 1592 1704 perniciem
1618 1667 1650 1695 et
1675 1662 1822 1695 ultimam

1085 1714 1214 1747 ruinam
1239 1713 1334 1747 istius
1361 1720 1542 1747 conventus
1570 1720 1601 1748 et
1626 1715 1756 1758 collegii
1775 1715 1823 1747 ni-

1087 1767 1132 1801 hil
1157 1768 1260 1810 magis
1279 1768 1390 1809 cedat;
1415 1779 1526 1811 quare,
1551 1774 1586 1801 ut
1609 1768 1648 1801 iis
1670 1779 1823 1801 occurra-

1086 1832 1157 1854 mus
1182 1821 1285 1861 malis,
1313 1821 1504 1855 ordinamus
1531 1827 1561 1855 et
1587 1822 1762 1855 statuimus
1788 1827 1823 1854 ut

1086 1875 1285 1918 quicumque
1312 1875 1413 1907 frater
1437 1875 1546 1908 animo
1572 1875 1656 1907 irato
1678 1875 1822 1918 aliquem

1085 1928 1298 1971 percusserit,
1318 1928 1427 1961 statim
1454 1934 1486 1961 et
1510 1930 1600 1962 nulla
1624 1928 1823 1972 interposita

1086 1983 1186 2021 mora,
1214 1982 1254 2013 ab
1280 1982 1343 2014 hoc
1368 1986 1532 2014 conventu
1557 1987 1589 2014 ct.
1614 1981 1755 2024 collegio
1773 1982 1822 2014 in-

1087 2033 1528 2078 dispensabiliterperpetuo
1541 2035 1731 2078 expellatur,
1742 2045 1822 2078 poe-

1086 2098 1143 2120 nas
1161 2098 1222 2131 per
1238 2087 1492 2121 constitutiones
1510 2093 1641 2122 nostras
1655 2115 1663 2129 ,
1682 2093 1767 2131 part.
1788 2098 1821 2121 vx

1086 2151 1157 2184 cap.
1185 2151 1224 2180 1v,
1253 2145 1384 2181 taxatas,
1410 2141 1499 2174 iuxta
1526 2140 1717 2185 qualitatem
1746 2152 1822 2184 per-

1085 2193 1248 2227 cussionis
1285 2199 1317 2227 et
1348 2205 1511 2238 personae
1551 2205 1749 2238 percussae,
1784 2204 1821 2227 ac

1086 2247 1249 2288 scandali,
1277 2257 1350 2281 eum
1383 2247 1527 2291 primuni
1559 2247 1592 2280 in
1627 2257 1719 2280 suam
1744 2258 1821 2290 pro-

1084 2300 1222 2333 vinciam
1248 2300 1457 2343 pervenerit,
1485 2300 1668 2333 subiturus.
1695 2300 1819 2333 Idcirco

1085 2353 1276 2386 mandamus
1297 2353 1382 2397 patri
1399 2353 1503 2397 priori
1520 2364 1581 2397 pro
1607 2358 1756 2397 tempore
1785 2358 1821 2385 ut

1085 2407 1123 2440 de
1142 2406 1332 2440 huiusmodi
1345 2417 1481 2440 excessu
1495 2406 1738 2450 quamprimum
1752 2416 1820 2439 mo-

1084 2464 1161 2492 neat
1181 2459 1406 2492 venerandum
1428 2464 1555 2503 patrem
1582 2459 1820 2502 provincialem

1083 2513 1170 2546 illius
1184 2512 1382 2556 provinciae,
1399 2513 1491 2546 cuius
1510 2512 1573 2545 erit
1590 2512 1675 2544 filius
1689 2512 1751 2544 iam
1767 2523 1819 2544 ex-

1084 2567 1209 2610 pulsus,
1229 2570 1391 2609 quatenus
1410 2566 1481 2609 ipse
1500 2566 1706 2598 venerandus
1724 2570 1819 2608 pater

1121 2629 1131 2655 1
1149 2628 1243 2656 Potius
1257 2628 1316 2664 lege
1327 2628 1503 2663 prudentiae
1515 2629 1636 2662 patrum
1652 2628 1689 2662 (n.
1707 2626 1754 2660 r).

1842 233 1891 259 An.
1908 232 1936 258 C.
1957 232 2024 258 1662
