2247 3208
221 214 260 243 An
291 213 320 241 c.
340 212 405 241 ¹667
447 205 516 240 534

255 2064 287 2085 Ius
311 2065 404 2085 civitatis

223 2093 242 2111 in
263 2097 335 2111 coi-uin
355 2091 404 2111 liae·

223 2119 283 2137 rii-lus
299 2118 404 2138 transferi.

415 263 644 307 dapiferorum,
663 263 711 295 vel
733 261 865 294 alterius
879 271 939 304 pro
954 261 1031 304 ipsis
1055 261 1147 293 nobis

414 326 511 359 super
531 316 593 347 hoc
617 315 744 347 oblatae
770 314 936 357 petitionis
954 313 1146 350 instantiam,

414 369 470 401 scd
484 369 522 400 de
537 369 627 399 mera
639 367 830 400 liberalitate
848 369 998 409 certaque
1013 365 1147 398 scientia

413 421 542 460 nostris,
568 421 671 463 deque
690 421 883 463 apostolicae
905 419 1072 463 potestatis
1085 419 1148 461 ple·

413 474 579 513 nitudine,
606 473 638 505 in
662 483 772 513 veros,
798 473 994 506 indubitatos
1027 476 1058 504 et
1083 481 1147 503 non

412 528 503 560 fictos
529 526 704 559 familiares
726 526 894 558 continuos
913 524 1146 557 commensales

413 586 554 620 nostros,
582 586 614 612 et
638 590 693 612 eos
719 579 773 622 qui
800 590 836 611 ex
862 579 926 611 illis
952 578 1061 610 clerici
1087 577 1148 609 exi-

413 638 510 672 stunt,
537 643 593 665 seu
619 631 753 664 militiae
777 631 920 664 clericali
938 629 1076 663 adscribi
1095 630 1148 662 de-

412 685 567 723 siderant,
593 695 739 727 quosque
764 688 829 716 tres
856 694 891 716 ex
910 682 1063 726 praefatis
1082 692 1149 714 car-

413 738 574 770 dinalibus
599 738 632 770 in
650 737 796 781 quolibet
815 737 928 769 ordine
945 735 1147 778 antiquiores

412 791 520 833 gradu,
548 791 716 824 nobilitate
743 797 774 823 et
790 790 860 822 aliis
886 789 1009 821 meritis
1032 788 1148 830 dignos

413 843 467 876 tati
493 843 649 885 dignitate
675 842 894 880 iudicaverint,
922 841 951 873 in
974 846 1098 873 nostros
1117 845 1148 872 et

413 896 619 939 Apostolicae
643 896 734 928 Sedis
759 895 918 933 notarios,
946 894 1015 925 sine
1041 898 1147 925 tamen

412 948 611 992 praeiudicio
637 949 829 981 dilectorum
847 947 988 979 tiliorum
1006 945 1149 978 notario-

412 1012 484 1034 rum
509 1002 548 1034 de
573 1011 705 1034 numero
732 999 1006 1043 participantium,
1034 1004 1147 1031 tenore

412 1052 635 1095 praesentium
673 1051 871 1093 recipimus,
909 1055 940 1081 et
977 1055 1039 1080 tam
1074 1048 1147 1081 illos

413 1115 510 1148 quam
534 1105 614 1137 alios
639 1104 803 1147 dapiscros
827 1103 978 1145 singulos,
1006 1101 1058 1144 qui
1084 1101 1149 1133 sin-

412 1157 547 1200 gillatim
577 1157 615 1189 ab
652 1156 773 1189 eisdem
806 1155 905 1187 tribus
930 1154 1147 1187 cardinalibus

413 1210 502 1252 digni
543 1209 597 1242 tali
638 1210 763 1242 honore
803 1208 973 1251 approbati
1010 1207 1147 1245 suerint,

412 1316 507 1347 mites
527 1320 558 1348 et
573 1314 710 1353 milites,
730 1325 765 1346 ac
783 1319 845 1346 tam
863 1313 936 1345 iilos
958 1322 1052 1355 quain
1068 1312 1148 1345 alios

413 1484 475 1516 que
508 1472 600 1505 Urbis
631 1473 680 1504 vel
713 1471 847 1504 alicuius
876 1470 1007 1503 alterius
1038 1481 1074 1502 ex
1109 1470 1150 1501 ci—

410 1525 563 1558 vitatibus
588 1525 759 1568 temporali
787 1524 930 1556 dominio
957 1524 1060 1555 dictae
1087 1523 1149 1555 Ro-

411 1589 525 1611 manae
549 1578 712 1610 Ecclesiae
737 1577 875 1610 mediate
892 1577 940 1609 vel
964 1575 1148 1608 immediate

413 1631 575 1669 subiectis,
602 1630 685 1663 cives
711 1641 779 1662 esse
803 1629 975 1668 voluerint,
1002 1629 1149 1671 singulos
1171 1627 1172 1651 i

413 1683 447 1716 in
473 1686 510 1716 ea
542 1683 613 1727 ipsa
645 1683 794 1722 civitate,
828 1692 923 1725 quam
962 1681 1149 1724 singillatim

413 1737 549 1780 quisque
575 1746 686 1768 eorum
711 1735 854 1778 elegerit,
874 1741 905 1767 et
929 1735 969 1766 ad
995 1745 1089 1777 quam
1111 1734 1149 1765 ab

414 1852 509 1874 veros
533 1841 617 1874 cives
643 1842 681 1874 ad
707 1841 806 1873 instar
837 1845 869 1873 et
898 1841 986 1872 nulla
1018 1850 1150 1882 prorsus

415 1958 508 1981 veros
526 1947 720 1989 originarios
739 1952 770 1979 et
786 1946 1026 1989 antiquissimos
1053 1951 1084 1978 et
1100 1956 1151 1978 no-

415 2001 498 2034 biles
524 2000 758 2044 participantes
776 1999 859 2032 cives
877 1998 976 2042 ipsius
991 1998 1083 2031 Urbis
1101 2000 1150 2031 vel

416 2054 560 2093 civitatis,
571 2053 614 2086 ita
627 2059 661 2085 ut
673 2053 780 2096 ipsum
795 2052 845 2084 ius
858 2052 991 2084 civitatis
1004 2052 1043 2084 ad
1058 2062 1151 2095 quos·
1170 2072 1173 2095 ᾗ

416 2117 553 2150 cumque
580 2116 692 2139 eorum
719 2105 877 2138 haeredes
904 2105 1020 2137 eodem
1052 2104 1149 2137 modo

416 2165 577 2199 transeat,
603 2170 761 2198 creamus,
788 2158 1015 2191 constituimus
1042 2163 1074 2190 et
1099 2158 1152 2189 de-

416 2218 578 2255 putamus,
604 2223 641 2245 ac
665 2211 842 2245 nobilitatis
872 2216 903 2244 et
929 2210 1089 2243 civilitatis
1116 2209 1152 2242 ti-

418 2267 500 2305 tulo,
527 2266 651 2298 honore
677 2271 708 2298 et
732 2264 915 2307 insignibus
942 2264 1149 2302 decoramus,

416 2319 619 2361 aliorumque
668 2318 874 2351 familiarium
924 2317 1150 2349 continuorum

416 2371 681 2404 commensalium
700 2371 793 2403 nobis
811 2376 880 2403 actu
902 2369 934 2401 in
956 2369 1075 2411 palatio
1094 2379 1152 2401 no-

417 2430 484 2457 stro
510 2425 688 2467 apostolico
714 2424 924 2461 serventium,
953 2428 985 2455 et
1009 2423 1041 2454 in
1066 2422 1151 2454 illius

418 2477 530 2510 tinello
556 2477 804 2510 comedientium
830 2482 862 2508 et
887 2475 1074 2514 bibentium,
1095 2485 1152 2507 no-

419 2536 562 2563 strorum
589 2535 620 2563 et
643 2530 733 2562 Sedis
772 2531 872 2572 Apost
898 2529 975 2561 licae
1014 2529 1152 2561 notario-

419 2592 499 2624 rum,
520 2584 694 2627 palatiique
720 2588 750 2615 et
770 2584 860 2615 aulae
880 2583 1040 2625 praefatae
1062 2582 1153 2615 comi-

987 214 1167 237 BULLAmt'M
1191 212 1341 238 nouxxuu

1191 266 1275 299 tum,
1313 261 1449 293 militum
1485 267 1516 294 et
1552 262 1707 295 nobilium
1743 268 1774 295 et
1808 263 1924 295 civium

1190 312 1373 346 huiusmodi
1392 313 1640 355 originariorum
1654 326 1788 348 numero
1803 321 1834 348 et
1850 325 1925 348 con-

1191 367 1290 399 sortio
1316 367 1534 400 favorabiliter
1558 378 1792 410 aggregamus,
1817 374 1849 401 et
1866 378 1923 410 pro

1190 419 1295 459 veris,
1323 419 1509 451 indubitatis
1536 425 1568 451 et
1595 430 1660 452 non
1685 420 1764 452 fictis
1791 420 1925 453 familia-

1189 472 1277 505 ribus
1302 472 1464 504 continuis
1484 472 1755 504 commensalibus
1779 483 1815 505 ac
1839 478 1924 505 nota-

1190 524 1245 557 riis
1271 524 1399 564 nostris
1425 524 1668 566 comitibusque,
1687 523 1850 564 militibus,
1869 535 1925 557 no-

1190 577 1374 620 bilibusque
1400 588 1435 609 ac
1460 577 1580 609 civibus
1596 577 1748 619 deinceps
1765 577 1876 609 haberi
1894 581 1927 609 et

1190 630 1334 673 reputari
1359 631 1504 662 volumus
1529 635 1562 662 et
1586 630 1783 669 mandamus,
1816 629 1926 672 eisque

1190 682 1223 715 in
1262 683 1519 726 quibuscumque
1566 682 1850 725 impetrationibus
1890 692 1926 714 ac

1191 734 1458 767 concessionibus
1485 739 1515 766 et
1540 734 1670 773 litteris,
1696 740 1757 766 tam
1792 733 1926 776 gratiam

1192 799 1287 830 quam
1314 787 1465 820 iustitiam
1490 787 1672 829 separatim,
1687 797 1741 819 seu
1756 792 1925 829 utramque

1191 841 1312 873 mixtim
1353 839 1647 879 concernentibus,
1684 850 1716 872 se
1753 839 2119 895 familiareshcgsmgirszffapmi-

1191 894 1359 926 continuos
1385 894 1616 925 commensales
1647 898 1791 931 nostrOS,
1817 898 1848 925 et
1872 903 1926 925 co-

1169 946 1294 984 'mites‚
1321 946 1446 984 milites,
1474 946 1608 985 nobiles,
1635 956 1670 978 ac
1695 946 1778 978 cives
1806 951 1838 978 et
1863 945 1927 978 ori-

1192 998 1333 1040 ginarios
1358 998 1538 1037 nominare,
1558 1008 1617 1030 nec
1635 1003 1809 1040 propterea
1826 997 1926 1040 impe-

1192 1051 1357 1089 trationes,
1385 1050 1616 1083 concessiones
1643 1055 1674 1082 et
1692 1050 1817 1082 litterae
1834 1050 1925 1092 ipsae

1192 1103 1495 1146 subreptionisvitio
1513 1103 1707 1141 subiaceant,
1727 1103 1783 1135 sed
1801 1103 1925 1135 validae

1170 1190 1172 1198 ¹
1192 1162 1223 1188 et
1243 1156 1388 1189 efficaces
1407 1156 1551 1195 existant,
1570 1167 1605 1188 ac
1623 1166 1659 1188 ex
1679 1166 1763 1187 nunc
1774 1156 1927 1198 deinceps

1170 1201 1172 1230 ¹,
1193 1214 1224 1242 et
1247 1209 1280 1241 in
1301 1215 1492 1252 perpetuum
1508 1209 1657 1241 omnibus
1673 1214 1704 1240 et
1721 1208 1927 1250 quibuscum·

413 1262 494 1295 saeri
520 1261 630 1305 palatii
663 1267 694 1294 et
727 1263 819 1294 aulae
845 1259 1071 1293 Lateranensis
1097 1262 1172 1292 co—i,

1193 1272 1266 1304 que,
1287 1267 1319 1293 et
1340 1272 1474 1304 prorsus
1492 1261 1648 1293 similibus
1675 1261 1928 1294 antelationibus

1170 1314 1437 1358 ;antelationum‚
1463 1313 1713 1356 praerogativis,
1739 1312 1925 1356 privilegiis,

414 1378 527 1400 omnes
552 1377 769 1410 quoscumque
803 1366 966 1408 dapiferos
1001 1363 1172 1397 maistin-3

413 1426 473 1459 cte,
500 1419 553 1463 qui
579 1419 705 1452 nobiles
730 1429 795 1451 non
814 1424 896 1457 sunt,
915 1418 1053 1456 nobiles,
1081 1417 1172 1460 qui-³

1192 1367 1394 1400 libertatibus
1411 1394 1418 1406 ‚
1446 1366 1720 1404 immunitatibus,
1749 1366 1928 1409 exemptio-

1193 1420 1296 1458 nibus,
1322 1419 1470 1455 decretis,
1491 1418 1772 1458 declarationibus,
1791 1419 1926 1461 deroga-

1194 1472 1345 1511 tionibus,
1361 1472 1529 1510 mandatis,
1547 1470 1821 1514 suspensionibus,
1841 1471 1927 1504 savo-

1194 1525 1297 1564 ribus,
1331 1524 1461 1566 gratiis,
1499 1523 1695 1566 privilegiis,
1728 1523 1862 1556 indultis
1892 1533 1928 1555 ac

1193 1577 1333 1616 iuribus,
1374 1576 1489 1619 quibus
1527 1576 1578 1608 alii
1618 1576 1718 1608 nostri
1752 1576 1926 1608 familiares

1194 1636 1337 1672 tempore
1362 1629 1465 1661 dictae
1490 1628 1716 1670 assumptionis
1741 1634 1869 1661 nostrae
1889 1629 1927 1661 ad

1193 1683 1309 1715 summi
1335 1683 1532 1725 apostolatus
1557 1681 1701 1724 apicem,
1737 1692 1773 1714 ac
1813 1682 1927 1724 'quibus

1171 1777 1173 1779 Ι
1194 1736 1246 1769 alii
1273 1736 1417 1768 eiusdem
1442 1735 1532 1768 Sedis
1551 1735 1676 1773 notarii,
1703 1734 1796 1767 etiam
1815 1735 1853 1767 de
1872 1746 1929 1767 nu-

414 1789 537 1822 eisdem
563 1788 779 1821 cardinalibus
802 1798 835 1820 se
862 1787 985 1819 admitti
1011 1786 1148 1829 petierit,
1171 1783 1173 1806 ¹¹

1193 1799 1282 1821 mero
1307 1788 1569 1832 participantium
1594 1788 1779 1826 existentes,
1803 1787 1927 1820 etiamsi

1171 1872 1173 1878 ,
1194 1843 1338 1875 habitum
1354 1848 1385 1874 et
1398 1842 1599 1874 rocchettum
1614 1840 1813 1873 notariorum
1825 1841 1927 1883 ipsius

415 1894 597 1927 differentia
621 1894 706 1926 inter
740 1903 795 1925 eos
825 1899 857 1925 et
890 1892 1035 1935 singulos
1069 1892 1172 1924 alios

1194 1895 1284 1927 Sedis
1309 1905 1373 1927 non
1400 1894 1556 1933 deserant,
1582 1893 1756 1936 palatiique
1782 1898 1812 1925 et
1837 1894 1927 1925 aulae

1194 1948 1376 1991 praedictae
1401 1947 1534 1980 comites
1563 1952 1595 1979 et
1613 1946 1731 1979 milites
1749 1957 1785 1978 ac
1802 1946 1928 1979 nobiles

1194 1999 1359 2042 originarii
1385 2005 1417 2032 et
1440 1999 1656 2041 antiquissimi
1676 1999 1760 2031 cives
1781 1999 1928 2032 eiusdem

1195 2053 1287 2085 Urbis
1313 2054 1362 2085 vel
1388 2051 1531 2089 civitatis,
1558 2061 1662 2094 quam,
1681 2057 1715 2083 ut
1735 2051 1927 2094 praefertur,

1195 2105 1363 2147 elegerint,
1374 2104 1569 2147 quicumque
1588 2114 1625 2135 ex
1641 2109 1778 2144 utroque
1794 2109 1927 2146 parente

1196 2168 1269 2190 vere
1295 2157 1394 2189 nobili
1421 2167 1455 2189 ac
1481 2156 1545 2187 cive
1571 2155 1654 2187 civili
1688 2160 1719 2187 et
1751 2156 1928 2196 originario

1195 2209 1419 2252 antiquissimo
1446 2208 1615 2251 procreati,
1640 2208 1679 2239 de
1700 2207 1779 2246 iure,
1799 2211 1926 2245 statuto,

1195 2262 1449 2301 consuetudine,
1474 2262 1523 2293 vel
1548 2261 1626 2293 alias
1657 2271 1693 2293 ex
1726 2259 1833 2302 aliquo
1858 2268 1930 2301 spe—

1195 2315 1266 2348 ciali
1304 2315 1495 2358 privilegio,
1536 2324 1590 2345 seu
1628 2313 1705 2345 alias
1740 2311 1836 2344 etiam
1871 2320 1929 2353 per

1196 2378 1416 2410 quascumque
1455 2367 1574 2399 litteras
1599 2376 1655 2398 seu
1680 2364 1926 2397 constitutiones

1196 2420 1388 2463 apostolicas
1410 2430 1466 2462 pro
1485 2425 1627 2461 tempore
1654 2418 1764 2455 editas,
1783 2420 1927 2454 utuntur,

1197 2475 1355 2509 fruuntur,
1381 2472 1548 2515 potiuntur
1573 2476 1603 2503 et
1627 2470 1785 2512 gaudent,
1812 2478 1848 2500 ac
1872 2467 1926 2507 uti,

1197 2527 1278 2564 frui,
1312 2526 1406 2568 potiri
1433 2532 1462 2557 et
1489 2526 1629 2566 gaudere
1659 2528 1796 2566 possunt
1820 2528 1852 2554 et
1876 2532 1930 2564 po-

1172 2588 1174 2594 ·
1196 2586 1303 2614 terunt
1323 2579 1567 2622 quomodolibet
1591 2578 1623 2609 in
1642 2578 1791 2616 l'uturuin,
1811 2576 1930 2619 ubique

1924 212 1974 240 An.
1994 214 2024 241 C.
2045 210 2112 240 ¹667
