2247 3208
199 157 248 184 An.
271 156 300 183 C.
318 157 385 185 ¹665

382 1637 553 1670 videlicet:

214 1700 326 1721 Decretum
337 1704 372 1719 sa-

187 1732 238 1748 cras
258 1731 372 1751 congrega-

189 1786 240 1801 fum-

384 2167 556 2199 stantibus.

429 2219 557 2259 Romae,
575 2229 594 2251 v
613 2218 792 2263 decembris
817 2228 968 2252 MDCinv.

984 162 1172 185 Atax-mnan
1195 163 1239 186 vu
1265 165 1312 186 Μ’.

395 206 461 239 lum
478 205 572 238 nobis
593 216 654 249 pro
673 211 761 249 parte
781 207 914 240 fratrum
940 208 1043 242 dictae
1061 220 1136 252 pro-

394 258 517 291 vinciae
544 258 575 291 S.
601 259 730 292 loannis
756 260 917 303 Baptistae
941 267 1132 304 porrectum,

393 321 457 354 quo
481 321 578 355 super
602 312 797 355 pertinentia
814 314 969 356 praedicti
997 325 1134 347 conven-

392 369 443 396 tus
460 364 598 397 Murciae
620 365 735 398 iterum
759 366 870 404 audiri,
896 377 960 399 non
985 367 1132 399 obstante

393 417 524 450 decreto
543 423 574 450 et
599 417 713 451 litteris
731 419 848 451 nostris
874 419 1055 462 praedictis,
1077 430 1132 461 pe-

392 470 514 510 tebant,
536 472 575 503 ad
600 477 809 504 memoratam
834 471 1044 504 cardinalium
1061 481 1131 503 con-

391 523 615 565 gregationem
636 525 883 563 remiseramus;
906 524 1045 567 ideoque
1070 534 1130 567 pro

390 580 481 618 parte
497 575 655 609 dictorum
671 576 803 608 fratrum
821 576 1005 618 provinciae
1023 576 1057 608 B.
1079 576 1131 609 Pe-

391 629 430 661 tri
466 628 504 661 de
540 629 710 662 Alcantara
751 629 874 661 eisdem
911 629 1130 661 cardinalibus

389 681 581 724 supplicato,
600 686 635 714 ut
659 682 919 724 (considerantes
937 683 1021 715 hanc
1039 682 1129 715 litem

389 734 508 766 diutius
528 739 560 766 et
587 734 627 767 ad
644 734 843 767 saturitatem
860 735 960 778 partis
978 735 1129 777 agitatam

388 792 420 819 et
443 787 649 827 ventilatam,
677 797 712 820 ac
738 788 865 820 tandem
896 788 1058 821 mediante
1084 790 1130 821 iu-

387 838 473 871 stitia
503 840 543 872 ad
576 840 717 872 savorem
748 839 1064 883 dictae-provinciae
1091 842 1124 874 B.

386 891 475 925 Petri
494 893 532 926 de
550 893 721 926 Alcantara
735 893 951 932 terminatam,
966 899 996 926 et
1010 894 1126 927 deinde

387 945 426 978 ad
450 945 593 978 sedanda
618 946 778 983 scandala,
806 946 920 979 tamin
946 947 1010 979 illis
1035 947 1128 990 parti-

386 999 466 1039 bus,
492 1009 588 1042 quam
612 999 696 1031 inter
728 999 816 1042 ipsos
841 1000 1011 1042 religiosos
1038 1005 1126 1041 orta,

385 1057 581 1095 perpetuum
605 1052 767 1085 silentium
799 1063 816 1085 a
841 1053 925 1086 dieta
950 1063 1128 1096 congrega-

387 1105 473 1138 tione
498 1105 685 1148 impositum
710 1105 823 1146 fuisse,
850 1116 885 1138 ac
909 1107 1124 1149 postmodum,

384 1158 425 1191 ad
449 1158 636 1191 instantiam
657 1158 861 1201 superiorum
887 1159 963 1191 dicti
988 1159 1126 1200 Ordinis,

385 1211 486 1244 dietas
525 1216 650 1244 nostras
687 1211 809 1243 litteras
853 1211 1124 1251 confirmatorias,

383 1264 526 1297 clausula
539 1263 678 1303 sublalci,
699 1268 772 1304 eto„
791 1268 822 1296 et
839 1263 969 1296 decreto
987 1263 1125 1296 irritanti

382 1317 531 1359 munitas,
558 1318 742 1360 emanasse)
769 1317 903 1361 petitam
932 1328 1046 1350 novam
1071 1329 1126 1350 au-

383 1370 538 1403 dientiam
563 1370 747 1403 huiusmodi
766 1370 858 1403 dietis
884 1370 1034 1402 fratribus
1051 1381 1126 1413 pro-

382 1424 507 1457 vinciae
528 1424 560 1457 S.
576 1423 705 1457 Ioannis
731 1424 893 1466 Baptistae
915 1424 1124 1466 denegarent,

382 1487 505 1520 eosque
531 1476 670 1520 amplius
686 1487 753 1510 non
775 1487 844 1510 esse
870 1477 1046 1510 audiendos
1070 1477 1126 1509 de-

382 1535 572 1563 cernerent:
598 1530 758 1563 emanavit
787 1531 826 1563 ab
853 1530 964 1563 eaden]
989 1540 1125 1572 congre-

383 1583 513 1625 gatione
539 1584 703 1617 decretum
729 1583 848 1616 tenoris
875 1583 927 1626 qui
960 1583 1123 1626 sequitur,

428 1690 442 1733 ἓ
467 1689 498 1723 9.
521 1702 533 1720 α
552 1689 648 1723 Sacra
674 1690 884 1733 congregatio
910 1689 1125 1722 eminentissi-

187 1754 251 1774 tionis
261 1758 371 1779 evucopo·
384 1754 509 1777 morum
524 1743 555 1776 S.
578 1743 615 1775 R.
635 1743 670 1776 E.
698 1743 908 1776 cardinalium
933 1743 1072 1786 negotiis
1094 1748 1125 1775 et

384 1796 674 1829 consultationibus
691 1796 920 1839 episcoporum
945 1801 976 1829 et
999 1797 1125 1838 regula-

384 1850 466 1882 rium
502 1849 697 1892 praeposita,
723 1850 829 1882 denuo
866 1859 903 1881 ex
934 1849 1123 1881 remissione

383 1901 575 1936 sanctissimi
603 1902 725 1935 domini
750 1902 852 1935 nostri
869 1902 902 1934 in
920 1902 1034 1935 eadem
1054 1912 1125 1934 con-

383 1957 572 1999 gregatione
587 1957 688 1988 relata
708 1958 810 1995 eausa,
830 1954 956 1987 censuit
975 1955 1124 1987 standum

383 2019 452 2042 esse
479 2009 511 2041 in
537 2008 683 2048 decretis,
710 2012 742 2040 et
766 2007 967 2050 provinciam
989 2006 1019 2039 S.
1040 2007 1124 2039 Ioan-

383 2060 433 2094 nis
450 2061 614 2104 Baptistae
640 2071 738 2104 super
755 2061 817 2092 boc
832 2060 965 2102 negotio
988 2059 1124 2102 amplius

382 2125 449 2147 non
474 2114 678 2154 audiendam,
698 2113 957 2156 quibuscumque
984 2123 1048 2145 non
1073 2114 1125 2145 ob-

596 2271 635 2304 M.
663 2271 836 2304 cardinalis
861 2271 1023 2304 GmETTt‘s
1048 2284 1078 2303 ».

261 2333 374 2354 Decretum

190 2360 323 2386 praedictum
329 2365 376 2380 con-

475 2599 555 2628 Buta.
576 2599 661 2627 Rom.
681 2613 716 2639 T?
739 2599 798 2638 Vol.
820 2599 911 2626 XVII.

429 2326 443 2368 g
468 2325 500 2359 3.
528 2324 606 2358 Cum
631 2330 748 2365 autem,
775 2324 858 2357 sicut
882 2325 1038 2368 praedicti
1065 2326 1126 2357 t'ra-

191 2386 374 2407 firmati’outisex.
387 2384 449 2412 tres
478 2377 663 2422 provinciae
700 2378 734 2410 B.
762 2377 846 2410 Petri
880 2378 919 2410 de
956 2378 1126 2411 Alcantara

386 2431 481 2465 nobis
507 2431 642 2463 subinde
669 2430 786 2474 exponi
811 2431 968 2471 fecerunt,
989 2431 1048 2474 ipsi
1073 2432 1127 2464 de-

387 2490 510 2517 cretum
524 2483 719 2523 huiusmodi,
734 2494 792 2526 pro
808 2483 941 2516 firmiori
957 2483 1042 2516 illius
1057 2486 1127 2517 sub·
1146 2501 1148 2506 ⁸

386 2537 531 2570 sistentia
550 2542 581 2569 et
598 2536 830 2573 observatione,
847 2536 1042 2579 apostolicae
1057 2547 1128 2569 con-

1055 2598 1088 2625 42

1177 209 1368 244 firmationis
1411 219 1537 245 nostrae
1575 215 1690 246 robore
1727 215 1916 246 cfflnmuniri

1177 273 1382 307 summopere
1409 265 1614 298 desiderent:
1642 277 1716 306 nos,
1745 267 1915 309 specialem

1176 315 1256 358 ipsis
1279 318 1517 359 exponentibus
1558 319 1689 359 aratiam
1730 320 1834 352 facere
1867 331 1917 352 ro-

1175 368 1301 408 lentes,
1335 375 1364 401 ct
1398 381 1510 403 corum
1544 372 1726 413 singulares
1757 383 1916 415 personas

1175 431 1192 452 a
1217 421 1384 464 quibusvis
1405 425 1758 464 excommuuicationis,
1779 436 1915 468 suspen-

1173 474 1275 506 sionis
1291 480 1322 506 et
1340 475 1513 515 interdicti,
1526 477 1663 519 aliisque
1684 478 1913 511 ecclesiasticis

1173 527 1356 566 sententiis,
1384 529 1531 560 censuris
1550 534 1581 561 et
1598 530 1726 571 poenis,
1748 542 1764 562 a
1782 531 1850 563 iure
1866 533 1913 564 vel

1173 577 1211 609 ab
1237 578 1382 617 homine,
1407 580 1517 622 quavis
1544 581 1715 613 occasione
1741 583 1791 614 vel
1819 586 1914 615 causa

1172 630 1253 671 latis,
1281 631 1306 663 si
1333 632 1451 674 quibus
1470 633 1720 675 quomodolibet
1737 635 1911 668 innodatae

1171 683 1326 724 existunt,
1355 685 1394 717 ad
1412 685 1560 717 ellectum
1580 687 1799 728 praesentium
1822 688 1913 720 dum-

1172 739 1257 768 taxat
1280 738 1572 780 consequendum,
1608 739 1724 770 barum
1749 739 1832 771 serie
1858 740 1913 771 ab·

1171 789 1336 821 solventes
1368 795 1400 821 et
1429 790 1595 822 absolutas
1623 791 1691 823 sore
1718 797 1909 831 censentes,

1171 841 1466 884 sup1111icationibus
1508 853 1618 875 corum
1656 844 1783 877 nomine
1820 844 1911 877 nobis

1170 904 1268 937 super
1293 895 1354 927 hoc
1381 895 1546 928 humiliter
1571 897 1729 939 porrectis
1754 896 1910 936 inclinati,

1170 948 1333 980 decretum
1359 949 1602 991 praeinsertum,
1623 950 1812 983 auctoritate
1835 961 1912 993 apo-

1169 1001 1300 1041 stolica,
1328 1007 1442 1034 tenore
1473 1003 1716 1045 praesentium,
1744 1003 1912 1036 confirma-

1168 1065 1239 1086 mus
1264 1060 1295 1086 et
1319 1056 1544 1097 approbamus,
1572 1055 1684 1098 illique
1716 1056 1911 1089 inviolabilis

1169 1108 1364 1150 apostolicae
1397 1107 1557 1141 firmitatis
1591 1109 1691 1141 robur
1724 1109 1909 1150 adiicimus,

1169 1161 1255 1193 salva
1289 1165 1395 1193 tamen
1427 1171 1554 1203 semper
1584 1162 1617 1193 in
1651 1162 1835 1204 praemissis
1860 1174 1910 1194 au-

1169 1213 1315 1245 ctoritate
1342 1214 1603 1256 congregationis
1629 1215 1786 1247 dictorum
1811 1216 1909 1248 cardi

1168 1266 1304 1298 nalium.

1213 1320 1227 1362 ξ
1253 1319 1285 1352 4.
1319 1319 1539 1352 Decernentes
1564 1320 1694 1353 easdem
1720 1327 1907 1363 praesentes

1168 1373 1292 1405 litteras
1318 1383 1448 1415 semper
1473 1372 1592 1413 firmas,
1614 1374 1735 1406 validas
1754 1379 1784 1406 et
1803 1374 1909 1406 estiva—

1169 1437 1221 1458 ces
1247 1426 1384 1458 existere
1410 1431 1443 1458 et
1468 1426 1548 1467 fore,
1575 1437 1716 1469 suosque
1742 1428 1909 1470 plenarios

1168 1485 1199 1512 et
1217 1480 1361 1521 integros
1380 1478 1512 1511 effectus
1530 1479 1638 1512 sortiri
1654 1485 1684 1512 et
1700 1479 1861 1519 obtinere,
1875 1491 1910 1513 ac.

1168 1532 1260 1565 dictis
1275 1532 1510 1575 exponentibus
1524 1532 1714 1576 plenissime
1728 1532 1906 1575 suflragari,

1168 1591 1197 1616 et
1213 1585 1250 1616 ab
1265 1584 1340 1625 illis,
1353 1585 1391 1617 ad
1403 1595 1484 1627 quos
1496 1589 1618 1628 spectat
1639 1590 1738 1627 etpro
1757 1590 1907 1628 tempore

1168 1637 1337 1680 spectabit,
1357 1637 1588 1669 inviolabiliter
1602 1637 1777 1677 observari,
1795 1637 1907 1680 sicque.

1166 1691 1198 1723 in
1226 1689 1415 1733 praemissis
1446 1701 1506 1733 per
1535 1700 1757 1733 quoscumque
1782 1690 1907 1723 iudices

1168 1743 1354 1776 ordinarios
1368 1748 1400 1775 et
1413 1743 1590 1785 delegatos,
1614 1743 1709 1775 etiam
1734 1754 1906 1776 causarum

1167 1796 1278 1839 palatii
1304 1796 1475 1839 apostolici
1502 1796 1681 1836 auditores,
1715 1796 1851 1829 iudicari
1877 1803 1908 1830 ct

1168 1849 1294 1882 deliniri
1321 1849 1459 1889 debere,
1486 1860 1520 1882 ac
1546 1849 1674 1881 irritum
1700 1855 1731 1881 et
1756 1849 1851 1881 inane
1880 1850 1905 1881 si

1167 1913 1256 1934 secus
1282 1913 1382 1945 super
1406 1902 1457 1935 his
1479 1914 1495 1935 a
1521 1913 1699 1945 quoquam,
1724 1903 1833 1945 quavis
1853 1914 1907 1935 au-

1167 1956 1328 1995 ctoritate,
1343 1955 1483 1988 scienter
1508 1956 1556 1987 vel
1583 1955 1782 1997 ignoranter,
1802 1956 1907 1987 eonti-

1144 2001 1146 2023 ³
1167 2008 1251 2051 gerit
1275 2008 1438 2040 attentari.

1211 2062 1225 2103 ξ
1250 2061 1281 2093 5.
1309 2061 1378 2094 Non
1404 2061 1610 2094 obstantibus
1635 2062 1844 2105 praemiss-is,
1871 2074 1905 2095 ac

1167 2114 1456 2147 constitutionibus
1482 2119 1513 2147 et
1537 2114 1800 2147 ordinationilnis
1829 2127 1906 2158 apc-

1168 2168 1310 2208 stolicis,
1329 2178 1469 2207 necnon,
1491 2173 1651 2211 quatenus
1670 2179 1752 2212 opus
1772 2170 1822 2208 sit,
1849 2170 1906 2201 Or-

1169 2220 1253 2253 dinis
1273 2231 1309 2252 ao
1324 2220 1563 2263 provinciarum
1589 2226 1621 2253 ct
1641 2227 1819 2254 conventus
1847 2222 1907 2253 liu-

1168 2273 1320 2312 iusmodi‚
1337 2273 1433 2305 etiam
1449 2273 1645 2314 iuramento,
1659 2274 1907 2307 confirmatione

1169 2325 1357 2369 apostolica,
1385 2326 1432 2358 rel
1458 2326 1569 2369 quavis
1596 2326 1749 2359 firmitate
1768 2328 1829 2359 alia
1855 2339 1907 2360 ro-

1168 2380 1301 2419 boratis,
1324 2380 1451 2412 statutis
1466 2385 1497 2412 et
1522 2381 1825 2421 consuetudinibus,
1842 2382 1908 2425 pri-

1168 2433 1295 2476 vilegiis
1319 2444 1456 2477 quoque,
1483 2435 1619 2467 indultis
1634 2439 1666 2467 et
1689 2435 1805 2467 litteris
1831 2446 1908 2478 apo-

1170 2485 1292 2519 stolicis
1335 2486 1367 2518 in
1407 2487 1607 2520 contrarium
1649 2488 1906 2530 praemissorum

1170 2538 1418 2582 quomodolibet
1442 2541 1623 2581 concessis,
1656 2540 1851 2574 confirmatis
1876 2547 1908 2574 ct

1812 157 1875 189 3³20
1922 167 1972 193 Au,
1993 168 2019 192 ι’..
2040 167 2105 191 «iffi

1946 1336 2056 1358 tim—retum
2076 1338 2101 1358 ir-

1920 1367 1991 1383 Hiatus.

1987 2074 2101 2095 Det-ozano

1917 2102 2078 2121 contrariorum.
