<?xml version="1.0" encoding="UTF-8"?>
<!DOCTYPE html PUBLIC "-//W3C//DTD XHTML 1.0 Transitional//EN"
    "http://www.w3.org/TR/xhtml1/DTD/xhtml1-transitional.dtd">
<html xmlns="http://www.w3.org/1999/xhtml" xml:lang="en" lang="en">
 <head>
  <title>
</title>
<meta http-equiv="Content-Type" content="text/html;charset=utf-8" />
  <meta name='ocr-system' content='tesseract 3.04.00' />
  <meta name='ocr-capabilities' content='ocr_page ocr_carea ocr_par ocr_line ocrx_word'/>
</head>
<body>
  <div class='ocr_page' id='page_1' title='image "./bullarumdiplomat17cath_0905.png"; bbox 0 0 2247 3208; ppageno 0'>
   <div class='ocr_carea' id='block_1_1' title="bbox 135 230 326 259">
    <p class='ocr_par' dir='ltr' id='par_1_1' title="bbox 135 230 326 259">
     <span class='ocr_line' id='line_1_1' title="bbox 135 230 326 259; baseline 0.016 -3"><span class='ocrx_word' id='word_1_1' title='bbox 135 230 188 257; x_wconf 72' lang='lat' dir='ltr'>An.</span> <span class='ocrx_word' id='word_1_2' title='bbox 206 230 236 258; x_wconf 88' lang='lat' dir='ltr'>C.</span> <span class='ocrx_word' id='word_1_3' title='bbox 257 232 326 259; x_wconf 69' lang='lat'>10159</span> 
     </span>
    </p>
   </div>
   <div class='ocr_carea' id='block_1_2' title="bbox 277 1077 1055 1120">
    <p class='ocr_par' dir='ltr' id='par_1_2' title="bbox 277 1077 1055 1120">
     <span class='ocr_line' id='line_1_2' title="bbox 277 1077 1055 1120; baseline -0.001 -10"><span class='ocrx_word' id='word_1_4' title='bbox 277 1088 284 1093; x_wconf 90' lang='lat'><strong>·</strong></span> <span class='ocrx_word' id='word_1_5' title='bbox 315 1077 440 1110; x_wconf 81' lang='lat' dir='ltr'>aliudve</span> <span class='ocrx_word' id='word_1_6' title='bbox 466 1077 695 1120; x_wconf 83' lang='lat' dir='ltr'>quodcumque</span> <span class='ocrx_word' id='word_1_7' title='bbox 714 1077 802 1117; x_wconf 86' lang='lat' dir='ltr'>iuris,</span> <span class='ocrx_word' id='word_1_8' title='bbox 823 1078 895 1109; x_wconf 78' lang='lat' dir='ltr'>sacti</span> <span class='ocrx_word' id='word_1_9' title='bbox 914 1078 963 1110; x_wconf 82' lang='lat' dir='ltr'>vel</span> <span class='ocrx_word' id='word_1_10' title='bbox 983 1087 1055 1119; x_wconf 73' lang='lat' dir='ltr'>gra-</span> 
     </span>
    </p>
   </div>
   <div class='ocr_carea' id='block_1_3' title="bbox 124 2303 307 2376">
    <p class='ocr_par' dir='ltr' id='par_1_3' title="bbox 124 2303 307 2376">
     <span class='ocr_line' id='line_1_3' title="bbox 154 2303 306 2325; baseline 0 -3"><span class='ocrx_word' id='word_1_11' title='bbox 154 2303 264 2325; x_wconf 66' lang='lat' dir='ltr'>ncei-etum</span> <span class='ocrx_word' id='word_1_12' title='bbox 281 2303 306 2322; x_wconf 84' lang='lat' dir='ltr'>ir-</span> 
     </span>
     <span class='ocr_line' id='line_1_4' title="bbox 124 2329 307 2351; baseline 0.005 -3"><span class='ocrx_word' id='word_1_13' title='bbox 124 2332 190 2351; x_wconf 59' lang='lat' dir='ltr'>ritans</span> <span class='ocrx_word' id='word_1_14' title='bbox 206 2333 225 2348; x_wconf 70' lang='lat' dir='ltr'>et</span> <span class='ocrx_word' id='word_1_15' title='bbox 249 2329 307 2349; x_wconf 66' lang='lat' dir='ltr'>chu-</span> 
     </span>
     <span class='ocr_line' id='line_1_5' title="bbox 124 2355 271 2376; baseline 0.007 -2"><span class='ocrx_word' id='word_1_16' title='bbox 124 2356 170 2375; x_wconf 65' lang='lat' dir='ltr'>suta</span> <span class='ocrx_word' id='word_1_17' title='bbox 185 2355 271 2376; x_wconf 71' lang='lat' dir='ltr'>sublata.</span> 
     </span>
    </p>
   </div>
   <div class='ocr_carea' id='block_1_4' title="bbox 316 234 1095 1066">
    <p class='ocr_par' dir='ltr' id='par_1_4' title="bbox 316 234 1095 1066">
     <span class='ocr_line' id='line_1_6' title="bbox 951 234 1095 258; baseline -0.007 0"><span class='ocrx_word' id='word_1_18' title='bbox 951 234 1095 258; x_wconf 52' lang='lat' dir='ltr'>efflui-:ss</span> 
     </span>
     <span class='ocr_line' id='line_1_7' title="bbox 323 281 1087 326; baseline 0.001 -12"><span class='ocrx_word' id='word_1_19' title='bbox 323 291 400 323; x_wconf 81' lang='lat' dir='ltr'>gore</span> <span class='ocrx_word' id='word_1_20' title='bbox 417 281 636 325; x_wconf 86' lang='lat' dir='ltr'>praesentium</span> <span class='ocrx_word' id='word_1_21' title='bbox 649 281 718 315; x_wconf 75' lang='lat' dir='ltr'>fieri</span> <span class='ocrx_word' id='word_1_22' title='bbox 732 282 961 325; x_wconf 79' lang='lat' dir='ltr'>contigerit,ut</span> <span class='ocrx_word' id='word_1_23' title='bbox 974 294 1065 326; x_wconf 86' lang='lat' dir='ltr'>prae·</span> <span class='ocrx_word' id='word_1_24' title='bbox 1084 286 1087 292; x_wconf 81' lang='grc'>’</span> 
     </span>
     <span class='ocr_line' id='line_1_8' title="bbox 325 334 1062 380; baseline 0.003 -13"><span class='ocrx_word' id='word_1_25' title='bbox 325 334 434 375; x_wconf 80' lang='lat' dir='ltr'>fertur,</span> <span class='ocrx_word' id='word_1_26' title='bbox 461 336 591 368; x_wconf 83' lang='lat' dir='ltr'>easdem</span> <span class='ocrx_word' id='word_1_27' title='bbox 617 342 819 380; x_wconf 72' lang='lat' dir='ltr'>praesentes,</span> <span class='ocrx_word' id='word_1_28' title='bbox 847 337 942 369; x_wconf 80' lang='lat' dir='ltr'>etiam</span> <span class='ocrx_word' id='word_1_29' title='bbox 967 347 1004 369; x_wconf 83' lang='lat' dir='ltr'>ex</span> <span class='ocrx_word' id='word_1_30' title='bbox 1024 347 1062 369; x_wconf 86' lang='lat' dir='ltr'>eo</span> 
     </span>
     <span class='ocr_line' id='line_1_9' title="bbox 323 388 1061 434; baseline 0.001 -14"><span class='ocrx_word' id='word_1_31' title='bbox 323 388 408 431; x_wconf 87' lang='lat' dir='ltr'>quod</span> <span class='ocrx_word' id='word_1_32' title='bbox 429 389 459 421; x_wconf 89' lang='lat' dir='ltr'>in</span> <span class='ocrx_word' id='word_1_33' title='bbox 478 390 666 433; x_wconf 73' lang='lat' dir='ltr'>praemissis</span> <span class='ocrx_word' id='word_1_34' title='bbox 691 390 883 434; x_wconf 82' lang='lat' dir='ltr'>quicumque</span> <span class='ocrx_word' id='word_1_35' title='bbox 901 390 1061 422; x_wconf 85' lang='lat' dir='ltr'>interesse</span> 
     </span>
     <span class='ocr_line' id='line_1_10' title="bbox 323 441 1062 486; baseline 0.001 -13"><span class='ocrx_word' id='word_1_36' title='bbox 323 441 481 475; x_wconf 79' lang='lat' dir='ltr'>babentes</span> <span class='ocrx_word' id='word_1_37' title='bbox 495 453 550 475; x_wconf 84' lang='lat' dir='ltr'>seu</span> <span class='ocrx_word' id='word_1_38' title='bbox 568 443 688 476; x_wconf 85' lang='lat' dir='ltr'>habere</span> <span class='ocrx_word' id='word_1_39' title='bbox 708 444 959 486; x_wconf 72' lang='lat' dir='ltr'>praetendentes</span> <span class='ocrx_word' id='word_1_40' title='bbox 974 453 1062 485; x_wconf 79' lang='lat' dir='ltr'>prae-</span> 
     </span>
     <span class='ocr_line' id='line_1_11' title="bbox 321 494 1062 535; baseline 0.001 -9"><span class='ocrx_word' id='word_1_41' title='bbox 321 494 427 527; x_wconf 86' lang='lat' dir='ltr'>missis</span> <span class='ocrx_word' id='word_1_42' title='bbox 453 505 518 528; x_wconf 84' lang='lat' dir='ltr'>non</span> <span class='ocrx_word' id='word_1_43' title='bbox 544 497 778 535; x_wconf 75' lang='lat' dir='ltr'>consenserint,</span> <span class='ocrx_word' id='word_1_44' title='bbox 806 507 865 528; x_wconf 88' lang='lat' dir='ltr'>nec</span> <span class='ocrx_word' id='word_1_45' title='bbox 889 496 928 528; x_wconf 86' lang='lat' dir='ltr'>ad</span> <span class='ocrx_word' id='word_1_46' title='bbox 954 506 991 527; x_wconf 84' lang='lat' dir='ltr'>ea</span> <span class='ocrx_word' id='word_1_47' title='bbox 1008 506 1062 527; x_wconf 79' lang='lat' dir='ltr'>vo-</span> 
     </span>
     <span class='ocr_line' id='line_1_12' title="bbox 321 547 1058 590; baseline 0.001 -12"><span class='ocrx_word' id='word_1_48' title='bbox 321 547 380 580; x_wconf 84' lang='lat' dir='ltr'>cati</span> <span class='ocrx_word' id='word_1_49' title='bbox 413 549 463 581; x_wconf 80' lang='lat' dir='ltr'>vel</span> <span class='ocrx_word' id='word_1_50' title='bbox 496 549 595 581; x_wconf 84' lang='lat' dir='ltr'>auditi</span> <span class='ocrx_word' id='word_1_51' title='bbox 629 549 762 587; x_wconf 78' lang='lat' dir='ltr'>suerint,</span> <span class='ocrx_word' id='word_1_52' title='bbox 797 549 886 581; x_wconf 88' lang='lat' dir='ltr'>nullo</span> <span class='ocrx_word' id='word_1_53' title='bbox 918 558 1058 590; x_wconf 86' lang='lat' dir='ltr'>unquam</span> 
     </span>
     <span class='ocr_line' id='line_1_13' title="bbox 322 601 1058 645; baseline -0.001 -13"><span class='ocrx_word' id='word_1_54' title='bbox 322 606 467 644; x_wconf 80' lang='lat' dir='ltr'>tempore</span> <span class='ocrx_word' id='word_1_55' title='bbox 493 602 531 634; x_wconf 86' lang='lat' dir='ltr'>de</span> <span class='ocrx_word' id='word_1_56' title='bbox 550 602 769 645; x_wconf 84' lang='lat' dir='ltr'>subreptionis</span> <span class='ocrx_word' id='word_1_57' title='bbox 786 602 834 634; x_wconf 76' lang='lat' dir='ltr'>vel</span> <span class='ocrx_word' id='word_1_58' title='bbox 854 601 1058 643; x_wconf 77' lang='lat' dir='ltr'>obreptionis</span> 
     </span>
     <span class='ocr_line' id='line_1_14' title="bbox 319 654 1056 693; baseline -0.001 -6"><span class='ocrx_word' id='word_1_59' title='bbox 319 660 373 687; x_wconf 83' lang='lat' dir='ltr'>aut</span> <span class='ocrx_word' id='word_1_60' title='bbox 387 654 542 687; x_wconf 81' lang='lat' dir='ltr'>nullitatis</span> <span class='ocrx_word' id='word_1_61' title='bbox 556 654 645 693; x_wconf 79' lang='lat' dir='ltr'>vitio,</span> <span class='ocrx_word' id='word_1_62' title='bbox 656 666 713 687; x_wconf 79' lang='lat' dir='ltr'>seu</span> <span class='ocrx_word' id='word_1_63' title='bbox 726 655 915 687; x_wconf 88' lang='lat' dir='ltr'>intentionis</span> <span class='ocrx_word' id='word_1_64' title='bbox 926 661 1056 687; x_wconf 84' lang='lat' dir='ltr'>nostrae</span> 
     </span>
     <span class='ocr_line' id='line_1_15' title="bbox 320 707 1056 750; baseline -0.001 -11"><span class='ocrx_word' id='word_1_65' title='bbox 320 707 424 740; x_wconf 75' lang='lat' dir='ltr'>ullove</span> <span class='ocrx_word' id='word_1_66' title='bbox 452 708 695 750; x_wconf 74' lang='lat' dir='ltr'>quomodolibet</span> <span class='ocrx_word' id='word_1_67' title='bbox 713 707 914 750; x_wconf 76' lang='lat' dir='ltr'>quantumvis</span> <span class='ocrx_word' id='word_1_68' title='bbox 940 717 1056 748; x_wconf 70' lang='lat' dir='ltr'>magno</span> 
     </span>
     <span class='ocr_line' id='line_1_16' title="bbox 320 752 1057 802; baseline 0 -10"><span class='ocrx_word' id='word_1_69' title='bbox 320 765 351 792; x_wconf 83' lang='lat' dir='ltr'>et</span> <span class='ocrx_word' id='word_1_70' title='bbox 375 760 576 795; x_wconf 73' lang='lat' dir='ltr'>substantiali</span> <span class='ocrx_word' id='word_1_71' title='bbox 595 770 630 792; x_wconf 84' lang='lat' dir='ltr'>ae</span> <span class='ocrx_word' id='word_1_72' title='bbox 649 759 856 802; x_wconf 74' lang='lat' dir='ltr'>excogitabili</span> <span class='ocrx_word' id='word_1_73' title='bbox 875 752 1057 792; x_wconf 73' lang='lat' dir='ltr'>et&#39;iuexco-</span> 
     </span>
     <span class='ocr_line' id='line_1_17' title="bbox 318 812 1057 855; baseline 0 -11"><span class='ocrx_word' id='word_1_74' title='bbox 318 812 443 855; x_wconf 75' lang='lat' dir='ltr'>gitabili</span> <span class='ocrx_word' id='word_1_75' title='bbox 468 812 594 845; x_wconf 76' lang='lat' dir='ltr'>defectu</span> <span class='ocrx_word' id='word_1_76' title='bbox 620 813 743 851; x_wconf 79' lang='lat' dir='ltr'>notari,</span> <span class='ocrx_word' id='word_1_77' title='bbox 770 812 973 855; x_wconf 74' lang='lat' dir='ltr'>impugnari,</span> <span class='ocrx_word' id='word_1_78' title='bbox 1008 822 1057 844; x_wconf 84' lang='lat' dir='ltr'>re·</span> 
     </span>
     <span class='ocr_line' id='line_1_18' title="bbox 318 865 1055 909; baseline 0 -11"><span class='ocrx_word' id='word_1_79' title='bbox 318 866 444 908; x_wconf 83' lang='lat' dir='ltr'>dargui,</span> <span class='ocrx_word' id='word_1_80' title='bbox 464 865 604 909; x_wconf 76' lang='lat' dir='ltr'>infringi,</span> <span class='ocrx_word' id='word_1_81' title='bbox 623 866 799 905; x_wconf 76' lang='lat' dir='ltr'>retractari,</span> <span class='ocrx_word' id='word_1_82' title='bbox 826 870 858 898; x_wconf 85' lang='lat' dir='ltr'>et</span> <span class='ocrx_word' id='word_1_83' title='bbox 882 865 914 897; x_wconf 88' lang='lat' dir='ltr'>in</span> <span class='ocrx_word' id='word_1_84' title='bbox 940 865 988 897; x_wconf 87' lang='lat' dir='ltr'>ius</span> <span class='ocrx_word' id='word_1_85' title='bbox 1007 866 1055 898; x_wconf 80' lang='lat' dir='ltr'>vel</span> 
     </span>
     <span class='ocr_line' id='line_1_19' title="bbox 317 918 1077 959; baseline 0 -9"><span class='ocrx_word' id='word_1_86' title='bbox 317 918 569 951; x_wconf 84' lang='lat' dir='ltr'>controversiam</span> <span class='ocrx_word' id='word_1_87' title='bbox 590 919 708 959; x_wconf 81' lang='lat' dir='ltr'>vocari,</span> <span class='ocrx_word' id='word_1_88' title='bbox 727 919 765 951; x_wconf 80' lang='lat' dir='ltr'>ad</span> <span class='ocrx_word' id='word_1_89' title='bbox 787 918 867 951; x_wconf 81' lang='lat' dir='ltr'>viam</span> <span class='ocrx_word' id='word_1_90' title='bbox 893 924 923 951; x_wconf 85' lang='lat' dir='ltr'>et</span> <span class='ocrx_word' id='word_1_91' title='bbox 949 918 1056 951; x_wconf 86' lang='lat' dir='ltr'>termi-</span> <span class='ocrx_word' id='word_1_92' title='bbox 1075 919 1077 950; x_wconf 64' lang='grc' dir='ltr'><strong>ἶ</strong></span> 
     </span>
     <span class='ocr_line' id='line_1_20' title="bbox 316 972 1077 1014; baseline -0.004 -10"><span class='ocrx_word' id='word_1_93' title='bbox 316 982 374 1004; x_wconf 90' lang='lat' dir='ltr'>nos</span> <span class='ocrx_word' id='word_1_94' title='bbox 399 972 479 1004; x_wconf 88' lang='lat' dir='ltr'>iuris</span> <span class='ocrx_word' id='word_1_95' title='bbox 497 972 619 1012; x_wconf 84' lang='lat' dir='ltr'>reduci,</span> <span class='ocrx_word' id='word_1_96' title='bbox 639 983 695 1004; x_wconf 86' lang='lat' dir='ltr'>seu</span> <span class='ocrx_word' id='word_1_97' title='bbox 715 972 869 1004; x_wconf 74' lang='lat' dir='ltr'>adversus</span> <span class='ocrx_word' id='word_1_98' title='bbox 888 972 958 1004; x_wconf 83' lang='lat' dir='ltr'>illas</span> <span class='ocrx_word' id='word_1_99' title='bbox 979 982 1056 1014; x_wconf 85' lang='lat' dir='ltr'>ape·</span> <span class='ocrx_word' id='word_1_100' title='bbox 1075 983 1077 1001; x_wconf 63' lang='lat' dir='ltr'><strong><em>z</em></strong></span> 
     </span>
     <span class='ocr_line' id='line_1_21' title="bbox 316 1023 1077 1066; baseline 0 -10"><span class='ocrx_word' id='word_1_101' title='bbox 316 1024 444 1057; x_wconf 89' lang='lat' dir='ltr'>ritionis</span> <span class='ocrx_word' id='word_1_102' title='bbox 471 1023 551 1064; x_wconf 85' lang='lat' dir='ltr'>oris,</span> <span class='ocrx_word' id='word_1_103' title='bbox 577 1024 787 1057; x_wconf 66' lang='lat' dir='ltr'>restitutionis</span> <span class='ocrx_word' id='word_1_104' title='bbox 812 1024 845 1056; x_wconf 89' lang='lat' dir='ltr'>in</span> <span class='ocrx_word' id='word_1_105' title='bbox 871 1024 1052 1066; x_wconf 73' lang='lat' dir='ltr'>integrum,</span> <span class='ocrx_word' id='word_1_106' title='bbox 1074 1044 1077 1056; x_wconf 82' lang='grc'><strong>.</strong></span> 
     </span>
    </p>
   </div>
   <div class='ocr_carea' id='block_1_5' title="bbox 314 1129 1075 2496">
    <p class='ocr_par' dir='ltr' id='par_1_5' title="bbox 314 1129 1075 2496">
     <span class='ocr_line' id='line_1_22' title="bbox 316 1129 1052 1173; baseline 0 -12"><span class='ocrx_word' id='word_1_107' title='bbox 316 1129 378 1162; x_wconf 79' lang='lat' dir='ltr'>tiae</span> <span class='ocrx_word' id='word_1_108' title='bbox 396 1129 577 1163; x_wconf 84' lang='lat' dir='ltr'>remedium</span> <span class='ocrx_word' id='word_1_109' title='bbox 598 1130 777 1173; x_wconf 85' lang='lat' dir='ltr'>impetrari,</span> <span class='ocrx_word' id='word_1_110' title='bbox 800 1135 853 1162; x_wconf 76' lang='lat' dir='ltr'>aut</span> <span class='ocrx_word' id='word_1_111' title='bbox 878 1130 1052 1172; x_wconf 82' lang='lat' dir='ltr'>impetrato</span> 
     </span>
     <span class='ocr_line' id='line_1_23' title="bbox 316 1182 1055 1226; baseline 0 -12"><span class='ocrx_word' id='word_1_112' title='bbox 316 1188 369 1215; x_wconf 83' lang='lat' dir='ltr'>aut</span> <span class='ocrx_word' id='word_1_113' title='bbox 394 1183 490 1215; x_wconf 84' lang='lat' dir='ltr'>etiam</span> <span class='ocrx_word' id='word_1_114' title='bbox 517 1188 603 1216; x_wconf 89' lang='lat' dir='ltr'>motu</span> <span class='ocrx_word' id='word_1_115' title='bbox 622 1184 756 1226; x_wconf 89' lang='lat' dir='ltr'>proprio</span> <span class='ocrx_word' id='word_1_116' title='bbox 778 1182 951 1216; x_wconf 83' lang='lat' dir='ltr'>concesso¹</span> <span class='ocrx_word' id='word_1_117' title='bbox 973 1193 1055 1215; x_wconf 90' lang='lat' dir='ltr'>nun-</span> 
     </span>
     <span class='ocr_line' id='line_1_24' title="bbox 317 1226 1075 1279; baseline -0.003 -11"><span class='ocrx_word' id='word_1_118' title='bbox 317 1235 432 1279; x_wconf 69' lang='lat' dir='ltr'>quam‘2</span> <span class='ocrx_word' id='word_1_119' title='bbox 457 1236 488 1268; x_wconf 91' lang='lat' dir='ltr'>in</span> <span class='ocrx_word' id='word_1_120' title='bbox 514 1236 633 1269; x_wconf 84' lang='lat' dir='ltr'>iudicio</span> <span class='ocrx_word' id='word_1_121' title='bbox 649 1237 698 1269; x_wconf 81' lang='lat' dir='ltr'>vel</span> <span class='ocrx_word' id='word_1_122' title='bbox 717 1243 803 1269; x_wconf 65' lang='lat' dir='ltr'>extra</span> <span class='ocrx_word' id='word_1_123' title='bbox 824 1236 904 1268; x_wconf 89' lang='lat' dir='ltr'>illud</span> <span class='ocrx_word' id='word_1_124' title='bbox 929 1235 975 1267; x_wconf 90' lang='lat' dir='ltr'>uti</span> <span class='ocrx_word' id='word_1_125' title='bbox 996 1246 1052 1267; x_wconf 77' lang='lat' dir='ltr'>seu</span> <span class='ocrx_word' id='word_1_126' title='bbox 1074 1226 1075 1267; x_wconf 46' lang='grc' dir='ltr'>ἶ</span> 
     </span>
     <span class='ocr_line' id='line_1_25' title="bbox 318 1284 1075 1332; baseline 0.001 -11"><span class='ocrx_word' id='word_1_127' title='bbox 318 1300 352 1321; x_wconf 88' lang='lat' dir='ltr'>se</span> <span class='ocrx_word' id='word_1_128' title='bbox 378 1289 485 1322; x_wconf 82' lang='lat' dir='ltr'>iuvare</span> <span class='ocrx_word' id='word_1_129' title='bbox 512 1300 622 1332; x_wconf 86' lang='lat' dir='ltr'>posse,</span> <span class='ocrx_word' id='word_1_130' title='bbox 653 1300 710 1321; x_wconf 81' lang='lat' dir='ltr'>ner</span> <span class='ocrx_word' id='word_1_131' title='bbox 736 1290 793 1321; x_wconf 85' lang='lat' dir='ltr'>sub</span> <span class='ocrx_word' id='word_1_132' title='bbox 819 1289 985 1332; x_wconf 87' lang='lat' dir='ltr'>quibusvis</span> <span class='ocrx_word' id='word_1_133' title='bbox 1011 1284 1075 1322; x_wconf 69' lang='lat' dir='ltr'>si-f</span> 
     </span>
     <span class='ocr_line' id='line_1_26' title="bbox 314 1341 1074 1383; baseline -0.003 -8"><span class='ocrx_word' id='word_1_134' title='bbox 314 1342 438 1375; x_wconf 87' lang='lat' dir='ltr'>milium</span> <span class='ocrx_word' id='word_1_135' title='bbox 460 1343 509 1375; x_wconf 76' lang='lat' dir='ltr'>vel</span> <span class='ocrx_word' id='word_1_136' title='bbox 536 1342 740 1374; x_wconf 74' lang='lat' dir='ltr'>dissimilium</span> <span class='ocrx_word' id='word_1_137' title='bbox 767 1341 941 1383; x_wconf 75' lang='lat' dir='ltr'>gratiarum</span> <span class='ocrx_word' id='word_1_138' title='bbox 960 1351 1054 1373; x_wconf 81' lang='lat' dir='ltr'>revo-</span> <span class='ocrx_word' id='word_1_139' title='bbox 1073 1341 1074 1376; x_wconf 62' lang='grc' dir='ltr'>Ξ</span> 
     </span>
     <span class='ocr_line' id='line_1_27' title="bbox 314 1394 1053 1433; baseline -0.001 -8"><span class='ocrx_word' id='word_1_140' title='bbox 314 1395 504 1433; x_wconf 71' lang='lat' dir='ltr'>canonibus,</span> <span class='ocrx_word' id='word_1_141' title='bbox 530 1394 776 1426; x_wconf 82' lang='lat' dir='ltr'>limitationibus</span> <span class='ocrx_word' id='word_1_142' title='bbox 803 1399 857 1426; x_wconf 85' lang='lat' dir='ltr'>aut</span> <span class='ocrx_word' id='word_1_143' title='bbox 882 1394 953 1426; x_wconf 84' lang='lat' dir='ltr'>aliis</span> <span class='ocrx_word' id='word_1_144' title='bbox 978 1404 1053 1426; x_wconf 84' lang='lat' dir='ltr'>con-</span> 
     </span>
     <span class='ocr_line' id='line_1_28' title="bbox 315 1446 1051 1490; baseline -0.003 -10"><span class='ocrx_word' id='word_1_145' title='bbox 315 1447 421 1480; x_wconf 75' lang='lat' dir='ltr'>trariis</span> <span class='ocrx_word' id='word_1_146' title='bbox 443 1446 710 1490; x_wconf 77' lang='lat' dir='ltr'>dispositionibus</span> <span class='ocrx_word' id='word_1_147' title='bbox 734 1447 980 1490; x_wconf 73' lang='lat' dir='ltr'>comprehendi,</span> <span class='ocrx_word' id='word_1_148' title='bbox 997 1447 1051 1478; x_wconf 88' lang='lat' dir='ltr'>sed</span> 
     </span>
     <span class='ocr_line' id='line_1_29' title="bbox 314 1499 1051 1543; baseline -0.001 -10"><span class='ocrx_word' id='word_1_149' title='bbox 314 1510 444 1543; x_wconf 78' lang='lat' dir='ltr'>semper</span> <span class='ocrx_word' id='word_1_150' title='bbox 460 1501 499 1532; x_wconf 86' lang='lat' dir='ltr'>ab</span> <span class='ocrx_word' id='word_1_151' title='bbox 517 1499 580 1532; x_wconf 90' lang='lat' dir='ltr'>illis</span> <span class='ocrx_word' id='word_1_152' title='bbox 605 1505 764 1542; x_wconf 55' lang='lat' dir='ltr'>exceptas,</span> <span class='ocrx_word' id='word_1_153' title='bbox 783 1505 814 1532; x_wconf 84' lang='lat' dir='ltr'>et</span> <span class='ocrx_word' id='word_1_154' title='bbox 830 1499 957 1542; x_wconf 87' lang='lat' dir='ltr'>quoties</span> <span class='ocrx_word' id='word_1_155' title='bbox 977 1500 1051 1532; x_wconf 82' lang='lat' dir='ltr'>illae</span> 
     </span>
     <span class='ocr_line' id='line_1_30' title="bbox 315 1553 1051 1596; baseline -0.001 -10"><span class='ocrx_word' id='word_1_156' title='bbox 315 1553 521 1593; x_wconf 80' lang='lat' dir='ltr'>emanabunt,</span> <span class='ocrx_word' id='word_1_157' title='bbox 550 1553 644 1586; x_wconf 89' lang='lat' dir='ltr'>toties</span> <span class='ocrx_word' id='word_1_158' title='bbox 668 1553 701 1585; x_wconf 91' lang='lat' dir='ltr'>in</span> <span class='ocrx_word' id='word_1_159' title='bbox 726 1553 898 1596; x_wconf 91' lang='lat' dir='ltr'>pristinum</span> <span class='ocrx_word' id='word_1_160' title='bbox 924 1559 955 1586; x_wconf 83' lang='lat' dir='ltr'>et</span> <span class='ocrx_word' id='word_1_161' title='bbox 979 1564 1051 1586; x_wconf 90' lang='lat' dir='ltr'>eum</span> 
     </span>
     <span class='ocr_line' id='line_1_31' title="bbox 314 1607 1049 1650; baseline -0.003 -11"><span class='ocrx_word' id='word_1_162' title='bbox 314 1607 349 1639; x_wconf 92' lang='lat' dir='ltr'>in</span> <span class='ocrx_word' id='word_1_163' title='bbox 380 1617 443 1650; x_wconf 88' lang='lat' dir='ltr'>quo</span> <span class='ocrx_word' id='word_1_164' title='bbox 474 1611 570 1639; x_wconf 81' lang='lat' dir='ltr'>antea</span> <span class='ocrx_word' id='word_1_165' title='bbox 601 1611 692 1639; x_wconf 79' lang='lat' dir='ltr'>erant</span> <span class='ocrx_word' id='word_1_166' title='bbox 724 1611 840 1639; x_wconf 79' lang='lat' dir='ltr'>statum</span> <span class='ocrx_word' id='word_1_167' title='bbox 866 1607 1049 1647; x_wconf 72' lang='lat' dir='ltr'>restitutas,</span> 
     </span>
     <span class='ocr_line' id='line_1_32' title="bbox 316 1659 1052 1703; baseline 0 -11"><span class='ocrx_word' id='word_1_168' title='bbox 316 1659 475 1703; x_wconf 82' lang='lat' dir='ltr'>repositas</span> <span class='ocrx_word' id='word_1_169' title='bbox 507 1665 539 1692; x_wconf 87' lang='lat' dir='ltr'>et.</span> <span class='ocrx_word' id='word_1_170' title='bbox 570 1660 717 1703; x_wconf 79' lang='lat' dir='ltr'>plenarie</span> <span class='ocrx_word' id='word_1_171' title='bbox 755 1660 985 1702; x_wconf 64' lang='lat' dir='ltr'>reintegratus,</span> <span class='ocrx_word' id='word_1_172' title='bbox 1016 1671 1052 1692; x_wconf 79' lang='lat' dir='ltr'>ac</span> 
     </span>
     <span class='ocr_line' id='line_1_33' title="bbox 316 1712 1051 1756; baseline 0.001 -12"><span class='ocrx_word' id='word_1_173' title='bbox 316 1712 411 1745; x_wconf 83' lang='lat' dir='ltr'>etiam</span> <span class='ocrx_word' id='word_1_174' title='bbox 431 1713 469 1744; x_wconf 92' lang='lat' dir='ltr'>de</span> <span class='ocrx_word' id='word_1_175' title='bbox 484 1723 568 1745; x_wconf 85' lang='lat' dir='ltr'>novo</span> <span class='ocrx_word' id='word_1_176' title='bbox 583 1714 642 1745; x_wconf 90' lang='lat' dir='ltr'>sub</span> <span class='ocrx_word' id='word_1_177' title='bbox 657 1723 861 1756; x_wconf 84' lang='lat' dir='ltr'>quacumque</span> <span class='ocrx_word' id='word_1_178' title='bbox 878 1712 1051 1756; x_wconf 76' lang='lat' dir='ltr'>posteriori</span> 
     </span>
     <span class='ocr_line' id='line_1_34' title="bbox 316 1765 1052 1808; baseline 0.001 -12"><span class='ocrx_word' id='word_1_179' title='bbox 316 1765 388 1797; x_wconf 73' lang='lat' dir='ltr'>data</span> <span class='ocrx_word' id='word_1_180' title='bbox 413 1775 471 1808; x_wconf 90' lang='lat' dir='ltr'>per</span> <span class='ocrx_word' id='word_1_181' title='bbox 487 1765 660 1798; x_wconf 88' lang='lat' dir='ltr'>modernos</span> <span class='ocrx_word' id='word_1_182' title='bbox 681 1770 711 1798; x_wconf 87' lang='lat' dir='ltr'>et</span> <span class='ocrx_word' id='word_1_183' title='bbox 739 1775 797 1808; x_wconf 86' lang='lat' dir='ltr'>pro</span> <span class='ocrx_word' id='word_1_184' title='bbox 820 1770 966 1808; x_wconf 83' lang='lat' dir='ltr'>tempore</span> <span class='ocrx_word' id='word_1_185' title='bbox 987 1766 1052 1798; x_wconf 76' lang='lat' dir='ltr'>exi-</span> 
     </span>
     <span class='ocr_line' id='line_1_35' title="bbox 316 1817 1053 1861; baseline 0.001 -12"><span class='ocrx_word' id='word_1_186' title='bbox 316 1822 437 1849; x_wconf 87' lang='lat' dir='ltr'>stentes</span> <span class='ocrx_word' id='word_1_187' title='bbox 462 1817 633 1860; x_wconf 85' lang='lat' dir='ltr'>hospitalis</span> <span class='ocrx_word' id='word_1_188' title='bbox 652 1823 754 1861; x_wconf 83' lang='lat' dir='ltr'>perte</span> <span class='ocrx_word' id='word_1_189' title='bbox 775 1818 920 1860; x_wconf 72' lang='lat' dir='ltr'>erigendi</span> <span class='ocrx_word' id='word_1_190' title='bbox 941 1818 1053 1850; x_wconf 84' lang='lat' dir='ltr'>liuius-</span> 
     </span>
     <span class='ocr_line' id='line_1_36' title="bbox 316 1870 1053 1914; baseline 0.003 -12"><span class='ocrx_word' id='word_1_191' title='bbox 316 1870 404 1902; x_wconf 87' lang='lat' dir='ltr'>modi</span> <span class='ocrx_word' id='word_1_192' title='bbox 429 1871 664 1913; x_wconf 79' lang='lat' dir='ltr'>gubernatores</span> <span class='ocrx_word' id='word_1_193' title='bbox 700 1871 969 1914; x_wconf 77' lang='lat' dir='ltr'>quandocumque</span> <span class='ocrx_word' id='word_1_194' title='bbox 996 1871 1053 1904; x_wconf 89' lang='lat' dir='ltr'>eli-</span> 
     </span>
     <span class='ocr_line' id='line_1_37' title="bbox 317 1924 1052 1967; baseline 0 -11"><span class='ocrx_word' id='word_1_195' title='bbox 317 1924 420 1965; x_wconf 73' lang='lat' dir='ltr'>genda</span> <span class='ocrx_word' id='word_1_196' title='bbox 446 1934 617 1956; x_wconf 85' lang='lat' dir='ltr'>concessas</span> <span class='ocrx_word' id='word_1_197' title='bbox 644 1924 711 1956; x_wconf 85' lang='lat' dir='ltr'>sore</span> <span class='ocrx_word' id='word_1_198' title='bbox 737 1930 768 1957; x_wconf 89' lang='lat' dir='ltr'>et</span> <span class='ocrx_word' id='word_1_199' title='bbox 793 1935 882 1965; x_wconf 88' lang='lat' dir='ltr'>esse,</span> <span class='ocrx_word' id='word_1_200' title='bbox 915 1935 1052 1967; x_wconf 89' lang='lat' dir='ltr'>suosque</span> 
     </span>
     <span class='ocr_line' id='line_1_38' title="bbox 317 1976 1054 2020; baseline 0 -12"><span class='ocrx_word' id='word_1_201' title='bbox 317 1977 480 2020; x_wconf 81' lang='lat' dir='ltr'>plenarios</span> <span class='ocrx_word' id='word_1_202' title='bbox 505 1982 537 2010; x_wconf 83' lang='lat' dir='ltr'>et</span> <span class='ocrx_word' id='word_1_203' title='bbox 561 1978 704 2020; x_wconf 69' lang='lat' dir='ltr'>integros</span> <span class='ocrx_word' id='word_1_204' title='bbox 729 1976 861 2010; x_wconf 73' lang='lat' dir='ltr'>ell&#39;ectus</span> <span class='ocrx_word' id='word_1_205' title='bbox 886 1977 993 2010; x_wconf 86' lang='lat' dir='ltr'>sortiri</span> <span class='ocrx_word' id='word_1_206' title='bbox 1022 1983 1054 2011; x_wconf 87' lang='lat' dir='ltr'>et</span> 
     </span>
     <span class='ocr_line' id='line_1_39' title="bbox 317 2030 1052 2074; baseline 0.004 -13"><span class='ocrx_word' id='word_1_207' title='bbox 317 2030 484 2070; x_wconf 86' lang='lat' dir='ltr'>obtinere,</span> <span class='ocrx_word' id='word_1_208' title='bbox 510 2042 547 2063; x_wconf 82' lang='lat' dir='ltr'>ac</span> <span class='ocrx_word' id='word_1_209' title='bbox 578 2030 850 2073; x_wconf 82' lang='lat' dir='ltr'>gubernatoribus</span> <span class='ocrx_word' id='word_1_210' title='bbox 885 2031 1052 2074; x_wconf 84' lang='lat' dir='ltr'>hospitalis</span> 
     </span>
     <span class='ocr_line' id='line_1_40' title="bbox 317 2083 1075 2127; baseline 0.003 -12"><span class='ocrx_word' id='word_1_211' title='bbox 317 2093 376 2126; x_wconf 91' lang='lat' dir='ltr'>per</span> <span class='ocrx_word' id='word_1_212' title='bbox 408 2089 438 2116; x_wconf 90' lang='lat' dir='ltr'>te</span> <span class='ocrx_word' id='word_1_213' title='bbox 472 2083 616 2126; x_wconf 78' lang='lat' dir='ltr'>erigendi</span> <span class='ocrx_word' id='word_1_214' title='bbox 650 2084 836 2116; x_wconf 85' lang='lat' dir='ltr'>huiusmodi</span> <span class='ocrx_word' id='word_1_215' title='bbox 866 2085 1075 2127; x_wconf 64' lang='lat' dir='ltr'>plenissimey</span> 
     </span>
     <span class='ocr_line' id='line_1_41' title="bbox 318 2135 1052 2179; baseline 0.001 -11"><span class='ocrx_word' id='word_1_216' title='bbox 318 2140 350 2168; x_wconf 89' lang='lat' dir='ltr'>et</span> <span class='ocrx_word' id='word_1_217' title='bbox 372 2141 531 2179; x_wconf 86' lang='lat' dir='ltr'>perpetuo</span> <span class='ocrx_word' id='word_1_218' title='bbox 561 2135 749 2179; x_wconf 74' lang='lat' dir='ltr'>suffragari,</span> <span class='ocrx_word' id='word_1_219' title='bbox 780 2141 812 2169; x_wconf 87' lang='lat' dir='ltr'>et</span> <span class='ocrx_word' id='word_1_220' title='bbox 837 2137 876 2169; x_wconf 88' lang='lat' dir='ltr'>ab</span> <span class='ocrx_word' id='word_1_221' title='bbox 902 2138 1052 2169; x_wconf 85' lang='lat' dir='ltr'>omnibus</span> 
     </span>
     <span class='ocr_line' id='line_1_42' title="bbox 318 2189 1054 2234; baseline 0.003 -13"><span class='ocrx_word' id='word_1_222' title='bbox 318 2189 394 2230; x_wconf 85' lang='lat' dir='ltr'>illis,</span> <span class='ocrx_word' id='word_1_223' title='bbox 407 2190 446 2222; x_wconf 82' lang='lat' dir='ltr'>ad</span> <span class='ocrx_word' id='word_1_224' title='bbox 460 2201 541 2233; x_wconf 89' lang='lat' dir='ltr'>quos</span> <span class='ocrx_word' id='word_1_225' title='bbox 555 2196 677 2233; x_wconf 83' lang='lat' dir='ltr'>spectat</span> <span class='ocrx_word' id='word_1_226' title='bbox 693 2195 723 2222; x_wconf 89' lang='lat' dir='ltr'>et</span> <span class='ocrx_word' id='word_1_227' title='bbox 741 2200 799 2233; x_wconf 88' lang='lat' dir='ltr'>pro</span> <span class='ocrx_word' id='word_1_228' title='bbox 818 2196 961 2233; x_wconf 89' lang='lat' dir='ltr'>tempore</span> <span class='ocrx_word' id='word_1_229' title='bbox 980 2201 1054 2234; x_wconf 84' lang='lat' dir='ltr'>spe-</span> 
     </span>
     <span class='ocr_line' id='line_1_43' title="bbox 317 2243 1054 2282; baseline 0.003 -8"><span class='ocrx_word' id='word_1_230' title='bbox 317 2243 435 2282; x_wconf 85' lang='lat' dir='ltr'>ctabit,</span> <span class='ocrx_word' id='word_1_231' title='bbox 461 2243 691 2276; x_wconf 82' lang='lat' dir='ltr'>inviolabiliter</span> <span class='ocrx_word' id='word_1_232' title='bbox 723 2249 755 2276; x_wconf 89' lang='lat' dir='ltr'>et</span> <span class='ocrx_word' id='word_1_233' title='bbox 778 2243 971 2276; x_wconf 75' lang='lat' dir='ltr'>inconcusse</span> <span class='ocrx_word' id='word_1_234' title='bbox 997 2245 1054 2276; x_wconf 91' lang='lat' dir='ltr'>ob-</span> 
     </span>
     <span class='ocr_line' id='line_1_44' title="bbox 318 2295 1054 2339; baseline 0.004 -13"><span class='ocrx_word' id='word_1_235' title='bbox 318 2295 597 2339; x_wconf 64' lang='lat' dir='ltr'>serveri‚sicque</span> <span class='ocrx_word' id='word_1_236' title='bbox 627 2301 659 2328; x_wconf 87' lang='lat' dir='ltr'>et</span> <span class='ocrx_word' id='word_1_237' title='bbox 683 2306 748 2328; x_wconf 90' lang='lat' dir='ltr'>non</span> <span class='ocrx_word' id='word_1_238' title='bbox 779 2297 872 2328; x_wconf 87' lang='lat' dir='ltr'>aliter</span> <span class='ocrx_word' id='word_1_239' title='bbox 901 2297 933 2328; x_wconf 91' lang='lat' dir='ltr'>in</span> <span class='ocrx_word' id='word_1_240' title='bbox 960 2307 1054 2339; x_wconf 78' lang='lat' dir='ltr'>prae-</span> 
     </span>
     <span class='ocr_line' id='line_1_45' title="bbox 319 2347 1053 2392; baseline 0.004 -13"><span class='ocrx_word' id='word_1_241' title='bbox 319 2347 427 2379; x_wconf 87' lang='lat' dir='ltr'>missis</span> <span class='ocrx_word' id='word_1_242' title='bbox 445 2348 593 2380; x_wconf 88' lang='lat' dir='ltr'>omnibus</span> <span class='ocrx_word' id='word_1_243' title='bbox 609 2353 640 2380; x_wconf 86' lang='lat' dir='ltr'>et</span> <span class='ocrx_word' id='word_1_244' title='bbox 653 2348 790 2390; x_wconf 74' lang='lat' dir='ltr'>singulis</span> <span class='ocrx_word' id='word_1_245' title='bbox 804 2349 938 2389; x_wconf 85' lang='lat' dir='ltr'>censeri,</span> <span class='ocrx_word' id='word_1_246' title='bbox 958 2354 1053 2392; x_wconf 85' lang='lat' dir='ltr'>atque</span> 
     </span>
     <span class='ocr_line' id='line_1_46' title="bbox 318 2401 1053 2444; baseline 0.001 -12"><span class='ocrx_word' id='word_1_247' title='bbox 318 2401 362 2433; x_wconf 84' lang='lat' dir='ltr'>ita</span> <span class='ocrx_word' id='word_1_248' title='bbox 385 2411 445 2443; x_wconf 85' lang='lat' dir='ltr'>per</span> <span class='ocrx_word' id='word_1_249' title='bbox 469 2411 691 2443; x_wconf 85' lang='lat' dir='ltr'>quoscumque</span> <span class='ocrx_word' id='word_1_250' title='bbox 723 2401 846 2433; x_wconf 86' lang='lat' dir='ltr'>iudices</span> <span class='ocrx_word' id='word_1_251' title='bbox 871 2401 1053 2444; x_wconf 79' lang='lat' dir='ltr'>ordinarios</span> 
     </span>
     <span class='ocr_line' id='line_1_47' title="bbox 318 2453 1054 2496; baseline 0 -11"><span class='ocrx_word' id='word_1_252' title='bbox 318 2458 350 2485; x_wconf 91' lang='lat' dir='ltr'>et</span> <span class='ocrx_word' id='word_1_253' title='bbox 376 2453 542 2495; x_wconf 82' lang='lat' dir='ltr'>delegatos</span> <span class='ocrx_word' id='word_1_254' title='bbox 568 2453 676 2496; x_wconf 76' lang='lat' dir='ltr'>quavis</span> <span class='ocrx_word' id='word_1_255' title='bbox 702 2454 892 2485; x_wconf 75' lang='lat' dir='ltr'>auctoritate</span> <span class='ocrx_word' id='word_1_256' title='bbox 919 2453 1054 2496; x_wconf 79' lang='lat' dir='ltr'>fungen-</span> 
     </span>
    </p>
   </div>
   <div class='ocr_carea' id='block_1_6' title="bbox 1074 369 1085 1218">
    <p class='ocr_par' dir='ltr' id='par_1_6' title="bbox 1074 369 1085 1218">
     <span class='ocr_line' id='line_1_48' title="bbox 1074 369 1085 1218; baseline 0 0"><span class='ocrx_word' id='word_1_257' title='bbox 1074 369 1085 1218; x_wconf 95' lang='lat' dir='ltr'> </span> 
     </span>
    </p>
   </div>
   <div class='ocr_carea' id='block_1_7' title="bbox 1070 1403 1080 2374">
    <p class='ocr_par' dir='ltr' id='par_1_7' title="bbox 1070 1403 1080 2374">
     <span class='ocr_line' id='line_1_49' title="bbox 1070 1403 1080 2374; baseline 0 0"><span class='ocrx_word' id='word_1_258' title='bbox 1070 1403 1080 2374; x_wconf 95' lang='lat' dir='ltr'> </span> 
     </span>
    </p>
   </div>
   <div class='ocr_carea' id='block_1_8' title="bbox 320 2531 1052 2657">
    <p class='ocr_par' dir='ltr' id='par_1_8' title="bbox 320 2531 1052 2657">
     <span class='ocr_line' id='line_1_50' title="bbox 356 2531 916 2567; baseline 0 -9"><span class='ocrx_word' id='word_1_259' title='bbox 356 2535 364 2559; x_wconf 91' lang='lat'>1</span> <span class='ocrx_word' id='word_1_260' title='bbox 388 2531 459 2559; x_wconf 86' lang='lat' dir='ltr'>Edit.</span> <span class='ocrx_word' id='word_1_261' title='bbox 475 2532 558 2559; x_wconf 88' lang='lat' dir='ltr'>Main.</span> <span class='ocrx_word' id='word_1_262' title='bbox 574 2532 639 2567; x_wconf 85' lang='lat' dir='ltr'>legit</span> <span class='ocrx_word' id='word_1_263' title='bbox 658 2540 787 2559; x_wconf 81' lang='lat' dir='ltr'>concessa</span> <span class='ocrx_word' id='word_1_264' title='bbox 806 2534 846 2565; x_wconf 86' lang='lat' dir='ltr'>(n.</span> <span class='ocrx_word' id='word_1_265' title='bbox 867 2539 916 2565; x_wconf 84' lang='grc' dir='ltr'><strong>Τ.).</strong></span> 
     </span>
     <span class='ocr_line' id='line_1_51' title="bbox 353 2577 1052 2612; baseline 0.001 -9"><span class='ocrx_word' id='word_1_266' title='bbox 353 2577 370 2603; x_wconf 81' lang='lat'><strong>2</strong></span> <span class='ocrx_word' id='word_1_267' title='bbox 389 2577 425 2604; x_wconf 87' lang='lat' dir='ltr'>De</span> <span class='ocrx_word' id='word_1_268' title='bbox 445 2585 518 2604; x_wconf 84' lang='lat' dir='ltr'>inore</span> <span class='ocrx_word' id='word_1_269' title='bbox 537 2577 614 2604; x_wconf 86' lang='lat' dir='ltr'>solito</span> <span class='ocrx_word' id='word_1_270' title='bbox 635 2577 692 2612; x_wconf 82' lang='lat' dir='ltr'>lege</span> <span class='ocrx_word' id='word_1_271' title='bbox 712 2578 880 2612; x_wconf 74' lang='lat' dir='ltr'>quempiam</span> <span class='ocrx_word' id='word_1_272' title='bbox 900 2585 948 2612; x_wconf 87' lang='lat' dir='ltr'>pro</span> <span class='ocrx_word' id='word_1_273' title='bbox 974 2586 1052 2604; x_wconf 79' lang='lat' dir='ltr'>nun-</span> 
     </span>
     <span class='ocr_line' id='line_1_52' title="bbox 320 2623 524 2657; baseline 0 -9"><span class='ocrx_word' id='word_1_274' title='bbox 320 2629 407 2657; x_wconf 76' lang='lat' dir='ltr'>quam</span> <span class='ocrx_word' id='word_1_275' title='bbox 423 2628 458 2655; x_wconf 66' lang='lat' dir='ltr'>(u</span> <span class='ocrx_word' id='word_1_276' title='bbox 476 2623 524 2655; x_wconf 56' lang='lat'>32).</span> 
     </span>
    </p>
   </div>
   <div class='ocr_carea' id='block_1_9' title="bbox 1101 234 1847 799">
    <p class='ocr_par' dir='ltr' id='par_1_9' title="bbox 1101 234 1847 799">
     <span class='ocr_line' id='line_1_53' title="bbox 1121 234 1225 258; baseline 0 0"><span class='ocrx_word' id='word_1_277' title='bbox 1121 234 1152 258; x_wconf 80' lang='lat' dir='ltr'>ix</span> <span class='ocrx_word' id='word_1_278' title='bbox 1176 235 1225 258; x_wconf 76' lang='lat' dir='ltr'>Pe.</span> 
     </span>
     <span class='ocr_line' id='line_1_54' title="bbox 1109 283 1846 329; baseline 0.007 -14"><span class='ocrx_word' id='word_1_279' title='bbox 1109 288 1177 323; x_wconf 86' lang='lat' dir='ltr'>tes,</span> <span class='ocrx_word' id='word_1_280' title='bbox 1204 283 1300 316; x_wconf 85' lang='lat' dir='ltr'>etiam</span> <span class='ocrx_word' id='word_1_281' title='bbox 1335 293 1502 317; x_wconf 81' lang='lat' dir='ltr'>causarum</span> <span class='ocrx_word' id='word_1_282' title='bbox 1537 284 1648 327; x_wconf 82' lang='lat' dir='ltr'>palatii</span> <span class='ocrx_word' id='word_1_283' title='bbox 1673 287 1846 329; x_wconf 80' lang='lat' dir='ltr'>apostolici</span> 
     </span>
     <span class='ocr_line' id='line_1_55' title="bbox 1108 336 1847 379; baseline 0.007 -11"><span class='ocrx_word' id='word_1_284' title='bbox 1108 336 1288 376; x_wconf 81' lang='lat' dir='ltr'>auditores,</span> <span class='ocrx_word' id='word_1_285' title='bbox 1308 347 1343 369; x_wconf 81' lang='lat' dir='ltr'>ac</span> <span class='ocrx_word' id='word_1_286' title='bbox 1363 336 1394 369; x_wconf 87' lang='lat' dir='ltr'>S.</span> <span class='ocrx_word' id='word_1_287' title='bbox 1418 337 1454 369; x_wconf 81' lang='lat' dir='ltr'>R.</span> <span class='ocrx_word' id='word_1_288' title='bbox 1474 337 1508 370; x_wconf 87' lang='grc' dir='ltr'>Ε.</span> <span class='ocrx_word' id='word_1_289' title='bbox 1532 338 1724 379; x_wconf 78' lang='lat' dir='ltr'>cardinales,</span> <span class='ocrx_word' id='word_1_290' title='bbox 1749 341 1847 374; x_wconf 84' lang='lat' dir='ltr'>etiam</span> 
     </span>
     <span class='ocr_line' id='line_1_56' title="bbox 1107 390 1844 433; baseline 0.009 -12"><span class='ocrx_word' id='word_1_291' title='bbox 1107 390 1145 422; x_wconf 84' lang='lat' dir='ltr'>de</span> <span class='ocrx_word' id='word_1_292' title='bbox 1172 390 1271 422; x_wconf 70' lang='lat' dir='ltr'>latere</span> <span class='ocrx_word' id='word_1_293' title='bbox 1298 391 1442 432; x_wconf 63' lang='lat' dir='ltr'>legatos,</span> <span class='ocrx_word' id='word_1_294' title='bbox 1472 391 1664 433; x_wconf 75' lang='lat' dir='ltr'>vicelegatos</span> <span class='ocrx_word' id='word_1_295' title='bbox 1698 399 1730 426; x_wconf 88' lang='lat' dir='ltr'>et</span> <span class='ocrx_word' id='word_1_296' title='bbox 1753 393 1844 428; x_wconf 85' lang='lat' dir='ltr'>Sedis</span> 
     </span>
     <span class='ocr_line' id='line_1_57' title="bbox 1105 442 1846 484; baseline 0.009 -11"><span class='ocrx_word' id='word_1_297' title='bbox 1105 442 1311 484; x_wconf 77' lang='lat' dir='ltr'>Apostolicae</span> <span class='ocrx_word' id='word_1_298' title='bbox 1338 443 1484 483; x_wconf 82' lang='lat' dir='ltr'>nuncios,</span> <span class='ocrx_word' id='word_1_299' title='bbox 1511 445 1638 478; x_wconf 71' lang='lat' dir='ltr'>sublata</span> <span class='ocrx_word' id='word_1_300' title='bbox 1663 447 1709 479; x_wconf 88' lang='lat' dir='ltr'>eis</span> <span class='ocrx_word' id='word_1_301' title='bbox 1735 453 1767 479; x_wconf 90' lang='lat' dir='ltr'>et</span> <span class='ocrx_word' id='word_1_302' title='bbox 1792 457 1846 480; x_wconf 88' lang='lat' dir='ltr'>eo-</span> 
     </span>
     <span class='ocr_line' id='line_1_58' title="bbox 1104 495 1844 539; baseline 0.011 -14"><span class='ocrx_word' id='word_1_303' title='bbox 1104 505 1175 526; x_wconf 87' lang='lat' dir='ltr'>rum</span> <span class='ocrx_word' id='word_1_304' title='bbox 1201 496 1335 528; x_wconf 75' lang='lat' dir='ltr'>cuilibet</span> <span class='ocrx_word' id='word_1_305' title='bbox 1360 497 1470 539; x_wconf 84' lang='lat' dir='ltr'>quavis</span> <span class='ocrx_word' id='word_1_306' title='bbox 1497 498 1590 530; x_wconf 81' lang='lat' dir='ltr'>aliter</span> <span class='ocrx_word' id='word_1_307' title='bbox 1621 495 1785 533; x_wconf 56' lang='lat' dir='ltr'>indicendi</span> <span class='ocrx_word' id='word_1_308' title='bbox 1812 506 1844 533; x_wconf 82' lang='lat' dir='ltr'>et</span> 
     </span>
     <span class='ocr_line' id='line_1_59' title="bbox 1104 547 1844 594; baseline 0.011 -16"><span class='ocrx_word' id='word_1_309' title='bbox 1104 547 1341 591; x_wconf 83' lang='lat' dir='ltr'>interpretandi</span> <span class='ocrx_word' id='word_1_310' title='bbox 1363 550 1512 583; x_wconf 81' lang='lat' dir='ltr'>l&#39;acultate</span> <span class='ocrx_word' id='word_1_311' title='bbox 1528 557 1556 583; x_wconf 86' lang='lat' dir='ltr'>et</span> <span class='ocrx_word' id='word_1_312' title='bbox 1576 553 1778 594; x_wconf 81' lang='lat' dir='ltr'>auctoritate,</span> <span class='ocrx_word' id='word_1_313' title='bbox 1795 554 1844 586; x_wconf 87' lang='lat' dir='ltr'>iu·</span> 
     </span>
     <span class='ocr_line' id='line_1_60' title="bbox 1103 600 1842 645; baseline 0.011 -14"><span class='ocrx_word' id='word_1_314' title='bbox 1103 600 1201 632; x_wconf 74' lang='lat' dir='ltr'>dicari</span> <span class='ocrx_word' id='word_1_315' title='bbox 1236 607 1267 633; x_wconf 87' lang='lat' dir='ltr'>et</span> <span class='ocrx_word' id='word_1_316' title='bbox 1301 602 1426 635; x_wconf 76' lang='lat' dir='ltr'>deliniri</span> <span class='ocrx_word' id='word_1_317' title='bbox 1453 604 1590 644; x_wconf 83' lang='lat' dir='ltr'>debere,</span> <span class='ocrx_word' id='word_1_318' title='bbox 1619 611 1669 645; x_wconf 83' lang='lat' dir='ltr'>ct,</span> <span class='ocrx_word' id='word_1_319' title='bbox 1697 607 1722 638; x_wconf 90' lang='lat' dir='ltr'>si</span> <span class='ocrx_word' id='word_1_320' title='bbox 1749 617 1842 639; x_wconf 83' lang='lat' dir='ltr'>secus</span> 
     </span>
     <span class='ocr_line' id='line_1_61' title="bbox 1102 654 1841 700; baseline 0.012 -17"><span class='ocrx_word' id='word_1_321' title='bbox 1102 654 1264 695; x_wconf 86' lang='lat' dir='ltr'>superbis</span> <span class='ocrx_word' id='word_1_322' title='bbox 1281 666 1298 686; x_wconf 87' lang='lat' dir='ltr'>a</span> <span class='ocrx_word' id='word_1_323' title='bbox 1315 666 1491 698; x_wconf 86' lang='lat' dir='ltr'>quoquam,</span> <span class='ocrx_word' id='word_1_324' title='bbox 1510 657 1620 700; x_wconf 82' lang='lat' dir='ltr'>quavis</span> <span class='ocrx_word' id='word_1_325' title='bbox 1639 660 1841 700; x_wconf 78' lang='lat' dir='ltr'>auctoritate,</span> 
     </span>
     <span class='ocr_line' id='line_1_62' title="bbox 1101 706 1840 754; baseline 0.011 -17"><span class='ocrx_word' id='word_1_326' title='bbox 1101 706 1241 739; x_wconf 88' lang='lat' dir='ltr'>scienter</span> <span class='ocrx_word' id='word_1_327' title='bbox 1276 708 1326 740; x_wconf 79' lang='lat' dir='ltr'>vel</span> <span class='ocrx_word' id='word_1_328' title='bbox 1367 708 1566 750; x_wconf 72' lang='lat' dir='ltr'>ignoranter,</span> <span class='ocrx_word' id='word_1_329' title='bbox 1601 711 1771 754; x_wconf 67' lang='lat' dir='ltr'>contigerit</span> <span class='ocrx_word' id='word_1_330' title='bbox 1794 718 1840 745; x_wconf 86' lang='lat' dir='ltr'>at-</span> 
     </span>
     <span class='ocr_line' id='line_1_63' title="bbox 1102 759 1799 799; baseline 0.01 -8"><span class='ocrx_word' id='word_1_331' title='bbox 1102 760 1229 799; x_wconf 75' lang='lat' dir='ltr'>tentari,</span> <span class='ocrx_word' id='word_1_332' title='bbox 1253 759 1378 793; x_wconf 88' lang='lat' dir='ltr'>irritum</span> <span class='ocrx_word' id='word_1_333' title='bbox 1406 768 1437 794; x_wconf 86' lang='lat' dir='ltr'>et</span> <span class='ocrx_word' id='word_1_334' title='bbox 1462 763 1556 796; x_wconf 78' lang='lat' dir='ltr'>inane</span> <span class='ocrx_word' id='word_1_335' title='bbox 1583 764 1799 798; x_wconf 67' lang='lat' dir='ltr'>decernimus</span> 
     </span>
    </p>
   </div>
   <div class='ocr_carea' id='block_1_10' title="bbox 1143 812 2032 859">
    <p class='ocr_par' dir='ltr' id='par_1_10' title="bbox 1143 812 2032 859">
     <span class='ocr_line' id='line_1_64' title="bbox 1143 812 2032 859; baseline 0.015 -15"><span class='ocrx_word' id='word_1_336' title='bbox 1143 812 1157 855; x_wconf 62' lang='grc' dir='ltr'><strong>ἓ</strong></span> <span class='ocrx_word' id='word_1_337' title='bbox 1182 812 1214 845; x_wconf 69' lang='lat' dir='ltr'>li.</span> <span class='ocrx_word' id='word_1_338' title='bbox 1237 813 1306 846; x_wconf 80' lang='lat' dir='ltr'>Non</span> <span class='ocrx_word' id='word_1_339' title='bbox 1333 814 1535 848; x_wconf 70' lang='lat' dir='ltr'>obstantibus</span> <span class='ocrx_word' id='word_1_340' title='bbox 1560 821 1670 850; x_wconf 73' lang='lat' dir='ltr'>nostra</span> <span class='ocrx_word' id='word_1_341' title='bbox 1703 823 1733 850; x_wconf 86' lang='lat' dir='ltr'>et</span> <span class='ocrx_word' id='word_1_342' title='bbox 1766 829 1838 852; x_wconf 80' lang='lat' dir='ltr'>can·</span> <span class='ocrx_word' id='word_1_343' title='bbox 1849 833 1958 856; x_wconf 51' lang='lat' dir='ltr'>eanum-12</span> <span class='ocrx_word' id='word_1_344' title='bbox 1971 837 2032 859; x_wconf 68' lang='lat' dir='ltr'>utut.</span> 
     </span>
    </p>
   </div>
   <div class='ocr_carea' id='block_1_11' title="bbox 1095 866 1840 2288">
    <p class='ocr_par' dir='ltr' id='par_1_11' title="bbox 1095 866 1840 2288">
     <span class='ocr_line' id='line_1_65' title="bbox 1099 866 1838 911; baseline 0.009 -14"><span class='ocrx_word' id='word_1_345' title='bbox 1099 866 1251 899; x_wconf 81' lang='lat' dir='ltr'>cellariae</span> <span class='ocrx_word' id='word_1_346' title='bbox 1277 868 1475 909; x_wconf 84' lang='lat' dir='ltr'>apostolicae</span> <span class='ocrx_word' id='word_1_347' title='bbox 1500 870 1620 911; x_wconf 75' lang='lat' dir='ltr'>regulis</span> <span class='ocrx_word' id='word_1_348' title='bbox 1647 871 1684 903; x_wconf 87' lang='lat' dir='ltr'>de</span> <span class='ocrx_word' id='word_1_349' title='bbox 1712 872 1838 904; x_wconf 87' lang='lat' dir='ltr'>unioni-</span> 
     </span>
     <span class='ocr_line' id='line_1_66' title="bbox 1098 918 1837 967; baseline 0.011 -18"><span class='ocrx_word' id='word_1_350' title='bbox 1098 918 1157 950; x_wconf 87' lang='lat' dir='ltr'>bus</span> <span class='ocrx_word' id='word_1_351' title='bbox 1174 919 1412 952; x_wconf 63' lang='lat' dir='ltr'>committendis</span> <span class='ocrx_word' id='word_1_352' title='bbox 1435 921 1472 953; x_wconf 83' lang='lat' dir='ltr'>ad</span> <span class='ocrx_word' id='word_1_353' title='bbox 1492 928 1608 964; x_wconf 84' lang='lat' dir='ltr'>partes,</span> <span class='ocrx_word' id='word_1_354' title='bbox 1627 923 1746 956; x_wconf 82' lang='lat' dir='ltr'>vocatis</span> <span class='ocrx_word' id='word_1_355' title='bbox 1765 936 1837 967; x_wconf 86' lang='lat' dir='ltr'>quo-</span> 
     </span>
     <span class='ocr_line' id='line_1_67' title="bbox 1098 971 1836 1018; baseline 0.011 -16"><span class='ocrx_word' id='word_1_356' title='bbox 1098 982 1167 1003; x_wconf 88' lang='lat' dir='ltr'>rum</span> <span class='ocrx_word' id='word_1_357' title='bbox 1200 971 1353 1013; x_wconf 85' lang='lat' dir='ltr'>interest,</span> <span class='ocrx_word' id='word_1_358' title='bbox 1387 984 1422 1005; x_wconf 88' lang='lat' dir='ltr'>ac</span> <span class='ocrx_word' id='word_1_359' title='bbox 1456 974 1495 1007; x_wconf 87' lang='lat' dir='ltr'>de</span> <span class='ocrx_word' id='word_1_360' title='bbox 1522 975 1734 1018; x_wconf 77' lang='lat' dir='ltr'>exprimendo</span> <span class='ocrx_word' id='word_1_361' title='bbox 1760 988 1836 1010; x_wconf 85' lang='lat' dir='ltr'>vero</span> 
     </span>
     <span class='ocr_line' id='line_1_68' title="bbox 1098 1026 1838 1065; baseline 0.009 -9"><span class='ocrx_word' id='word_1_362' title='bbox 1098 1035 1207 1057; x_wconf 84' lang='lat' dir='ltr'>annuo</span> <span class='ocrx_word' id='word_1_363' title='bbox 1232 1026 1353 1065; x_wconf 76' lang='lat' dir='ltr'>valore,</span> <span class='ocrx_word' id='word_1_364' title='bbox 1373 1036 1500 1059; x_wconf 72' lang='lat' dir='ltr'>necnon</span> <span class='ocrx_word' id='word_1_365' title='bbox 1519 1028 1744 1061; x_wconf 80' lang='lat' dir='ltr'>Lateranensis</span> <span class='ocrx_word' id='word_1_366' title='bbox 1763 1041 1838 1063; x_wconf 87' lang='lat' dir='ltr'>con-</span> 
     </span>
     <span class='ocr_line' id='line_1_69' title="bbox 1099 1077 1838 1126; baseline 0.011 -18"><span class='ocrx_word' id='word_1_367' title='bbox 1099 1077 1163 1109; x_wconf 87' lang='lat' dir='ltr'>cilii</span> <span class='ocrx_word' id='word_1_368' title='bbox 1188 1078 1361 1110; x_wconf 75' lang='lat' dir='ltr'>novissime</span> <span class='ocrx_word' id='word_1_369' title='bbox 1379 1080 1534 1112; x_wconf 71' lang='lat' dir='ltr'>celebrati</span> <span class='ocrx_word' id='word_1_370' title='bbox 1556 1081 1692 1114; x_wconf 84' lang='lat' dir='ltr'>uniones</span> <span class='ocrx_word' id='word_1_371' title='bbox 1718 1093 1838 1126; x_wconf 87' lang='lat' dir='ltr'>perpe-</span> 
     </span>
     <span class='ocr_line' id='line_1_70' title="bbox 1098 1131 1836 1178; baseline 0.009 -17"><span class='ocrx_word' id='word_1_372' title='bbox 1098 1135 1168 1163; x_wconf 80' lang='lat' dir='ltr'>tuas</span> <span class='ocrx_word' id='word_1_373' title='bbox 1206 1131 1265 1163; x_wconf 87' lang='lat' dir='ltr'>nisi</span> <span class='ocrx_word' id='word_1_374' title='bbox 1302 1131 1334 1164; x_wconf 91' lang='lat' dir='ltr'>in</span> <span class='ocrx_word' id='word_1_375' title='bbox 1367 1132 1491 1165; x_wconf 76' lang='lat' dir='ltr'>casibus</span> <span class='ocrx_word' id='word_1_376' title='bbox 1525 1144 1541 1165; x_wconf 84' lang='lat' dir='ltr'>a</span> <span class='ocrx_word' id='word_1_377' title='bbox 1573 1134 1642 1166; x_wconf 90' lang='lat' dir='ltr'>iure</span> <span class='ocrx_word' id='word_1_378' title='bbox 1676 1136 1836 1178; x_wconf 70' lang='lat' dir='ltr'>expressis</span> 
     </span>
     <span class='ocr_line' id='line_1_71' title="bbox 1097 1183 1835 1227; baseline 0.009 -12"><span class='ocrx_word' id='word_1_379' title='bbox 1097 1183 1167 1215; x_wconf 76' lang='lat' dir='ltr'>fieri</span> <span class='ocrx_word' id='word_1_380' title='bbox 1184 1184 1404 1227; x_wconf 86' lang='lat' dir='ltr'>prohibentis,</span> <span class='ocrx_word' id='word_1_381' title='bbox 1422 1196 1456 1218; x_wconf 80' lang='lat' dir='ltr'>ac</span> <span class='ocrx_word' id='word_1_382' title='bbox 1479 1187 1580 1219; x_wconf 80' lang='lat' dir='ltr'>felicis</span> <span class='ocrx_word' id='word_1_383' title='bbox 1597 1189 1835 1222; x_wconf 75' lang='lat' dir='ltr'>recordationis</span> 
     </span>
     <span class='ocr_line' id='line_1_72' title="bbox 1097 1236 1834 1281; baseline 0.009 -14"><span class='ocrx_word' id='word_1_384' title='bbox 1097 1236 1143 1268; x_wconf 85' lang='lat' dir='ltr'>Pii</span> <span class='ocrx_word' id='word_1_385' title='bbox 1169 1236 1273 1279; x_wconf 79' lang='lat' dir='ltr'>Papae</span> <span class='ocrx_word' id='word_1_386' title='bbox 1299 1237 1334 1269; x_wconf 61' lang='lat' dir='ltr'>ti*</span> <span class='ocrx_word' id='word_1_387' title='bbox 1366 1239 1627 1281; x_wconf 77' lang='lat' dir='ltr'>praedecessoris</span> <span class='ocrx_word' id='word_1_388' title='bbox 1661 1242 1764 1273; x_wconf 86' lang='lat' dir='ltr'>nostri</span> <span class='ocrx_word' id='word_1_389' title='bbox 1795 1243 1834 1275; x_wconf 90' lang='lat' dir='ltr'>de</span> 
     </span>
     <span class='ocr_line' id='line_1_73' title="bbox 1097 1289 1833 1336; baseline 0.011 -16"><span class='ocrx_word' id='word_1_390' title='bbox 1097 1289 1209 1330; x_wconf 66' lang='lat' dir='ltr'>gratiis</span> <span class='ocrx_word' id='word_1_391' title='bbox 1250 1290 1407 1323; x_wconf 85' lang='lat' dir='ltr'>interesse</span> <span class='ocrx_word' id='word_1_392' title='bbox 1447 1302 1594 1325; x_wconf 73' lang='lat' dir='ltr'>camerae</span> <span class='ocrx_word' id='word_1_393' title='bbox 1635 1294 1833 1336; x_wconf 79' lang='lat' dir='ltr'>apostolicae</span> 
     </span>
     <span class='ocr_line' id='line_1_74' title="bbox 1097 1343 1836 1385; baseline 0.009 -12"><span class='ocrx_word' id='word_1_394' title='bbox 1097 1343 1343 1385; x_wconf 84' lang='lat' dir='ltr'>quomodolibet</span> <span class='ocrx_word' id='word_1_395' title='bbox 1368 1347 1642 1379; x_wconf 78' lang='lat' dir='ltr'>concernentibus</span> <span class='ocrx_word' id='word_1_396' title='bbox 1667 1347 1699 1379; x_wconf 93' lang='lat' dir='ltr'>in</span> <span class='ocrx_word' id='word_1_397' title='bbox 1725 1349 1836 1380; x_wconf 61' lang='lat' dir='ltr'>eadem</span> 
     </span>
     <span class='ocr_line' id='line_1_75' title="bbox 1097 1396 1840 1443; baseline 0.009 -16"><span class='ocrx_word' id='word_1_398' title='bbox 1097 1398 1222 1429; x_wconf 61' lang='lat' dir='ltr'>camera</span> <span class='ocrx_word' id='word_1_399' title='bbox 1252 1396 1334 1429; x_wconf 79' lang='lat' dir='ltr'>infra</span> <span class='ocrx_word' id='word_1_400' title='bbox 1370 1403 1494 1430; x_wconf 84' lang='lat' dir='ltr'>certum</span> <span class='ocrx_word' id='word_1_401' title='bbox 1530 1399 1610 1432; x_wconf 88' lang='lat' dir='ltr'>inibi</span> <span class='ocrx_word' id='word_1_402' title='bbox 1646 1410 1840 1443; x_wconf 80' lang='lat' dir='ltr'>expressum</span> 
     </span>
     <span class='ocr_line' id='line_1_76' title="bbox 1096 1449 1836 1495; baseline 0.009 -16"><span class='ocrx_word' id='word_1_403' title='bbox 1096 1454 1226 1491; x_wconf 80' lang='lat' dir='ltr'>tempus</span> <span class='ocrx_word' id='word_1_404' title='bbox 1251 1449 1485 1491; x_wconf 81' lang='lat' dir='ltr'>registrandis,</span> <span class='ocrx_word' id='word_1_405' title='bbox 1514 1452 1647 1495; x_wconf 71' lang='lat' dir='ltr'>aliisque</span> <span class='ocrx_word' id='word_1_406' title='bbox 1679 1454 1836 1486; x_wconf 86' lang='lat' dir='ltr'>constitu-</span> 
     </span>
     <span class='ocr_line' id='line_1_77' title="bbox 1097 1502 1833 1549; baseline 0.008 -16"><span class='ocrx_word' id='word_1_407' title='bbox 1097 1502 1240 1534; x_wconf 87' lang='lat' dir='ltr'>tionibus</span> <span class='ocrx_word' id='word_1_408' title='bbox 1273 1508 1304 1535; x_wconf 86' lang='lat' dir='ltr'>et</span> <span class='ocrx_word' id='word_1_409' title='bbox 1340 1504 1603 1539; x_wconf 87' lang='lat' dir='ltr'>ordinationibus</span> <span class='ocrx_word' id='word_1_410' title='bbox 1636 1506 1833 1549; x_wconf 77' lang='lat' dir='ltr'>apostolicis,</span> 
     </span>
     <span class='ocr_line' id='line_1_78' title="bbox 1097 1555 1836 1601; baseline 0.007 -14"><span class='ocrx_word' id='word_1_411' title='bbox 1097 1555 1190 1588; x_wconf 82' lang='lat' dir='ltr'>etiam</span> <span class='ocrx_word' id='word_1_412' title='bbox 1210 1555 1241 1587; x_wconf 90' lang='lat' dir='ltr'>in</span> <span class='ocrx_word' id='word_1_413' title='bbox 1259 1556 1474 1597; x_wconf 79' lang='lat' dir='ltr'>sinodalibus,</span> <span class='ocrx_word' id='word_1_414' title='bbox 1490 1558 1751 1601; x_wconf 77' lang='lat' dir='ltr'>provincialibus,</span> <span class='ocrx_word' id='word_1_415' title='bbox 1766 1560 1836 1592; x_wconf 88' lang='lat' dir='ltr'>uni-</span> 
     </span>
     <span class='ocr_line' id='line_1_79' title="bbox 1095 1608 1833 1651; baseline 0.008 -12"><span class='ocrx_word' id='word_1_416' title='bbox 1095 1608 1271 1640; x_wconf 76' lang='lat' dir='ltr'>versalibus</span> <span class='ocrx_word' id='word_1_417' title='bbox 1288 1614 1320 1641; x_wconf 90' lang='lat' dir='ltr'>et</span> <span class='ocrx_word' id='word_1_418' title='bbox 1344 1609 1551 1651; x_wconf 79' lang='lat' dir='ltr'>generalibus</span> <span class='ocrx_word' id='word_1_419' title='bbox 1577 1612 1722 1644; x_wconf 87' lang='lat' dir='ltr'>conciliis</span> <span class='ocrx_word' id='word_1_420' title='bbox 1739 1612 1833 1645; x_wconf 90' lang='lat' dir='ltr'>editis</span> 
     </span>
     <span class='ocr_line' id='line_1_80' title="bbox 1096 1661 1832 1707; baseline 0.007 -14"><span class='ocrx_word' id='word_1_421' title='bbox 1096 1666 1127 1693; x_wconf 89' lang='lat' dir='ltr'>et</span> <span class='ocrx_word' id='word_1_422' title='bbox 1151 1661 1297 1699; x_wconf 87' lang='lat' dir='ltr'>edendis,</span> <span class='ocrx_word' id='word_1_423' title='bbox 1320 1662 1515 1705; x_wconf 82' lang='lat' dir='ltr'>specialibus</span> <span class='ocrx_word' id='word_1_424' title='bbox 1540 1665 1590 1697; x_wconf 88' lang='lat' dir='ltr'>vel</span> <span class='ocrx_word' id='word_1_425' title='bbox 1615 1665 1832 1707; x_wconf 83' lang='lat' dir='ltr'>generalibus,</span> 
     </span>
     <span class='ocr_line' id='line_1_81' title="bbox 1096 1714 1832 1759; baseline 0.008 -14"><span class='ocrx_word' id='word_1_426' title='bbox 1096 1714 1155 1746; x_wconf 91' lang='lat' dir='ltr'>sub</span> <span class='ocrx_word' id='word_1_427' title='bbox 1180 1715 1438 1758; x_wconf 84' lang='lat' dir='ltr'>quibuscumque</span> <span class='ocrx_word' id='word_1_428' title='bbox 1464 1717 1629 1750; x_wconf 86' lang='lat' dir='ltr'>tenoribus</span> <span class='ocrx_word' id='word_1_429' title='bbox 1655 1723 1686 1750; x_wconf 90' lang='lat' dir='ltr'>et</span> <span class='ocrx_word' id='word_1_430' title='bbox 1706 1718 1832 1759; x_wconf 78' lang='lat' dir='ltr'>formis,</span> 
     </span>
     <span class='ocr_line' id='line_1_82' title="bbox 1096 1768 1834 1812; baseline 0.007 -14"><span class='ocrx_word' id='word_1_431' title='bbox 1096 1777 1132 1799; x_wconf 83' lang='lat' dir='ltr'>ac</span> <span class='ocrx_word' id='word_1_432' title='bbox 1149 1777 1219 1799; x_wconf 90' lang='lat' dir='ltr'>cum</span> <span class='ocrx_word' id='word_1_433' title='bbox 1244 1768 1407 1810; x_wconf 82' lang='lat' dir='ltr'>quibusvis</span> <span class='ocrx_word' id='word_1_434' title='bbox 1433 1769 1528 1801; x_wconf 83' lang='lat' dir='ltr'>etiam</span> <span class='ocrx_word' id='word_1_435' title='bbox 1553 1770 1834 1812; x_wconf 70' lang='lat' dir='ltr'>dcrogatoriarum</span> 
     </span>
     <span class='ocr_line' id='line_1_83' title="bbox 1097 1819 1835 1864; baseline 0.007 -13"><span class='ocrx_word' id='word_1_436' title='bbox 1097 1819 1320 1862; x_wconf 82' lang='lat' dir='ltr'>derogatoriis,</span> <span class='ocrx_word' id='word_1_437' title='bbox 1333 1821 1468 1864; x_wconf 71' lang='lat' dir='ltr'>aliisque</span> <span class='ocrx_word' id='word_1_438' title='bbox 1483 1822 1611 1855; x_wconf 73' lang='lat' dir='ltr'>efficaci&lt;</span> <span class='ocrx_word' id='word_1_439' title='bbox 1629 1823 1717 1855; x_wconf 85' lang='lat' dir='ltr'>ribus</span> <span class='ocrx_word' id='word_1_440' title='bbox 1731 1824 1835 1856; x_wconf 77' lang='lat' dir='ltr'>effica-</span> 
     </span>
     <span class='ocr_line' id='line_1_84' title="bbox 1096 1872 1835 1916; baseline 0.007 -12"><span class='ocrx_word' id='word_1_441' title='bbox 1096 1872 1231 1905; x_wconf 87' lang='lat' dir='ltr'>cissimis</span> <span class='ocrx_word' id='word_1_442' title='bbox 1250 1878 1281 1905; x_wconf 89' lang='lat' dir='ltr'>et</span> <span class='ocrx_word' id='word_1_443' title='bbox 1300 1873 1438 1906; x_wconf 85' lang='lat' dir='ltr'>insolitis</span> <span class='ocrx_word' id='word_1_444' title='bbox 1459 1875 1619 1916; x_wconf 82' lang='lat' dir='ltr'>clausulis,</span> <span class='ocrx_word' id='word_1_445' title='bbox 1645 1886 1681 1908; x_wconf 80' lang='lat' dir='ltr'>ae</span> <span class='ocrx_word' id='word_1_446' title='bbox 1706 1876 1835 1909; x_wconf 82' lang='lat' dir='ltr'>irritan-</span> 
     </span>
     <span class='ocr_line' id='line_1_85' title="bbox 1097 1926 1833 1971; baseline 0.008 -14"><span class='ocrx_word' id='word_1_447' title='bbox 1097 1927 1179 1959; x_wconf 89' lang='lat' dir='ltr'>tibus</span> <span class='ocrx_word' id='word_1_448' title='bbox 1204 1932 1236 1959; x_wconf 88' lang='lat' dir='ltr'>et</span> <span class='ocrx_word' id='word_1_449' title='bbox 1260 1926 1329 1959; x_wconf 87' lang='lat' dir='ltr'>aliis</span> <span class='ocrx_word' id='word_1_450' title='bbox 1356 1928 1502 1967; x_wconf 86' lang='lat' dir='ltr'>decretis,</span> <span class='ocrx_word' id='word_1_451' title='bbox 1524 1929 1556 1960; x_wconf 90' lang='lat' dir='ltr'>in</span> <span class='ocrx_word' id='word_1_452' title='bbox 1583 1940 1702 1971; x_wconf 74' lang='lat' dir='ltr'>genere</span> <span class='ocrx_word' id='word_1_453' title='bbox 1726 1932 1775 1963; x_wconf 79' lang='lat' dir='ltr'>vel</span> <span class='ocrx_word' id='word_1_454' title='bbox 1800 1931 1833 1963; x_wconf 92' lang='lat' dir='ltr'>in</span> 
     </span>
     <span class='ocr_line' id='line_1_86' title="bbox 1096 1979 1834 2023; baseline 0.007 -12"><span class='ocrx_word' id='word_1_455' title='bbox 1096 1979 1223 2023; x_wconf 74' lang='lat' dir='ltr'>specie„</span> <span class='ocrx_word' id='word_1_456' title='bbox 1238 1980 1333 2012; x_wconf 83' lang='lat' dir='ltr'>etiam</span> <span class='ocrx_word' id='word_1_457' title='bbox 1351 1981 1474 2013; x_wconf 79' lang='lat' dir='ltr'>iteratis</span> <span class='ocrx_word' id='word_1_458' title='bbox 1496 1981 1628 2021; x_wconf 72' lang='lat' dir='ltr'>vicibus,</span> <span class='ocrx_word' id='word_1_459' title='bbox 1645 1983 1740 2015; x_wconf 79' lang='lat' dir='ltr'>etium</span> <span class='ocrx_word' id='word_1_460' title='bbox 1758 1994 1834 2016; x_wconf 91' lang='lat' dir='ltr'>con-</span> 
     </span>
     <span class='ocr_line' id='line_1_87' title="bbox 1098 2032 1833 2078; baseline 0.005 -14"><span class='ocrx_word' id='word_1_461' title='bbox 1098 2038 1145 2065; x_wconf 87' lang='lat' dir='ltr'>tra</span> <span class='ocrx_word' id='word_1_462' title='bbox 1165 2032 1283 2064; x_wconf 81' lang='lat' dir='ltr'>similia</span> <span class='ocrx_word' id='word_1_463' title='bbox 1303 2032 1334 2065; x_wconf 91' lang='lat' dir='ltr'>in</span> <span class='ocrx_word' id='word_1_464' title='bbox 1353 2034 1550 2066; x_wconf 79' lang='lat' dir='ltr'>contrarium</span> <span class='ocrx_word' id='word_1_465' title='bbox 1578 2036 1833 2078; x_wconf 84' lang='lat' dir='ltr'>praemissorum</span> 
     </span>
     <span class='ocr_line' id='line_1_88' title="bbox 1097 2086 1831 2130; baseline 0.005 -13"><span class='ocrx_word' id='word_1_466' title='bbox 1097 2086 1210 2129; x_wconf 85' lang='lat' dir='ltr'>quovis</span> <span class='ocrx_word' id='word_1_467' title='bbox 1235 2087 1333 2118; x_wconf 85' lang='lat' dir='ltr'>modo</span> <span class='ocrx_word' id='word_1_468' title='bbox 1356 2092 1387 2118; x_wconf 87' lang='lat' dir='ltr'>et</span> <span class='ocrx_word' id='word_1_469' title='bbox 1405 2088 1648 2130; x_wconf 87' lang='lat' dir='ltr'>quomodolibet</span> <span class='ocrx_word' id='word_1_470' title='bbox 1672 2089 1831 2121; x_wconf 78' lang='lat' dir='ltr'>concessis</span> 
     </span>
     <span class='ocr_line' id='line_1_89' title="bbox 1097 2139 1830 2184; baseline 0.007 -14"><span class='ocrx_word' id='word_1_471' title='bbox 1097 2144 1128 2170; x_wconf 88' lang='lat' dir='ltr'>et</span> <span class='ocrx_word' id='word_1_472' title='bbox 1144 2139 1321 2178; x_wconf 73' lang='lat' dir='ltr'>innovatis&#39;,</span> <span class='ocrx_word' id='word_1_473' title='bbox 1337 2139 1453 2182; x_wconf 86' lang='lat' dir='ltr'>quibus</span> <span class='ocrx_word' id='word_1_474' title='bbox 1471 2141 1621 2173; x_wconf 83' lang='lat' dir='ltr'>omnibus</span> <span class='ocrx_word' id='word_1_475' title='bbox 1638 2147 1669 2173; x_wconf 87' lang='lat' dir='ltr'>et</span> <span class='ocrx_word' id='word_1_476' title='bbox 1687 2142 1830 2184; x_wconf 70' lang='lat' dir='ltr'>singulis,</span> 
     </span>
     <span class='ocr_line' id='line_1_90' title="bbox 1097 2191 1832 2236; baseline 0.005 -13"><span class='ocrx_word' id='word_1_477' title='bbox 1097 2191 1218 2223; x_wconf 78' lang='lat' dir='ltr'>etiamsi</span> <span class='ocrx_word' id='word_1_478' title='bbox 1234 2192 1272 2224; x_wconf 89' lang='lat' dir='ltr'>de</span> <span class='ocrx_word' id='word_1_479' title='bbox 1294 2191 1357 2224; x_wconf 87' lang='lat' dir='ltr'>illis</span> <span class='ocrx_word' id='word_1_480' title='bbox 1372 2203 1548 2236; x_wconf 85' lang='lat' dir='ltr'>eorumque</span> <span class='ocrx_word' id='word_1_481' title='bbox 1572 2195 1645 2226; x_wconf 85' lang='lat' dir='ltr'>totis</span> <span class='ocrx_word' id='word_1_482' title='bbox 1667 2195 1832 2228; x_wconf 83' lang='lat' dir='ltr'>tenoribus</span> 
     </span>
     <span class='ocr_line' id='line_1_91' title="bbox 1097 2244 1831 2288; baseline 0.008 -13"><span class='ocrx_word' id='word_1_483' title='bbox 1097 2244 1254 2287; x_wconf 83' lang='lat' dir='ltr'>specialis,</span> <span class='ocrx_word' id='word_1_484' title='bbox 1270 2245 1429 2288; x_wconf 73' lang='lat' dir='ltr'>specifica,</span> <span class='ocrx_word' id='word_1_485' title='bbox 1445 2256 1598 2288; x_wconf 72' lang='lat' dir='ltr'>expressa</span> <span class='ocrx_word' id='word_1_486' title='bbox 1612 2252 1644 2279; x_wconf 88' lang='lat' dir='ltr'>et</span> <span class='ocrx_word' id='word_1_487' title='bbox 1656 2247 1831 2288; x_wconf 81' lang='lat' dir='ltr'>individua,</span> 
     </span>
    </p>
   </div>
   <div class='ocr_carea' id='block_1_12' title="bbox 1073 2297 1833 2550">
    <p class='ocr_par' dir='ltr' id='par_1_12' title="bbox 1073 2297 1833 2550">
     <span class='ocr_line' id='line_1_92' title="bbox 1073 2297 1832 2344; baseline 0.005 -15"><span class='ocrx_word' id='word_1_488' title='bbox 1073 2333 1075 2339; x_wconf 35' lang='lat'><strong><em>¹</em></strong></span> <span class='ocrx_word' id='word_1_489' title='bbox 1097 2308 1132 2329; x_wconf 85' lang='lat' dir='ltr'>ac</span> <span class='ocrx_word' id='word_1_490' title='bbox 1150 2297 1188 2329; x_wconf 91' lang='lat' dir='ltr'>de</span> <span class='ocrx_word' id='word_1_491' title='bbox 1207 2297 1304 2329; x_wconf 80' lang='lat' dir='ltr'>verbo</span> <span class='ocrx_word' id='word_1_492' title='bbox 1330 2298 1367 2330; x_wconf 87' lang='lat' dir='ltr'>ad</span> <span class='ocrx_word' id='word_1_493' title='bbox 1395 2298 1537 2338; x_wconf 82' lang='lat' dir='ltr'>verbum,</span> <span class='ocrx_word' id='word_1_494' title='bbox 1558 2310 1622 2331; x_wconf 81' lang='lat' dir='ltr'>non</span> <span class='ocrx_word' id='word_1_495' title='bbox 1644 2305 1749 2332; x_wconf 84' lang='lat' dir='ltr'>autem</span> <span class='ocrx_word' id='word_1_496' title='bbox 1774 2310 1832 2344; x_wconf 82' lang='lat' dir='ltr'>per</span> 
     </span>
     <span class='ocr_line' id='line_1_93' title="bbox 1074 2343 1829 2395; baseline 0.007 -14"><span class='ocrx_word' id='word_1_497' title='bbox 1074 2343 1254 2395; x_wconf 50' lang='lat' dir='ltr'>{clausulas</span> <span class='ocrx_word' id='word_1_498' title='bbox 1291 2352 1460 2392; x_wconf 71' lang='lat' dir='ltr'>generales</span> <span class='ocrx_word' id='word_1_499' title='bbox 1486 2351 1571 2384; x_wconf 84' lang='lat' dir='ltr'>idem</span> <span class='ocrx_word' id='word_1_500' title='bbox 1605 2353 1829 2395; x_wconf 58' lang='lat' dir='ltr'>imponantes,</span> 
     </span>
     <span class='ocr_line' id='line_1_94' title="bbox 1073 2401 1833 2448; baseline 0.007 -14"><span class='ocrx_word' id='word_1_501' title='bbox 1073 2401 1217 2440; x_wconf 71' lang='lat' dir='ltr'>{mentio</span> <span class='ocrx_word' id='word_1_502' title='bbox 1251 2414 1308 2436; x_wconf 84' lang='lat' dir='ltr'>seu</span> <span class='ocrx_word' id='word_1_503' title='bbox 1341 2404 1469 2446; x_wconf 75' lang='lat' dir='ltr'>quaevis</span> <span class='ocrx_word' id='word_1_504' title='bbox 1501 2405 1561 2437; x_wconf 75' lang='lat' dir='ltr'>alia</span> <span class='ocrx_word' id='word_1_505' title='bbox 1586 2406 1751 2448; x_wconf 60' lang='lat' dir='ltr'>expressio</span> <span class='ocrx_word' id='word_1_506' title='bbox 1778 2407 1833 2439; x_wconf 84' lang='lat' dir='ltr'>ba-</span> 
     </span>
     <span class='ocr_line' id='line_1_95' title="bbox 1073 2451 1833 2501; baseline 0.005 -13"><span class='ocrx_word' id='word_1_507' title='bbox 1073 2451 1202 2488; x_wconf 66' lang='lat' dir='ltr'>fbenda</span> <span class='ocrx_word' id='word_1_508' title='bbox 1234 2461 1287 2488; x_wconf 87' lang='lat' dir='ltr'>aut</span> <span class='ocrx_word' id='word_1_509' title='bbox 1311 2456 1418 2498; x_wconf 85' lang='lat' dir='ltr'>aliqua</span> <span class='ocrx_word' id='word_1_510' title='bbox 1446 2458 1509 2490; x_wconf 81' lang='lat' dir='ltr'>alia</span> <span class='ocrx_word' id='word_1_511' title='bbox 1540 2457 1696 2501; x_wconf 70' lang='lat' dir='ltr'>exquisita</span> <span class='ocrx_word' id='word_1_512' title='bbox 1730 2460 1833 2493; x_wconf 78' lang='lat' dir='ltr'>forma</span> 
     </span>
     <span class='ocr_line' id='line_1_96' title="bbox 1073 2507 1828 2550; baseline 0.005 -9"><span class='ocrx_word' id='word_1_513' title='bbox 1073 2507 1075 2515; x_wconf 67' lang='lat'><em>&#39;</em></span> <span class='ocrx_word' id='word_1_514' title='bbox 1096 2510 1134 2541; x_wconf 77' lang='lat' dir='ltr'>ad</span> <span class='ocrx_word' id='word_1_515' title='bbox 1160 2509 1222 2541; x_wconf 90' lang='lat' dir='ltr'>boc</span> <span class='ocrx_word' id='word_1_516' title='bbox 1247 2510 1405 2542; x_wconf 81' lang='lat' dir='ltr'>servanda</span> <span class='ocrx_word' id='word_1_517' title='bbox 1430 2510 1531 2550; x_wconf 83' lang='lat' dir='ltr'>soret,</span> <span class='ocrx_word' id='word_1_518' title='bbox 1559 2517 1688 2544; x_wconf 89' lang='lat' dir='ltr'>tenores</span> <span class='ocrx_word' id='word_1_519' title='bbox 1714 2513 1828 2545; x_wconf 84' lang='lat' dir='ltr'>buius-</span> 
     </span>
    </p>
   </div>
   <div class='ocr_carea' id='block_1_13' title="bbox 1094 2561 1831 2657">
    <p class='ocr_par' dir='ltr' id='par_1_13' title="bbox 1094 2561 1831 2657">
     <span class='ocr_line' id='line_1_97' title="bbox 1094 2561 1828 2606; baseline 0.007 -13"><span class='ocrx_word' id='word_1_520' title='bbox 1094 2561 1193 2600; x_wconf 88' lang='lat' dir='ltr'>modi,</span> <span class='ocrx_word' id='word_1_521' title='bbox 1219 2572 1254 2593; x_wconf 81' lang='lat' dir='ltr'>ac</span> <span class='ocrx_word' id='word_1_522' title='bbox 1280 2562 1304 2594; x_wconf 92' lang='lat' dir='ltr'>si</span> <span class='ocrx_word' id='word_1_523' title='bbox 1331 2562 1370 2594; x_wconf 84' lang='lat' dir='ltr'>de</span> <span class='ocrx_word' id='word_1_524' title='bbox 1392 2563 1490 2596; x_wconf 75' lang='lat' dir='ltr'>verbo</span> <span class='ocrx_word' id='word_1_525' title='bbox 1516 2564 1554 2596; x_wconf 77' lang='lat' dir='ltr'>ad</span> <span class='ocrx_word' id='word_1_526' title='bbox 1578 2565 1720 2606; x_wconf 85' lang='lat' dir='ltr'>verbum,</span> <span class='ocrx_word' id='word_1_527' title='bbox 1747 2566 1828 2598; x_wconf 85' lang='lat' dir='ltr'>nibil</span> 
     </span>
     <span class='ocr_line' id='line_1_98' title="bbox 1094 2613 1831 2657; baseline 0.009 -13"><span class='ocrx_word' id='word_1_528' title='bbox 1094 2613 1223 2657; x_wconf 82' lang='lat' dir='ltr'>penitus</span> <span class='ocrx_word' id='word_1_529' title='bbox 1250 2614 1382 2655; x_wconf 85' lang='lat' dir='ltr'>omisso,</span> <span class='ocrx_word' id='word_1_530' title='bbox 1400 2620 1431 2648; x_wconf 88' lang='lat' dir='ltr'>et</span> <span class='ocrx_word' id='word_1_531' title='bbox 1448 2616 1549 2649; x_wconf 74' lang='lat' dir='ltr'>forma</span> <span class='ocrx_word' id='word_1_532' title='bbox 1570 2617 1600 2649; x_wconf 88' lang='lat' dir='ltr'>in</span> <span class='ocrx_word' id='word_1_533' title='bbox 1627 2617 1690 2650; x_wconf 87' lang='lat' dir='ltr'>illis</span> <span class='ocrx_word' id='word_1_534' title='bbox 1716 2619 1831 2653; x_wconf 71' lang='lat' dir='ltr'>tradita</span> 
     </span>
    </p>
   </div>
   <div class='ocr_carea' id='block_1_14' title="bbox 1743 229 2039 272">
    <p class='ocr_par' dir='ltr' id='par_1_14' title="bbox 1743 229 2039 272">
     <span class='ocr_line' id='line_1_99' title="bbox 1743 229 2039 272; baseline 0.017 -9"><span class='ocrx_word' id='word_1_535' title='bbox 1743 229 1807 263; x_wconf 81' lang='lat'>797</span> <span class='ocrx_word' id='word_1_536' title='bbox 1851 241 1904 270; x_wconf 75' lang='lat' dir='ltr'>Au.</span> <span class='ocrx_word' id='word_1_537' title='bbox 1922 242 1948 270; x_wconf 73' lang='lat' dir='ltr'>c.</span> <span class='ocrx_word' id='word_1_538' title='bbox 1976 245 2039 272; x_wconf 65' lang='lat' dir='ltr'>uso</span> 
     </span>
    </p>
   </div>
  </div>
 </body>
</html>
