2247 3208
193 237 380 267 An.c.1662
425 226 466 260 58

389 288 516 318 mature
542 282 731 318 decernant,
753 279 905 315 statuant,
932 273 1121 317 servarique

388 334 606 381 praecipiant.

433 389 564 427 Romae,
582 385 633 418 die
657 393 715 418 v111
732 380 853 415 mensis
878 379 954 413 maii
977 388 1120 413 MDCLXH.

678 445 717 480 M.
745 444 834 479 card.
862 442 1032 477 Gnvarrus.

433 514 519 546 Loco
543 513 566 552 -ξ-
590 509 700 553 sigilli.
898 505 903 509 ”

387 576 423 609 Ε.
445 574 617 618 episcopus
643 568 890 608 Camerinensis,
910 567 1120 600 secretarius.

220 669 320 695 aestuant
339 668 374 697 ‹af-
432 654 497 687 Nos
522 662 612 692 vero,
638 661 674 684 re
706 653 833 682 mature
865 648 1049 691 perpensa,
1075 645 1124 678 in-

192 695 375 748 sssfiiss'ubmiitstdo']
390 709 565 741 haerentes
591 702 778 737 auctoritati
801 706 833 734 et
856 699 1003 733 facultati
1028 699 1122 732 nobis

193 754 230 770 ‘¹⁵'
390 769 565 795 concessae
591 769 608 790 a
632 755 802 800 praedicta
826 754 918 787 sacra
944 763 1124 795 congrega-

388 814 479 846 tione
505 811 617 854 vigore
642 807 794 851 rescripti
819 805 1037 850 praeinserti,
1062 815 1123 848 pro

390 865 572 899 directione
598 862 746 896 eiusdem
766 864 947 894 conventus
973 862 1006 891 et
1027 868 1124 901 regu-

388 919 467 953 laris
486 917 677 961 disciplinae
699 915 732 948 in
751 920 789 947 eo
813 912 1029 946 stabiliendae
1046 921 1124 944 con-

391 971 586 1010 servatione,
608 967 817 1011 infrascripta
842 966 975 999 decreta
996 963 1123 997 sancire

391 1030 423 1058 et
440 1024 650 1069 promulgare
672 1020 873 1060 censuimus,
892 1018 1064 1052 videlicet:

390 1114 521 1147 Statum
545 1114 713 1144 conventus
738 1109 773 1141 in
797 1106 967 1151 provincia
990 1106 1125 1139 romana

432 1176 491 1209 pro
511 1174 631 1197 secessu
653 1167 786 1206 patrum
803 1161 970 1194 Mz'normn
985 1159 1126 1192 strictio-

435 1219 482 1251 ris
506 1216 737 1250 observantiae.

195 1330 199 1332 ,
243 1303 327 1331 sumn
350 1302 377 1323 ab
437 1300 458 1322 1.
479 1288 527 1321 Ad
548 1298 622 1320 eum
644 1295 813 1319 secessum
834 1282 1033 1318 destinatus¹
1052 1293 1129 1316 con-

194 1334 240 1356 ’μ’
259 1330 350 1349 ‘mmm'
392 1347 508 1375 ventus
537 1341 567 1374 S.
594 1340 712 1373 Mariae
728 1366 736 1380 ,
763 1343 799 1371 ut
822 1342 961 1378 vocant,
988 1337 1026 1370 de
1052 1336 1129 1370 Gra-

394 1396 460 1436 tiis,
487 1394 670 1428 Ponticelli.

438 1460 473 1483 11.
500 1449 675 1492 Cupientes
697 1458 735 1480 eo
761 1457 795 1480 se
820 1446 970 1490 recipere
997 1449 1126 1478 tenean-

394 1509 450 1536 tur
473 1502 643 1535 humiliter
674 1506 787 1544 petere
822 1500 892 1533 eius
923 1499 971 1532 rei
996 1499 1131 1532 faculta-

395 1562 461 1589 tem
493 1566 510 1588 a
540 1561 633 1598 patre
657 1554 807 1586 ministro
831 1551 1048 1597 provinciali,
1076 1551 1131 1594 qui

397 1610 478 1642 adeo
503 1608 654 1652 petitioni
680 1607 842 1641 obsistere
868 1617 934 1639 non
958 1605 1065 1650 possit
1096 1610 1133 1637 ut

398 1663 495 1696 etiam
516 1663 631 1695 debeat
654 1661 843 1694 humaniter
860 1660 1046 1702 indulgere,
1069 1659 1131 1691 nisi

397 1715 627 1749 rationabilem
646 1716 765 1747 habeat
782 1713 965 1747 obsistendi
986 1712 1129 1746 causam.

441 1780 489 1803 111.
515 1768 616 1802 Nemo
644 1769 682 1801 ad
708 1768 740 1800 id
766 1767 837 1810 cogi
862 1766 970 1811 possit
994 1770 1049 1798 aut
1073 1765 1133 1798 im-

397 1822 518 1866 pediri,
545 1821 720 1854 dummodo
746 1821 831 1864 patri
863 1820 1043 1863 guardiano
1069 1821 1133 1851 una

399 1887 472 1909 curn
498 1875 647 1908 diseretis
673 1879 748 1918 post
768 1874 907 1917 diligens
929 1883 1065 1906 examen
1088 1873 1133 1905 vi-

399 1930 516 1962 deatur
539 1928 690 1961 idoneus.

443 1993 486 2016 1v.
523 1982 691 2015 Custodiat
723 1981 952 2024 unusquisque
986 1980 1133 2023 regulam

402 2036 472 2068 sine
504 2036 635 2077 glossa,
674 2035 949 2078 quemadmodum
982 2045 999 2066 a
1030 2033 1065 2066 P.
1100 2032 1131 2066 S.

401 2088 575 2122 Francisco
594 2098 664 2120 eam
679 2088 814 2131 accepit,
832 2088 984 2130 vivatque
1002 2086 1036 2118 in
1057 2087 1135 2127 obe-

403 2142 526 2174 dientia
550 2141 651 2184 patris
671 2140 852 2183 guardiam,
875 2140 1085 2184 provincialis
1103 2144 1135 2172 et.

404 2195 613 2238 superiorum
639 2193 854 2236 generalium.

447 2259 476 2281 v.
504 2247 617 2280 Nullus
643 2247 750 2290 possit
774 2247 812 2279 ad
835 2248 1070 2290 praesulatum,
1089 2247 1136 2280 di-

405 2302 574 2344 gnitatem,
593 2301 768 2343 gradumve
794 2300 877 2333 infra
902 2302 952 2333 vel
977 2306 1068 2333 extra
1085 2311 1136 2333 re-

405 2354 560 2396 ligionem
575 2353 734 2396 aspirare,
752 2354 811 2392 vel,
832 2354 954 2385 electus
972 2354 1011 2386 ad
1033 2353 1137 2395 digni-

406 2408 481 2440 tatis
514 2407 655 2450 aliquem
682 2407 816 2448 gradum
840 2412 929 2439 extra
953 2407 1136 2450 praefatum

408 2465 622 2500 conventum,
648 2459 740 2492 illum
766 2459 933 2502 suscipere
959 2460 1028 2492 sine
1061 2470 1137 2492 con-

408 2524 507 2547 sensu
526 2512 695 2556 guardiani
714 2523 750 2545 ac
765 2513 981 2546 discretorum
996 2513 1047 2545 sui
1061 2523 1138 2545 con-

445 2630 454 2657 1
478 2628 572 2655 Potius
592 2628 754 2656 destinatur
774 2626 916 2662 legendum
935 2633 972 2654 ta.
989 2628 1038 2662 τ.).

963 225 1144 250 BULLARIUM
1167 223 1319 248 ROMANUM

1156 277 1284 312 ventus,
1298 271 1324 304 si
1342 281 1434 312 vero,
1446 275 1560 304 contra
1574 282 1671 314 quam
1688 270 1811 304 dictum
1829 276 1891 312 est,

1156 323 1275 368 aliquis
1300 322 1429 364 fuerit¹,
1455 319 1618 367 perpetuo
1637 323 1679 356 sit
1702 324 1742 356 ab
1760 334 1799 357 eo
1817 334 1894 357 con-

1156 382 1256 411 ventu
1281 379 1446 410 exclusus.

1199 441 1243 465 v1.
1270 430 1371 463 Nemo
1392 440 1429 462 ex
1443 429 1508 462 hoc
1525 433 1689 463 conventu
1708 429 1779 463 sine
1797 440 1893 472 guar-

1158 485 1245 517 diani
1271 483 1558 526 discretornmque
1590 492 1754 515 consensu
1785 493 1893 516 remo-

1157 537 1224 570 veri
1249 536 1356 580 possit
1379 537 1504 579 absque
1529 536 1616 568 iusta
1640 537 1759 575 causa,
1784 546 1892 579 neque

1157 596 1276 633 sponte
1313 589 1483 622 discedere
1521 588 1604 621 citra
1638 588 1891 629 necessitatem,

1157 641 1219 673 nisi
1237 645 1314 684 post
1336 651 1485 673 mensem
1503 650 1520 672 a
1538 639 1589 672 die
1612 639 1646 671 in
1667 650 1732 683 quo
1749 639 1894 682 primum

1157 693 1300 727 abeundi
1318 693 1507 726 facultatem
1523 693 1658 736 petierit
1675 704 1693 725 a
1709 691 1892 736 superiore,

1158 751 1194 778 ut
1216 746 1349 779 interim
1374 746 1586 789 experiantur
1611 745 1729 777 fratres
1748 745 1787 778 de
1805 741 1895 788 ipso-

1158 810 1230 832 rum
1248 799 1338 832 socio
1359 810 1400 832 an
1422 799 1637 832 instabilitate
1655 800 1706 832 vel
1731 799 1799 831 ulla
1823 803 1895 831 ten-

1159 852 1283 885 tatione
1310 852 1450 885 ducatur
1473 856 1509 884 ut
1534 851 1661 894 digredi
1678 851 1768 891 velit,
1785 851 1895 884 illum-

1160 917 1222 950 que
1247 906 1313 939 Deo
1339 906 1612 939 commendent·

1202 970 1258 993 vu.
1285 959 1320 992 In
1339 959 1557 1002 guardianuni
1575 958 1717 1001 eligetur
1733 967 1819 991 unus
1837 957 1895 991 ali-

1160 1013 1232 1056 quis
1267 1023 1304 1045 ex
1336 1012 1493 1045 fratribus
1525 1011 1624 1044 huius
1660 1015 1841 1044 conventus
1878 1022 1896 1045 a

1159 1071 1251 1110 patre
1265 1065 1458 1109 provinciali
1475 1076 1549 1098 cum
1567 1063 1765 1104 definitorio,
1781 1063 1897 1097 suffra-

1161 1119 1220 1162 giis
1253 1118 1414 1160 secretis,
1441 1118 1624 1151 secundum
1659 1117 1761 1151 Breve
1792 1117 1895 1150 felicis

1160 1172 1402 1206 recordationis
1427 1171 1549 1205 Urbani
1566 1170 1642 1211 vill,
1661 1171 1896 1214 approbandus

1161 1231 1336 1269 praeterea
1366 1225 1405 1257 ab
1439 1223 1700 1257 eminentissimo
1737 1222 1896 1256 cardinali

1162 1283 1352 1322 protectore
1377 1277 1602 1320 magistroque
1628 1276 1786 1319 generali.

1205 1342 1275 1365 viu.
1298 1332 1445 1364 Fratrem
1463 1331 1634 1364 discedere
1647 1332 1826 1371 volentem,
1846 1331 1898 1363 vel

1164 1382 1334 1429 guardiani
1367 1386 1654 1428 discretorumque
1685 1384 1807 1417 iudicio
1839 1383 1899 1416 mi-

1163 1439 1250 1471 nime
1265 1438 1433 1479 idoneum,
1452 1437 1637 1481 inquietum
1654 1437 1806 1480 velpacis
1823 1447 1900 1480 per-

1165 1493 1387 1532 turbatorem,
1413 1496 1524 1536 patres
1548 1491 1678 1534 possint
1706 1491 1746 1523 ad
1771 1495 1900 1533 patrem

1164 1545 1400 1590 provincialem
1424 1545 1569 1585 mittere,
1596 1544 1692 1587 eique
1717 1543 1839 1576 instare
1865 1554 1900 1577 0-

1165 1604 1274 1633 rantes
1288 1604 1323 1631 ut
1345 1610 1361 1632 a
1379 1599 1509 1642 saepius
1532 1602 1714 1631 memorato
1736 1601 1899 1630 conventu

1166 1663 1239 1686 euin
1254 1656 1414 1692 amoveat,
1430 1651 1596 1694 aliumque
1613 1651 1653 1684 ad
1670 1652 1781 1684 locum
1794 1655 1900 1683 trans-

1166 1707 1264 1747 ferat;
1285 1705 1340 1749 qui
1356 1704 1566 1749 provincialis
1584 1714 1645 1747 pro
1663 1705 1722 1736 sua
1739 1704 1900 1736 charitate

1165 1759 1349 1804 provideat,
1371 1762 1402 1792 et
1419 1757 1609 1802 petentibus
1627 1757 1817 1798 satisfaciat,
1836 1756 1900 1790 nisi

1166 1814 1274 1847 eidem
1309 1823 1405 1846 secus
1440 1812 1591 1846 videatur
1636 1822 1673 1845 ex
1712 1809 1901 1844 rationabili

1167 1869 1275 1901 causa.

1209 1933 1251 1956 lx.
1279 1921 1396 1955 Caveat
1413 1919 1643 1963 unusquisque
1660 1928 1702 1951 ne
1722 1918 1756 1951 in
1777 1927 1903 1951 sermo-

1167 1976 1274 2016 nibus,
1288 1980 1359 2007 tum
1376 1973 1531 2018 publicis,
1546 1978 1617 2005 tum
1634 1971 1780 2016 privatis,
1798 1981 1833 2003 se
1850 1971 1903 2003 vel

1168 2028 1248 2062 alios
1274 2028 1392 2060 fratres
1416 2026 1514 2060 huius
1541 2030 1722 2059 conventus
1737 2023 1904 2067 praeferat

1168 2082 1287 2116 ceteris
1312 2081 1346 2114 in
1370 2081 1549 2125 probitate,
1568 2078 1786 2122 perfectione,
1805 2087 1904 2118 regu-

1168 2137 1285 2180 laeque
1310 2133 1471 2173 custodia,
1498 2142 1604 2176 eoque
1623 2131 1774 2164 detrahat
1794 2128 1905 2173 proxi-

1168 2200 1221 2223 mo
1247 2199 1320 2229 suo,
1341 2188 1399 2221 sed
1424 2196 1522 2229 agere
1548 2190 1643 2218 curet
1666 2184 1699 2216 id
1725 2183 1813 2226 quod
1838 2181 1905 2224 agit

1169 2241 1339 2275 humiliter
1358 2240 1496 2273 vivendo
1515 2244 1547 2272 et
1563 2237 1723 2271 servando
1745 2236 1905 2268 unitatem

1169 2295 1305 2339 spiritus
1325 2294 1359 2327 in
1383 2293 1513 2326 vinculo
1530 2291 1637 2335 pacis3
1664 2288 1906 2333 praevaricato-

1169 2359 1223 2382 res
1249 2357 1326 2380 vero
1353 2346 1500 2379 severius
1526 2345 1720 2388 puniantur.

1212 2412 1242 2435 x.
1270 2401 1380 2434 Liceat
1412 2399 1592 2442 guardiano
1623 2397 1810 2439 ceterisque
1842 2395 1906 2427 sra-

1171 2455 1276 2489 tribus
1294 2454 1393 2487 huius
1408 2458 1588 2486 conventus
1603 2451 1731 2484 sancire
1745 2460 1829 2482 nova
1842 2454 1907 2482 sta-

1171 2511 1240 2542 tuta
1264 2519 1324 2552 pro
1344 2506 1502 2540 strictiori
1520 2505 1648 2555 vivendi
1666 2503 1806 2543 ratione,
1822 2512 1905 2546 quae

1208 2583 1217 2607 1
1242 2580 1351 2607 Videtur
1371 2579 1513 2614 legendum
1533 2585 1620 2604 ausus
1634 2576 1725 2611 fuerit
1741 2574 1781 2601 vel
1795 2573 1905 2610 fecerit,

1172 2631 1217 2654 aut
1237 2626 1325 2652 simile
1345 2631 1384 2658 tn.
1401 2628 1449 2657 T.).

1909 223 1958 249 An.
1979 223 2005 248 C.
2028 222 2092 248 1662
