2247 3208
183 233 231 259 An.
254 233 278 259 c·
302 231 368 259 ¹655
414 220 477 254 [200
949 220 1128 244 0111161111
1154 218 1303 242 1101113111
1883 213 1934 240 An.
1957 211 1986 239 c.
2005 210 2074 238 1665

232 293 362 322 saugonnam
416 280 430 322 g
456 278 486 310 4.
514 276 575 308 'Nos
594 274 702 316 igitur,
721 272 827 315 ipsum
848 268 1017 302 Paciticuin
1035 276 1106 309 spe·
1148 265 1243 297 dultis
1276 269 1306 296 et
1337 263 1450 297 litteris
1480 264 1662 307 apostolicis
1695 264 1727 296 in
1759 268 1884 296 contra-

179 320 361 392 fss'Jii:§2'¹iFl1'issl
373 331 460 363 cialis
486 330 592 361 favore
620 326 739 368 gratiae
764 322 915 367 prosequi
940 322 1102 358 volentes,
1148 316 1229 348 rium
1255 316 1502 359 praemissorum
1536 316 1782 359 quomodolibet
1807 326 1884 349 con-

179 375 221 392 nmt.
254 374 338 391 unlicx.

194 1392 318 1422 voveretuui
338 1399 363 1413 tr·

181 1422 255 1439 [itaut.

257 2176 293 2196 Dei
301 2179 370 2199 unane

188 2205 301 2222 contrario,
309 2208 349 2222 nm.

373 390 403 416 et
427 394 444 415 a
468 379 631 424 quibusvis
657 374 1009 413 excommunicationis,
1035 383 1106 405 sus-

372 433 536 478 pensionis
569 437 600 465 61
624 430 806 468 interdicti,
839 428 971 470 aliisque
1007 426 1107 459 eccle-

372 486 506 520 siasticis
530 483 696 517 sententiis
715 509 722 522 ,
749 480 889 514 censuris
915 485 946 512 et
969 478 1104 522 poenis,

372 552 388 572 a
414 539 480 571 iure
515 538 564 570 vel
589 537 627 569 ab
653 535 795 574 homine,
810 532 918 577 quavis
935 530 1105 564 occasione

371 592 420 624 vel
441 592 538 623 causa
557 589 642 627 latis,
661 588 686 620 si
716 587 830 630 quibus
862 582 1107 628 quomodolibet

372 644 543 677 innodatus
567 641 692 679 existit,
711 640 750 673 ad
786 638 931 672 effectum
957 646 1107 680 praesen-

374 697 451 729 tium
484 696 649 728 dumtaxat
683 691 966 734 consequendum,
992 690 1105 721 harum

372 748 455 781 serie
469 748 674 780 absolventes
700 750 731 778 61
755 744 935 776 absolutum
950 742 1016 774 sore
1034 750 1107 773 cen-

373 806 502 839 sentes,
531 798 711 832 huiusmOdi
737 794 1026 839 supplicationibus
1060 793 1107 824 in-

373 851 491 890 clinati,
509 852 547 884 de
565 854 813 883 memoratorum
830 845 1039 879 cardinalium
1056 854 1107 877 ne-

373 905 469 947 gotiis
495 909 526 936 et
552 901 845 936 consultationibus
878 899 1107 942 episcoporum

374 962 405 989 et
432 956 630 998 regularium
663 953 922 997 praepositoriun
948 948 1081 982 consilio
1097 974 1104 984 ,

373 1010 502 1042 attentis
527 1007 672 1046 narratis,
699 1005 931 1049 prat-insertam
956 1002 1108 1035 determi-

374 1064 536 1096 nationem
563 1061 639 1094 dicti
664 1059 823 1091 Francisci
849 1055 1020 1090 cardinalis
1042 1066 1108 1098 pro-

375 1116 523 1154 tectoris,
557 1114 589 1146 in
613 1113 674 1145 vim
700 1112 819 1144 decreti
849 1108 1108 1152 congregationis

373 1168 560 1202 eorumdem
575 1165 786 1198 cardinalium
800 1168 987 1201 emanatani,
1003 1166 1109 1194 aucto-

374 1221 466 1253 ritate
480 1218 666 1263 apostolica,
686 1223 797 1250 tenore
816 1214 1042 1259 praesentium,
1057 1214 1108 1246 be-

374 1273 470 1315 nigne
484 1271 700 1315 approbamus
715 1274 746 1302 et
759 1267 994 1306 confirmamus,
1005 1277 1108 1299 suum-

375 1336 437 1369 que
462 1325 613 1357 effectum
638 1322 742 1356 sortiri
768 1321 966 1353 mandamus.

418 1379 433 1421 ξ,
457 1377 488 1410 5.
515 1377 737 1410 Decernentes
757 1374 888 1406 easdem
914 1377 1107 1415 praesentes

375 1431 502 1464 litteras
533 1438 665 1471 semper
689 1426 811 1465 firmas,
838 1426 959 1458 validas
986 1430 1018 1456 et
1042 1424 1109 1456 effi-

375 1494 468 1517 caces
502 1482 643 1514 existere
676 1485 708 1512 et
741 1480 835 1518 sore,
863 1488 1006 1520 suosque
1040 1478 1109 1519 ple-

375 1535 486 1568 narios
522 1539 554 1566 et
589 1534 737 1575 integros
775 1531 908 1564 effectus
941 1529 1052 1562 sortiri
1078 1533 1110 1561 et

375 1588 528 1621 obtinere
548 1613 555 1626 ,
582 1597 617 1618 ac
642 1585 726 1623 illis,
754 1584 792 1616 ad
819 1593 900 1626 quos
926 1586 1053 1624 spectat
1078 1585 1109 1612 et

376 1651 436 1684 pro
461 1646 610 1682 tempore
638 1638 906 1681 quandocumque
933 1633 1107 1677 spectabit,

377 1693 570 1737 plenissime
597 1690 780 1733 suffragari,
807 1694 838 1721 et
862 1690 900 1721 ab
926 1688 989 1720 illis
1005 1697 1111 1729 respe-

378 1747 458 1779 ctive
492 1744 719 1777 inviolabiliter
745 1742 920 1781 observari,
948 1740 1060 1782 sicque
1078 1739 1110 1771 in

379 1798 569 1842 praemissis
588 1807 647 1840 per
672 1805 897 1839 quoscumque
916 1793 1040 1826 indices
1060 1802 1111 1824 or-

379 1851 523 1884 dinarios
550 1856 583 1882 et
614 1850 796 1891 delegatos,
824 1847 920 1879 6113111
939 1856 1110 1879 causarum

379 1903 490 1947 palatii
512 1897 685 1945 apostolici
710 1900 891 1939 auditores,
917 1897 1054 1931 iudicari
1082 1902 1113 1930 et

379 1956 507 1990 definiri
534 1955 669 1993 debere,
693 1965 728 1986 ac
754 1953 884 1985 irritum
906 1956 938 1984 et
962 1951 1059 1983 inane
1086 1951 1112 1982 si

379 2019 474 2041 secus
500 2018 601 2051 super
627 2006 677 2039 1115
696 2017 712 2038 3
732 2015 910 2048 quoquam,
927 2003 1039 2046 quavis
1058 2013 1113 2035 au-

380 2060 545 2099 ctoritate,
573 2059 716 2091 scienter
740 2059 790 2090 vel
816 2057 1020 2099 ignoranter,
1037 2065 1114 2088 con-

381 2113 493 2155 tigerit
517 2111 683 2144 attentari.

425 2167 440 2209 §
464 2166 495 2198 [1.
522 2165 589 2198 Non
614 2165 814 2199 obstantibus
832 2162 982 2207 praefatis
996 2161 1114 2194 nostris

383 2218 517 2257 11116115,
543 2218 677 2260 aliisque
702 2217 910 2260 praemissis,
937 2226 973 2248 ac
998 2214 1116 2247 consti-

384 2270 561 2303 tutionibus
583 2276 614 2302 et
638 2269 896 2303 ordinationibus
922 2266 1114 2311 apostolicis,

384 2333 522 2363 necnon,
542 2329 698 2365 qnatenus
716 2333 796 2365 opus
817 2322 866 2362 sit,
883 2322 1019 2361 Ordinis,
1042 2330 1117 2363 pro-

384 2376 518 2415 vinciae,
544 2376 705 2408 custodiae
731 2381 762 2407 et
786 2379 1000 2407 conventuum
1026 2382 1118 2415 prae-

386 2429 540 2467 fatorum,
565 2427 673 2460 aliisve
699 2428 862 2470 quibusvis
880 2454 887 2467 ,
913 2427 1009 2460 etiam
1034 2426 1118 2458 iura-

386 2486 507 2521 mento,
525 2480 765 2513 confirmatione
784 2480 968 2522 apostolica,
982 2479 1030 2511 vel
1045 2488 1120 2520 qua-

386 2535 433 2567 vis
458 2533 615 2565 firmitatis
646 2532 707 2564 3113
736 2532 915 2571 roboratis,
941 2531 1064 2563 statutis
1090 2536 1121 2562 et

1148 369 1260 408 cessis,
1287 368 1484 401 confirmatis
1508 373 1540 400 et
1564 368 1741 408 innovatis;
1763 368 1882 412 quibus

1149 421 1301 454 omnibus
1334 425 1366 453 et
1401 420 1558 462 singulis,
1584 420 1717 453 illorum
1754 427 1882 454 tenores

1148 473 1372 517 praesentibus
1404 483 1462 515 pro
1497 473 1592 515 plene
1624 478 1655 505 61
1686 472 1884 506 sufficienter

1148 526 1306 570 expressis
1331 536 1366 558 ac
1390 526 1429 558 de
1455 525 1552 558 verbo
1570 526 1609 557 ad
1628 525 1760 558 verbum
1783 525 1883 558 inser-

1149 580 1188 611 tis
1214 580 1386 619 habentes,
1412 579 1477 611 illis
1501 578 1580 611 alias
1606 579 1639 610 in
1671 589 1730 611 suo
1761 579 1881 611 robore

1148 631 1384 676 permansuris,
1399 631 1439 664 ad
1453 631 1710 674 praemissorum
1722 629 1882 669 effectum,

1149 685 1209 717 hae
1226 684 1292 717 vice
1314 684 1486 723 dumtaxat,
1513 683 1696 726 specialiter
1713 688 1744 715 et
1760 693 1885 726 expres-

1149 748 1181 770 se
1197 738 1411 780 derogamus,
1426 736 1612 779 ceterisque
1631 735 1804 769 contrariis
1820 735 1887 778 qui—

1151 791 1368 832 buscumque.

1192 842 1306 874 Datum
1324 842 1356 873 in
1375 842 1456 873 Arce
1474 840 1668 883 Gandulplii,
1688 840 1882 873 Albanensis

1151 894 1312 927 dioecesis
1331 921 1338 934 ,
1363 895 1421 926 sub
1453 895 1575 926 annulo
1608 893 1782 926 Piseatoris
1799 920 1806 932 ‚
1833 893 1884 926 die

1150 957 1185 980 111
1204 947 1384 980 novembris
1402 956 1539 985 ninctxv,
1556 946 1763 989 pontificatus
1781 945 1883 978 nostri

1151 1010 1236 1032 anno
1262 1010 1303 1032 111.

1185 1060 1241 1087 Dat.
1264 1060 1307 1087 die
1326 1060 1342 1088 3
1362 1059 1517 1087 novembris
1535 1059 1611 1090 ¹665,
1629 1058 1723 1094 pontis.
1741 1066 1810 1085 anno
1831 1065 1867 1085 xi.

1458 1200 1586 1233 Dxxvt.

1151 1282 1302 1315 Emensio
1320 1286 1347 1314 el
1364 1280 1614 1313 communicatio
1637 1279 1888 1322 privileqiorum

1195 1336 1338 1377 fratrum
1363 1333 1639 1366 Discalccalorum
1663 1332 1700 1364 in
1723 1331 1888 1374 Hispania

1197 1388 1331 1421 Ordinis
1362 1387 1466 1419 sancti
1499 1385 1669 1418 Francisci
1703 1384 1745 1416 ad
1781 1393 1888 1415 omnes

1193 1440 1377 1484 provincias
1401 1439 1676 1471 Discalceatorum
1690 1435 1887 1471 Indstzrum'.

1344 1518 1510 1545 Alexander
1532 1518 1611 1551 Papa
1630 1517 1693 1550 v11‚

1292 1563 1327 1590 ad
1344 1563 1475 1589 futuram
1494 1561 1538 1589 rei
1558 1560 1738 1588 memoriam.

1196 1633 1316 1677 Exponi
1341 1633 1433 1666 nobis
1447 1642 1548 1675 nuper
1566 1632 1712 1664 fecerunt
1729 1631 1836 1664 dilecti
1854 1631 1889 1663 si-

1153 1688 1186 1720 lii
1213 1688 1325 1719 fratres
1359 1685 1595 1729 provinciarum
1627 1684 1660 1716 in
1685 1683 1836 1726 Hispania
1861 1688 1888 1716 et

1154 1740 1251 1772 indiis
1278 1738 1520 1771 consistentium
1542 1736 1670 1770 Ordinis
1689 1737 1821 1769 fratrum
1839 1735 1892 1768 Mi-

1155 1803 1266 1825 noruai
1299 1791 1401 1823 sancti
1438 1789 1598 1822 Francisci
1634 1788 1803 1821 strictioris
1837 1787 1892 1820 ob-

1154 1843 1330 1876 servantiae
1349 1842 1607 1875 Reformatorum
1632 1851 1687 1873 seu
1713 1840 1892 1873 Discalcea-

1156 1903 1259 1930 torum
1284 1900 1555 1938 nuncupatorum,
1571 1894 1657 1936 quod
1682 1893 1802 1926 dudum
1823 1892 1893 1925 seli-

1156 1949 1200 1982 cis
1232 1947 1469 1982 recordationis
1506 1946 1681 1989 Gregorius
1719 1946 1803 1988 Papa
1827 1944 1893 1977 Xlll

1157 2002 1388 2044 praedeeessor
1423 2005 1534 2032 noster
1570 1998 1697 2031 diversa
1723 1996 1892 2040 privilegia

1158 2055 1310 2087 tratribus
1329 2051 1510 2085 reformatis
1534 2050 1775 2094 provinciarum
1792 2049 1823 2082 S.
1847 2049 1893 2081 Io-

1157 2107 1248 2149 sephi
1274 2111 1306 2138 et
1329 2105 1360 2138 S.
1388 2104 1517 2137 loannis
1542 2103 1703 2146 Baptistae
1728 2101 1893 2144 1111115113-

1158 2159 1211 2191 nia
1236 2157 1488 2191 consistentibus
1526 2154 1695 2187 strictioris
1719 2154 1894 2186 observan-

1159 2212 1221 2245 tiae
1247 2209 1434 2243 liuiusmodi
1461 2208 1631 2247 concessit,
1649 2217 1730 2249 quae
1748 2215 1894 2249 praeser-

1159 2265 1214 2296 tim
1239 2268 1388 2305 respectu
1414 2262 1548 2293 fratrum
1574 2260 1612 2292 de
1637 2257 1847 2291 Observantia
1877 2268 1894 2290 a

1160 2316 1351 2349 recolendae
1376 2313 1553 2347 memoriae
1579 2312 1744 2346 Clemente
1769 2310 1832 2343 Vlll
1863 2314 1895 2342 et

1161 2369 1289 2402 Urbano
1306 2367 1369 2400 t'ltl
1388 2366 1541 2400 Romanis
1568 2364 1775 2398 Pontificibus
1801 2372 1891 2406 praer

1162 2421 1386 2455 decessoribus
1415 2419 1535 2463 pariter
1564 2417 1682 2451 nostris
1708 2416 1896 2450 confirmata

1161 2475 1301 2507 suerunt.

1198 2547 1209 2570 1
1233 2544 1297 2570 Vide
1317 2543 1349 2570 ad
1369 2542 1481 2570 Constit.
1503 2548 1602 2568 ncccxx
1620 2539 1718 2567 Urbani
1737 2538 1804 2572 Vlll,
1821 2537 1895 2564 Cum

388 2585 686 2626 consuetudinibus,
711 2584 885 2627 privilegiis
911 2594 1047 2626 quoque,
1073 2583 1122 2614 in-
1140 2600 1144 2626 ι
1162 2590 1245 2623 sicut,
1265 2592 1330 2615 toni.
1352 2593 1395 2620 xv,
1417 2594 1478 2621 pag.
1500 2585 1560 2612 313.

1926 1635 2044 1662 Εψοείιίο.
