2247 3208
126 216 176 241 An.

203 214 222 241 Σ.
244 212 313 241 1664

918 213 1105 236 AIAExANDER
1128 215 1173 238 VII
1198 215 1246 239 1³1³.

317 266 349 293 et
372 260 548 293 secundam
566 259 821 292 nominationes¹
840 259 886 291 eis
912 260 1055 303 desuper

316 314 426 353 saetas,
458 324 475 345 a
500 313 708 356 perceptione
735 313 891 345 fructuum
909 339 916 351 ,
948 313 1054 345 reddi-

316 371 405 398 tuum
419 371 451 399 et.
464 372 675 409 proventuum
688 366 957 409 praebendarum,
973 376 1052 408 quas

314 420 423 462 vigore
448 419 704 452 nominationum
723 424 754 451 et
771 419 978 452 collationum
998 419 1052 450 hu-

315 472 452 505 iusmodi
478 477 553 504 tunc
578 472 714 503 assecuti
740 472 883 511 fuissent,
914 481 972 513 per
997 471 1052 502 ab·

312 524 420 557 batem
457 529 488 557 et
521 525 679 557 decanum
715 524 870 557 ecclesiae
903 524 933 556 S.
961 523 1050 556 Pauli

314 578 501 611 Lcodiensis
527 582 559 609 et.
583 578 724 620 priorem
757 577 962 619 praedictos,
997 580 1050 608 aut

314 629 454 673 aliquem
480 641 516 663 ex
549 630 609 669 eis,
636 630 675 662 ad
709 629 954 672 requisitionem
986 629 1049 661 illis

311 695 369 726 per
394 689 551 717 rectorem
577 688 608 716 et
632 683 770 715 decanos
806 683 993 716 facultatum
1018 687 1049 714 et

311 737 492 779 provisores
527 735 744 768 universitatis
782 735 964 768 huiusmodi
1004 735 1049 767 sa-

311 790 467 829 ciendam,
494 788 788 831 suspenderentur,
815 792 856 827 et,
874 788 899 820 si
917 797 1047 830 suspen-

310 842 434 874 sionem
460 841 644 874 huiusmodi
675 852 735 884 per
763 851 909 873 mensem
940 840 1046 872 animo

309 894 538 926 sustinuissent
552 894 710 934 indurato,
725 894 839 926 iisdem
853 893 1046 936 praebendis

309 946 377 989 ipso
403 946 485 979 sacto
505 952 624 979 etcum
642 946 754 980 effectu
777 947 989 989 privarentur,
1016 952 1047 978 et

308 1010 367 1042 pro
400 1000 530 1043 privatis
567 1000 783 1040 haberentur,
810 1005 841 1033 et.
877 1001 981 1033 statim
1007 1001 1045 1033 de

308 1053 372 1085 illis
397 1053 467 1086 aliis
492 1054 640 1096 personis
660 1054 755 1087 modo
773 1059 803 1087 et
829 1054 930 1087 forma
954 1064 1046 1096 prae-

307 1106 411 1138 missis
435 1107 677 1149 provideretnr;
696 1117 815 1147 verum,
835 1108 860 1139 si
886 1117 1044 1150 personae

307 1159 491 1192 nominatae
517 1160 700 1202 praedictae
722 1161 753 1192 in
778 1161 918 1203 aliquam
943 1160 1045 1203 suspi-

307 1212 432 1245 cionem
459 1213 601 1245 haeresis
629 1213 828 1253 incidissent,
850 1214 882 1246 in
907 1224 960 1246 eas
986 1223 1044 1256 per

307 1264 512 1307 inquisitores
538 1266 720 1299 haereticae
742 1267 905 1309 pravitatis
927 1267 958 1298 in
981 1266 1043 1299 illis
1063 1279 1066 1291 ³

306 1318 451 1360 partibus
491 1320 602 1352 eadem
640 1319 829 1353 auctoritate
873 1320 1042 1362 deputatos

306 1371 410 1414 abque
428 1373 493 1404 ulla
518 1374 607 1405 mora
632 1373 859 1416 inquireretur,
878 1378 909 1405 et.
924 1373 949 1405 si
968 1373 1041 1406 illae

305 1429 488 1466 compertae
508 1425 640 1458 fuissent
654 1426 780 1458 haeresi
799 1426 980 1459 huiusmodi
997 1426 1043 1458 in-

306 1476 430 1517 fectae,
466 1478 519 1510 alii
556 1479 707 1512 catholici
738 1479 777 1512 ad
801 1479 960 1512 beneficia
985 1490 1042 1523 per

305 1530 377 1562 illos
402 1530 533 1563 obtenta
557 1532 652 1564 simili
672 1532 767 1565 modo
784 1533 1038 1573 nomina1·entur;

305 1588 334 1615 et
355 1584 492 1617 subinde
517 1585 774 1628 quinquennium
800 1586 983 1619 lmiusmodi
1001 1587 1040 1619 ad

304 1635 391 1667 aliud
425 1637 684 1680 quinquennium
715 1648 730 1670 a
755 1638 817 1671 sme
850 1639 1039 1672 ultimodicti

303 1689 517 1732 quinquennii
544 1691 795 1734 computandum
813 1693 911 1725 semel
944 1698 1038 1736 atque

304 1742 418 1775 iterum
444 1744 587 1776 extendit
612 1749 643 1776 et
666 1745 861 1787 prorogavit,
888 1756 943 1778 seu
969 1757 1040 1779 con-

304 1796 398 1827 cessit
420 1801 451 1828 et
475 1796 618 1829 indulsit.

349 1848 553 1882 Postmodum
586 1855 639 1882 aut
670 1856 837 1894 postquam
863 1852 964 1885 felicis
990 1864 1039 1886 re-

304 1902 499 1934 cordationis
523 1902 695 1945 Gregorius
720 1904 805 1946 Papa
822 1904 872 1936 XV
893 1905 1039 1938 similiter

302 1955 532 1997 praedecessor
564 1961 672 1989 noster
699 1967 757 1999 per
787 1968 859 1989 suas
885 1957 917 1989 in
942 1958 1037 1991 simili

303 2007 405 2040 forma
430 2008 538 2040 Brevis
556 2009 719 2051 expeditas
737 2010 860 2043 litteras
879 2011 1037 2045 indultmn

302 2061 503 2103 praedictum
528 2062 629 2102 vobis,
655 2067 690 2094 ut
714 2064 903 2106 praefertur,
929 2075 1038 2107 proro-

302 2119 420 2156 gatum,
438 2125 474 2147 ac
493 2116 631 2158 desuper
655 2117 818 2149 consectas
842 2118 978 2159 litteras,
1007 2125 1038 2152 et,

303 2166 334 2198 in
370 2167 415 2199 eis
450 2173 599 2201 contenta
629 2170 686 2212 (ita
717 2174 822 2203 tamen
855 2176 889 2203 ut
926 2172 1038 2205 huius-

302 2220 387 2252 modi
413 2220 573 2254 indultum
595 2224 800 2256 canonicatus
825 2229 856 2256 et
880 2225 1038 2267 praeben—

302 2273 357 2305 das
382 2275 646 2317 metropolitanae
665 2277 819 2309 ecclesiae
838 2277 1037 2311 Coloniensis

300 2326 431 2359 minime
457 2328 759 2370 comprehenderet,
789 2340 893 2372 neque
919 2331 957 2362 ad
982 2341 1036 2363 eos

300 2390 333 2412 se
360 2381 577 2421 extenderet.²‚
596 2393 632 2415 ac
649 2383 717 2415 sine
734 2384 934 2426 praeiudicio
959 2385 1036 2418 dicti

300 2438 377 2467 tune
409 2440 440 2468 et
464 2446 521 2478 pro
547 2441 690 2478 tempore
718 2436 883 2470 existentis
912 2438 1037 2471 archie-

335 2514 346 2540 1
365 2514 458 2542 Potius
473 2515 618 2550 legendum
629 2515 734 2543 videtur
745 2517 918 2544 monitiones
929 2525 977 2552 pro
987 2526 1036 2544 uo-

298 2559 474 2586 minationes
487 2561 526 2594 (a.
543 2561 592 2594 T.).

332 2604 348 2629 Ξ
368 2604 438 2630 Male
453 2604 518 2631 edit.
535 2603 613 2632 Main.
630 2604 692 2640 legit
708 2605 897 2634 extenderent
911 2607 951 2641 (n.
967 2607 1015 2641 Τ.).

1097 261 1219 305 piscopi
1251 263 1460 307 Coloniensis,
1490 278 1525 300 ac
1551 268 1628 301 alias
1653 270 1712 301 sul)
1738 271 1834 302 certis

1095 316 1189 347 modo
1215 322 1243 348 et
1271 318 1370 350 forma
1388 324 1463 352 tuuc
1481 322 1655 363 expressis)
1682 323 1718 355 ad
1746 324 1833 355 aliud

1095 368 1351 411 quinquennium
1381 372 1420 404 de
1450 384 1529 406 noro
1555 381 1774 415 concesserat,
1803 382 1834 408 et

1094 419 1249 460 subinde,
1286 424 1498 456 recoleudae¹
1525 428 1700 459 memoriae
1733 429 1832 461 [11111-

1094 482 1153 503 11115
1178 473 1261 516 Papa
1280 475 1352 515 ΥΙΙΙ7
1372 477 1494 518 pariter
1511 480 1740 520 praedecessor
1758 493 1832 515 uos-

1093 529 1141 556 ter
1159 525 1340 567 (attendens
1359 530 1443 570 quod
1462 530 1621 564 indultum
1646 533 1830 567 huiusmodi

1092 588 1152 620 per
1171 580 1383 613 cancellariae
1407 584 1601 624 apostolicae
1627 587 1756 628 regulas
1782 598 1830 620 rc-

1091 631 1237 664 vdcatum
1263 633 1372 673 suerat,
1399 639 1440 673 et,
1465 635 1547 668 sicut
1572 637 1676 670 eidem
1702 638 1828 672 Urbano

1090 685 1334 726 praedecessori
1354 691 1428 720 tune
1447 689 1562 731 exponi
1581 690 1737 731 feceratis,
1756 704 1829 725 cau-

1090 746 1152 777 sae,
1171 743 1306 780 propter
1323 750 1401 781 quas
1420 740 1503 773 idem
1524 742 1683 775 indultum
1701 755 1717 776 a
1734 755 1829 787 prae-

1089 789 1174 822 dicto
1200 791 1297 824 Paulo
1326 791 1361 824 lv
1390 793 1494 836 primo
1524 796 1594 827 loeo
1620 807 1827 837 concessum,

1090 848 1121 875 et.
1150 843 1188 875 ab
1221 844 1291 877 aliis
1320 845 1471 879 Romanis
1502 847 1710 881 Pontificibus
1735 861 1828 893 prae-

1089 897 1310 930 decessoribus
1343 900 1458 932 nostris
1488 902 1678 944 praedictis,
1709 908 1744 935 ut
1777 915 1829 936 su-

1088 961 1161 993 pra,
1188 958 1413 994 prorogatum,
1441 959 1472 986 et.
1503 966 1653 998 expresse
1680 956 1718 989 de
1746 968 1825 990 novo

1087 1014 1275 1036 concessum
1309 1005 1428 1046 suerat„
1455 1008 1706 1041 conservationis
1736 1009 1824 1042 nimi-

1087 1065 1157 1088 rum
1178 1057 1356 1090 catholicae
1377 1059 1543 1101 religionis
1562 1060 1593 1092 in
1614 1061 1674 1094 ista
1698 1062 1825 1094 civitate

1086 1107 1267 1142 Coloniensi
1301 1120 1338 1143 eo
1372 1121 1474 1154 usque
1506 1112 1672 1155 vigebant,
1706 1125 1825 1157 vosque

1086 1162 1265 1204 cupiebatis
1290 1163 1329 1195 ad
1350 1164 1582 1197 catholicorum
1598 1167 1740 1200 virorum
1765 1172 1825 1199 stu-

1086 1215 1138 1247 dia
1174 1215 1207 1247 in
1247 1216 1314 1248 istis
1353 1217 1498 1259 partibus
1539 1219 1654 1252 alenda
1690 1225 1721 1252 et
1757 1221 1825 1253 alli-

1085 1268 1199 1300 cienda
1231 1268 1414 1302 huiusmodi
1449 1270 1572 1304 indulto
1608 1272 1727 1305 diutius
1760 1273 1822 1305 frui

1085 1322 1201 1364 posse),
1229 1322 1312 1354 idem
1337 1322 1485 1355 Urbanus
1510 1324 1741 1366 praedeeessor
1766 1336 1824 1368 per

1084 1375 1161 1407 alias
1179 1385 1251 1407 suas
1269 1375 1301 1407 in
1318 1375 1414 1408 simili
1440 1376 1539 1410 forma
1565 1378 1673 1410 Brevis
1691 1379 1822 1421 expedi-

1084 1432 1130 1460 tas
1164 1428 1287 1460 litteras
1312 1428 1471 1462 indultum
1496 1430 1697 1473 praedictum
1731 1432 1821 1464 vobis

1083 1491 1143 1524 per
1167 1481 1286 1514 dictum
1313 1481 1505 1525 Gregorium
1535 1484 1821 1526 praedecessorem

1083 1535 1121 1567 ad
1144 1535 1402 1578 quinqueimium
1418 1541 1453 1569 ut
1470 1537 1652 1580 praefertur
1676 1538 1714 1571 de
1740 1549 1820 1571 novo

1083 1598 1280 1629 concessum,
1299 1599 1335 1621 ac
1355 1589 1493 1632 desuper
1511 1591 1674 1624 consectas
1699 1592 1820 1624 litteras

1082 1642 1262 1684 praedictas
1288 1647 1318 1674 et
1343 1643 1374 1674 in
1406 1643 1452 1676 eis
1477 1645 1705 1685 contenta,ad
1732 1645 1818 1677 aliud

1082 1695 1339 1738 quinquennium
1361 1697 1537 1739 apostolica
1554 1699 1741 1732 auctoritate
1760 1699 1819 1731 sub

1082 1748 1176 1781 certis
1215 1749 1310 1782 modo
1350 1755 1380 1782 et
1419 1750 1518 1783 forma
1557 1756 1632 1784 tunc
1658 1752 1819 1794 expressis

1081 1801 1187 1834 denuo
1222 1803 1400 1843 concessit,
1438 1804 1607 1847 ipsumque
1641 1806 1820 1849 quinquen-

1081 1854 1169 1886 nium
1183 1855 1323 1888 adalind
1348 1856 1468 1899 pariter
1492 1857 1768 1900 quinquennium,
1783 1871 1819 1892 ac

1081 1906 1196 1939 deinde
1215 1908 1479 1941 secundodictum
1500 1910 1757 1953 quinquennium
1780 1913 1818 1944 ad

1080 1959 1166 1992 aliud
1184 1960 1331 1993 similiter
1348 1962 1605 2004 quinquennium
1630 1965 1772 1997 extendit
1789 1971 1820 1997 et

1080 2013 1273 2055 prorogavit.
1302 2014 1345 2045 Ac
1369 2014 1534 2057 deinceps,
1562 2016 1665 2049 eidem
1690 2017 1817 2051 Urbano

1079 2066 1318 2107 praedecessori
1345 2076 1402 2109 per
1425 2078 1479 2100 vos
1497 2069 1641 2111 exposito
1666 2080 1721 2103 seu
1746 2071 1819 2103 sub-

1080 2117 1207 2158 iuncto,
1242 2119 1327 2161 quod
1359 2120 1633 2163 quinquennium,
1662 2127 1736 2156 tune
1760 2134 1818 2167 per

1080 2181 1152 2203 cum
1176 2172 1288 2205 ultimo
1313 2173 1384 2206 loco
1414 2178 1581 2207 extensum
1605 2184 1661 2208 seu
1686 2186 1817 2210 conces-

1079 2235 1161 2264 sum,
1185 2225 1275 2258 brevi
1301 2231 1369 2258 erat
1390 2227 1624 2269 expirantium,
1647 2234 1677 2261 et
1701 2240 1817 2263 causae

1079 2277 1196 2320 super2
1220 2288 1298 2321 quas
1323 2279 1483 2312 indultum
1502 2280 1686 2315 huiusmodi
1712 2288 1774 2315 tam
1799 2294 1816 2315 a

1078 2331 1250 2373 praedictis
1274 2331 1423 2364 Romanis
1441 2332 1646 2367 Pontificibus
1664 2345 1759 2378 quam
1776 2336 1815 2368 ab

1079 2394 1116 2416 eo
1152 2384 1265 2417 ultimo
1298 2395 1485 2418 concessum
1516 2386 1643 2427 suerat,
1679 2393 1814 2421 eatenus

1078 2438 1246 2480 vigebant,
1275 2438 1379 2471 dictus
1411 2438 1560 2472 Urbanus
1584 2442 1815 2483 praedecessor

1078 2491 1237 2524 indultum
1262 2492 1463 2535 praedictum
1498 2504 1557 2536 per
1592 2505 1666 2528 eum
1701 2496 1814 2529 ultimo

1114 2563 1123 2588 1
1147 2561 1288 2589 Coniunct.
1304 2565 1329 2590 et
1344 2561 1406 2590 hinc
1420 2563 1542 2591 delemus
1556 2566 1594 2599 (R.
1610 2566 1659 2599 T.).

1111 2605 1126 2632 ἰ)
1147 2605 1239 2634 Potius
1259 2606 1318 2642 lege
1336 2611 1455 2643 propter
1469 2616 1516 2644 pro
1531 2618 1618 2644 super
1632 2610 1668 2646 (a.
1685 2611 1735 2645 1.).

1739 213 1804 246 243
1850 224 1899 251 An.
1915 224 1943 251 c.
1966 220 2033 251 tfsst
