2247 3208
194 251 241 277 An.
262 249 288 275 c.
312 248 377 276 1668
423 238 487 272 682

215 1881 356 1906 Prooemium.

382 296 503 338 ubique
520 300 581 327 tam
601 294 633 326 in
648 293 768 325 iudicio
795 301 889 334 quam
913 293 1003 322 extra
1027 287 1117 336 adhi-

382 349 504 387 beatur,
530 357 610 390 quae
636 346 713 388 ipsis
735 342 962 387 praesentibus
981 340 1116 373 adhibe-

381 406 481 439 retur,
510 399 534 431 si
563 400 670 431 forent
694 396 857 429 exhibitae
876 395 926 427 vel
950 398 1112 426 ostensae.

425 453 536 485 Datum
560 451 700 489 Romae,
728 449 811 492 apud
843 448 872 480 S.
899 447 1030 480 Mariam
1054 445 1117 478 Ma-

383 507 484 539 iorem
507 532 512 543 ‚
541 505 601 536 sub
627 503 747 535 annulo
778 500 976 539 piscatoris,
1002 499 1054 532 die
1080 508 1116 531 111

381 559 449 591 111111
474 567 659 594 ¹uoctizviu,
688 553 891 598 pontificatus
928 552 1028 586 nostri
1054 562 1113 584 an-

381 622 422 644 no
444 621 478 643 11.

416 671 475 698 Dat.
494 670 535 697 die
552 670 566 696 3
587 669 642 696 iulii
662 668 738 702 1668,
758 667 852 703 pontis.
874 675 943 694 anno
965 673 993 693 11.

693 809 807 842 va'll.

382 890 592 932 Confirmatio
630 889 871 931 privilessiorum
908 886 1117 929 quorumdam

424 943 558 984 colleqio
585 942 777 975 Germanico
802 945 831 972 et
855 940 1052 980 Hunyarico,
1081 949 1117 970 uc

425 994 648 1028 cardinalibus
685 994 776 1026 illius
810 992 1060 1035 protectoribus,
1098 1001 1118 1022 α

424 1048 510 1081 Iulio
534 1047 607 1085 III,
638 1047 789 1089 Greyorio
809 1046 900 1078 XIII
922 1049 948 1077 et
975 1045 1118 1078 Clemen-

428 1104 455 1131 te
478 1099 567 1137 VIII,
590 1101 673 1131 εἰναι
701 1098 958 1130 iurisdiclionem
981 1097 1117 1139 prt'vutz'-

424 1163 499 1184 vum
516 1152 609 1185 dicus
624 1150 851 1183 cardinalibus
865 1151 899 1181 in
917 1151 1020 1181 cauus
1037 1149 1118 1181 eius-

425 1205 495 1236 dem
520 1204 660 1245 colleyii,
692 1204 817 1245 eimquo
845 1202 1062 1240 ecclesiarum,
1090 1206 1119 1234 et

425 1257 694 1289 monasteriorum
727 1256 779 1286 illi
805 1255 970 1287 unitorum
1001 1265 1119 1297 compe-

427 1313 551 1347 tentem,
570 1318 797 1345 concessorum,
814 1311 843 1339 et
859 1318 879 1339 α
897 1307 1048 1349 Greyorio
1062 1307 1121 1339 XV

425 1362 700 1403 confirmatorum,
721 1361 959 1392 declaratorum
976 1364 1002 1392 et
1015 1364 1119 1392 exten-

425 1424 554 1453 sorum,
583 1424 656 1445 cum
681 1413 899 1445 declaratione
929 1412 1015 1455 quod
1039 1412 1119 1444 dicti

426 1467 610 1499 cardinales
643 1467 693 1498 uli
728 1467 852 1508 possint
891 1466 1118 1508 superioritale

426 1525 453 1552 el
479 1520 702 1552 iurisdictione
730 1519 897 1561 privativci
929 1518 1118 1550 liuius-modi

425 1572 530 1614 quoad
551 1571 751 1604 monasteria
768 1575 796 1603 et
812 1571 957 1602 ecclesias
976 1574 1010 1601 ut
1024 1580 1118 1613 prae-

425 1626 529 1667 fertur
560 1626 676 1663 unita,
707 1634 790 1666 quae
827 1623 862 1654 in
896 1623 1118 1665 praesentibus

426 1678 597 1720 exprimam
605 1681 657 1709 tur
666 1676 684 1707 ¹.

594 1757 726 1783 clemens
749 1755 827 1789 Papa
852 1755 908 1787 lx,

498 1801 533 1827 ad
556 1803 730 1834 perpetuam
751 1800 796 1826 rei
818 1799 997 1826 memoriam.

429 1873 474 1904 Ad
500 1872 662 1915 pastorale
686 1870 850 1912 fastigium
877 1870 984 1901 divina
1010 1869 1118 1912 dispo-

384 1925 500 1957 sitione
523 1924 636 1964 evecti,
650 1923 726 1963 illis,
739 1933 821 1966 quae
839 1933 855 1955 a
872 1922 1025 1955 Romanis
1041 1922 1118 1954 Pon-

384 1978 520 2011 tificibus
539 1975 846 2021 praedecessoribus
864 1976 994 2016 nostris,
1008 1976 1120 2008 catho-

382 2032 462 2064 licae
488 2030 563 2063 fidei
589 2029 825 2063 conservationi
845 2034 876 2061 et
891 2028 1118 2072 propagationi

383 2083 574 2127 apostolicae
611 2082 779 2114 charitatis
809 2082 879 2114 zelo
914 2081 1120 2113 laudabiliter

384 2136 597 2175 studentibus,
620 2146 679 2178 pro
698 2136 854 2178 perpetua
871 2133 1118 2167 conservatione

387 2189 573 2232 salubrique
600 2188 778 2221 directione
814 2187 1061 2220 seminariorum
1090 2192 1121 2219 et

387 2241 597 2283 collegiorum
623 2251 898 2284 quorumcumque
928 2239 1120 2282 praesertim

386 2294 418 2326 in
437 2295 497 2326 hac
520 2295 603 2326 alma
625 2293 711 2326 Urbe
735 2304 830 2326 verae
856 2292 1022 2335 religionis
1048 2303 1120 2325 arce

387 2352 579 2387 erectorum,
597 2358 633 2380 ex
652 2347 770 2389 quibus
792 2347 911 2379 uberes
927 2347 959 2378 in
978 2346 1121 2379 Ecclesia

386 2400 441 2433 Dei
468 2400 586 2432 fructus
604 2400 819 2433 benedicente
836 2400 973 2434 Domino
992 2399 1120 2432 assidue

386 2452 601 2496 proveniunt,
638 2452 688 2495 pie
725 2453 966 2496 prudenterque
991 2453 1121 2485 decreta

386 2512 480 2549 atque
506 2505 678 2538 constituta
703 2516 773 2539 esse
800 2511 985 2545 noscuntur,
1010 2510 1045 2537 ut
1069 2504 1122 2536 sir-

386 2559 491 2592 miora
527 2568 656 2601 semper
691 2563 784 2601 atque
816 2558 983 2590 stabiliora
1013 2557 1118 2601 persi-

425 2622 434 2648 t
454 2620 491 2647 Ex
506 2620 616 2656 Regest.
633 2619 658 2646 111
674 2619 778 2646 Secret.
794 2619 931 2646 Brevium.

964 241 1143 265 BULLAmUM
1168 238 1318 263 ROMAM'M

1159 290 1256 326 stant,
1283 286 1452 328 apostolici
1470 286 1654 319 muniminis
1670 286 1770 320 nostri
1791 286 1896 319 liben-

1160 344 1208 371 ter
1232 338 1435 380 adiungimus
1456 338 1651 371 firmitatem.

1203 391 1218 434 5
1242 391 1273 423 1.
1300 391 1427 423 Dudum
1452 391 1611 434 siquidem
1630 391 1730 424 felicis
1748 393 1896 425 recorda-

1160 443 1256 476 tionis
1282 443 1459 486 Gregorius
1476 443 1559 486 Papa
1576 444 1636 481 XV,
1662 445 1895 486 praedecessor

1160 501 1280 536 noster,
1307 497 1463 529 nonnulla
1487 496 1666 539 privilegia,
1683 496 1847 530 facultates
1865 503 1894 530 et

1160 549 1285 582 indulta
1302 549 1440 591 collegio
1458 548 1646 581 Germanico
1661 553 1692 581 et
1712 549 1894 591 Hungarico

1161 603 1199 634 de
1224 600 1328 640 Urbe¹‚
1353 612 1482 633 necnon
1509 606 1582 633 tunc
1607 606 1638 633 et
1662 611 1721 643 pro
1747 606 1894 644 tempore

1162 654 1371 687 existentibus
1389 654 1419 686 S.
1440 654 1477 686 R.
1498 654 1531 686 E.
1555 654 1771 686 cardinalibus
1792 655 1894 697 ipsius

1161 707 1289 749 collegii
1315 707 1450 750 eiusque
1475 716 1710 749 personarum,
1735 717 1839 739 reium
1865 713 1896 740 et

1160 760 1321 792 bonorum
1346 769 1624 802 quorumcumque
1650 760 1894 801 protectoribus,

1161 823 1178 844 a
1202 811 1394 844 recolendae
1421 811 1596 844 memoriae
1629 811 1708 844 lulio
1733 811 1793 848 ΙΙΙ,
1821 811 1897 844 Gre-

1161 865 1252 907 gorio
1269 865 1335 897 Xlll
1353 870 1385 897 et
1398 864 1561 897 Clemente
1574 864 1637 896 Vlll
1652 864 1803 896 Romanis
1820 864 1897 897 Pon-

1163 917 1297 950 tificibus
1315 917 1620 959 praedecessoribus
1638 917 1759 959 pariter
1776 917 1894 949 nostris

1161 980 1323 1009 concessa,
1339 969 1539 1001 confirmavit
1551 974 1583 1002 et
1599 969 1800 1012 approbavit,
1819 980 1897 1002 non-

1161 1023 1329 1064 nullasque
1340 1021 1585 1061 declarationes
1597 1031 1695 1064 super
1709 1022 1896 1054 eorumdem

1161 1074 1368 1106 cardinalium
1388 1079 1606 1116 protectorum
1623 1074 1848 1116 superioritate
1866 1068 1898 1106 et

1162 1126 1385 1159 iurisdictione
1399 1127 1551 1169 privative
1571 1127 1608 1159 ad
1628 1127 1709 1158 alios
1728 1136 1898 1168 quoscum-

1162 1190 1222 1222 que
1248 1180 1369 1211 iudices
1406 1179 1451 1211 eis
1478 1179 1509 1211 in
1535 1180 1638 1212 causis
1663 1179 1766 1222 ipsum
1798 1180 1897 1212 colle-

1162 1232 1247 1275 gium
1272 1232 1405 1275 eiusque
1431 1242 1597 1275 personas,
1623 1243 1676 1265 res
1702 1237 1733 1264 et
1751 1233 1839 1265 bona
1860 1243 1896 1266 ac

1161 1285 1314 1318 ecclesias
1331 1311 1338 1324 ‚
1365 1284 1561 1318 monasteria
1598 1290 1630 1317 et
1664 1283 1824 1317 beneficia
1850 1285 1896 1318 illi

1162 1337 1251 1370 unita
1263 1338 1508 1380 quomodolibet
1524 1337 1793 1370 concernentibus
1815 1348 1898 1370 eom-

1160 1395 1301 1433 petente,
1319 1390 1398 1430 t'ecit,
1418 1390 1544 1433 aliaque
1567 1390 1733 1433 disposuit,
1757 1390 1898 1422 decrevit

1162 1448 1192 1474 et
1218 1442 1397 1482 ordinavit,
1423 1448 1519 1486 prout
1554 1443 1684 1475 uberius
1714 1443 1898 1475 continetur

1161 1496 1193 1528 in
1219 1496 1319 1539 ipsius
1336 1494 1483 1538 Gregorii
1502 1495 1761 1538 praedecessoris
1779 1495 1896 1527 litteris

1161 1548 1220 1580 sub
1244 1548 1377 1591 plumbo
1415 1548 1557 1590 desuper
1586 1547 1746 1590 expeditis
1774 1547 1897 1580 tenoris

1161 1602 1214 1645 qui
1241 1601 1393 1644 sequitur,
1419 1600 1588 1633 videlicet:

1206 1654 1380 1697 Greqorius
1405 1654 1582 1696 episcopus,
1608 1663 1717 1685 servus
1733 1663 1898 1686 servorum

1161 1708 1238 1747 Dei,
1267 1707 1309 1739 ad
1336 1711 1526 1750 perpetuam
1551 1706 1599 1738 rei
1629 1706 1830 1738 memorium.
1863 1707 1897 1739 ln

1162 1772 1311 1804 supremo
1335 1760 1502 1793 militantis
1519 1759 1681 1792 Ecclesiae
1706 1759 1788 1793 solio
1813 1764 1844 1792 et
1867 1771 1898 1792 a-

1161 1814 1337 1858 postolicae
1362 1812 1534 1856 potestatis
1556 1812 1759 1856 plenitudine
1777 1816 1898 1846 summa

1161 1866 1385 1910 Redemptoris
1400 1866 1499 1898 nostri
1513 1865 1714 1908 benignitate
1725 1865 1896 1904 constituti,

1162 1931 1209 1961 ea,
1229 1930 1310 1963 quae
1329 1930 1389 1962 pro
1412 1918 1659 1951 seininariorum
1679 1918 1899 1961 quorumlibet

1161 1972 1353 2017 praesertim
1377 1972 1409 2004 in
1435 1973 1517 2004 alma
1532 1971 1617 2004 Urbe
1639 1974 1746 2004 nostra
1762 1982 1821 2014 per
1838 1972 1899 2004 Ro—

1161 2036 1272 2059 manos
1298 2024 1467 2057 Pontifices
1484 2025 1751 2067 praedecessores
1770 2029 1896 2057 nostros

1162 2080 1201 2112 ad
1225 2078 1420 2111 christianae
1447 2077 1620 2110 iuventutis
1652 2077 1736 2120 piam
1761 2083 1793 2110 et
1814 2076 1892 2110 reli-

1163 2133 1284 2175 giosam
1305 2131 1530 2164 educationem
1555 2140 1591 2163 ac
1614 2130 1647 2162 in
1670 2129 1897 2162 ecclesiasticis

1163 2185 1296 2227 aliisque
1336 2183 1528 2216 salutaribus
1561 2182 1738 2225 disciplinis
1779 2181 1898 2214 instru-

1163 2238 1302 2271 ctionem
1326 2236 1462 2280 proinde
1486 2235 1708 2268 institutorum
1732 2244 1899 2267 conserva-

1163 2291 1250 2323 tione
1284 2295 1316 2323 et
1339 2287 1603 2322 11111111110111101109
1631 2299 1647 2320 a
1675 2287 1808 2320 diversis
1836 2287 1898 2320 Ro-

1162 2343 1264 2376 manis
1288 2341 1496 2375 Pontificibus
1522 2341 1616 2373 etiam
1640 2339 1898 2384 praedecessori-

1162 2397 1221 2429 bus
1235 2396 1353 2429 nostris
1372 2405 1525 2427 concessa
1544 2399 1575 2426 et
1591 2394 1739 2427 ordinata
1755 2393 1896 2432 suerunt,

1199 2485 1210 2511 1
1230 2483 1266 2511 De
1287 2482 1400 2518 collegio
1415 2481 1571 2509 huiusmodi
1589 2481 1650 2508 vide
1675 2488 1765 2515 supra,
1780 2487 1842 2514 pag.
1865 2478 1897 2505 15

1164 2528 1242 2556 11111115
1262 2527 1326 2554 tomi
1345 2532 1384 2557 tn.
1398 2527 1446 2560 1.).
1749 2554 1750 2557 ¹

1202 2575 1210 2600 1
1236 2573 1304 2599 Male
1327 2572 1392 2599 edit.
1418 2571 1496 2598 Μαίη.
1519 2570 1583 2606 legit
1607 2567 1850 2596 conservationem
1870 2569 1897 2594 et

1166 2615 1413 2644 manutentionem
1433 2615 1470 2648 (R.
1488 2612 1538 2648 T.).

1902 239 1954 264 An.
1975 238 2004 264 C.
2026 239 2092 265 1668

1945 403 2090 423 Recenseninr

1906 429 2017 455 privilegia
2028 430 2090 450 colle·

1905 456 1934 481 gxi
1951 458 1971 475 et
1992 461 2090 481 praecer-

1906 485 1941 501 tim
1951 482 2034 502 litterae
2043 482 2092 502 Gre-

1906 508 1960 533 gorii
1975 507 2019 528 XV.
