2247 3208
222 239 239 265 Λ
246 250 269 265 a.
292 239 320 268 C.
339 239 406 266 161‘16

253 1035 362 1054 num-euim
381 1034 407 1055 ir-

225 1066 262 1082 rita
268 1068 297 1081 ris.

227 1719 336 1739 Cwulraiia
348 1719 409 1740 tollit,

452 231 516 264 liGJi
907 266 909 270 .
995 238 1173 260 Bt'LLARitM

416 288 464 320 nis
490 293 520 319 et
543 286 729 325 interdicti,
762 285 893 328 aliisque
925 283 1147 317 ecclesiasticis

416 339 592 377 sententiis,
607 339 749 371 censuris
771 343 802 369 ct
825 338 951 380 poenis,
980 348 995 369 a
1016 337 1084 369 iure
1100 338 1148 369 vel

415 394 454 424 ab
481 391 634 431 homine,
656 391 769 434 ‚quavis
795 391 964 423 occasione
988 391 1036 422 vel
1055 391 1149 421 causa

416 445 499 484 latis,
523 445 548 477 si
568 445 682 487 quibus
711 444 959 487 quomodolibet
975 443 1149 476 innodatae

416 497 565 537 existunt,
584 497 621 529 ad
648 495 794 529 effectum
814 496 1035 539 praesentium
1061 496 1150 528 dum-

417 556 502 583 taxat
526 550 813 593 consequendum,
842 550 957 582 harum
993 549 1075 581 serie
1101 549 1150 582 ab·

416 604 576 636 solventes
602 608 633 635 et
657 604 820 636 absolutas
855 602 923 635 sore
955 607 1122 634 censentes
1140 628 1147 641 ,
1167 570 1174 628 i

416 656 599 688 huiusmodi
625 655 914 699 supplicationibus
940 654 1096 696 inclinati,
1117 660 1151 687 ut

416 719 498 741 nova
523 709 624 741 forma
659 718 757 751 supra
788 718 938 751 expressa
963 718 1021 750 pro
1046 707 1149 750 primo

416 761 631 805 quadriennio
650 766 770 793 tantum
789 772 805 794 a
821 761 905 794 dicto
924 771 1009 793 anno
1026 770 1151 794 MDCLxx

416 814 645 857 computando¹
672 814 791 847 servari
810 814 911 847 libere
933 819 964 845 et
980 814 1067 846 licite
1082 824 1152 857 pos-

417 867 457 900 sit
482 872 513 900 et
538 867 665 907 debeat,
687 866 875 899 auctoritate
901 866 1091 909 apostolica,
1113 871 1152 898 te-

417 931 497 953 nore
523 919 753 963 praesentium,
773 918 981 952 concedimus
996 924 1027 951 et
1051 918 1152 951 indul-

418 983 544 1015 gemus.

462 1026 476 1069 ἓ
501 1025 531 1059 3.
564 1025 778 1058 Decernentes
806 1025 933 1057 easdem
967 1028 1153 1068 praesentes

418 1079 539 1112 litteras
564 1077 679 1117 firmas,
705 1077 827 1110 validas
849 1082 881 1110 et
904 1076 1051 1109 efficaces
1076 1076 1155 1109 exis-

420 1136 486 1164 tere
512 1135 543 1163 et
568 1131 656 1170 sore,
682 1140 820 1173 suosque
854 1129 1018 1173 plenarios
1050 1135 1079 1162 et
1105 1130 1154 1162 in-

420 1189 526 1226 tegros
557 1182 686 1216 effeetus
719 1182 826 1215 sortiri
864 1187 895 1215 et
931 1182 1093 1223 obtinere,
1119 1194 1155 1216 ac

418 1235 501 1276 illis,
527 1237 566 1268 ad
597 1245 677 1279 quos
698 1240 820 1278 spectat
852 1241 883 1268 et
918 1246 976 1278 pro
1009 1241 1153 1279 tempore

418 1288 594 1332 spectabit,
621 1287 807 1331 plenissime
836 1287 1018 1331 suffragari,
1045 1290 1154 1332 sicque

417 1342 450 1375 in
477 1341 660 1385 praemissis
691 1351 748 1384 per
777 1352 997 1385 quoscumque
1033 1342 1156 1375 iudices

417 1394 600 1428 ordinarios
618 1399 649 1427 et
669 1394 844 1437 delegatos,
869 1394 963 1427 etiam
989 1405 1154 1433 causarum

419 1447 528 1491 palatii
562 1446 730 1490 apostolici
756 1446 928 1487 auditores,
958 1447 1092 1480 iudicari
1125 1453 1156 1480 et

419 1499 546 1533 definiri
580 1499 715 1539 debere,
749 1509 785 1531 ac
805 1499 930 1531 irritum
955 1504 986 1531 et
1010 1499 1105 1532 inane
1130 1500 1154 1532 si

419 1563 510 1586 secus
535 1562 631 1595 super
655 1552 705 1584 his
730 1562 746 1584 a
772 1562 944 1595 quoquam,
971 1552 1081 1595 quavis
1105 1562 1158 1584 au-

420 1605 578 1645 ctoritate,
602 1605 740 1637 scienter
764 1605 813 1637 vel
839 1604 1037 1647 ignoranter,
1056 1605 1158 1638 conti-

421 1659 504 1701 gerit
521 1657 683 1690 attentari.

466 1711 479 1754 g
504 1711 535 1743 4.
566 1710 635 1743 Non
671 1712 876 1744 obstantibus
902 1712 1097 1755 praemissis,
1123 1722 1159 1745 ac

422 1764 708 1797 constitutionibus
735 1769 766 1796 et
791 1765 1048 1797 ordinationibus
1081 1776 1158 1809 apo-

421 1817 554 1857 stolicis,
582 1827 710 1849 necnon
737 1817 841 1849 dictae
866 1817 1011 1857 civitatis,
1039 1823 1071 1850 et
1088 1818 1158 1851 aliis

421 1869 604 1912 quibusvis,
634 1869 727 1901 etiam
763 1869 961 1910 iuramento,
988 1870 1158 1904 confirma-

421 1922 508 1954 tione
545 1923 746 1965 apostolica,
781 1924 830 1956 vel
864 1923 973 1966 quavis
1007 1924 1157 1956 firmitate

420 1975 481 2008 alia
512 1975 696 2015 roboratis⁷
730 1976 856 2008 statutis
890 1982 921 2008 et
948 1977 1158 2009 consuetudi-

420 2028 533 2068 nibus,
568 2028 746 2071 privilegiis
781 2039 929 2072 quoque,
962 2030 1094 2062 indultis
1127 2035 1158 2062 et

420 2081 535 2113 litteris
562 2081 750 2124 apostolicis
776 2081 807 2113 in
834 2082 1031 2115 contrarium
1063 2093 1158 2125 prac-

420 2133 594 2165 missorurn
622 2134 869 2176 quomodolibet
885 2135 1078 2177 concessis,
1104 2146 1158 2178 ap·
1178 2142 1179 2146 ’

419 2185 573 2228 probatis,
602 2191 633 2218 et
653 2186 837 2226 innovatis3
865 2187 982 2231 quibus
1007 2188 1156 2220 omnibus

420 2243 451 2270 et
471 2238 616 2281 singulis,
636 2239 765 2272 illorum
784 2245 913 2272 tenores
931 2240 1156 2283 praesentibus

419 2301 479 2333 pro
497 2292 595 2334 plene
614 2297 645 2325 et
661 2292 859 2325 sufficienter
883 2295 1047 2337 expressis
1064 2304 1100 2328 ac
1118 2297 1156 2328 de

418 2344 517 2376 verbo
539 2344 577 2376 ad
602 2345 734 2377 verbum
753 2345 883 2378 insertis
903 2347 1071 2388 habentes,
1091 2348 1155 2381 illis

419 2396 498 2428 alias
530 2396 561 2428 in
598 2407 656 2429 suo
689 2399 807 2431 robore
846 2400 1067 2442 permansuris
1082 2427 1090 2441 ‚
1117 2401 1156 2434 ad

419 2449 672 2491 praemissorum.
697 2451 864 2493 effectum,
892 2453 952 2486 hac
976 2453 1042 2486 vice
1068 2454 1157 2486 dum-

1199 236 1347 260 nonsscn
1874 264 1877 265 γ

1234 283 1347 317 Datum
1372 282 1502 322 Romae,
1523 289 1606 326 apud
1631 284 1660 317 S.
1684 284 1813 317 Mariam
1832 283 1927 317 Maio-

1193 347 1268 376 rem,
1294 337 1353 369 sub
1374 337 1493 369 annulo
1517 336 1699 377 PiscatOris,
1726 338 1776 370 die
1800 349 1832 372 Vi
1857 337 1927 370 iulii

1192 399 1344 430 rinctxw,
1360 389 1564 432 pontificatus
1574 390 1675 422 nostri
1689 401 1772 424 anno
1782 401 1838 426 ΧΗ.

1228 451 1285 478 Dat.
1304 451 1346 478 die
1362 451 1378 478 6
1397 450 1455 478 iulii
1478 451 1557 483 1666,
1573 459 1645 478 anno
1666 458 1713 478 x11.

1492 594 1623 626 DXLIX.

1195 672 1404 715 Confirmatio
1440 673 1557 705 decreti
1588 673 1845 716 congireqationis
1877 674 1926 704 ri-

1239 730 1351 765 tuum,
1385 726 1469 769 quod
1507 726 1573 758 sint
1613 726 1772 758 servanda
1808 726 1930 758 decreta

1236 778 1340 811 dictae
1382 779 1640 821 conyreyationis
1686 779 1744 811 sub
1790 778 1841 810 die
1880 790 1929 812 xxi

1238 832 1387 863 ianuarii
1421 841 1553 865 MDCan
1585 841 1680 874 super
1721 831 1933 864 celebratione

1237 883 1309 926 fesci
1333 884 1363 917 S.
1390 883 1521 926 Georyii
1544 883 1581 916 de
1602 887 1790 926 praecepto,
1822 887 1851 916 et
1874 884 1932 916 sub

1238 936 1290 968 die
1312 947 1384 969 xxiv
1409 936 1491 968 maii
1511 946 1651 970 MDCinv
1682 946 1777 978 super
1805 946 1930 968 conces-

1238 991 1327 1023 sione
1350 990 1447 1032 officii
1463 989 1604 1021 eiusdem
1624 988 1667 1021 ad
1684 990 1826 1031 favorem
1844 990 1934 1031 prin-

1238 1043 1363 1085 cipatus
1389 1041 1578 1077 Gatalomae
1601 1045 1630 1073 et
1653 1041 1732 1073 cleri
1755 1040 1844 1073 edita
1858 1039 1878 1073 ¹.

1388 1120 1552 1148 Alexander
1576 1120 1654 1153 Papa
1673 1119 1738 1152 VH,

1341 1165 1376 1192 ad
1396 1165 1529 1192 futuram
1547 1164 1593 1192 rei
1608 1164 1785 1192 memoriam.

1239 1238 1254 1280 ᾗ
1280 1237 1309 1269 1.
1337 1235 1503 1269 Emanavit
1522 1245 1624 1279 nuper
1645 1246 1662 1268 a
1678 1235 1932 1278 congregatione

1196 1290 1431 1323 venerabilium
1446 1289 1581 1322 fratrum
1595 1293 1781 1322 nostrorum
1795 1289 1825 1322 S.
1842 1289 1878 1321 R.
1895 1289 1929 1323 E.

1197 1342 1409 1376 cardinalium
1426 1342 1524 1374 sacris
1541 1341 1655 1374 ritibus
1668 1342 1931 1385 praepositorum

1198 1396 1362 1428 decretum
1377 1395 1499 1427 tenoris
1516 1394 1568 1437 qui
1591 1393 1746 1437 sequitur,
1760 1393 1931 1427 videlicet:

1246 1461 1259 1479 α
1284 1448 1380 1481 Sacra
1411 1448 1529 1479 rituum
1567 1446 1777 1489 congregatio
1809 1447 1936 1480 censuit

1197 1502 1355 1534 servanda
1375 1510 1447 1533 esse
1468 1501 1597 1533 decreta
1614 1499 1716 1543 ipsius
1732 1510 1841 1532 sacrae
1860 1510 1935 1532 con-

1199 1553 1396 1597 gregationis
1411 1554 1469 1586 sub
1479 1553 1530 1586 die
1552 1564 1601 1586 xxi
1622 1553 1760 1585 ianuarii
1788 1563 1933 1594 MDCan,

1198 1618 1296 1651 super
1320 1607 1539 1641 celebratione
1566 1606 1637 1639 sesti
1662 1605 1692 1638 S.
1732 1605 1862 1648 Georgii
1896 1607 1935 1639 de

1198 1665 1384 1704 praecepto,
1407 1665 1439 1692 et
1462 1660 1520 1692 sub
1539 1659 1590 1691 die
1607 1669 1679 1693 xx1v
1696 1658 1771 1691 maii
1798 1668 1936 1692 MDGwa

1177 1739 1179 1747 ,
1199 1725 1296 1758 super
1320 1713 1531 1746 concessione
1558 1711 1655 1745 officii
1673 1711 1822 1745 eiusdem
1839 1712 1879 1744 ad
1897 1712 1937 1744 sa-

1177 1766 1308 1801 3vorem
1343 1766 1542 1810 principatus
1574 1764 1758 1798 Cataloniae
1791 1770 1823 1797 et
1857 1764 1936 1797 cleri

1178 1808 1293 1860 ledita,
1319 1829 1445 1852 necnon
1478 1829 1547 1851 esse
1583 1818 1825 1851 demandandas
1864 1828 1936 1850 exe-

1178 1905 1179 1913 ,
1199 1872 1346 1917 quutioni
1383 1872 1505 1910 litteras
1541 1871 1735 1914 apostolicas
1771 1870 1804 1903 in
1836 1871 1939 1903 forma

1199 1926 1308 1958 Brevis
1334 1936 1394 1968 pro
1420 1923 1625 1957 observantia
1647 1923 1807 1956 dictorum
1826 1923 1937 1956 decre-

1178 1970 1307 2014 {torum
1332 1978 1383 2010 die
1408 1989 1417 2011 1
1443 1976 1637 2020 septembris
1662 1977 1840 2020 expeditas,
1872 1987 1938 2009 non

1177 2028 1181 2066 i
1200 2031 1404 2064 obstantibus
1420 2029 1683 2073 oppositionibus
1695 2029 1935 2072 archiepiscopi

1177 2085 1231 2119 Jet
1251 2084 1380 2117 concilii
1416 2082 1668 2115 Tarraconensis
1701 2092 1798 2124 super
1839 2081 1936 2114 dicta-

1200 2148 1272 2170 rum
1308 2137 1497 2169 litterarum.
1529 2135 1742 2178 subreptione
1779 2139 1811 2167 et
1842 2135 1937 2167 obre-

1178 2185 1323 2234 ptione,
1362 2189 1498 2232 aliisque
1522 2188 1696 2222 contrariis
1734 2187 1936 2231 quibuscum-

1178 2232 1179 2257 *
1200 2253 1274 2286 que.
1302 2243 1367 2275 Hac
1391 2242 1442 2274 die
1467 2252 1537 2274 xxvi
1562 2241 1644 2273 iunii
1670 2250 1822 2275 nnetxvr

1243 2296 1282 2328 M.
1310 2295 1411 2339 episc.
1438 2294 1625 2327 Sabinensis
1650 2294 1740 2326 card.
1760 2293 1932 2327 GINETTUS.

1399 2347 1624 2380 Bnnxiinomns
1648 2346 1798 2379 Cisimns

1261 2411 1344 2434 sacr.
1365 2401 1483 2433 rituum
1501 2399 1766 2443 congregationis
1783 2403 1899 2432 secret.
1916 2410 1929 2430 γ»

1243 2455 1258 2498 ἓ
1283 2454 1314 2487 ⁶2.
1341 2453 1418 2487 Cum
1442 2458 1562 2494 autem,
1588 2453 1671 2485 sicut
1694 2463 1752 2496 pro
1777 2455 1867 2495 parte
1888 2451 1935 2484 di-

1937 239 1984 264 Αιι.
2002 236 2029 264 C.
2053 238 2120 264 16OE

1969 1244 2073 1265 Rauen-ot
2089 1245 2125 1265 ds·

1943 1273 2000 1290 creta
2016 1272 2080 1293 edna.

1963 2456 2042 2478 Eadem
2053 2463 2065 2478 a
2076 2457 2118 2479 Pon

1945 2484 2000 2505 unce
2007 2484 2133 2505 confirman-

419 2506 513 2542 taxat,
533 2503 718 2546 specialiter
736 2510 764 2537 et
784 2516 936 2549 expresse
952 2507 1154 2550 deroga1nus;
1198 2509 1357 2542 lectorum
1381 2507 1521 2540 filiorum
1547 2506 1625 2540 cleri
1650 2512 1682 2539 et
1714 2505 1826 2550 populi
1857 2505 1985 2538 dicutur-

419 2557 601 2599 ceterisque
627 2558 799 2591 contrariis
821 2559 1086 2604 quibuscumque.

454 2617 467 2643 1
490 2617 560 2644 Edit.
577 2617 655 2645 Main.
673 2618 738 2654 legit
756 2621 949 2655 computanda
968 2622 1006 2656 (R.
1026 2622 1075 2657 Τ.).

1198 2561 1401 2605 principatus
1436 2559 1620 2593 Cataloniae
1658 2559 1754 2592 nobis
1793 2558 1932 2593 subinde

1235 2624 1246 2650 1
1268 2623 1306 2650 Ex
1325 2622 1431 2658 Regest.
1452 2622 1479 2649 in
1498 2621 1598 2649 Secret.
1619 2621 1697 2648 Brev.
