2247 3208
196 263 247 293 An.
265 261 292 289 c.
318 260 384 288 ¹668
429 250 496 284 734

393 308 575 345 adiicimus,
592 316 628 337 ac
641 314 753 336 omnes
767 307 799 334 el.
812 300 957 341 singulos
974 304 1036 330 tam
1051 297 1126 330 iuris

393 371 488 404 quam
515 358 585 391 facti
612 357 765 393 desectus,
780 355 806 386 si
822 354 876 397 qui
893 353 1035 394 desuper
1052 360 1128 393 quo-

391 412 572 445 modolibet
596 408 850 446 intervenm‘int‚
878 406 1080 449 siq;›pl‹.¹nius.

435 466 449 508 ἓ
473 464 504 497 3.
531 464 750 511 Det-eg'nentes
777 460 904 493 easdem
940 461 1125 501 praesentes

391 519 514 551 litteras
539 526 668 559 semper
692 516 817 553 firmas,
851 512 971 544 validas
1006 515 1037 542 ct
1061 509 1128 541 effi-

391 580 480 602 caces
505 569 642 601 existere
654 573 686 600 et
701 569 781 606 sore,
804 575 945 607 suosque.
964 562 1127 606 plenarios

390 629 421 657 et
445 623 589 665 integros
615 621 746 654 ell'ectus
772 619 879 651 sortiri
906 623 936 650 et
965 617 1124 655 obtinere,

390 687 425 709 ae
451 675 536 708 dicto
564 674 718 717 hospitali
756 674 787 705 in
826 672 975 704 omnibus
1007 677 1038 703 et
1068 681 1127 713 per

390 729 498 762 omnia
523 727 711 771 plenissime
737 725 914 768 suffragari,
933 729 964 757 et.
988 724 1026 755 ab
1050 723 1124 763 illis,

390 782 430 814 ad
455 792 535 824 quos
560 785 685 823 spectat
722 785 754 812 et
789 790 847 821 pro
884 784 1027 820 tempore
1055 786 1127 819 spe-

391 834 498 874 stabit‚
522 833 753 866 inviolabiliter
769 830 942 870 observari,
965 830 1076 872 sieque
1094 829 1125 860 in

390 887 574 931 praemissis
600 896 658 929 per
684 894 902 928 quoscumque
929 883 1051 915 iudices
1080 893 1125 914 or-

390 940 530 973 dinarios
557 946 588 972 et
613 940 793 981 delegatos,
827 937 924 969 etiam
956 945 1126 968 causarum

389 993 499 1037 palatii
525 993 693 1036 apostolici
719 991 892 1028 auditores,
920 1000 955 1022 ae
981 999 1125 1021 camerae

389 1047 551 1090 praefatae
569 1045 795 1088 praesidentes
814 1043 957 1083 clericos,
980 1042 1125 1084 aliosque

389 1099 542 1132 officiales
567 1104 597 1132 et
621 1098 784 1131 ministros
801 1096 935 1129 iudicari
953 1100 983 1128 et
1001 1093 1126 1127 desumi

389 1152 531 1191 debere,
569 1162 604 1183 ac
639 1151 767 1183 irritum
793 1154 824 1182 et
852 1149 948 1181 inane
981 1147 1006 1180 si
1036 1157 1128 1179 secus

389 1215 488 1248 super
508 1204 558 1236 his
576 1215 592 1236 a
607 1214 778 1247 quoquam,
797 1202 906 1245 quavis
926 1201 1126 1241 auctoritate,

389 1258 528 1291 scienter
552 1258 603 1290 vel
636 1257 842 1300 ignoranter,
876 1253 1050 1296 contigerit
1083 1259 1128 1285 at-

392 1312 522 1344 tentari.

268 1380 382 1405 Dmgmm
435 1365 449 1407 g
474 1363 505 1396 lt.
533 1363 602 1395 Non
629 1362 833 1395 obstantibus
859 1360 1063 1404 praemissis,
1092 1371 1129 1393 ac

197 1409 359 1428 ‘⁰⁰¹r⁸'¹⁰s²¹¹¹''
392 1417 495 1450 felicis
521 1415 758 1448 recordationis
776 1415 864 1447 Pauli
882 1414 919 1446 ΙΙΙ
937 1419 965 1446 et
992 1414 1128 1446 aliorum

392 1469 610 1503 Romanorum
635 1467 824 1500 Pontificum
843 1467 1128 1509 praedeeessorum

391 1529 577 1556 nostrorum
598 1526 635 1554 de
650 1522 743 1553 rebus
761 1521 923 1553 Ecclesiae
939 1526 971 1552 et
985 1531 1126 1553 camerac

391 1576 555 1620 praefatae
581 1586 645 1607 non
666 1574 866 1613 alienandis,
893 1573 1027 1616 aliisque
1053 1584 1129 1606 con-

390 1628 612 1661 stituhonibus
648 1633 679 1660 et
708 1627 967 1660 ordinationibus
1000 1633 1129 1670 aposto-

390 1681 483 1722 licite,
514 1691 640 1714 necnon
678 1681 780 1713 dictae
806 1690 951 1712 camerae
992 1685 1023 1712 et
1059 1679 1129 1712 aliis

391 1734 576 1778 quibusvis,
602 1733 697 1766 etiam
728 1734 925 1772 iuramento,
959 1733 1129 1765 confirma-

391 1787 480 1819 tione
500 1787 689 1830 apostoliea,
705 1788 754 1819 vel
773 1786 882 1829 quavis
899 1785 1049 1818 firmitate
1068 1786 1129 1818 alia

391 1840 574 1880 soboratis,
602 1840 727 1872 statutis
759 1845 790 1872 et
820 1830 1126 1878 consuetudinilnis‚

395 1893 572 1936 privilegiis
599 1903 751 1935 quoque,
786 1892 917 1925 indultis
949 1896 980 1924 et
1010 1892 1127 1924 litteris

393 1945 581 1988 apostolicis
606 1945 639 1977 in
664 1945 860 1977 contrarium
877 1944 1129 1988 praemissorum

394 1998 644 2042 quomodolibet
667 1998 847 2039 concessis,
875 1998 1072 2030 confirmatis
1099 2003 1130 2030 et

393 2052 570 2092 innovatis;
597 2052 712 2095 quibus
737 2052 886 2084 omnibus
913 2057 945 2084 et
966 2051 1103 2094 singulis
1119 2079 1126 2092 ,

393 2104 522 2138 illorum
548 2110 678 2137 tenores
699 2105 923 2148 praesentibus
949 2116 1008 2147 pro
1031 2106 1128 2148 plene

395 2163 425 2190 et
449 2158 643 2192 sufficienter
667 2158 828 2201 expressis
853 2169 889 2190 ac
914 2159 952 2191 de
976 2159 1072 2191 verbo
1090 2159 1128 2191 ad

395 2212 528 2244 verbum
554 2212 684 2245 insertis
712 2213 880 2253 habentes,
907 2211 969 2244 illis
994 2212 1072 2244 alias
1097 2213 1129 2244 in

397 2274 455 2297 suo
480 2266 597 2298 robore
622 2265 850 2308 permansuris,
875 2265 913 2297 ad
939 2265 1130 2308 praemisso-

397 2327 468 2350 rum
494 2317 651 2358 effectum,
681 2319 741 2351 liae
767 2318 835 2351 vice
862 2318 1033 2357 dumtaxat,
1060 2329 1130 2361 spe-

397 2370 521 2403 cialiter
546 2377 577 2404 et
595 2382 748 2415 expresse
771 2372 980 2413 derogamus3
1000 2371 1131 2403 ceteris-

397 2434 457 2466 que
483 2424 653 2456 contrariis
683 2425 952 2467 quilmscumque.

442 2477 555 2509 Datum
574 2478 709 2517 Romae,
734 2479 817 2521 apud
840 2478 870 2510 S.
887 2477 1016 2509 Mariam
1034 2477 1132 2509 Malo-

398 2541 477 2570 rem,
495 2532 552 2563 sub
567 2533 686 2563 annulo
702 2531 884 2571 piscatoris,
899 2532 949 2563 die
963 2542 981 2563 x
1002 2541 1132 2563 novem-

397 2584 463 2617 bris
474 2594 647 2623 MDCvanl,
664 2584 869 2626 pontificatus
884 2584 985 2616 nostri
1001 2594 1084 2616 anno
1096 2593 1128 2616 11.

226 483 336 502 Decretum
354 482 380 501 ir·

197 511 270 531 tilam.

434 2645 493 2673 Dat.
510 2646 552 2673 die
575 2648 604 2674 10
626 2646 778 2673 novembris
802 2646 877 2679 lot-S,
899 2646 993 2680 ponus.
1017 2652 1130 2672 anuuit.

978 248 1157 274 BELLAMUM
1183 248 1334 272 ROMANUM

1917 241 1968 271 An.
1989 243 2019 270 C.
2039 242 2106 271 1008

1467 295 1610 328 LXXXV.

1172 376 1395 409 Committitur
1427 375 1547 407 nmzcio
1579 375 1764 407 sabaudiae
1788 379 1823 408 ut
1847 385 1907 407 au-

1214 429 1284 460 dicct
1308 438 1457 460 recursus
1474 427 1677 459 subditorum
1699 429 1907 470 principatus

1216 481 1397 513 Masserani
1436 485 1464 512 ee
1506 480 1754 512 marchionatus
1786 483 1906 513 {Jreva-

1217 534 1299 566 corii
1314 532 1333 565 ¹.

1171 614 1337 641 Venerabili
1359 613 1447 641 fratri
1471 614 1579 647 Augelo
1602 612 1824 647 archiepiscopo
1853 613 1908 640 Da-

1205 658 1356 690 matiensi,
1369 661 1471 684 nostro
1489 661 1518 685 et
1530 657 1716 691 Apostolicae
1728 657 1812 684 Sedis
1829 657 1907 691 apud

1205 702 1347 729 dilectum
1372 702 1466 728 filium
1494 703 1623 728 nobilem
1648 702 1744 728 virum
1775 702 1908 728 carolum

1204 747 1393 773 Emanuelem
1410 747 1576 773 Sabaudiae
1593 746 1697 773 ducem
1716 746 1838 778 nuncio¹

1386 800 1520 826 Clemens
1542 801 1621 833 Papa
1647 799 1692 825 lX.

1375 870 1563 901 Venerabilis
1584 857 1711 903 frater,-

1203 917 1332 944 salutem
1355 919 1386 943 et.
1406 915 1602 950 apostolicam
1622 915 1873 942 benedictionem.

1214 991 1228 1033 ἓ
1253 991 1284 1023 ’1.
1312 990 1387 1023 Cum
1412 989 1520 1023 dilecti
1545 989 1602 1022 filii
1627 989 1807 1028 eonsules²,
1834 992 2103 1038 con‘‹t—.³.i.⁰s¹³e'i.„¹.³i.ifi]

1171 1043 1282 1076 siliarii
1301 1049 1332 1076 et
1350 1044 1496 1076 homines
1521 1043 1718 1086 principatus
1735 1043 1907 1075 lllasserani
1921 1045 1991 1065 ¹¹⁰¹·ss

1172 1102 1204 1128 et
1228 1096 1466 1129 marchionatus
1498 1095 1675 1127 Crevacorii
1709 1095 1909 1138 aliorumque

1172 1150 1315 1182 locorum
1341 1159 1551 1187 annexorum,
1569 1148 1609 1181 ob
1635 1158 1784 1190 magnam
1799 1158 1909 1180 eorum

1172 1202 1211 1234 ab
1236 1201 1320 1234 Urbe
1346 1201 1542 1241 distantiam,
1562 1211 1627 1233 non
1645 1200 1737 1234 facile
1764 1211 1823 1232 nee
1842 1200 1910 1232 sine

1173 1254 1308 1287 notabili
1334 1254 1538 1287 incommodo
1563 1259 1595 1286 et
1618 1253 1766 1296 impensa
1783 1254 1910 1285 valcant

1173 1307 1325 1340 accedere
1351 1307 1390 1339 ad
1415 1307 1636 1350 Apostolicam
1661 1306 1784 1347 Sedcm,
1813 1305 1910 1348 eique

1173 1371 1248 1394 suos
1274 1370 1424 1393 recursus
1441 1366 1472 1392 et
1486 1361 1690 1403 querelarum
1716 1369 1826 1392 causas
1841 1369 1912 1402 pro-

1174 1423 1307 1456 ponere,
1333 1413 1357 1445 si
1377 1413 1503 1456 quando
1529 1423 1546 1444 a
1567 1411 1713 1452 dominis,
1734 1411 1850 1454 quibus
1872 1411 1910 1443 ab

1173 1467 1284 1499 eadem
1309 1466 1390 1499 Sede
1416 1465 1576 1498 commissi
1603 1470 1695 1505 sunt,
1725 1465 1772 1496 vel
1798 1474 1910 1496 eorum

1174 1519 1330 1551 iudicibus
1366 1518 1507 1551 sentiant
1538 1528 1570 1550 se
1607 1517 1640 1550 in
1674 1517 1781 1560 aliquo
1817 1528 1909 1560 prae-

1174 1573 1315 1615 gravari,
1335 1572 1474 1614 indeque
1494 1572 1619 1614 saepius
1638 1570 1809 1612 contigerit
1826 1570 1908 1609 illos,

1174 1632 1301 1669 praesto
1326 1625 1488 1658 neminem
1514 1625 1671 1657 habentes
1698 1624 1751 1666 qui
1778 1634 1832 1656 eos
1857 1633 1911 1655 au-

1174 1679 1239 1711 diat
1264 1683 1295 1711 et
1319 1677 1480 1721 praesidio
1506 1678 1571 1717 sit,
1600 1677 1716 1709 ani-inis
1742 1675 1912 1709 concitatis

1174 1731 1365 1774 prosiluisse
1391 1730 1423 1762 in
1448 1730 1552 1763 vanos
1578 1740 1742 1770 excessus,
1773 1729 1911 1761 maximo

1174 1785 1270 1817 etiarn
1296 1795 1368 1817 cuni
1390 1784 1582 1817 detrimento
1601 1783 1840 1826 praedictorum
1861 1781 1913 1814 do-

1174 1838 1337 1871 minorum
1362 1839 1433 1870 loca
1458 1837 1528 1880 ipsa
1554 1836 1771 1869 obtinentium
1792 1835 1825 1868 in
1844 1835 1911 1868 seu-

1174 1892 1266 1924 dum:
1286 1902 1354 1930 nos,
1376 1902 1412 1923 ex
1431 1901 1563 1923 munere
1584 1889 1678 1922 nobis
1699 1888 1841 1921 iniuncto
1862 1899 1913 1921 vo-

1174 1946 1277 1977 lentes
1312 1944 1456 1977 omnium
1482 1943 1707 1985 tranquillitati
1740 1953 1775 1974 ac
1812 1941 1910 1974 etiarn

1173 1997 1394 2030 commoditati
1420 2002 1451 2029 et
1475 1995 1680 2029 indemnitati
1706 1994 1907 2038 prospicere,

1173 2057 1259 2084 motu
1284 2050 1419 2094 proprio
1445 2061 1480 2082 ac
1506 2060 1543 2082 ex
1568 2052 1655 2082 certa
1685 2048 1819 2081 scientia
1852 2058 1909 2080 no·
1921 2048 2103 2095 stffifgcffgomflntjgj

1173 2107 1258 2144 stra,
1287 2104 1390 2146 deque
1417 2103 1613 2145 apostolieae
1645 2101 1813 2144 potestatis
1842 2100 2104 2149 plss·}{,‘,[,‘},⁰,²,²„‘{¹,¹⁵⁰‘

1173 2157 1327 2196 nitudine,
1355 2162 1392 2196 te,
1410 2156 1448 2188 de
1467 2156 1558 2188 cuius
1580 2155 1751 2198 probitate,
1771 2154 1911 2197 pruden-

1174 2211 1230 2252 tia,
1258 2222 1293 2243 ac
1319 2210 1351 2242 in
1376 2209 1473 2242 rebus
1499 2209 1632 2251 agendis
1663 2208 1854 2240 dexteritate
1880 2212 1912 2239 et

1174 2263 1373 2307 experientia
1397 2262 1571 2306 plurimum
1598 2261 1630 2293 in
1654 2261 1791 2293 Domino
1817 2259 1912 2292 confi-

1174 2318 1301 2361 dimus,
1329 2315 1552 2349 constituimus
1587 2320 1617 2347 et
1650 2315 1841 2358 deputamus
1878 2318 1913 2345 ut

1175 2381 1339 2410 recursus,
1367 2369 1392 2401 si
1419 2379 1500 2412 quos
1525 2380 1542 2401 a
1567 2368 1731 2411 quibusvis
1758 2367 1912 2410 gravami-

1174 2423 1268 2456 nibus
1292 2434 1349 2466 per
1363 2423 1514 2455 dilectum
1528 2422 1629 2454 lilium
1643 2420 1787 2453 nobilem
1806 2420 1910 2451 virum

1174 2476 1356 2519 principem
1402 2475 1572 2507 Masserani
1618 2480 1649 2507 et
1687 2472 1908 2505 marchionem

1175 2528 1363 2570 Crevacorii,
1388 2528 1451 2561 sive
1478 2528 1546 2561 eius
1573 2526 1712 2567 iudices,
1739 2524 1911 2568 praedictis

1211 2603 1222 2627 1
1246 2600 1283 2626 Ex
1304 2600 1409 2633 Regest.
1430 2599 1459 2625 in
1477 2599 1577 2625 Secret.
1599 2597 1675 2623 Brev.

1209 2644 1225 2670 2
1246 2644 1311 2671 vide
1327 2644 1405 2671 aliam
1420 2644 1534 2670 similem
1549 2649 1628 2676 supra
1644 2649 1701 2676 pag¹
1725 2639 1771 2666 258
1786 2642 1823 2675 tn.
1842 2640 1902 2680 12).v
