2247 3208
1013 185 1156 211 CLEMENS
1182 176 1212 212 ix
1237 187 1285 211 pr.
1810 179 1874 213 595

386 237 586 266 moratorum
600 233 888 277 praedecessorum
906 235 1046 268 insimili
1065 236 1127 267 sor·
1171 246 1254 279 quae
1279 236 1310 268 in
1337 236 1507 279 praedictis
1532 237 1820 280 praedecessorum
1854 249 1910 270 no-

385 287 438 318 ma
463 286 570 319 Brevis
608 288 743 327 litteris,
782 288 962 321 novissimis
996 289 1126 331 quidem
1169 294 1308 321 strorum
1334 289 1447 322 litteris
1474 300 1627 322 concessa
1652 296 1726 322 sunt
1758 301 1822 323 non
1852 291 1909 323 ob—

192 182 241 209 An.
261 181 289 208 C.
314 182 380 210 1667
1920 189 1969 215 An.
1987 188 2014 215 C.
2039 190 2102 216 1ΓΟΤ

210 558 302 581 ΙΙῠῑίνι,

197 927 302 948 Coneadu
313 927 369 948 Pon-

184 954 233 973 trstx
249 956 272 974 ut
293 954 314 974 in
335 960 370 975 ru—

185 979 253 1001 brice.

208 2545 369 2566 eonnarnsde-

188 2575 256 2598 rogat

386 338 462 371 dicti
489 339 609 372 Alexan
625 340 661 372 lri
687 341 946 383 praedecessoris
965 341 1016 373 die
1037 351 1055 373 x
1072 351 1126 373 no-

383 391 524 423 vembris
551 401 669 425 MDCLIx
693 393 862 435 expeditis,
887 403 1020 435 quarum
1039 397 1126 424 teno-

384 452 435 476 res
451 445 674 486 praesentibus
690 455 748 487 pro
764 445 926 487 expressis
944 445 1056 477 haberi
1071 455 1126 476 vo-

383 496 504 536 lumus,
529 496 662 529 uberius
689 497 884 529 continetur.

429 549 443 591 g
468 548 499 580 ΕΖ.
527 548 604 582 Cum
622 555 737 589 autem,
753 550 834 581 sicut
848 549 1072 581 universitates
1094 554 1124 581 et

383 601 535 634 homines
559 601 715 644 praedicti
749 601 842 633 nobis
875 612 977 644 nuper
1006 601 1122 644 exponi

384 654 539 694 fecerunt,
559 654 819 697 quinquennium
838 655 1010 687 novissime
1041 655 1123 687 sicut

381 706 601 749 praemittitur
628 716 818 738 concessum
840 707 899 739 iam
917 707 1122 749 expiraverit,

380 758 442 801 ipsi
459 768 536 790 vero
547 758 667 790 eisdem
678 759 871 791 necessitate
884 765 911 791 et
929 765 1120 802 paupertate

380 811 640 846 acinconnnodo
667 817 862 854 premantur,
890 818 920 845 et
947 818 1121 855 propterea

380 869 564 906 opportune
583 864 643 896 sibi
662 874 678 895 a
693 865 785 897 nobis
804 865 837 896 in
852 865 1036 906 praemissis
1049 875 1121 907 pro-

378 915 480 948 videri
506 926 712 959 summopere
739 916 939 949 desiderent:
962 927 1028 955 nos,
1048 927 1121 960 spe-

379 968 493 1001 cialem
519 969 640 1002 eisdem
666 970 902 1012 exponentibus
923 970 1057 1012 gratiam
1079 970 1121 1002 sa-

379 1032 453 1054 cere
478 1023 634 1059 volentes,
654 1027 686 1054 et
711 1033 823 1054 eorum
850 1023 1029 1064 singulares
1047 1033 1120 1065 per-

378 1084 474 1107 sonas
510 1086 528 1107 a
563 1075 727 1117 quibusvis
753 1075 1092 1108 exconnnunicationis
1110 1102 1117 1114 ,

379 1127 604 1170 suspensionis
635 1133 667 1160 et
695 1127 874 1167 interdicti,
901 1128 1037 1171 aliisque
1069 1138 1120 1160 ec-

379 1180 566 1212 clesiasticis
585 1180 762 1219 sententiis,
787 1180 931 1213 censuris
950 1186 979 1213 et
993 1181 1116 1223 poenis,

379 1243 397 1264 a
421 1232 489 1264 iure
506 1233 555 1264 vel
577 1232 616 1264 ab
642 1232 783 1271 homine,
810 1233 921 1275 quavis
946 1233 1118 1266 occasione

378 1285 427 1316 vel
453 1286 548 1316 causa
575 1285 654 1324 latis,
682 1285 706 1317 si
730 1285 847 1328 quibus
874 1285 1120 1328 quomodolibet

378 1336 552 1370 innodatae
567 1337 716 1377 existunt,
733 1339 772 1370 ad
792 1338 941 1370 ellectum
966 1349 1118 1381 praesen-

379 1389 459 1422 tium
493 1391 658 1423 dumtaxat
685 1391 973 1433 consequendum,
1000 1392 1115 1424 harum

378 1443 465 1475 serie
491 1444 701 1476 absolventes
724 1449 752 1475 et
773 1444 940 1476 absolutas
954 1444 1022 1476 sore
1042 1455 1118 1476 cen-

377 1501 497 1535 sentes,
528 1496 819 1538 supplicationibus
846 1506 958 1528 eorum
985 1497 1116 1529 nomine

378 1548 473 1581 nobis
499 1559 598 1591 super
623 1550 685 1581 hoc
704 1549 869 1582 humiliter
889 1550 1046 1592 porrectis
1071 1551 1118 1582 in-

378 1602 501 1641 clinati,
519 1607 562 1641 ut,
580 1602 802 1644 quinquennio
816 1603 963 1645 proximo
981 1604 1115 1636 durante

379 1654 550 1693 dumtaxat,
567 1655 704 1687 dilectus
720 1654 804 1687 filius
820 1665 905 1687 nunc
925 1661 955 1687 et
970 1666 1028 1698 pro
1045 1661 1117 1688 tem-

378 1716 457 1748 pore
482 1706 622 1738 existens
649 1707 679 1738 in
705 1706 768 1738 illis
793 1707 937 1750 partibus
956 1714 1067 1740 noster
1087 1715 1117 1740 et

378 1758 481 1792 dictae
506 1759 597 1791 Sedis
623 1759 773 1798 nuncius,
801 1770 898 1802 qnasc
926 1771 1022 1803 mque
1048 1761 1117 1792 uni-

377 1812 566 1844 versitatum
603 1817 634 1844 et
674 1812 843 1844 hominum
877 1813 1116 1855 praedictorum

378 1875 494 1897 causas
519 1865 551 1897 in
577 1865 721 1897 secunda
746 1865 895 1897 instantia
922 1866 1042 1906 civiles,
1056 1867 1117 1899 cri-

378 1917 514 1949 minales
547 1922 579 1949 et
610 1917 746 1957 mixtas,
779 1928 815 1949 ac
846 1917 1052 1951 beneficiales
1086 1925 1118 1951 et

379 1969 634 2002 matrimoniales
653 1997 660 2009 ,
702 1975 733 2002 et
768 1970 845 2002 alias
886 1971 1115 2014 cuiuscumque

379 2022 541 2065 qualitatis
562 2023 742 2063 existentes,
762 2028 793 2055 et
817 2024 854 2056 ad
881 2035 1117 2068 quamcumque

378 2085 533 2107 summam
567 2076 798 2116 ascendentes,
826 2076 912 2108 iuxta
937 2077 1115 2110 litterarum

378 2128 616 2170 praedictarum
634 2135 789 2169 tenorem,
808 2129 930 2169 audire,
944 2141 1118 2172 cognosce-

379 2191 434 2221 re,
462 2182 612 2214 decidere
638 2187 670 2214 et
693 2182 755 2214 fine
781 2182 890 2215 debito
923 2184 1114 2225 terminare,

380 2244 425 2274 ac,
441 2240 538 2277 prout
556 2235 631 2267 iuris
649 2236 751 2275 fuerit,
767 2237 972 2278 exequutioni
988 2237 1117 2269 deman-

380 2286 456 2319 dare
480 2287 583 2330 possit
607 2293 639 2320 et
663 2289 777 2327 valeat,
805 2289 985 2331 apostolica
1008 2296 1116 2323 aucto-

379 2339 483 2381 ritate,
509 2346 622 2373 tenore
653 2342 886 2384 praesentium,
910 2343 1116 2376 concedimus

380 2400 412 2426 et
428 2394 642 2436 indulgemus,
664 2394 847 2437 nuncioque
866 2396 1030 2437 praedicto
1048 2397 1117 2439 ple-

379 2458 453 2481 nam
477 2452 509 2480 et
529 2447 747 2479 omnimodam
766 2447 796 2479 in
814 2449 999 2490 praemissis
1018 2450 1116 2482 sacul-

380 2507 475 2533 tatem
501 2499 669 2532 tribuimus
694 2506 725 2531 et
750 2500 963 2542 impertimur.

1170 346 1273 380 stare,
1300 341 1480 385 ceterisque
1507 343 1676 375 contrariis
1703 343 1908 386 quibuscum-

1170 403 1243 435 que.

1209 444 1223 486 ἓ
1263 445 1293 476 4.
1329 446 1479 478 Volumus
1513 453 1619 480 autem
1651 454 1685 480 ut
1716 449 1904 481 earumdem

1168 498 1386 538 praesentium
1414 500 1593 532 litterarum
1614 502 1830 544 transumptis,
1850 512 1904 534 seu

1167 550 1333 592 exemplis,
1353 551 1448 583 etiam
1464 552 1639 594 impressis,
1656 564 1751 586 manu
1771 554 1905 587 alicuius

1167 601 1285 632 notarii
1307 602 1426 644 publici
1451 603 1653 647 subscriptis,
1673 610 1703 637 et
1722 606 1830 648 sigillo
1849 607 1905 639 ati-

1167 652 1255 684 cuius
1273 664 1431 695 personae
1454 655 1484 687 in
1503 656 1658 697 dignitate
1685 658 1904 691 ecclesiastiea

1166 705 1359 738 constitutae
1386 707 1523 742 munitis,
1551 709 1663 741 eadem
1680 720 1813 752 prorsus
1826 710 1904 743 fides

1166 763 1229 790 tam
1255 759 1286 790 in
1322 759 1440 792 iudicio
1472 771 1566 802 quam
1599 767 1687 793 extra
1719 763 1902 803 habeatur,

1165 820 1245 852 quae
1271 812 1496 853 praesentibus
1528 812 1720 853 haberetur,
1747 815 1771 847 si
1799 816 1904 848 forent

1165 862 1329 895 exhibitae
1356 865 1404 896 vel
1430 871 1590 897 ostensae.

1209 915 1322 948 Datum
1348 916 1489 957 Romae,
1516 918 1603 961 apud
1629 918 1659 951 S.
1687 919 1817 952 Mariam
1844 921 1905 954 Ma·

1164 967 1288 1008 iorem,
1317 969 1376 1001 sub
1402 971 1521 1003 annulo
1547 971 1733 1013 Piscatoris,
1761 973 1810 1006 die
1832 984 1903 1007 xxxi

1164 1022 1308 1054 octobris
1345 1033 1516 1063 noctxvn,
1551 1025 1761 1066 pontificatus
1799 1028 1900 1060 nostri

1164 1084 1248 1106 anno
1270 1085 1289 1106 t.

1200 1135 1256 1162 ttat.
1274 1136 1318 1163 die
1333 1137 1361 1163 3¹
1381 1137 1500 1164 octobris
1520 1139 1596 1170 ¹667,
1614 1139 1709 1174 pontif.
1725 1147 1795 1167 anno
1810 1147 1829 1167 Ι.

1472 1280 1591 1313 ΧΧΧΙΙ.

1163 1357 1372 1398 Confirmatio
1396 1360 1512 1391 statuti
1538 1371 1556 1392 a
1589 1361 1732 1403 capitulo
1757 1362 1903 1395 ecclesiae

1204 1410 1409 1444 Lemniensis
1426 1413 1547 1445 conditi
1563 1418 1591 1446 el
1612 1415 1651 1445 ub
1670 1416 1811 1458 episcopa
1827 1427 1900 1448 con—

1203 1464 1326 1505 firmati
1349 1465 1433 1497 circa
1459 1467 1683 1508 fundationem
1706 1470 1898 1501 cmm‘versa-

1204 1517 1331 1549 riorum
1355 1519 1582 1551 canonicorum
1610 1520 1828 1553 decedentium
1842 1523 1861 1553 ¹.

1378 1598 1511 1624 Clemens
1535 1599 1611 1632 Papa
1633 1600 1678 1629 IX,

1283 1641 1318 1667 ad
1339 1645 1515 1674 perpetuam
1535 1643 1579 1668 rei
1601 1644 1781 1670 memoriam.

1204 1709 1218 1751 ξ
1242 1709 1273 1742 ¹1.
1301 1710 1424 1753 Evponi
1450 1711 1542 1744 nobis
1568 1723 1672 1755 nuper
1696 1714 1838 1746 fecerunt
1857 1716 1899 1748 di-

1160 1762 1235 1794 lecti
1259 1761 1316 1794 filii
1343 1763 1484 1795 decanus
1502 1771 1533 1796 et
1547 1765 1724 1807 capitulum
1742 1768 1896 1800 ecclesiat—

1161 1815 1365 1847 Lexoviensis
1391 1816 1478 1857 quod
1510 1817 1597 1858 (cum
1626 1819 1766 1860 quodam
1796 1819 1898 1851 dicta·-

1160 1867 1313 1899 ecclesiae
1339 1873 1468 1908 statuto,
1495 1870 1673 1911 apostolica
1707 1872 1898 1904 auctoritate

1160 1920 1279 1952 dudum
1305 1920 1388 1953 inter
1422 1921 1485 1953 alia
1520 1928 1553 1953 ut
1592 1923 1744 1955 asseritur
1785 1924 1899 1957 conflr-

1159 1978 1257 2011 mato,
1284 1979 1412 2005 cavetur
1436 1975 1520 2017 quod
1547 1975 1720 2008 canonicus
1747 1977 1898 2009 distribu-

1160 2025 1242 2057 tivus
1276 2025 1435 2058 decedens
1466 2033 1638 2070 postquam
1680 2039 1737 2070 per
1776 2040 1895 2061 annum

1158 2077 1322 2119 integrum
1348 2085 1379 2111 et
1404 2080 1592 2112 continuum
1610 2081 1811 2114 interfuisset
1830 2093 1896 2115 ser-

1158 2131 1236 2164 vitio
1263 2133 1365 2165 dictae
1391 2134 1553 2172 ecclesiae,
1580 2135 1665 2176 quod
1687 2135 1822 2177 stagium
1847 2137 1895 2169 vel

1159 2194 1277 2216 annum
1295 2185 1411 2227 rigoris
1429 2191 1553 2225 vocant,
1570 2192 1600 2218 et
1618 2187 1724 2219 debite
1739 2189 1898 2230 approba-

1159 2242 1224 2269 tum
1247 2237 1404 2278 secisset2',
1427 2239 1604 2271 secundum
1626 2241 1894 2274 consuetudinem

1159 2289 1303 2322 eiusdem
1330 2291 1499 2327 ecclesiae,
1527 2293 1682 2333 gauderet
1700 2304 1759 2336 per
1778 2304 1896 2326 annum

1158 2342 1320 2385 integrum
1340 2349 1415 2387 post
1440 2355 1532 2377 suuni
1559 2345 1681 2378 obitum
1698 2353 1760 2379 tam
1775 2348 1896 2389 grossis

1159 2395 1312 2428 fructibus
1337 2397 1554 2439 praebendae,
1576 2410 1670 2442 quain
1697 2400 1895 2433 distributio-

1195 2477 1204 2501 1
1229 2475 1265 2501 Ex
1286 2476 1394 2510 Regest.
1417 2478 1441 2502 in
1463 2477 1567 2504 Secret.
1588 2478 1665 2505 Brev.

1192 2519 1207 2544 2
1224 2518 1287 2545 Hele
1303 2523 1329 2545 et
1344 2520 1369 2546 in
1385 2529 1460 2556 seqq.
1477 2521 1622 2550 lectionem
1643 2523 1769 2558 corrigat,
1786 2524 1808 2550 si
1829 2531 1896 2558 opus

423 2554 438 2595 g
469 2553 487 2586 3
538 2552 607 2587 *Non
639 2552 838 2585 obstantibus
870 2553 1018 2586 omnibus
1051 2554 1114 2587 illis
1158 2567 1208 2598 est,
1230 2563 1312 2591 tector
1332 2564 1404 2592 scius
1423 2569 1526 2601 (nnn).

1957 461 2102 487 tran<umpus

1917 487 2057 508 crediinbcn

1938 1721 2053 1747 Etposnio.
