2247 3208
111 191 165 218 An.
181 189 210 216 C.
235 189 300 216 ist35

168 354 287 375 canuam«

100 382 197 407 ἀετοςςι

301 237 413 280 quavis
432 236 635 270 auctoritate.
652 235 794 268 scienter
814 236 864 268 vel
883 235 1037 278 ignoran-

301 294 361 329 ter,
382 290 559 332 contigerit
582 289 746 322 attentari.

343 345 357 386 ξ
382 344 413 376 6.
440 343 510 376 Non
537 343 740 375 obstantibus
765 341 918 384 praefatis
943 341 1037 373 Inno-

299 396 397 429 centii
424 395 684 439 praedecessoris
711 395 769 427 11111
784 395 836 433 ris,
856 405 891 426 ac
915 404 1037 426 memo-

298 449 358 481 rati
392 448 523 481 Victorii
565 447 660 479 etiam
696 446 810 479 ultima
847 447 1033 485 voluntate,

297 512 393 544 quam
426 501 533 543 quoad
565 500 741 543 praemissa
773 499 972 531 sufficienter
1003 503 1036 529 et

297 564 448 597 expresse
469 557 710 590 commutamus,
733 551 867 593 aliisque
886 550 1035 593 praemis-

296 606 349 643 sis,
361 615 488 638 necnon
502 604 694 637 recolendae
712 603 888 635 memoriae
908 602 996 635 Pauli
1010 602 1033 634 ll

297 663 328 691 ct
343 658 480 691 aliorum
498 658 718 689 Romanorum
732 655 925 688 Pontificum
943 665 1035 697 prae·
1053 677 1054 681 ,

296 711 502 742 decessorum
527 708 649 750 pariter
669 713 854 740 nostrorum
872 708 910 740 de
935 707 1032 739 rebus
1053 738 1054 742 ,

296 762 454 795 Ecclesiae
475 772 539 793 non
564 760 757 799 alienandis,
777 765 804 792 et
824 760 894 802 piae
912 770 1033 792 memo-
1052 763 1054 786 J

295 814 361 846 riae
387 813 432 845 Pii
458 813 561 855 Papae
587 813 622 844 lv
648 813 741 844 etiam
773 813 1032 855 praedecessoris

294 865 397 898 nostri
423 865 461 897 de
487 865 598 906 gratiis
619 865 856 907 qualecumque
873 864 1031 897 interesse

294 918 396 951 dietae
415 928 558 950 camerae
577 918 848 950 concernentibus
869 918 901 950 in
919 919 1031 951 eadem

294 973 421 1017 camera
457 971 541 1003 intra
577 977 698 1004 certum
733 976 807 1003 tunc
843 982 1030 1014 expressum

295 1029 420 1066 tempus
448 1023 695 1066 praesentandis
732 1029 762 1055 et
798 1024 1029 1065 registrandis,

295 1075 338 1107 ita
352 1080 386 1106 ut
401 1080 590 1118 praesentes
610 1076 730 1108 litteras
745 1076 866 1108 ibidem
882 1087 1031 1118 praesen-

294 1128 364 1165 tari,
382 1128 538 1160 insinuari
551 1133 582 1160 et
606 1128 772 1169 registrari
794 1138 958 1171 nunquam
976 1139 1031 1161 ne-

294 1190 381 1212 cesse
396 1180 447 1215 sit,
463 1190 497 1211 ac
512 1180 549 1212 de
560 1190 626 1212 non
637 1180 782 1212 tollendo
794 1180 861 1212 iure
873 1181 1028 1222 quaesito,

294 1238 325 1264 et
337 1233 512 1264 unionibus
529 1238 561 1264 et
575 1232 848 1274 applicationibus
864 1234 1030 1276 perpetuis

294 1284 536 1316 committendis
561 1285 600 1316 ad
620 1290 741 1327 partes,
758 1285 875 1317 vocatis·
892 1296 1030 1344 quorum

293 1337 438 1375 interest,
453 1337 728 1380 exprimendoqne
746 1338 779 1370 in
804 1339 867 1371 illis
892 1350 966 1372 vero
983 1350 1030 1372 va-

292 1390 374 1428 lore,
402 1390 584 1432 ceterisque
617 1391 735 1423 nostris
761 1396 791 1424 et
817 1392 1050 1442 cancellariae

293 1442 491 1484 apostolicae
511 1443 640 1484 regulis,
656 1453 783 1475 necnon
804 1444 1029 1478 Lateranensis
1048 1466 1050 1489 1,

294 1494 423 1527 concilii
441 1495 615 1527 novissime
634 1496 786 1528 celebrati
810 1496 946 1529 uniones
963 1508 1031 1540 per·
1048 1496 1051 1538 i

292 1552 414 1589 petuas,
440 1547 501 1579 nisi
526 1548 559 1579 in
584 1548 712 1580 casibus
731 1560 748 1581 a
766 1549 832 1581 iure
854 1551 1028 1592 expressis,

292 1600 361 1633 lieri
395 1601 600 1643 prohibentis
615 1627 622 1640 ‚
655 1601 792 1644 aliisque
825 1604 1027 1644 apostolicis,

293 1662 328 1684 ac
346 1653 376 1684 in
394 1653 630 1685 universalibus
656 1654 973 1699 provincialilmsque
999 1663 1031 1689 et

293 1706 502 1747 synodalibus
527 1706 674 1739 conciliis
699 1708 804 1748 editis,
821 1710 1028 1751 generalibus
1049 1729 1051 1741 .

292 1759 344 1790 vel
360 1759 563 1801 specialibus,
583 1760 868 1794 constitutionibus
893 1767 924 1794 et
949 1763 1030 1795 ordi·
1049 1786 1051 1808 t

292 1810 488 1848 nationibus,
519 1822 555 1844 ac
581 1813 844 1855 congregationis
870 1819 901 1846 et
933 1811 1053 1847 colle-'

293 1863 334 1904 gii
361 1864 587 1906 praefatorum,
606 1864 713 1897 aliisve
735 1866 912 1907 quibusvis,
932 1867 1029 1900 etiam
1049 1867 1052 1909 ξ

292 1915 491 1955 iuramento,
510 1916 757 1949 confirmatione
773 1919 962 1960 apostolica,
979 1922 1028 1953 vel

293 1968 404 2010 quavis
425 1968 577 2001 firmitate
603 1969 666 2001 alia
690 1970 873 2010 roboratis,
899 1973 1028 2005 statutis

293 2026 323 2052 et
356 2021 661 2060 consuetudinibus,
680 2021 860 2064 privilegiis
889 2034 1028 2067 quoque,

292 2072 429 2105 indultis
451 2079 484 2105 et
503 2073 620 2105 litteris
639 2075 828 2116 apostolicis
846 2077 940 2109 etiam
957 2088 1030 2110 con-

292 2126 472 2167 gregationi
498 2131 528 2158 et
546 2127 685 2168 collegio
717 2127 920 2168 huiusmodi,
946 2130 1031 2162 aliis-

292 2187 330 2209 ve
356 2177 570 2219 quibuslibet,
595 2179 653 2211 suh
678 2180 934 2224 quibuscumque
959 2194 1030 2216 rer-

293 2230 409 2262 borum
446 2232 610 2264 tenoribus
647 2238 678 2264 et
717 2234 827 2266 formis
842 2261 849 2273 ,
884 2245 919 2267 ac
957 2246 1028 2268 cum

293 2283 458 2325 quibusvis
487 2284 581 2316 etiam
621 2285 895 2328 derogatoriarum
936 2288 1028 2322 dero-

294 2336 440 2377 gatoriis,
468 2337 603 2379 aliisque
642 2337 896 2380 efficacioribus,
923 2341 1028 2373 effica-

293 2388 429 2421 cissimis
454 2394 485 2421 et
515 2389 651 2422 insolitis
683 2391 851 2430 clausulis,
878 2392 1030 2426 irritanti-

292 2440 416 2484 busque
431 2447 461 2474 et
473 2441 543 2474 aliis
568 2441 715 2480 decretis,
733 2442 766 2474 in
783 2453 903 2484 genere
928 2446 977 2477 vel
995 2446 1027 2477 in

293 2494 411 2536 specie,
434 2495 529 2527 etiam
555 2500 653 2534 motu,
674 2495 809 2527 scientia
834 2501 866 2528 et
890 2503 1028 2540 potesta-

293 2546 333 2580 tis
353 2547 553 2590 plenitudine
572 2547 738 2588 similibus,
757 2559 792 2580 ac
818 2550 1029 2585 consistoria-

898 187 1086 210 ALExANDER
1111 188 1153 211 Vll
1179 187 1226 210 FP.

1078 235 1152 267 liter
1182 240 1213 267 et
1248 235 1326 268 alias
1359 237 1605 279 quomodolibet
1629 237 1661 269 in
1687 244 1815 270 contra-

1078 287 1160 319 rium
1192 288 1443 330 praemissorum
1477 290 1667 329 concessis,
1700 290 1815 322 confir-

1078 340 1182 378 matis,
1207 340 1394 382 approbatis
1420 347 1452 374 et
1480 343 1603 384 pluries
1629 343 1812 381 innovatis·,

1078 391 1196 433 quibus
1221 393 1375 425 omnibus
1390 399 1421 426 et
1441 394 1589 436 singulis,
1609 396 1733 428 etiamsi
1754 407 1814 439 pro

1078 443 1207 476 illorum
1239 444 1411 476 sufficienti
1437 446 1647 487 derogatione
1680 449 1718 480 de
1750 449 1815 481 illis

1076 504 1252 537 eorumque
1279 496 1352 528 totis
1377 498 1548 529 tenoribus
1566 500 1723 541 specialis,
1743 511 1815 543 spe-

1076 547 1174 587 citica,
1201 558 1351 590 expressa
1365 555 1394 581 et
1410 550 1582 589 individua,
1609 563 1672 584 non
1706 559 1812 585 autem

1076 610 1133 642 per
1165 601 1324 633 clausulas
1349 604 1515 643 generales
1540 603 1623 636 idem
1645 605 1815 647 importan-

1076 657 1141 691 tes‚
1173 654 1294 686 mentio
1319 664 1374 686 seu
1406 656 1536 697 quaevis
1561 657 1622 688 alia
1647 659 1812 700 expressio

1076 705 1225 738 habenda
1240 711 1294 738 aut
1314 708 1447 749 quaevis
1464 708 1526 740 alia
1542 710 1699 751 exquisita
1714 711 1813 743 forma

1075 758 1113 790 ad
1146 758 1210 790 hoc
1240 759 1395 792 servanda
1420 760 1518 799 soret,
1547 766 1673 793 tenores
1704 763 1814 795 liuius-

1074 810 1159 843 modi
1189 821 1225 843 ac
1252 811 1277 843 si
1306 812 1345 844 de
1365 812 1461 845 verbo
1491 813 1529 845 ad
1558 814 1700 853 verbum,
1730 815 1811 847 nibil

1073 863 1202 905 penitus
1220 864 1351 903 omisso,
1370 869 1465 908 atque
1487 866 1589 899 fornia
1609 867 1640 898 in
1667 867 1730 900 illis
1750 873 1813 900 tra-

1074 916 1138 948 dita
1158 917 1334 957 observata,
1352 918 1615 960 exprimerentur
1640 925 1671 952 et
1697 921 1812 953 insere-

1074 974 1193 1009 rentur,
1219 970 1449 1012 praesentibus
1477 982 1537 1014 pro
1562 973 1659 1014 plene
1686 978 1719 1005 et
1748 974 1812 1006 sus-

1073 1021 1223 1054 licienter
1247 1024 1413 1066 expressis
1431 1035 1466 1057 ac
1485 1025 1618 1058 insertis
1638 1026 1811 1064 babentes,

1073 1074 1135 1106 illis
1150 1075 1229 1107 alias
1244 1076 1277 1108 in
1295 1086 1355 1109 sno
1374 1077 1493 1110 robore
1513 1080 1752 1120 permansuris,
1772 1081 1810 1113 ad

1071 1128 1329 1169 praemissorum
1359 1128 1531 1169 effectum,
1564 1131 1752 1173 specialiter
1780 1138 1811 1164 et

1072 1188 1228 1220 expresse
1266 1180 1488 1223 derogamus3
1520 1182 1704 1225 ceterisque
1737 1194 1812 1217 eon-

1072 1231 1179 1264 trariis
1205 1232 1478 1277 quibuscumque.

1115 1283 1183 1325 37.
1223 1285 1374 1318 Volumus
1409 1292 1519 1321 autem
1556 1294 1591 1320 111.
1621 1291 1809 1323 earumdem

1071 1337 1292 1379 praesentium
1306 1339 1487 1372 litterarum
1510 1343 1734 1385 transumptis,
1752 1355 1809 1376 seu

1071 1390 1239 1432 exemplis,
1257 1391 1351 1424 etiam
1364 1392 1543 1436 impressis,
1564 1406 1658 1427 manu
1678 1396 1810 1429 alicuius

1071 1443 1189 1474 notarii
1210 1444 1335 1486 publici
1361 1445 1568 1489 subscriptis,
1589 1453 1619 1479 et
1638 1448 1747 1491 sigillo
1766 1450 1812 1482 di—

1071 1501 1138 1527 ctae
1163 1497 1426 1539 congregationis
1452 1509 1505 1532 seu
1531 1500 1666 1533 alicuius
1698 1511 1811 1544 perso-

1071 1559 1130 1580 nae
1156 1548 1189 1581 in
1212 1550 1433 1583 ecclesiastica
1451 1551 1607 1594 dignitate
1633 1555 1809 1587 eontitutae

1071 1601 1228 1642 munitis,
1264 1603 1377 1635 eadem
1410 1615 1547 1646 prorsus
1577 1605 1657 1638 tides
1686 1608 1807 1650 ubique¹

1072 1654 1218 1687 locorum
1237 1660 1269 1698 et
1286 1656 1429 1697 gentium
1446 1658 1551 1690 tamin
1577 1658 1697 1691 iudicio
1713 1671 1808 1702 quani

1072 1711 1161 1739 extra
1190 1707 1270 1740 illud
1306 1709 1521 1748 adhibeatur,
1549 1723 1631 1754 quae
1662 1713 1809 1755 ipsismet

1070 1761 1297 1803 praesentibus
1322 1763 1547 1805 adhiberetur,
1573 1765 1599 1797 si
1626 1766 1731 1798 forent
1759 1778 1810 1798 ex-

1072 1813 1195 1846 hibitae
1221 1815 1271 1846 vel
1298 1820 1463 1848 ostensae.

1114 1866 1226 1898 Datum
1252 1867 1284 1899 in
1306 1868 1385 1900 Arce
1402 1869 1598 1912 Gandulplii,
1617 1871 1808 1905 Albanensis

1071 1919 1239 1958 dioecesis,
1259 1921 1318 1953 sub
1339 1922 1458 1954 annulo
1477 1922 1656 1963 piscatoris,
1672 1924 1723 1956 die
1744 1935 1806 1958 xxii

1070 1972 1212 2004 octobris
1236 1975 1601 2017 n1nctxv,pontiticatus
1626 1977 1727 2009 nostri
1754 1988 1809 2010 an-

1070 2035 1112 2058 no
1137 2035 1180 2058 xl.

1106 2087 1165 2113 Dat.
1183 2087 1227 2114 die
1241 2087 1274 2114 22
1290 2088 1407 2116 octobris
1420 2089 1496 2123 1665,
1515 2091 1608 2125 pontif.
1625 2099 1694 2118 anno
1710 2100 1746 2120 xi.

1373 2230 1507 2265 Dxxln.

1072 2307 1111 2340 Ue
1135 2309 1170 2341 in
1196 2307 1288 2342 Slatu
1312 2310 1549 2344 Mediolanensi
1585 2317 1614 2345 el
1646 2314 1808 2347 mcirclzz'o-

1115 2367 1194 2394 1111111
1219 2363 1414 2395 Finariensi
1436 2365 1588 2397 recitetur
1612 2366 1755 2408 officium
1780 2366 1830 2400 el‘

1114 2415 1214 2446 missa
1240 2415 1461 2458 Concepliom‘s
1485 2418 1522 2449 B.
1548 2418 1591 2450 M.
1627 2419 1658 2451 Υ.
1690 2419 1809 2453 Imma-

1113 2467 1252 2508 aululae,
1279 2479 1351 2501 cum
1377 2471 1514 2503 oclavd¹.

1106 2565 1116 2590 1
1139 2562 1176 2590 Ex
1198 2563 1305 2600 Regest.
1326 2566 1350 2592 in
1372 2567 1476 2594 Secret.
1498 2567 1573 2596 Brev.

1716 180 1781 214 395
1828 192 1876 217 An.
1893 190 1920 216 c.
1945 191 2009 217 icet]

1856 1304 2005 1328 Transuuiptu-

1821 1337 1865 1351 rum
1883 1331 1914 1349 nrt·
1924 1339 1939 1349 s,
