2247 3208
108 237 157 262 An.
180 236 208 263 C.
226 238 234 262 1
242 237 291 263 (169

926 239 1008 262 CLEM
1015 238 1069 261 ENS
1094 240 1123 263 lx
1148 240 1195 262 111‘.

1716 231 1773 263 ΒΜ
1825 241 1862 267 An
1892 243 1919 267 c.
1947 243 2009 268 tcco

304 295 362 317 nos
389 290 419 316 ct
444 284 665 328 Apostolicam
691 284 804 318 Sedom
833 287 1037 329 protectoris,
1058 288 1060 334 i
1081 287 1252 320 nodalibus
1277 287 1422 321 conciliis
1454 287 1548 320 editis
1565 315 1572 328 ,
1609 289 1817 330 generalibus

303 347 401 380 super
426 337 489 369 hoc
514 337 683 371 humiliter
708 339 865 381 porrectis
884 339 1036 377 inclinati,
1058 344 1060 384 t
1082 340 1130 372 vel
1145 340 1354 382 specialibus,
1372 340 1657 373 constitutionibus
1679 346 1711 373 et
1733 341 1817 373 ordi-

303 390 446 423 eiusdem
472 390 602 433 collegii
628 391 869 434 superioribus,
888 398 934 432 ut,
953 392 1039 424 arbi·
1058 385 1060 426 i
1082 392 1268 425 nationibus
1285 419 1292 433 ,
1327 394 1505 437 ceterisque
1540 394 1713 427 contrariis
1746 394 1816 437 qui-

302 444 362 476 trio
386 444 580 476 venerabilis
607 444 712 476 l'i‘atris
737 444 892 477 Guidonis
917 445 1038 477 archie-
1058 449 1060 483 t
1081 444 1292 489 buscuuque.

302 495 425 539 piscopi
452 496 649 529 Rliodiensis
667 497 814 529 moderni
834 502 864 529 et
883 507 941 539 pro
961 502 1039 529 tein-

300 559 379 592 pore
406 549 574 582 existentis
599 550 703 583 nostri
729 555 759 582 et
783 549 875 582 Sedis
903 550 1039 592 Aposto-

300 602 380 635 licae
406 602 438 634 in
463 613 563 645 regno
588 602 742 635 Franciae
770 602 887 643 nuncii,
915 603 945 635 in
972 604 1038 646 pri—

300 662 372 688 vato
399 656 474 688 dicti
500 656 630 698 collegii
656 656 799 689 oratorio
825 656 864 688 ad
894 656 956 689 hoc
983 656 1036 689 de-

301 714 412 742 center
429 714 575 742 extructo
593 714 624 742 et
642 714 766 749 ornato,
782 719 839 741 seu
859 710 1037 742 extruendo

301 767 333 795 et
357 762 516 801 ornando,
540 762 580 794 ab
600 762 751 794 omnibus
774 762 958 795 domesticis
978 763 1038 795 usi-

299 813 359 845 bus
391 814 515 854 libero,
540 823 600 857 per
624 813 828 846 Ordinarium
853 815 915 847 loci
948 815 1036 858 prius

299 866 460 899 visitando
485 871 517 899 et
540 866 773 909 approbando,
797 873 1036 900 sacrosanctum

299 919 416 952 missae
437 918 630 952 sacrificium
649 918 682 952 in
700 921 755 952 sua
777 924 808 952 et
834 921 1036 952 alumnorum

299 983 335 1005 ac
368 971 501 1005 aliarum
542 983 758 1015 personarum
798 972 872 1005 dicti
907 973 1034 1015 collegii

299 1025 486 1068 praesentia
510 1025 678 1058 celebrare
716 1036 770 1058 seu
803 1025 959 1058 celebrari
993 1026 1037 1058 sa-

300 1089 382 1114 cere.
398 1088 525 1111 necnon
543 1078 663 1111 eisdem
680 1078 831 1118 alumnis,
853 1083 896 1118 ut,
914 1079 1035 1122 absque

299 1131 413 1165 litteris
439 1131 712 1172 dimissorialihus
739 1142 870 1164 suorum
901 1132 1036 1165 Ordina-

299 1185 448 1224 riorum,
481 1195 517 1217 ac
550 1185 644 1217 etiam
672 1185 741 1217 sine
769 1185 861 1217 titulo
885 1184 1034 1218 beneficii

299 1237 506 1270 ecclesiastici
533 1238 580 1270 vel
606 1237 799 1280 patrimonii,
824 1238 881 1270 sed
903 1238 941 1270 ad
962 1238 1036 1269 titu-

298 1290 363 1322 lun]
390 1295 513 1322 tantum
545 1289 759 1333 paupertatis,
787 1302 803 1322 a
829 1300 1033 1333 quocumque

299 1354 394 1386 quem
419 1343 596 1376 maluerint
619 1343 780 1376 catholico
807 1343 950 1375 antistite
969 1354 1035 1385 gra-

299 1397 374 1429 tiam
388 1402 418 1429 et
433 1396 693 1428 communionem
720 1397 924 1439 Apostolicae
942 1396 1033 1429 Sedis

300 1450 441 1483 habente
466 1450 499 1482 in
523 1449 656 1493 propria
680 1450 820 1482 dioecesi
845 1450 1033 1489 residente,

298 1504 348 1535 vel
373 1503 405 1535 in
426 1502 531 1536 aliena
544 1503 582 1535 de
598 1502 783 1535 dioecesani
797 1503 858 1536 loci
875 1513 1033 1536 consensu

297 1554 496 1598 pontificalia
518 1561 700 1595 exercente,
720 1566 780 1599 per
796 1566 852 1588 eos
873 1556 1034 1598 eligendo,

299 1607 439 1641 clericali
465 1608 650 1642 charactere
676 1607 838 1650 insigniri,
858 1613 889 1640 et
906 1609 943 1641 ad
959 1619 1035 1651 qua-

299 1666 373 1694 tuor
396 1660 553 1701 minores,
579 1671 708 1694 necnon
734 1672 842 1693 sacros
867 1661 1035 1693 subdiaco-

299 1720 410 1754 natus,
437 1714 624 1747 diaconatus
650 1719 681 1747 et
714 1714 954 1757 presbyteratus
979 1714 1035 1746 Or-

300 1768 401 1808 dines,
426 1767 459 1800 in
486 1767 686 1811 temporibus
703 1768 741 1800 ad
761 1767 790 1800 id
809 1778 826 1800 a
846 1768 915 1800 iure
942 1773 1035 1800 statu-

300 1821 360 1860 tis,
388 1821 564 1853 dummodo
590 1825 697 1853 tamen
730 1820 861 1863 praevio
888 1821 1034 1853 examine

299 1874 339 1906 ad
363 1873 394 1906 id
416 1873 537 1916 reperti
563 1873 682 1906 fuerint
705 1873 828 1912 idonei,
858 1879 890 1906 et
911 1874 1034 1906 nullum

300 1927 347 1960 eis
373 1926 460 1960 atiud
481 1926 672 1959 canonicum
691 1927 797 1959 obstet
820 1926 1036 1969 impedimen-

300 1985 378 2020 tum,
405 1989 530 2013 necnon
558 1979 742 2012 testimonio
768 1979 904 2012 rectoris
930 1984 960 2011 et
985 1990 1037 2011 su-

298 2033 467 2076 periorum
492 2031 569 2065 dicti
599 2032 727 2075 collegii
753 2033 1034 2071 commendentur,

298 2085 537 2129 specialemque
556 2086 595 2118 ab
614 2085 658 2117 eis
676 2085 839 2118 licentiam
856 2086 1034 2124 obtineant,

300 2144 330 2171 et
346 2138 483 2171 servatis
500 2138 578 2171 alias
600 2138 774 2175 servandis,
792 2137 986 2181 promoveri,
1006 2142 1037 2170 et

298 2192 440 2235 promoti
464 2191 497 2224 in
523 2191 587 2225 illis
607 2191 703 2224 etiam
721 2191 829 2224 altaris
854 2191 1035 2224 ministerio

299 2244 483 2277 ministrare
508 2244 610 2277 libere
636 2250 668 2277 et
693 2244 778 2277 licite
795 2244 916 2286 possint
937 2249 970 2276 et
987 2255 1037 2276 va-

300 2298 410 2337 leant,
449 2297 629 2340 apostolica
664 2297 883 2336 auctoritate,
925 2303 1035 2329 tenore

299 2350 530 2394 praesentium,
548 2350 756 2384 concedimus
775 2356 806 2383 et
820 2350 1034 2393 indulgemus,

301 2414 338 2436 ac
362 2408 427 2436 tam
450 2403 604 2444 antistiti,
636 2408 671 2436 ut
702 2404 906 2447 probentur,
941 2415 1035 2448 quam

300 2456 440 2489 alumnis
463 2455 611 2499 probatis
637 2456 799 2489 licentiam
819 2457 959 2499 desuper
977 2457 1036 2489 im-
1056 2485 1057 2491 ,

300 2509 468 2551 partimur.

344 2562 359 2604 ξ
383 2561 414 2594 2.
441 2561 509 2594 Non
534 2561 738 2594 obstantibus
762 2561 945 2605 apostolicis
961 2588 968 2600 ‚
999 2573 1036 2595 ac

301 2612 333 2651 in
353 2614 585 2647 universalibus
601 2625 639 2658 pr
664 2614 917 2659 vincialibusque
936 2620 968 2647 et
985 2626 1034 2659 sy·
1055 2619 1056 2655 j

1119 506 1212 533 [tatum
1234 507 1333 534 Romae
1348 529 1356 541 ‚
1384 508 1455 543 apud
1483 508 1508 535 S.
1538 508 1645 536 Mariam
1670 509 1816 545 Maiorem,

1080 550 1130 576 sub
1147 550 1246 577 annulo
1264 551 1415 582 t'iscatoris,
1437 552 1479 578 die
1499 553 1531 580 27
1553 553 1614 579 maii
1634 553 1708 588 ¹617,
1730 554 1816 589 ponti-

1081 594 1176 621 ficatus
1195 596 1279 622 nostri
1300 604 1369 623 anno
1390 603 1434 624 ΧΠ,

1123 656 1138 699 ἓ
1163 655 1194 689 3.
1222 656 1299 690 Cum
1325 664 1444 699 autem,
1471 659 1552 691 sicut
1576 670 1635 702 pro
1656 665 1746 703 parte
1768 661 1814 693 di-
1860 671 1941 691 Petitur
1958 676 2008 691 001.-

1079 709 1236 742 lectorum
1263 710 1404 744 filiorum
1428 713 1633 745 alumnorum
1654 713 1730 745 dicti
1751 696 1914 747 001,g{?}f⁴¹'⁰
1939 698 2009 718 ‘’⁰¹¹¹''

1080 762 1155 805 legii
1180 763 1273 795 nobis
1303 773 1407 806 nuper
1438 764 1617 806 expositum
1653 765 1721 805 fuit,
1751 767 1813 810 ipsi

1079 815 1257 858 praemissa
1292 817 1461 859 apostolici
1494 817 1680 851 muniminis
1714 820 1812 852 nostri

1080 868 1259 910 patrocinio
1293 869 1441 902 roborari
1474 870 1649 913 plurimum
1688 871 1814 904 deside.-

1080 926 1168 953 rent:

1123 974 1137 1016 g
1158 973 1189 1005 4.
1209 973 1282 1013 Nos,
1300 973 1474 1017 specialem
1493 975 1572 1018 ipsis
1590 976 1728 1009 alumnis
1745 987 1839 1029 gra-¹,

1080 1026 1155 1058 tiam
1181 1026 1285 1059 facere
1311 1028 1466 1067 volentes,
1487 1033 1518 1061 et
1539 1039 1650 1061 eorum
1675 1029 1814 1072 singula-

1079 1090 1131 1111 res
1157 1090 1312 1122 personas
1337 1092 1354 1112 a
1380 1080 1543 1123 quibusvis
1561 1083 1815 1115 excommunica-

1061 1131 1188 1171 -tionis,
1206 1132 1429 1174 suspensionis
1447 1138 1479 1165 et
1496 1133 1666 1173 interdicti,
1679 1134 1814 1177 aliisque

1079 1183 1305 1216 ecclesiasticis
1331 1185 1509 1225 sententiis,
1529 1186 1673 1218 censuris
1693 1191 1723 1218 et
1738 1197 1814 1229 poe-

1079 1237 1139 1276 nis,
1164 1248 1181 1270 a
1206 1237 1274 1269 iure
1300 1239 1348 1270 vel
1366 1238 1404 1269 ab
1424 1238 1563 1277 bomine,
1587 1238 1696 1281 quavis
1722 1249 1815 1271 occa-

1079 1289 1169 1322 sione
1194 1291 1245 1323 vel
1271 1293 1367 1323 causa
1392 1291 1476 1331 latis,
1495 1291 1521 1323 si
1546 1291 1662 1333 quibus
1679 1302 1814 1334 quomo-

1080 1343 1205 1376 dolibet
1231 1343 1406 1376 innodatae
1432 1343 1579 1384 existunt,
1602 1344 1641 1376 ad
1667 1344 1817 1377 effectum

1079 1396 1301 1439 praesentium
1338 1397 1503 1429 dumtaxat
1537 1397 1814 1439 consequendum,

1079 1450 1192 1481 barum
1227 1449 1309 1482 serie
1345 1449 1549 1482 absolventes
1583 1455 1615 1482 et
1648 1450 1815 1483 absolutas

1078 1503 1145 1535 sore
1167 1508 1352 1542 censentes,
1377 1502 1665 1545 supplicationibus
1682 1514 1815 1536 venera-

1076 1555 1149 1588 bilis
1186 1555 1292 1588 fratris
1330 1555 1432 1588 nostri
1469 1556 1630 1588 Francisci
1671 1557 1813 1600 ep1scopi

1076 1608 1233 1641 Ostiensis
1259 1614 1290 1642 et
1312 1609 1543 1642 Veliternensis
1569 1609 1599 1642 S.
1628 1610 1665 1642 R.
1692 1610 1726 1642 E.
1751 1621 1814 1643 car-

1077 1661 1192 1694 dinalis
1230 1661 1397 1694 Barberini
1430 1662 1627 1705 nuncupati,
1665 1663 1813 1696 moderni

1076 1714 1167 1758 regni
1192 1714 1318 1747 Scotiae
1345 1715 1505 1758 praedicti
1524 1716 1608 1759 apud
1626 1726 1684 1748 nos
1708 1721 1740 1749 et
1759 1716 1814 1748 Se-

1078 1769 1148 1801 dem
1163 1769 1308 1801 eamdem
1323 1769 1524 1811 protectoris,
1536 1769 1628 1801 nobis
1638 1780 1736 1812 super
1751 1770 1813 1802 hoc

1078 1820 1246 1853 humiliter
1256 1820 1415 1863 porrectis
1430 1821 1584 1861 inclinati,
1596 1823 1813 1864 praeinsertas

1077 1873 1165 1906 Pauli
1184 1873 1443 1916 praedecessoris
1463 1874 1594 1914 litteras
1617 1885 1690 1906 cum
1711 1875 1814 1906 omni-

1077 1928 1136 1959 bus
1154 1932 1185 1959 et
1205 1926 1339 1968 singulis
1364 1926 1396 1958 in
1422 1926 1468 1959 eis
1497 1927 1676 1967 contentis,
1703 1932 1813 1960 aucto-

1077 1979 1171 2011 ritate
1208 1979 1407 2022 apostolica,
1434 1984 1548 2012 tenore
1574 1980 1811 2022 praesentium,

1078 2031 1294 2075 approbamus
1331 2037 1362 2064 et
1393 2032 1645 2073 confirmamus,
1683 2033 1812 2076 illisque

1078 2085 1272 2118 inviolabilis
1297 2086 1495 2128 apostolicae
1521 2086 1683 2118 firmitatis
1714 2086 1814 2118 robur

1078 2139 1254 2177 adiicimus,
1270 2149 1305 2170 ac
1321 2139 1394 2179 illis,
1413 2139 1451 2171 ad
1470 2149 1549 2182 quos
1567 2144 1692 2182 spectat
1710 2144 1740 2171 et
1753 2149 1811 2181 pro

1893 983 2008 1005 (janni-mat

1843 1011 1928 1030 audifex.

1079 2196 1224 2233 tempore
1257 2191 1430 2233 spectabit,
1456 2190 1488 2223 in
1512 2191 1661 2224 omnibus
1693 2197 1724 2224 et
1754 2202 1813 2234 per

1078 2244 1186 2276 omnia
1211 2244 1398 2286 plenissime
1424 2243 1592 2287 suffragari
1618 2245 1746 2285 debere,
1769 2245 1812 2277 ir-

1078 2297 1242 2340 ritumque
1269 2303 1301 2330 et
1325 2297 1418 2330 inane
1449 2297 1473 2329 si
1507 2308 1600 2330 secus
1633 2309 1731 2341 super
1763 2299 1813 2331 his

1077 2361 1094 2382 a
1120 2360 1296 2393 quoquam,
1324 2350 1433 2393 quavis
1451 2349 1653 2389 auctoritate,
1672 2351 1814 2383 scienter

1077 2404 1126 2435 vel
1152 2402 1351 2445 ignoranter,
1376 2402 1550 2445 contigerit
1568 2403 1728 2444 attentu‘i,
1756 2404 1812 2436 de-

1078 2456 1252 2488 cernimus.

1121 2510 1135 2552 ἓ
1160 2509 1190 2542 5.
1218 2509 1287 2542 Non
1313 2510 1515 2543 obstantibus
1535 2509 1685 2543 omnibus
1705 2516 1735 2543 et
1752 2510 1812 2543 sin-

1849 2201 1960 2223 Decretum
1979 2202 2007 2224 ir-

1824 2232 1896 2249 ruaus.

1890 2517 2005 2542 Derogatw

1078 2562 1162 2605 gulis
1187 2563 1269 2602 illis,
1303 2574 1384 2606 quae
1410 2564 1510 2595 dictus
1536 2563 1650 2596 Paulus
1675 2564 1811 2607 praede·
1823 2545 1984 2565 mmmmm

1077 2626 1186 2648 cessor
1210 2615 1242 2647 in
1268 2616 1334 2648 suis
1356 2616 1472 2648 litteris
1500 2616 1708 2659 praeinsertis
1734 2627 1811 2649 con-
