2247 3208
230 215 280 241 An.
298 214 326 242 c.
349 215 417 242 1605
462 206 527 239 344

425 321 521 349 erunt
544 313 719 355 evangeliis
745 323 802 355 per
819 322 948 351 annum,
968 316 1159 354 sequentur-

425 380 488 411 que
515 368 647 400 omnino
680 366 828 409 spiritum
859 365 1035 398 Ecclesiae.
1064 366 1103 397 At
1126 365 1158 397 in

425 419 671 463 quadragesin‘ia
700 423 794 451 erunt
828 419 866 451 de
899 418 1060 451 dominica
1084 419 1159 450 Pas-

424 473 524 505 sione.
553 471 668 504 Cernui
690 476 766 504 tunc
790 471 904 504 fratres
923 476 972 503 ter
988 470 1157 514 repetunt¹

423 525 655 565 iaculatoriam,
678 525 818 568 datoque
843 525 881 557 ab
902 524 1092 557 Obedientia
1116 524 1158 557 si-

423 588 485 620 gno
511 578 637 610 sedent.
665 577 857 610 Obedientia
888 578 940 610 dat
967 578 1088 610 nuntiis
1108 579 1158 610 val-

422 629 498 662 taris
524 630 693 663 schedulas
724 629 827 662 dictae
858 629 1076 663 meditationis
1092 657 1099 670 ,
1124 635 1158 662 nt

422 693 476 715 eas
503 683 716 722 distribuant,
742 682 930 725 intereaque
961 683 1040 725 legit
1063 689 1158 726 caput

422 736 585 778 quoddam
621 735 909 777 constitutionum,
935 741 971 768 ut
1002 737 1157 769 memoria

422 788 476 821 ei⁹
499 789 712 822 retineantur.

464 841 551 874 Duos
577 842 694 874 fratres
711 842 855 885 assignat
873 842 925 886 qui
943 843 1087 886 proxime
1106 853 1157 876 se-

421 894 533 937 quenti
570 895 774 927 hebdomada
812 896 850 927 de
884 895 1027 928 oratorio
1063 906 1157 928 mun-

422 947 529 979 dando
558 952 589 979 ct
612 947 755 990 parando
787 958 896 980 curam
928 948 1090 989 habeant,
1123 949 1156 982 id

420 1010 538 1033 munus
557 1000 643 1033 inter
668 1011 778 1033 omnes
804 1000 1011 1034 distribuens.

463 1052 597 1090 Quando
623 1053 756 1085 fratrum
781 1053 895 1096 aliquis
931 1055 1154 1097 aegrotaverit,

420 1106 502 1138 duos
527 1105 606 1138 alios
640 1106 807 1148 designet,
834 1107 887 1149 qui
924 1117 997 1140 eum
1022 1108 1155 1142 nomine

420 1158 553 1191 scholae
579 1158 721 1198 visitent,
749 1164 844 1202 atque
869 1159 890 1192 ii
915 1161 1154 1202 observabunt,

420 1221 503 1253 quae
527 1211 590 1244 illis
614 1211 828 1254 imponuntur
852 1213 885 1245 in
909 1213 1012 1256 capite
1032 1225 1087 1247 xn.

465 1262 580 1296 Postea
600 1264 789 1296 exhortetur
806 1275 878 1298 cum
899 1265 1035 1298 ferventi
1057 1267 1155 1300 animi

421 1325 519 1347 sensu
554 1316 668 1349 fratres
705 1318 743 1350 ad
779 1318 850 1351 Iesu
886 1318 1003 1351 Christi
1028 1319 1155 1352 Domini

421 1368 657 1403 adorationem.
696 1371 810 1413 Pergat
849 1372 919 1415 ipsc
958 1377 990 1405 et
1024 1373 1154 1406 nomine

420 1421 565 1455 omnium
591 1428 664 1455 ante
690 1424 790 1456 altare
818 1424 949 1456 adoret:
976 1425 1156 1457 comitanti-

419 1477 478 1508 bus
498 1476 602 1519 ipsum
628 1477 725 1509 corde
751 1477 920 1517 fratribus,
947 1488 1020 1510 cum
1040 1480 1156 1520 magna

420 1528 603 1562 humilitate
641 1534 671 1562 ct
702 1530 883 1563 reverentia
911 1541 1009 1574 super
1040 1531 1154 1564 facicm

420 1583 621 1616 cadentibus.

464 1635 618 1668 Adoratio
654 1635 756 1668 tribus
792 1636 1081 1679 genuflectionibus
1113 1637 1156 1671 sa-

403 1687 535 1731 ·cienda
560 1693 627 1729 est,
661 1688 800 1731 primum
830 1689 862 1721 in
887 1686 977 1732 parte
1009 1689 1155 1723 inferiori

420 1751 580 1782 camerae,
598 1741 716 1774 iterum
740 1742 773 1774 in
799 1741 866 1774 eius
885 1743 1004 1783 medio,
1025 1744 1155 1776 tandem

420 1804 521 1837 prope
547 1795 668 1834 altare,
695 1795 778 1827 dicto
803 1805 863 1838 per
888 1795 1030 1838 singulas
1056 1806 1156 1837 genu-

420 1846 588 1887 flexiones,
604 1847 789 1880 Adoramus
803 1851 840 1887 le,
861 1852 916 1880 etc.
938 1849 1025 1891 quod
1042 1848 1156 1881 fratres

420 1905 589 1943 repetunt:
622 1906 653 1933 et
678 1901 715 1934 ad
740 1900 837 1933 finem
869 1900 946 1933 dicit
977 1901 1155 1934 orationem

419 1954 550 1996 Respice
566 1964 772 1997 quaesumus,
797 1958 852 1987 etc.
880 1959 915 1986 ut
937 1954 970 1986 in
996 1954 1081 1987 dicto
1106 1966 1157 1988 ca-

420 2006 486 2049 pite
520 2005 619 2039 finali.
648 2006 726 2039 Cum
757 2006 947 2048 revertitur,
980 2012 1045 2040 tres
1080 2007 1157 2040 alias

422 2059 665 2101 genuflexiones
691 2059 805 2099 sat-iat,
832 2059 961 2092 Mariam
991 2060 1156 2103 Virginem

422 2112 584 2145 dominam
609 2118 751 2145 nostram
775 2113 934 2152 adorans,
960 2118 992 2145 ct
1015 2114 1157 2146 salutans

421 2166 498 2205 Ave,
525 2166 608 2208 filia,
633 2169 702 2205 cle,
726 2171 761 2198 ut
784 2165 816 2197 in
842 2165 926 2198 dicto
951 2166 1103 2209 capitulo.

466 2219 580 2257 Quinta
616 2219 693 2252 seria
727 2224 940 2252 concurrente
977 2218 1156 2252 dominicae

423 2272 619 2312 Nativitatis,
652 2278 705 2305 aut
730 2283 800 2305 eam
826 2273 1062 2316 subsequente,
1094 2274 1158 2305 una

424 2335 494 2357 cum
518 2325 709 2358 Obedicntia
745 2336 859 2358 omnes
895 2326 1007 2358 fratres
1037 2326 1158 2358 vadunt

424 2388 561 2421 puerum
586 2379 690 2411 lesum
721 2378 904 2419 adoraturi,
931 2384 963 2411 et
988 2389 1058 2411 cum
1084 2388 1158 2421 pro-

423 2431 595 2464 straverint
618 2442 652 2463 se
678 2438 751 2464 ante
776 2442 942 2474 praesepe,
968 2431 1157 2464 Obedientia

459 2512 470 2537 1
490 2509 559 2536 Edit.
578 2509 659 2536 Main.
676 2510 740 2544 legit
759 2514 931 2544 repetuntur
946 2511 984 2545 (a.
999 2511 1044 2545 T-).

458 2554 474 2580 2
489 2554 545 2581 Vox
561 2555 588 2581 ει·
610 2553 760 2581 redundare
783 2554 822 2581 vel
844 2554 988 2589 legendum
1006 2555 1157 2584 memoriei

422 2600 460 2634 (R.
477 2598 525 2634 1,).

1004 211 1182 235 nummum
1208 211 1358 236 Romnum

425 262 649 296 hebdomadae
674 259 850 302 sequenti&
875 268 956 301 quae
982 258 1181 291 conformia'

1201 264 1393 301 prorumpet
1415 259 1446 291 in
1472 260 1596 303 aliquos
1614 262 1732 295 amoris
1749 274 1863 296 sensus
1884 275 1935 297 su-

1201 321 1259 353 per
1283 311 1346 344 hoc
1370 312 1534 355 mysterio.

1244 364 1299 396 Dic
1323 364 1500 407 Episaniae,
1522 366 1548 398 si
1566 367 1627 399 erit
1640 367 1718 401 seria
1734 370 1854 412 quinta,
1868 370 1933 403 sive

1201 416 1281 449 seria
1305 417 1417 460 quinta
1441 418 1585 461 proxime
1607 430 1677 452 eam
1696 427 1863 465 sequente,
1881 435 1934 456 va-

1201 470 1280 501 dunt
1304 470 1418 503 fratres
1443 471 1561 513 singuli
1587 472 1669 505 terni
1691 474 1932 508 adorationem'

1200 522 1372 565 peracturi,
1391 528 1447 555 ter,
1466 524 1636 569 principio,
1655 530 1688 557 et
1703 527 1810 559 medio
1829 534 1933 561 orato-

1200 575 1251 615 rii,
1273 580 1304 607 et
1327 575 1410 608 iuxta
1432 586 1601 619 praesepe,
1618 577 1708 610 humi
1726 581 1933 621 procumben-

1201 627 1271 660 tes‘2:
1283 628 1490 660 Procidentes
1503 629 1720 663 adoraverunt
1731 632 1866 673 (MATTH.
1880 634 1929 677 11).

1198 680 1319 724 Nempe
1345 686 1419 714 ante
1444 682 1523 714 alios
1548 682 1741 717 Obedientia
1761 696 1833 718 cum
1858 687 1934 719 duo-

1199 734 1257 766 bus
1284 734 1444 777 deputatis
1470 735 1707 776 ecclesiasticis,
1733 737 1850 770 deinde
1867 743 1932 771 tres

1199 786 1252 819 alii
1278 787 1316 820 de
1342 798 1407 820 uno
1432 798 1470 820 ex
1487 788 1605 829 choris,
1624 800 1706 832 quos
1727 791 1781 823 alii
1807 796 1870 824 tres
1893 793 1932 825 de

1199 840 1301 872 altero
1327 846 1516 883 sequnntur,
1540 846 1572 874 et
1596 842 1658 875 hoc
1682 843 1797 877 ordine
1822 845 1931 885 ceteri,

1199 898 1230 924 et
1253 892 1284 924 in
1309 893 1419 926 ultima
1443 894 1660 936 prostratione
1692 896 1851 930 tantillum
1876 898 1933 930 du-

1198 949 1325 984 rantes,
1350 946 1489 978 redeunt
1521 947 1561 979 ad
1586 948 1679 980 sedes
1711 958 1785 981 suas
1815 959 1852 982 ex
1876 950 1932 982 illa

1198 1002 1300 1040 parte,
1333 1008 1397 1041 qua
1425 1009 1499 1031 suus
1523 999 1588 1032 illis
1613 1000 1732 1033 chorus
1759 1006 1830 1042 est,
1861 1003 1931 1035 sine

1197 1052 1262 1084 ulla
1286 1052 1520 1093 genuflexione,
1539 1053 1742 1087 venientibus
1767 1065 1806 1087 ne
1832 1054 1931 1098 impe-

1199 1104 1342 1137 dimento
1368 1104 1441 1137 sint.
1470 1105 1572 1138 Ceteri
1596 1106 1687 1139 flexis
1711 1107 1848 1149 genibus
1879 1119 1932 1141 ex-

1198 1161 1341 1200 pectant.

1241 1210 1393 1243 Omnibus
1419 1211 1540 1254 quintis
1557 1211 1646 1245 seriis
1670 1223 1687 1245 a
1711 1213 1853 1256 vesperis
1872 1213 1933 1247 Na-

1198 1262 1328 1295 tivitatis
1352 1273 1453 1306 usque
1478 1264 1517 1296 ad
1541 1264 1730 1307 Episaniam,
1749 1265 1774 1298 si
1799 1265 1861 1298 hoc
1888 1268 1933 1299 se-

1198 1321 1282 1348 stum
1302 1315 1453 1349 inciderit
1468 1316 1501 1349 in
1519 1317 1615 1349 talem
1633 1317 1726 1357 diem,
1745 1318 1810 1351 sive
1828 1329 1931 1362 usque

1198 1369 1236 1401 ad
1260 1369 1403 1412 quintam
1421 1370 1532 1402 seriam
1552 1370 1766 1413 Epiphaniam
1783 1371 1932 1414 proxime

1197 1427 1401 1465 sequentem,
1428 1423 1603 1465 flagellatio
1628 1429 1752 1464 cessat,
1779 1425 1933 1467 quemad-

1197 1475 1337 1515 modum,
1364 1480 1396 1507 et
1419 1475 1451 1507 in
1478 1475 1529 1508 die
1554 1475 1707 1519 Corporis
1733 1476 1873 1517 Christi,
1900 1483 1934 1510 et

1197 1528 1281 1561 infra
1305 1533 1433 1561 octavas
1466 1529 1609 1562 Paschae
1642 1534 1674 1562 et
1701 1529 1930 1572 PentecosteS,

1197 1581 1229 1613 in
1247 1581 1362 1625 hisque
1379 1581 1528 1615 omnibus
1553 1581 1744 1625 prolixiores
1764 1582 1931 1626 aliquanto

1198 1634 1280 1667 siunt
1303 1635 1405 1668 oratio
1427 1639 1459 1667 et
1482 1635 1643 1675 exercitia,
1661 1635 1705 1668 ita
1724 1640 1759 1668 ut
1778 1636 1856 1669 duas
1873 1636 1933 1670 110-

1198 1698 1248 1720 ras
1274 1688 1356 1720 iuste
1382 1689 1578 1731 compleant.

1240 1741 1332 1774 Fcria
1357 1741 1451 1774 tertia
1474 1741 1625 1774 maioris³
1644 1742 1882 1784 hebdomadae,
1901 1748 1934 1776 et

1198 1796 1224 1828 si
1259 1796 1375 1828 festum
1411 1795 1611 1828 Inventionis
1636 1795 1779 1829 vivificae
1810 1796 1931 1838 Crucis,

1197 1848 1282 1881 maio
1306 1859 1418 1881 mense
1435 1848 1579 1889 veniens,
1597 1849 1793 1892 inquintam
1819 1850 1933 1883 seriam

1198 1902 1357 1942 inciderit,
1387 1907 1440 1935 aut
1464 1902 1610 1945 proxima
1638 1908 1714 1946 post
1737 1902 1791 1944 id,
1820 1904 1933 1937 eodem

1199 1956 1317 1994 modo,
1350 1966 1387 1988 ac
1410 1955 1442 1987 in
1468 1955 1549 1988 festo
1583 1955 1727 1998 Regum,
1759 1955 1795 1988 fit
1822 1956 1932 1989 Crucis

1199 2007 1354 2048 adoratio,
1381 2008 1443 2040 alta
1466 2017 1544 2040 voce
1570 2007 1804 2040 alternantibus
1830 2008 1934 2041 fratri-

1199 2060 1257 2093 bus
1293 2070 1401 2092 versus
1437 2059 1547 2103 hymni
1584 2060 1712 2092 Vexilla
1744 2061 1829 2103 reqis
1850 2071 1930 2104 pro-

1199 2112 1306 2152 deunt,
1341 2116 1396 2145 eto.
1422 2112 1475 2155 qui
1500 2117 1548 2145 est
1571 2112 1604 2144 in
1630 2113 1734 2156 capite
1759 2112 1860 2146 finali.

1243 2165 1356 2199 Omnia
1380 2166 1461 2198 haec
1492 2165 1643 2198 exercitia
1677 2166 1723 2198 sic
1753 2166 1934 2200 ordinanda

1201 2224 1276 2252 sunt
1301 2224 1336 2251 ut
1361 2219 1438 2252 duas
1462 2219 1560 2252 horas
1586 2229 1651 2252 non
1677 2220 1842 2261 excedant,
1874 2220 1934 2253 sci-

1199 2273 1275 2306 licet
1299 2271 1401 2305 oratio
1426 2271 1577 2304 mentalis
1600 2272 1736 2313 mediae,
1762 2272 1822 2305 tria
1847 2283 1935 2306 exer-

1200 2325 1273 2358 citia
1292 2325 1400 2366 unius,
1418 2325 1645 2368 reliquumque
1662 2325 1794 2359 alterius
1807 2327 1933 2360 mediae

1200 2379 1300 2411 horae
1325 2378 1429 2421 spatio
1456 2379 1559 2412 duret.

1242 2431 1347 2464 Finita
1360 2431 1561 2472 adoratione,
1578 2430 1769 2465 Ohedientia
1782 2431 1839 2466 ait:
1852 2431 1935 2466 Pro-

1235 2512 1245 2538 1
1265 2511 1336 2538 Edit.
1353 2510 1431 2537 Main.
1449 2510 1513 2546 legit
1528 2510 1565 2537 ad
1581 2510 1751 2538 Orationem
1765 2511 1805 2545 (R.
1821 2511 1872 2545 Τ.).

1234 2554 1251 2580 2
1266 2554 1314 2581 Ed.
1331 2554 1408 2581 Maia.
1426 2554 1491 2589 tegit
1502 2554 1738 2589 praecumbentes
1753 2554 1789 2589 (R.
1806 2554 1854 2590 Τ.).

1233 2598 1249 2626 3
1269 2598 1340 2626 Edit.
1356 2598 1434 2626 Maia.
1450 2597 1517 2634 legit
1532 2598 1656 2628 maiores
1668 2598 1708 2634 (a.
1726 2598 1775 2635 r.)-

1945 216 1994 244 An.
2011 216 2040 244 C.
2063 217 2128 246 1665
