2247 3208
175 234 225 262 Αιι.
247 234 276 261 C.
296 234 362 261 ¹668

371 281 537 326 pagandae
555 280 644 314 Fidei
662 281 924 325 praepositorum
947 291 1006 323 pro
1026 280 1109 313 felici

372 346 598 380 prosperoque
624 335 718 367 studii
752 335 881 377 linguae
908 334 1053 367 arabicae
1080 326 1132 371 etl

371 389 661 423 controversiarum
688 388 718 421 in
744 393 903 421 conventu
921 388 951 420 S.
972 387 1056 419 Petri
1078 387 1109 419 in
1130 383 1132 429 ξ

371 443 476 476 Monte
503 444 608 475 Aureo
634 442 673 475 dc
699 442 783 474 Urbe
814 441 941 475 Ordinis
978 442 1109 474 fratrum
1130 433 1132 444 ¹

372 497 528 529 Minorum
546 496 648 528 saneti
666 495 825 528 Francisci
845 496 883 527 de
901 494 1110 527 observantia

373 550 628 582 ReformatOruin
673 552 931 591 nuncupatoriun
972 546 1110 579 instituti
1130 564 1132 587 Ι

374 603 532 645 regimine
552 607 581 635 et
600 600 767 643 gubernio,
784 611 819 632 ac
837 600 875 633 ad
894 600 1109 632 studiosorum

373 656 506 694 animos,
532 660 565 687 ut
590 654 734 689 sedulam
758 653 872 686 litteris
898 663 1029 695 operam
1055 663 1110 684 na-

373 708 478 740 vando
497 707 527 739 in
546 707 649 740 bonos
674 712 768 749 atquc
795 711 886 748 aptos
904 705 943 738 ad
962 705 1111 738 laboran-

374 761 448 793 dum
467 760 498 792 in
523 760 615 792 vinea
639 759 763 795 Domini
782 758 948 801 operarios
973 759 1109 791 evadere

374 818 529 856 satagant,
548 812 698 854 congruis
723 812 869 844 laborum
891 811 1041 854 praemiis
1064 811 1112 843 ἰη-

374 867 531 905 citandos,
559 865 717 898 nonnulla
742 865 871 897 decreta
889 870 920 897 et
936 864 1111 897 ordinatio·
1129 878 1133 899 ῐ

375 930 432 953 nes
460 919 580 953 tenoris
606 918 661 962 qui
686 918 841 962 sequitur,
867 918 1035 951 videlicet:
1129 921 1134 946 l

419 972 548 1004 Decreta
568 981 677 1006 sacrae
698 971 955 1014 consyrefyalionis
977 971 1014 1003 de
1035 972 1112 1004 Pro·
1131 971 1134 1002 ἶ

372 1025 525 1069 ραῃαηιῐεὶ
539 1025 570 1058 F
571 1025 621 1057 ide
634 1026 717 1058 circa
731 1025 877 1058 studium
892 1024 1026 1068 linquae
1043 1035 1113 1057 ara-
1132 1015 1134 1033 Ἰ

375 1079 462 1111 binae
499 1083 527 1111 ee
562 1078 852 1111 controversiamm
890 1078 922 1110 2771.
957 1082 1113 1111 conventa
1132 1084 1135 1100 x

375 1132 405 1165 S.
434 1132 527 1165 Petri
550 1133 585 1164 in
610 1132 716 1164 Monte
740 1132 858 1164 Aureo.

425 1197 438 1215 α
457 1185 589 1218 Peracta
607 1185 646 1217 ab
665 1184 925 1218 eminentissimo
936 1185 1110 1224 Brancatio,

376 1249 394 1270 a
418 1240 507 1270 sacra
531 1238 782 1279 congregatione
808 1238 846 1270 ad
872 1237 903 1269 id
930 1237 1114 1280 specialiter

377 1291 544 1333 deputato,
561 1290 742 1322 visitatione
764 1289 859 1322 studii
880 1289 1027 1322 arabicae
1054 1289 1114 1321 lin-

377 1354 457 1386 guae
482 1343 515 1376 in
541 1348 702 1375 conventu
728 1342 758 1375 S.
778 1343 863 1375 Petri
882 1343 913 1374 in
932 1343 1038 1375 Monte
1057 1343 1114 1374 Au-

377 1404 447 1433 reo,
475 1397 576 1438 eaque
596 1406 654 1438 per
674 1395 818 1427 eiusdem
844 1406 952 1428 sacrae
978 1406 1114 1438 congre-

376 1449 515 1492 gationis
547 1448 757 1481 secretarium
780 1450 898 1489 relata,
927 1449 1136 1498 eminentis-1¹

377 1502 449 1534 simi
474 1501 584 1534 Patres
602 1512 639 1534 ex
655 1503 692 1534 ea
708 1502 897 1544 colligentes
921 1512 987 1534 non
1012 1502 1115 1535 modi·
1134 1502 1137 1543 l

376 1565 448 1588 cum
465 1554 545 1587 illud
562 1565 631 1587 esse
650 1555 838 1598 collapsum,
858 1560 889 1587 et
907 1566 923 1588 a
940 1555 1114 1598 primaevis
1135 1546 1137 1575 ἶ

378 1608 538 1641 exercitiis
563 1607 733 1647 defecisse,
765 1614 962 1641 censuerunt
994 1609 1137 1652 oppor-t

379 1666 454 1694 tune
480 1661 717 1704 providendum
743 1665 777 1692 ut
802 1661 901 1693 infra:

182 1720 295 1770 ιῑηξῖωξὶῗ
318 1721 367 1766 ζῖξιζ
421 1713 510 1754 Cum,
532 1725 568 1745 cx
583 1714 752 1747 duodecim
768 1715 807 1747 ad
825 1714 928 1747 minus
946 1714 1113 1757 religiosis,
1136 1719 1137 1758 ξ

182 1774 239 1821 fflpfn
255 1773 366 1799 demanan-
379 1766 431 1809 qui
457 1773 634 1822 meinorato
666 1767 792 1807 studio,
819 1772 854 1799 ut
879 1767 955 1800 olim
981 1778 1116 1802 consue-

378 1824 478 1860 verat,
502 1830 633 1862 operam
654 1830 770 1852 navare
789 1821 954 1860 deberent,
978 1826 1116 1864 quatuor
1136 1830 1137 1837 ¹

379 1873 544 1905 dumtaxat
569 1872 607 1904 ad
634 1883 788 1915 praesens
821 1873 867 1905 illi
893 1873 1115 1908 incumbentes

379 1925 499 1958 suerint
523 1925 652 1968 reperti,
668 1931 698 1958 et
713 1936 749 1958 ex
766 1926 805 1958 iis
826 1926 942 1969 aliquis
960 1937 995 1959 ex
1015 1926 1116 1959 scien·
1136 1938 1137 1960 l

379 1978 495 2010 tiarum
520 1979 644 2011 defectu
669 1988 781 2022 parurn
802 1979 937 2012 idoneus
962 1980 1000 2012 ad
1018 1980 1115 2012 linem

378 2031 537 2065 intentum
567 2032 828 2075 assequendum,
855 2033 938 2076 patri
972 2034 1139 2076 generali}

379 2085 446 2117 sive
472 2085 592 2118 vicario
629 2086 771 2128 generali
798 2083 926 2119 Ordinis
952 2097 1010 2129 pro
1036 2092 1117 2119 tem-

378 2149 459 2183 pore
485 2138 634 2171 existenti
659 2139 767 2172 stricte
792 2139 971 2182 iniungitur
1000 2148 1033 2174 ut
1062 2141 1117 2173 de-

379 2202 450 2224 cem
470 2192 585 2224 saltem
603 2191 636 2224 in
658 2197 825 2235 posterum
851 2193 1022 2235 religiosos
1039 2193 1117 2225 Stri-

380 2244 491 2276 ctioris
510 2243 738 2277 observantiae
757 2245 903 2278 arabicae
926 2245 1054 2288 linguae
1081 2256 1117 2278 ac

382 2296 612 2329 controversiis
630 2303 777 2330 vacantes
792 2297 835 2329 ibi
851 2299 997 2339 collocet,
1017 2303 1118 2331 curet-

381 2360 443 2392 que
473 2355 643 2382 uteorum
669 2351 819 2383 denarius
851 2361 1006 2385 numerus
1035 2351 1118 2385 indi-

382 2403 523 2435 minutus
549 2413 678 2445 semper
701 2408 878 2435 remaneat.

185 2459 370 2506 wfflgssuztsffi
426 2454 503 2488 Cum
526 2465 601 2487 vero
627 2455 782 2498 praedicti
804 2455 901 2488 studii
920 2455 992 2488 finis
1018 2467 1056 2489 eo
1075 2456 1119 2488 di-

186 2512 280 2533 rui-nes
382 2507 502 2550 rigatur
542 2512 575 2539 ut
614 2518 705 2540 sacra
740 2509 950 2551 congregatio
992 2519 1117 2542 necnon

1000 231 1141 256 CLEMENS
1164 232 1194 255 lx
1219 232 1266 255 1³1¹.

383 2560 496 2603 religio
515 2560 547 2592 in
566 2566 716 2604 promptu
735 2561 853 2594 habeat
876 2561 961 2594 viros
983 2562 1020 2594 ad
1043 2562 1119 2594 inis·

382 2613 509 2651 §ionum
534 2623 649 2646 munus
673 2614 889 2647 exercendum
916 2614 1065 2656 idoneos,
1088 2620 1119 2648 et

1786 218 1849 251 743
1895 225 1944 252 An.
1966 224 1994 252 C.
2013 225 2079 254 2668

1153 279 1185 311 in
1210 278 1260 318 iis,
1294 289 1374 322 quae
1400 279 1438 311 ad
1464 278 1647 311 huiusmodi
1673 275 1889 309 ministerium

1152 332 1327 375 pertinent,
1342 333 1496 372 excultos,
1512 331 1674 375 generalis
1691 329 1889 363 conscientia

1153 385 1294 427 graviter
1318 390 1472 417 oneratur
1490 390 1525 417 ut
1549 383 1680 418 nonnisi
1705 383 1820 415 fratres
1843 392 1889 415 re-

1153 437 1255 479 gulari
1281 437 1468 480 disciplina,
1503 437 1664 481 probitate
1695 446 1823 469 morum
1853 445 1890 468 ac

1131 485 1132 490 ¹
1153 491 1222 523 zelo
1243 489 1366 532 gloriae
1384 489 1441 522 noi
1458 490 1622 533 praeditos
1641 489 1746 532 eligat,
1770 488 1889 532 quique

1151 544 1292 577 lectores
1319 548 1373 576 aut
1399 543 1645 577 concionatores
1670 542 1744 582 sint,
1776 543 1889 574 saltem

1152 596 1185 628 in
1204 597 1320 630 morali
1346 597 1515 639 theologia
1538 597 1621 629 bene
1646 595 1773 635 versati,
1791 600 1889 638 utque

1152 649 1288 683 validius
1304 650 1430 683 labores
1444 649 1634 682 missionum
1651 648 1806 681 sustinere
1820 658 1889 690 pos-

1153 703 1227 743 sint,
1248 712 1306 735 nec
1323 703 1464 735 minores
1485 702 1547 735 sint
1573 702 1664 734 annis
1683 701 1887 744 vigintiquin-

1130 798 1133 810 Δ
1153 768 1224 800 que,
1244 767 1302 789 nec
1329 756 1528 799 trigesimum
1553 755 1701 798 quintum
1722 754 1888 794 excedant,

1153 810 1306 853 firmaque
1331 810 1495 852 gaudeant
1519 808 1667 851 corporis
1692 807 1887 841 valetudine.

1197 863 1265 901 Quo
1290 873 1368 895 vero
1394 862 1590 905 apostolicus
1615 860 1807 893 missionum
1825 860 1891 902 spi-

1155 916 1233 948 ritus
1259 916 1291 948 in
1316 920 1419 948 totum
1444 914 1645 958 praedictum
1661 913 1812 946 Ordinem
1832 912 1891 945 dis-

1155 969 1313 1008 sundatur,
1330 978 1394 1002 non
1411 979 1448 1001 ex
1466 968 1535 1001 sola
1552 966 1649 1005 Italia,
1665 966 1721 999 sed
1733 976 1771 998 ex
1789 965 1891 998 omni-

1155 1023 1214 1055 bus
1239 1022 1432 1055 reformatae
1466 1020 1605 1053 familiae
1638 1017 1811 1062 provinciis
1836 1028 1890 1051 eos

1156 1086 1320 1109 accersere
1344 1080 1446 1107 curet.

1199 1129 1286 1162 Ultra
1311 1140 1386 1161 vero
1412 1129 1525 1161 decem
1563 1126 1744 1170 praedictos
1780 1135 1893 1158 conce-

1156 1183 1242 1215 ditur
1265 1181 1448 1225 provinciae
1475 1181 1637 1213 Romanae
1662 1178 1808 1211 ministro
1825 1204 1832 1217 ,
1859 1182 1894 1210 ut

1156 1237 1235 1268 duos
1253 1235 1332 1268 alios
1351 1245 1385 1267 ex
1403 1235 1462 1266 liae
1483 1232 1648 1276 provincia
1665 1231 1768 1275 possit
1785 1230 1892 1264 adiun-

1156 1299 1243 1331 gere,
1272 1287 1444 1320 dummodo
1472 1285 1623 1329 praefatis
1649 1283 1891 1318 conditionibus

1156 1342 1220 1374 sint
1246 1341 1394 1384 praediti.

1201 1394 1276 1427 Post
1300 1399 1372 1427 octo
1394 1393 1518 1426 dierum
1541 1393 1666 1435 lapsum
1686 1401 1704 1423 a
1721 1390 1826 1434 primo
1843 1400 1895 1423 eo-

1156 1458 1228 1480 rum
1245 1447 1275 1479 in
1296 1447 1475 1490 praefatum
1500 1445 1641 1478 studium
1666 1444 1826 1486 ingressu,
1847 1442 1895 1475 in-

1158 1506 1205 1533 tra
1226 1509 1306 1543 quos
1324 1499 1402 1543 ipsis
1419 1509 1435 1531 e
1454 1503 1615 1532 conventu
1633 1494 1743 1540 egredi
1760 1495 1894 1529 minime

1157 1554 1262 1593 liceat,
1288 1553 1319 1585 in
1345 1553 1492 1585 manibus
1511 1551 1610 1594 patris
1628 1550 1799 1593 generalis,
1826 1554 1891 1590 aut,

1158 1617 1195 1640 eo
1221 1607 1353 1639 absente
1371 1633 1378 1645 ,
1409 1605 1509 1649 ipsius
1534 1603 1660 1644 vicarii,
1685 1605 1735 1638 vel
1760 1603 1893 1636 alterius

1136 1660 1197 1692 ¹ab
1223 1670 1261 1693 eo
1289 1658 1478 1702 deputandi,
1505 1658 1721 1690 iuramentum
1747 1657 1896 1689 emittant

1157 1714 1244 1746 iuxta
1262 1713 1432 1746 formulam
1449 1712 1482 1745 in
1500 1712 1586 1744 calce
1604 1710 1823 1754 praesentium
1842 1710 1896 1743 de-

1159 1772 1322 1800 cretorum
1343 1765 1531 1809 appositam,
1550 1765 1697 1807 illudque
1714 1764 1753 1797 ad
1773 1773 1897 1796 sacram

1158 1819 1445 1862 congregationem
1470 1817 1699 1850 transmittant.

1201 1874 1235 1906 In
1260 1874 1321 1906 hoc
1345 1871 1451 1904 studio
1477 1872 1562 1904 ultra
1594 1870 1674 1903 duos
1700 1880 1802 1903 annos
1828 1880 1894 1903 non

1158 1932 1342 1965 morentur,
1363 1925 1424 1958 nisi
1450 1925 1586 1957 sortasse
1611 1933 1682 1956 cum
1707 1923 1828 1966 aliquo,
1855 1922 1896 1956 ob

1158 1979 1294 2022 insignis
1320 1988 1411 2022 spem
1435 1978 1617 2021 profectus,
1643 1975 1829 2009 censuerint
1852 1975 1897 2008 le-

1158 2038 1264 2066 ctores
1300 2030 1556 2074 protrahendam
1592 2039 1663 2062 esse
1699 2038 1821 2061 moram
1857 2027 1897 2060 ad

1158 2085 1354 2123 triennium,
1381 2083 1477 2126 idque
1503 2093 1574 2114 cum
1599 2081 1839 2124 dispensatione
1864 2079 1897 2113 in

1159 2137 1287 2182 scriptis
1312 2136 1412 2179 patris
1437 2134 1599 2178 generalis
1626 2139 1657 2167 et
1680 2144 1789 2166 sacrae
1822 2143 1898 2167 con-

1159 2189 1369 2234 gregationis.

1204 2244 1364 2277 Habeatur
1389 2242 1427 2275 de
1452 2241 1668 2280 studentibus,
1686 2240 1762 2274 dum
1782 2240 1814 2272 in
1832 2244 1899 2272 stu-

1160 2298 1211 2331 dio
1230 2296 1474 2340 permanserint,
1494 2295 1606 2328 eadem
1625 2294 1717 2333 ratio,
1738 2304 1775 2326 ae
1792 2293 1816 2326 si
1838 2293 1898 2326 hu-

1160 2350 1209 2382 ius
1233 2348 1419 2393 provinciae
1445 2347 1560 2380 fratres
1587 2351 1705 2385 essent,
1725 2351 1792 2379 tum
1815 2347 1900 2379 cirea

1161 2401 1423 2446 praecedentiam
1441 2400 1528 2433 iuxta
1548 2399 1786 2443 susceptionem
1807 2399 1900 2432 habi-

1162 2462 1229 2495 tus,
1259 2461 1324 2487 tum
1349 2454 1436 2486 circa
1459 2453 1584 2496 reliqua
1608 2452 1798 2485 eorumdem
1822 2451 1900 2484 reli-

1161 2508 1257 2551 giosis
1291 2507 1539 2541 necessitatibus
1578 2504 1828 2545 convenientia,
1860 2504 1899 2537 de

1162 2561 1276 2604 quibus
1298 2561 1493 2603 guardianus
1513 2570 1578 2593 non
1595 2569 1686 2592 secus
1704 2569 1738 2590 ae
1755 2558 1899 2600 reliquos

1161 2614 1208 2646 sui
1235 2620 1412 2647 conventus
1439 2614 1551 2646 Fratres
1578 2623 1631 2646 eos
1657 2611 1827 2655 providere
1855 2615 1899 2643 le-
