2247 3208
152 226 200 253 An.
216 226 244 254 c.
268 227 336 254 1663
939 224 1126 249 Αιιεκλκῡεῆ
1150 225 1193 248 vu
1219 225 1266 248 rr.
1758 211 1821 244 ¹143
1867 218 1914 245 An.
1931 217 1959 244 c.
1982 218 2047 245 1663

349 274 426 307 dere
451 274 581 317 possint
598 277 629 305 et
647 273 793 313 debeant,
813 283 1018 316 nequaquam
1035 273 1082 305 lo·
1097 271 1100 332 l
1118 271 1262 304 ficienter
1287 271 1444 314 expressis
1470 275 1501 303 et
1524 269 1654 303 insertis
1683 269 1849 306 habentes,

348 338 420 360 cum
445 327 566 359 habere
600 337 656 359 seu
689 327 836 359 obtinere
869 336 986 369 posse;
1025 325 1081 357 sed
1117 324 1181 356 illis
1207 324 1287 357 alias
1319 323 1351 356 in
1381 334 1437 357 suo
1469 324 1585 356 robore
1610 321 1849 366 permansuris,

349 380 498 414 eumdem
524 379 732 412 Benedictum
750 379 959 418 cardinalem,
975 382 1007 411 et
1023 388 1081 421 pro
1118 376 1273 409 latissime
1299 381 1330 409 et
1354 376 1540 419 plenissime
1563 386 1598 408 ac
1618 374 1802 418 specialiter
1822 380 1854 407 et

349 438 494 476 tempore
521 433 634 465 domus
665 443 721 465 seu
752 431 923 475 hospitalis
949 442 985 464 ac
1016 441 1084 463 mo·
1118 439 1267 471 expresse
1293 429 1501 471 derogamus,
1523 429 1703 472 ceterisque
1728 434 1853 462 contra-

226 1448 339 1474 Dnrogauo

156 1475 317 1496 contrariorum.

350 485 481 518 nasterii
508 486 694 518 huiusmodi
720 490 931 528 protectores,
953 483 1084 526 privile-

351 538 420 581 giis,
448 539 716 582 exemptionibus,
735 536 979 581 praerogativis,
998 536 1085 568 aliis-

352 602 431 635 que,
459 591 520 624 sibi
545 602 604 634 per
628 591 790 634 praefatas
816 589 861 622 Pii
887 589 923 622 IV
948 589 1085 632 praede-

352 644 490 678 cessoris
531 649 563 676 et
601 644 634 676 in
674 643 719 675 eis
756 646 922 675 enarratas
960 641 1085 674 litteras

352 696 538 730 huiusmodi
563 695 735 734 concessis,
755 695 857 727 libere
876 699 907 727 et
923 694 1011 727 licite
1030 694 1084 733 uti,

354 750 423 790 frui,
450 749 545 792 potiri
571 753 603 780 et
627 749 769 790 gaudere
796 748 914 781 debere
933 747 965 780 in
984 747 1084 780 omni-

351 803 410 835 bus
435 807 467 834 et
488 811 546 844 per
570 800 679 834 omnia
703 800 840 843 perinde
859 811 895 832 ac
919 800 945 833 si
967 800 1088 842 Grego-

353 854 392 888 rii
432 854 482 886 XV
522 854 786 897 praedecessoris
824 853 1012 886 constitutio
1053 863 1089 885 ac

352 907 569 941 resolutiones
596 911 628 939 et
652 907 781 939 decreta
812 907 957 949 praefata
983 906 1088 949 quoad

354 961 415 993 hoc
439 970 503 993 non
534 963 762 998 emanassent,
796 958 905 1001 sicque
935 958 967 990 in
996 969 1089 1001 prae-

353 1012 460 1045 missis
486 1023 545 1055 per
570 1022 788 1055 quoscumque
813 1011 937 1044 iudices
962 1011 1090 1043 ordina-

352 1065 420 1098 rios
446 1070 478 1098 et
503 1065 692 1107 delegatos,
720 1065 814 1097 etiam
839 1075 1004 1097 causarum
1036 1074 1090 1107 pa-

354 1118 423 1152 latii
454 1117 625 1161 apostolici
657 1117 844 1157 auditores,
878 1128 913 1150 ac
946 1117 1090 1150 eiusdem

355 1171 386 1205 S.
414 1171 451 1204 R.
480 1171 514 1203 E.
542 1170 748 1210 cardinales,
783 1170 879 1203 etiam
914 1171 953 1203 de
989 1171 1089 1202 latere

355 1226 495 1268 legatos,
522 1223 654 1256 iudicari
682 1229 713 1256 et
739 1223 865 1256 definiri
891 1223 1027 1262 debere,
1055 1233 1091 1254 ac

355 1277 482 1310 irritum
508 1281 540 1309 et
564 1276 659 1309 inane
693 1276 719 1308 si
757 1286 847 1309 secus
872 1286 968 1318 super
998 1274 1048 1307 his
1074 1286 1091 1307 a

356 1340 531 1373 quoquam,
549 1329 659 1373 quavis
674 1329 877 1368 auctoritate,
891 1328 1031 1361 scienter
1041 1329 1090 1360 vel

355 1383 556 1426 ignoranter,
583 1382 758 1424 contigerit
782 1381 950 1414 attentari.

399 1436 413 1479 ξ
437 1435 467 1468 6.
494 1435 563 1468 Non
585 1435 786 1468 obstantibus
808 1435 953 1478 praefata
975 1433 1093 1475 Grego-

354 1490 394 1523 rii
418 1489 470 1522 XV
494 1488 750 1532 praedecessoris
782 1488 915 1531 aliisque
940 1487 1094 1520 constitu-

357 1542 498 1576 tionibus
519 1546 551 1574 et
567 1541 826 1574 ordinationibus
851 1540 1043 1583 apostolicis,
1059 1550 1094 1571 ae

356 1595 610 1629 resolutionibus
624 1598 655 1626 et
670 1594 800 1627 decreto
819 1593 1004 1636 praedictis,
1021 1602 1094 1624 nec-

357 1659 432 1688 non,
459 1653 618 1692 quatenus
638 1657 718 1689 opus
738 1646 790 1686 sit,
810 1646 974 1689 quibusvis
999 1645 1095 1678 etiam

357 1703 547 1739 iuramento,
575 1699 818 1732 confirmatione
840 1699 1026 1741 apostolica,
1045 1699 1094 1730 vel

359 1754 470 1799 quavis
496 1752 646 1785 firmitate
672 1752 734 1785 alia
757 1751 938 1792 roboratis,
970 1750 1096 1783 statutis

360 1813 392 1841 et
415 1806 718 1846 consuetudinibus,
746 1805 921 1848 privilegiis
948 1816 1094 1849 qnoque,

360 1860 492 1894 indultis
517 1865 548 1892 et
571 1859 688 1892 litteris
713 1858 899 1902 apostolicis
918 1859 952 1890 in
969 1863 1113 1891 contra-¹

360 1915 443 1948 rium
468 1913 719 1957 praemissorum
744 1912 991 1955 quomodolibet
1023 1918 1114 1955 con-3

362 1967 474 2007 cessis,
500 1965 695 1999 confirmatis
720 1969 751 1998 et
776 1965 954 2005 innovatis,
982 1958 1115 2007 quihus}

362 2019 511 2053 omnibus
528 2012 559 2051 et
576 2018 723 2060 singulis,
751 2017 876 2050 etiamsi
895 2028 953 2061 pro
970 2011 1116 2050 illorumi

363 2072 533 2105 sufficienti
556 2071 765 2113 derogatione
784 2071 823 2104 de
844 2071 907 2104 illis
925 2081 1099 2114 eorumque

365 2124 440 2157 totis
467 2123 632 2157 tenoribus
652 2123 816 2166 specialis,
839 2122 987 2166 specifica
1005 2128 1036 2155 et
1052 2110 1117 2155 inst

365 2177 514 2217 dividua,
541 2181 572 2209 et
597 2176 636 2209 de
668 2177 765 2208 verbo
798 2177 836 2208 ad
862 2177 1010 2216 verbum,
1038 2187 1101 2209 non

365 2236 472 2263 autem
497 2239 555 2272 per
580 2229 740 2261 clausulas
758 2230 924 2271 generales
942 2229 1028 2262 idem
1044 2229 1102 2261 im-

366 2288 545 2327 portantes,
572 2282 692 2315 mentio
717 2293 772 2314 seu
798 2282 928 2326 quaevis
961 2282 1023 2315 alia
1049 2293 1102 2314 ex-

366 2335 489 2379 pressio
507 2335 658 2367 habenda
675 2340 729 2367 aut
745 2335 853 2378 aliqua
871 2335 933 2367 alia
946 2335 1102 2378 exquisita

367 2389 468 2421 forma
493 2388 532 2420 ad
558 2387 620 2419 hoc
650 2387 807 2419 servanda
837 2387 937 2426 soret,
973 2391 1101 2419 tenores

367 2440 568 2480 huiusmodi,
597 2449 633 2472 ac
658 2439 684 2472 si
711 2440 750 2472 de
773 2440 871 2472 verbo
896 2440 936 2472 ad
960 2440 1101 2479 verbum,

368 2493 451 2527 nihil
476 2493 606 2537 penitus
630 2492 750 2525 omisso
784 2497 814 2525 et
843 2492 944 2525 forma
974 2493 1007 2525 in
1039 2493 1103 2525 illis

370 2547 487 2580 tradita
503 2547 679 2587 observata,
698 2545 955 2589 exprimerentur
972 2550 1003 2578 et
1019 2545 1103 2578 inse-

369 2606 525 2641 rerentur,
552 2599 777 2645 praesentibus
798 2609 855 2642 pro
878 2599 972 2641 plene
991 2603 1023 2631 et
1039 2598 1102 2631 sus-

1118 481 1174 513 riis
1201 481 1466 524 quibuscumque.

1162 534 1275 566 Datum
1300 534 1432 573 Romae,
1452 535 1536 577 apud
1553 535 1584 567 S.
1605 534 1736 567 Mariam
1757 535 1853 568 Maio-

1120 598 1198 627 rem,
1216 589 1275 620 sub
1294 590 1414 621 annulo
1428 588 1611 627 Piscatoris,
1632 588 1683 621 die
1697 599 1728 622 V1
1748 589 1853 622 martii

1119 650 1272 681 noeman,
1290 641 1495 684 pontificatus
1510 641 1612 674 nostri
1628 651 1713 674 anno
1731 652 1800 675 viu.

1156 702 1212 729 Dat.
1231 702 1273 729 die
1293 703 1309 730 6
1325 702 1411 730 martii
1430 702 1506 736 1663,
1523 702 1617 737 pontif.
1640 711 1709 729 anno
1730 708 1783 730 vm.

1420 844 1562 878 CDXXX.

1121 923 1365 967 Plenipolenlia
1396 925 1565 958 reverendo
1602 925 1694 968 patri
1726 926 1858 959 domino

1166 977 1328 1020 Rasponio
1345 977 1387 1010 acl
1404 977 1605 1010 tractandum
1624 983 1652 1011 et
1669 979 1859 1010 concluden-

1166 1029 1244 1061 dum
1269 1040 1340 1062 cum
1358 1030 1522 1063 ministris
1545 1030 1630 1073 reqis
1654 1030 1859 1063 christianis-

1166 1082 1243 1114 simi
1267 1087 1295 1114 et
1319 1082 1460 1115 alioruin
1482 1084 1671 1126 principum
1689 1084 1860 1116 catholico-

1167 1145 1259 1176 rum,
1291 1136 1423 1178 ipsoque
1457 1146 1543 1178 reqc,
1575 1137 1737 1169 occasione
1767 1147 1859 1169 casus

1168 1187 1255 1219 inter
1278 1188 1443 1230 familiam
1464 1190 1602 1221 oratoris
1621 1189 1700 1221 dicti
1723 1190 1808 1232 reglis
1832 1194 1861 1222 et

1168 1240 1329 1272 custodias
1347 1241 1492 1273 militurn
1506 1252 1669 1274 cursorum
1684 1241 1735 1274 die
1752 1253 1790 1276 xx
1805 1253 1861 1275 au-

1167 1294 1256 1335 qusti
1276 1303 1405 1327 iinctxn
1431 1294 1466 1326 in
1494 1295 1574 1326 Urbe
1598 1295 1736 1337 sequuti,
1764 1306 1800 1328 ac
1824 1295 1862 1328 de

1167 1346 1341 1388 postulatis
1367 1357 1463 1389 snper
1490 1347 1631 1379 vallibus
1661 1347 1803 1381 Comacli
1832 1352 1862 1381 et

1170 1398 1288 1431 ducatu
1315 1399 1478 1433 Casti-ensi
1491 1398 1509 1433 ¹.

1173 1470 1287 1497 Dilecto
1298 1470 1359 1497 filio
1371 1471 1514 1505 magistro
1526 1471 1643 1498 Caesari
1655 1472 1812 1507 Rasponio,

1126 1514 1156 1541 in
1184 1513 1311 1547 utreque
1335 1514 1491 1549 signatura
1510 1514 1614 1543 nostre
1643 1515 1859 1550 referendario,

1319 1568 1487 1595 Alexander
1507 1569 1585 1602 Papa
1605 1564 1685 1596 v11.'

1400 1630 1515 1657 Dilecte
1533 1631 1591 1664 fili,

1163 1674 1292 1701 salutem
1313 1676 1343 1701 et
1362 1674 1556 1708 apostolicam
1579 1675 1829 1703 benedictionem.

1173 1746 1187 1789 ᾗ
1211 1745 1242 1778 1.
1270 1745 1385 1784 Quales
1410 1745 1507 1778 animi
1533 1745 1633 1778 nostri
1660 1756 1772 1779 sensus
1799 1747 1867 1780 sue-

1129 1799 1210 1839 rint,
1238 1798 1346 1832 audito
1371 1798 1557 1832 detestabili
1589 1810 1682 1839 casn,
1721 1799 1774 1843 qui
1810 1810 1866 1834 x111

1131 1854 1284 1886 kalendas
1313 1852 1505 1896 septembris
1536 1853 1760 1895 praecedentis
1790 1854 1866 1886 anni

1131 1916 1261 1940 MDCan
1274 1906 1397 1946 accidit,
1409 1906 1494 1938 inter
1504 1905 1657 1938 familiam
1670 1905 1789 1938 nobilis
1798 1906 1866 1947 viri,

1132 1960 1215 2003 apud
1242 1969 1299 1992 nos
1315 1965 1346 1991 et
1363 1958 1477 1991 Sedem
1502 1959 1720 2001 Apostolicam
1731 1959 1866 1993 oratoris

1133 2023 1190 2056 pro
1215 2012 1379 2045 carissimo
1397 2012 1429 2044 in
1447 2012 1571 2045 Christo
1593 2012 1658 2044 filio
1683 2017 1794 2045 nostro
1809 2013 1868 2045 Lu-

1134 2066 1247 2098 dovico
1273 2065 1466 2098 Francorum
1491 2075 1567 2107 rege
1588 2065 1868 2106 christianissimo,

1135 2125 1167 2151 et
1191 2118 1351 2151 custodias
1376 2128 1541 2150 cursorum
1566 2111 1702 2151 militum
1726 2118 1759 2150 in
1784 2118 1869 2151 Urbe

1136 2171 1354 2211 existentium,
1382 2171 1497 2214 quidve
1522 2182 1580 2214 pro
1606 2171 1758 2204 facinoris
1785 2176 1869 2204 atro-

1135 2225 1240 2265 citate,
1252 2224 1349 2257 etiam
1362 2224 1482 2257 iustitia
1494 2224 1667 2263 mediante,
1677 2224 1870 2257 vindicanda

1137 2284 1211 2311 tunc
1236 2278 1430 2317 iusserimus,
1456 2288 1556 2321 reque
1581 2277 1651 2320 ipsa
1675 2282 1871 2321 exequutum

1137 2331 1188 2371 sit,
1214 2331 1285 2364 aliis
1311 2331 1427 2363 nostris
1452 2330 1567 2363 litteris
1592 2331 1687 2373 plene
1712 2329 1872 2373 signifiea-

1136 2383 1264 2424 viinus²‚
1289 2384 1423 2427 ipsaque
1442 2383 1522 2416 Urbs
1539 2383 1682 2416 omnium
1706 2382 1872 2416 nationum

1138 2443 1239 2470 mater
1274 2442 1306 2470 et
1338 2437 1430 2469 altrix
1457 2437 1602 2479 locuples
1635 2435 1725 2468 testis
1752 2435 1870 2468 existit.

1137 2490 1247 2528 Qualia
1271 2490 1384 2523 itidem
1408 2489 1528 2522 suerint
1551 2489 1655 2522 studia
1680 2493 1790 2522 nostra
1813 2498 1871 2531 pro

1173 2563 1183 2588 1
1207 2561 1242 2587 Ex
1264 2561 1372 2596 Regest.
1393 2560 1418 2587 in
1438 2560 1542 2587 Secret.
1563 2558 1640 2586 Brev.

1171 2605 1187 2632 2
1207 2605 1323 2632 Litterae
1344 2603 1495 2632 huiusmodi
1515 2603 1612 2631 desunt
1632 2603 1668 2639 (n.
1684 2603 1733 2636 τ.).

1909 1754 2049 1775 Prooemium.
