2247 3208
232 201 281 228 An.
299 200 326 227 C.
347 199 417 227 1662

269 1351 361 1376 Gregorii
376 1350 411 1371 XV

232 1378 338 1398 dut-reunu
364 1382 413 1399 con·

232 1406 297 1424 litui-il
304 1419 309 1424 .

461 190 504 222 14

427 246 565 285 visione,
581 253 708 277 necnon
727 242 875 274 affixione
896 230 1077 273 edictorum
1096 248 1155 280 pro

428 308 588 330 concursu
619 297 760 337 desuper
783 292 994 330 instituendo,
1026 293 1157 323 contro-

429 351 550 383 versiae
576 350 660 380 inter
680 346 899 379 venerabilem
927 345 1060 376 fratrem
1089 343 1157 385 epi-

428 412 561 444 scopum
580 399 893 435 Barcliinonensem,
913 408 948 429 ac
967 397 1104 428 dilectos
1122 395 1157 426 fi-

428 454 487 486 lios
520 453 697 495 capitulum
733 455 765 483 et
803 449 975 482 canonicos
1009 447 1155 479 eiusdem

427 505 584 537 ecclesiae
616 501 891 536 Barchinonensis
916 500 1036 532 suerint
1065 509 1158 531 exor-

427 563 486 597 tae,
506 561 537 589 et
554 556 593 588 ad
610 555 683 588 illos
713 554 852 586 dilectus
880 552 966 584 iilius
996 551 1155 593 Iosephus

427 609 559 649 Gallart,
578 618 661 639 unus
682 618 718 639 ex
746 605 1004 648 oppositoribus,
1033 605 1156 636 electus

428 661 541 700 suerit3
561 660 635 703 quia
653 670 729 692 vero
748 663 958 701 praetensum
977 657 1036 688 suit
1053 657 1085 688 in
1103 665 1157 687 an-

429 714 588 746 tecedenti
606 713 766 745 dictorum
784 710 993 742 canonicatus
1013 714 1044 741 et
1062 718 1157 750 prae-

427 767 552 798 bendae
581 765 757 802 vacatione,
781 763 813 794 in
838 774 900 804 qua
919 761 1156 794 dictus'Petrus

427 818 563 850 Ioannes
582 816 753 848 defunctus
773 815 810 846 de
829 814 892 846 illis
918 813 1068 856 provisus
1087 813 1155 853 suit,

427 874 641 901 memoratum
654 871 810 900 statutum
821 865 896 898 dicti
908 865 1054 907 Gregorii
1064 875 1158 908 prae-

428 921 610 954 decessoris
628 919 868 953 ecclesiasticos
883 918 1085 961 principatus
1102 917 1158 949 Ca-

427 973 568 1006 taloniae
600 972 732 1004 minime
761 970 1065 1013 comprehendere,
1092 969 1158 1001 dic-

428 1031 478 1057 tus
496 1024 667 1067 Philippus
690 1024 755 1056 Rex
780 1028 936 1055 statutum
959 1021 1156 1061 huiusmodi,

427 1079 562 1120 excepta
597 1082 703 1108 tamen
729 1075 813 1107 dicta
844 1075 958 1107 11111111
990 1074 1157 1106 vacatione

426 1129 458 1161 in
485 1140 547 1172 qua
570 1129 620 1160 ius
646 1127 827 1170 quaesitum
853 1127 937 1170 parti
963 1136 1158 1159 conservan-

427 1181 503 1213 dum
528 1186 586 1220 est,
612 1181 650 1212 ad
677 1179 832 1212 ecclesias
859 1179 934 1211 dieti
953 1178 1156 1221 principatus

427 1244 444 1265 a
464 1233 568 1272 nobis,
587 1238 748 1275 quatenus
767 1242 849 1274 opus
868 1231 919 1272 sit,
937 1230 1067 1263 extendi
1085 1231 1158 1273 plu-

428 1285 545 1317 rimum
564 1284 740 1317 desideret:

470 1338 485 1380 §
508 1337 539 1370 3.
564 1337 627 1370 Nos
653 1337 764 1379 igitur,
793 1336 935 1380 Philippi
961 1337 1048 1379 regis
1073 1335 1157 1381 votis

428 1391 488 1424 hac
513 1391 545 1424 in
570 1401 603 1423 re
630 1390 864 1430 favorabiliter,
897 1396 1054 1433 quantum
1084 1401 1155 1422 cum

426 1444 562 1476 Domino
588 1454 774 1486 possumus,
801 1453 946 1475 annuero
972 1443 1155 1486 ciqtiientes,

427 1506 555 1528 necnon
580 1496 819 1539 praedictarum
846 1496 993 1538 Gregorii
1019 1496 1158 1539 praede-

428 1549 569 1581 cessoris
594 1548 776 1581 litterarum
798 1554 948 1581 tenorem
973 1549 1158 1592 praesenti-

427 1602 487 1633 bus
512 1612 573 1644 pro
596 1602 693 1644 plene
724 1606 752 1633 et
782 1601 982 1634 sufficienter
1000 1612 1156 1644 expresso

428 1664 464 1686 ac
489 1654 528 1686 (10
552 1654 651 1686 verbo
677 1653 716 1685 ad
740 1654 873 1686 verbum
892 1653 1017 1686 inserto
1036 1654 1159 1685 liaben-

429 1711 490 1745 tes,
516 1706 810 1749 supplicationibus
842 1706 989 1738 eiusdem
1014 1705 1157 1748 Philippi

428 1759 515 1801 regis
546 1759 677 1792 nomine
711 1760 806 1792 nobis
832 1771 932 1803 super
956 1760 1018 1792 hoc
1053 1758 1159 1791 humi-

428 1811 504 1844 liter
526 1812 688 1855 porrectis
718 1813 877 1853 inclinati,
908 1817 1158 1856 praenarratum

429 1869 586 1896 statutum
630 1870 662 1897 et
701 1866 942 1898 ordinationem
986 1865 1158 1898 memorati

429 1915 575 1959 Gregorii
614 1917 892 1959 praedecessoris,
927 1922 1158 1959 emanatasque

431 1969 573 2011 desuper
613 1969 682 2001 eius
722 1971 848 2003 litteras
885 1970 1084 2014 praedictas,
1122 1980 1158 2001 ac

431 2022 542 2053 omnia
568 2026 599 2054 et
623 2022 750 2064 singula
782 2023 814 2055 in
846 2023 891 2055 eis
918 2027 1092 2062 contenta,
1120 2022 1158 2055 ad

432 2084 653 2117 quascumque
684 2075 891 2108 cathedrales
937 2081 967 2108 et
993 2080 1160 2118 metropo-

432 2125 547 2158 litanas
573 2127 728 2158 ecclesias
746 2127 779 2159 in
797 2128 882 2160 dicto
900 2128 1086 2171 principatu
1105 2127 1161 2159 Ca-

433 2178 573 2211 taloniae
614 2190 700 2211 nunc
737 2185 769 2211 et
807 2191 866 2223 pro
903 2186 1053 2224 tempore
1096 2180 1161 2213 exi-

433 2236 570 2271 stentes,
591 2231 672 2264 itaut
690 2237 721 2264 et
737 2232 833 2264 1111110ί
853 2234 1022 2276 perpetuis
1043 2234 1160 2265 suturis

434 2283 636 2325 temporibus
674 2295 786 2317 omnes
824 2290 855 2317 et
879 2285 997 2327 singuli
1029 2285 1162 2318 eanoni-

435 2339 524 2367 catus
565 2341 596 2367 et
620 2337 828 2379 praebendae
845 2337 1092 2379 poenitentiarii
1111 2349 1163 2370 ea-

434 2387 583 2420 rumdem
602 2389 825 2429 ecclesiarum,
846 2394 909 2422 tam
927 2390 1097 2433 bucusque
1115 2391 1163 2422 111-

435 2439 557 2480 stituti,
591 2451 686 2482 quam
712 2441 865 2485 deinceps
891 2443 1163 2486 quandocumque

472 2556 483 2581 1
500 2552 591 2582 Potius
605 2555 663 2590 lege
680 2564 714 2582 ea:
729 2565 804 2583 nunc
819 2557 856 2592 (a.
874 2558 921 2594 1.).

999 192 1179 216 ΒἩΗΑΠῙἘΜ
1203 191 1353 213 ΒΗΜῘΛἹἪῘ

1188 247 1248 280 pro
1281 237 1458 279 supradicti
1487 237 1620 270 Concilii
1652 238 1831 269 Tridentini
1864 238 1920 269 de-

1190 290 1920 332 eretcrumadimplementoinstituendi,quo-

1190 342 1393 385 tiescumque
1433 341 1506 374 illos
1547 341 1641 373 sicuti
1677 342 1709 373 in
1742 342 1918 384 praedictis

1190 393 1337 435 Gregorii
1363 393 1629 436 praedecessoris
1648 393 1767 425 litteris
1786 403 1920 436 expres-

1189 455 1260 477 sum
1279 451 1327 477 est
1352 456 1467 477 vacare
1486 444 1673 487 contigerit,
1692 446 1825 488 praevio
1844 456 1921 478 con-

1190 508 1287 529 cursu
1319 509 1379 540 per
1410 498 1599 530 Ordinarios
1634 498 1780 530 locorum
1813 503 1845 529 et
1869 509 1921 530 ca-

1190 550 1292 592 pitula
1311 551 1468 583 dictarum
1488 550 1702 582 ecclesiarum
1719 555 1843 582 tantum
1860 561 1921 593 per

1190 603 1372 635 edictorum
1398 603 1595 642 affixionem,
1628 608 1658 635 ct
1691 602 1769 635 alias
1796 603 1920 635 eisdem

1191 656 1287 687 modo
1314 660 1344 687 et
1370 655 1473 687 forma
1499 656 1552 698 qui
1585 656 1617 687 in
1650 655 1744 687 dictis
1769 654 1919 697 Gregorii

1190 706 1457 749 praedecessoris
1482 707 1600 739 litteris
1633 706 1919 749 praescribuntur,

1192 759 1343 791 babendo
1368 759 1509 791 conferri
1536 759 1690 798 debeant3
1718 764 1748 791 et
1773 760 1799 791 si
1825 769 1922 791 eano-

1190 811 1317 843 nicatus
1348 816 1379 843 et
1395 811 1843 854 praebendapoenitentiarii
1858 812 1919 844 hu-

1190 863 1331 895 iusmodi
1364 863 1395 895 in
1430 874 1542 896 mense
1575 864 1757 907 apostolico
1790 874 1922 897 vacave-

1191 915 1277 955 rint,
1311 920 1366 947 ant
1397 915 1499 955 alias,
1530 915 1657 948 ratione
1682 926 1844 958 personae
1870 916 1921 948 vel

1191 968 1266 1007 loci,
1293 968 1494 1009 generaliter
1517 969 1566 1000 vel
1593 968 1782 1010 specialiter
1813 978 1923 1000 reser-

1191 1020 1254 1052 vati
1280 1031 1337 1052 seu
1369 1020 1474 1052 allecti
1508 1021 1648 1060 suerint,
1681 1021 1720 1052 ad
1754 1021 1829 1053 illos
1860 1031 1921 1064 pro

1193 1077 1340 1114 tempore
1366 1072 1525 1115 assumpti
1550 1073 1601 1105 vel
1627 1072 1732 1112 electi,
1757 1073 1844 1105 intra
1866 1083 1921 1105 sex

1191 1134 1321 1157 menses
1347 1136 1364 1157 a
1390 1125 1441 1157 die
1460 1135 1574 1157 eorum
1593 1125 1764 1157 electionis
1785 1135 1846 1167 per
1865 1124 1924 1157 Or-

1192 1177 1336 1209 dinarios
1362 1182 1394 1210 et
1418 1178 1559 1220 capitula
1583 1177 1771 1209 huiusmodi
1803 1177 1924 1209 sacien-

1191 1230 1262 1269 dae,
1282 1230 1407 1262 litteras
1433 1230 1630 1273 apostolicas
1656 1230 1801 1273 desuper
1826 1241 1924 1274 expe-

1192 1283 1274 1322 dire,
1302 1294 1338 1315 ac
1363 1283 1434 1316 iura
1469 1294 1619 1316 camerae
1655 1283 1856 1326 apostolicae
1889 1289 1922 1317 et

1191 1335 1261 1367 aliis
1286 1340 1464 1378 propterea
1496 1335 1606 1368 debita
1635 1336 1763 1368 solvere
1789 1340 1924 1368 tenean-

1192 1393 1262 1427 tur,
1300 1398 1335 1420 ac
1369 1388 1504 1421 servatis
1540 1389 1573 1420 in
1606 1388 1676 1422 aliis
1710 1388 1861 1421 omnibus
1892 1394 1924 1422 et

1191 1451 1250 1483 per
1274 1441 1381 1473 omnia
1407 1440 1623 1483 dispositione
1657 1445 1689 1472 et
1706 1440 1924 1473 ordinationi-

1191 1494 1251 1525 bus
1277 1494 1464 1526 earumdem
1483 1493 1630 1535 Gregorii
1654 1493 1922 1535 praedecessoris

1191 1545 1387 1585 11110111111111,
1407 1546 1477 1577 sine
1495 1537 1698 1588 praeiudicio
1717 1551 1825 1578 tanen
1843 1545 1922 1577 iuris

1192 1598 1285 1630 alteri
1311 1599 1469 1630 hactenus
1495 1598 1646 1641 quaesiti,
1674 1598 1867 1630 auctoritate
1892 1608 1925 1630 a-

1191 1650 1364 1693 postolica,
1385 1655 1498 1683 tenore
1510 1650 1746 1693 praesentium,
1763 1654 1922 1693 quatenus

1192 1714 1273 1746 opus
1289 1704 1341 1743 sit,
1362 1703 1566 1736 extendimus
1585 1708 1616 1736 et
1632 1703 1838 1746 ampliamus,
1858 1702 1925 1735 dic-

1193 1763 1307 1800 tasque
1334 1757 1489 1789 ecclesias
1512 1757 1715 1800 principatus
1738 1756 1924 1789 Cataloniae

1192 1810 1224 1841 in
1248 1810 1394 1844 futurum
1420 1809 1532 1852 gratiis
1558 1819 1618 1852 per
1642 1809 1828 1851 praedictas
1846 1807 1925 1841 Gre-

1193 1862 1275 1904 gorii
1307 1861 1576 1905 praedecessoris
1612 1861 1739 1893 litteras
1774 1860 1923 1893 ecclesiis

1192 1925 1370 1957 regnorum
1396 1914 1625 1957 Hispaniarum
1658 1913 1825 1946 concessis
1861 1913 1924 1945 frui

1194 1973 1225 2000 et
1250 1968 1393 2009 gaudere
1419 1968 1541 2000 debere
1573 1966 1783 2000 decernimus
1809 1971 1841 1998 et
1869 1966 1926 1998 de-

1193 2023 1367 2055 claramus.

1236 2074 1250 2116 g
1267 2074 1298 2106 4.
1315 2074 1535 2106 Decernentes
1550 2072 1675 2116 pariter
1689 2071 1819 2104 easdem
1831 2080 1926 2114 prae·

1194 2132 1304 2159 sentes
1329 2128 1477 2166 letteras,
1504 2125 1601 2158 etiam
1627 2136 1663 2157 ex
1690 2135 1728 2157 eo
1747 2125 1834 2167 quod
1852 2133 1926 2155 cau-

1195 2191 1270 2220 sae,
1296 2184 1434 2223 propter
1470 2188 1550 2221 quas
1576 2181 1789 2216 emanarunt,
1816 2186 1926 2208 coram

1195 2235 1342 2266 locorum
1367 2231 1565 2270 Ordinariis,
1592 2230 1689 2263 etiam
1715 2234 1881 2272 tamquam
1910 2239 1928 2260 a

1195 2286 1277 2318 Sede
1302 2285 1449 2328 praefata
1473 2283 1650 2325 delegatis,
1676 2283 1725 2315 vel
1744 2281 1822 2314 alias
1848 2291 1929 2324 quo-

1196 2339 1375 2372 modolibet
1391 2337 1605 2376 examinatae,
1616 2333 1930 2378 iustificataepurifi-

1197 2397 1286 2424 eatae
1303 2397 1335 2423 et
1346 2391 1560 2433 approbatae,
1576 2388 1705 2432 ipsique
1720 2386 1882 2420 Ordinarii
1897 2390 1930 2418 et

1198 2445 1251 2477 alii
1265 2443 1439 2476 inferiores
1451 2443 1626 2475 collatores
1639 2450 1767 2473 necnon
1783 2439 1930 2482 quicum-

1199 2508 1261 2540 que
1288 2497 1451 2529 interesse
1477 2496 1636 2527 babentes
1664 2493 1702 2526 ad
1727 2493 1758 2524 id
1783 2491 1929 2534 legitime

1199 2550 1304 2583 vocati
1330 2560 1393 2583 non
1413 2548 1546 2589 suerint,
1565 2558 1626 2580 nec
1642 2544 1832 2591 praemissis
1853 2552 1930 2577 eon-

1936 189 1983 213 Αη.
1999 188 2027 214 C.
2048 187 2116 215 1662

1952 2103 1955 2105 -
1967 2075 2077 2096 Decretum
2096 2074 2126 2096 ir·

1941 2105 2013 2122 filaus.
