2247 3208
236 255 286 286 An.
305 258 332 286 C.
357 258 423 286 1668
471 249 535 283 710

243 1641 296 1661 Usus
311 1642 412 1668 pecunia·

229 1674 281 1689 rum.

260 2115 358 2136 Clausala
370 2116 415 2136 snb-

233 2142 273 2163 lald
291 2145 323 2172 *ot*
343 2143 416 2162 decre·

233 2171 275 2189 tutu
291 2171 381 2189 trt'llans.

1011 258 1191 281 BULIARIUM
1217 257 1367 281 ROMANUM

430 307 600 340 nicationis
625 306 755 338 maioris
781 308 885 349 poena
923 310 958 337 ut
985 306 1189 349 praefertur,
1212 305 1344 337 trarium
1368 305 1553 348 iudicandi,
1582 306 1756 340 deliniendi
1783 312 1815 340 et
1847 307 1944 340 inter-

430 372 468 393 eo
502 361 570 403 ipso
606 360 818 399 incurrenda,
854 360 923 391 eius
960 359 1188 392 absolutione*

1187 417 1189 426 ’
1211 410 1287 450 cari,
1313 410 1519 454 interpretari
1545 416 1576 444 et
1601 412 1728 445 definiri
1753 413 1886 452 debere,
1909 423 1944 445 ac

428 413 541 446 itidem
569 418 602 445 ut
626 423 721 455 supra
745 415 929 453 reservata,
964 424 999 445 ac
1026 413 1084 445 sub
1111 413 1167 445 ob-

429 466 595 498 testatione
610 465 709 498 divini
725 465 836 498 iudicii
855 471 886 499 et
902 465 1165 498 interminatione

428 519 663 551 maledictionis
689 524 848 558 aeternae,
875 518 1016 551 districte
1042 518 1165 561 praeci-

427 572 547 614 piendo
573 572 773 611 mandamus,
798 582 837 603 ne
864 572 1017 604 eeclesias
1038 577 1070 604 et
1095 573 1165 604 loca

426 624 607 667 praedicta,
642 635 677 656 ac
703 625 825 656 clerum
849 629 880 656 et
905 624 1163 664 ecclesiasticOS,

428 677 571 719 aliosque
598 677 795 720 praedictos,
822 677 974 717 indebite,
993 688 1098 719 neque
1118 679 1165 709 ul-
1186 666 1188 704 l

1186 728 1416 769 'generalibus
1442 728 1586 761 conciliis
1619 729 1734 769 editis,
1767 729 1944 772 privilegiis

426 736 485 770 tra,
510 736 640 773 praeter
665 735 721 763 aut
745 735 857 763 contra
882 730 1114 765 continentiam
1133 736 1165 763 et

427 788 573 815 tenorem
592 784 812 826 praesentium
839 789 1022 816 nostrarum
1047 784 1164 816 littera-

424 845 508 876 rum,
537 841 671 878 gravent
689 836 946 879 quomodolibet,
965 846 1025 868 nee
1049 846 1066 867 a
1091 847 1163 878 quo-

426 898 521 931 quam
562 889 685 931 gravari
726 883 935 932 perniittant‘,
975 894 1007 922 et
1045 889 1163 921 nedum

426 946 538 974 contra
569 952 789 984 quoscumque
823 942 1101 974 contravenientes
1133 945 1164 973 et

426 994 672 1037 quomodolibet
696 993 943 1027 inobservantes
969 994 1007 1026 ad
1034 999 1164 1026 senten-

426 1047 542 1080 tiarum
565 1052 596 1079 et
620 1057 798 1090 poenarum
823 1048 1061 1090 praedictarum
1094 1058 1164 1090 pro—

425 1098 657 1142 mulgationem
691 1105 723 1132 et
757 1100 1009 1133 declarationem
1035 1111 1164 1143 respec-

425 1153 495 1193 tive,
523 1154 579 1186 sed
604 1153 699 1186 etiam
725 1157 837 1186 contra
858 1154 991 1186 eosdem
1016 1154 1163 1187 ecclesia-

425 1206 522 1239 sticos
563 1207 724 1239 seculares
765 1211 796 1239 et
835 1208 1000 1248 regulares
1016 1234 1023 1247 ,
1069 1207 1163 1239 etiam

425 1264 601 1302 exemptos,
628 1259 787 1302 nobisque
814 1265 845 1291 et
864 1259 935 1292 Sedi
960 1259 1163 1302 Apostolicae

425 1313 608 1346 immediate
638 1313 821 1353 subiectos,
860 1313 956 1346 etiam
993 1313 1161 1345 Societatis

425 1366 512 1407 lesu,
538 1367 663 1399 solvere
687 1371 890 1405 recusantes,
918 1367 955 1398 ad
982 1377 1163 1408 quamcum-

425 1428 486 1462 que
527 1419 708 1462 simplicem
749 1418 937 1451 eorumdem
977 1423 1162 1450 exactorum

423 1471 676 1514 requisitionem,
704 1471 800 1503 etiam
819 1470 1017 1513 exequutive,
1039 1475 1069 1502 et
1090 1481 1162 1512 qua-
1184 1500 1186 1510 ,

424 1535 561 1567 cumque
586 1524 803 1567 appellatione
819 1526 948 1564 remota,
968 1523 1159 1556 auctoritate

423 1579 535 1610 nostra
559 1577 749 1620 procedant.

467 1632 481 1673 g
506 1630 536 1663 3.
564 1631 715 1663 Volumus
740 1635 846 1662 autem
872 1635 906 1662 ut
937 1629 1104 1672 pecuniae,
1125 1641 1160 1662 ex

423 1683 599 1726 praedictis
625 1683 778 1715 subsidiis
803 1688 833 1714 et
859 1683 994 1724 gabellis
1015 1682 1079 1714 sive
1105 1682 1162 1714 im-

422 1736 654 1779 positionibus,
681 1740 715 1767 ut
739 1736 931 1778 praefertur,
949 1746 965 1767 a
991 1735 1082 1767 dictis
1109 1746 1160 1767 ec-

423 1789 611 1822 clesiasticis
636 1789 823 1831 exigendae,
843 1788 873 1821 in
896 1789 1081 1831 praedictos
1107 1789 1161 1821 de-

423 1843 580 1875 fensionis
604 1841 783 1875 catholicae
810 1842 884 1874 lidei
910 1853 945 1874 ac
982 1851 1161 1884 regnorum

424 1901 455 1928 et
480 1894 695 1929 dominiorum
716 1900 856 1936 tuorum,
877 1901 908 1927 et
934 1906 997 1928 non
1021 1895 1054 1927 in
1079 1895 1160 1927 alios

423 1959 511 1989 usus,
531 1954 770 1988 convertantur,
789 1959 886 1991 saper
904 1959 967 1991 quo
989 1948 1161 1980 maiestatis

424 2007 497 2034 tuae
523 2002 657 2045 eiusque
680 2002 902 2034 ministrorum
923 2007 954 2034 et
979 2001 1161 2033 officialium

426 2065 700 2098 quorumcumque
719 2055 950 2087 conscientiam
975 2065 1158 2087 oneramus.

470 2110 484 2151 ξ
509 2108 540 2140 4.
567 2109 786 2141 Decernentes
819 2113 1005 2150 praesentes
1035 2107 1160 2140 litteras

427 2161 573 2201 validas,
600 2161 709 2193 sirmas
736 2168 767 2193 et
791 2162 937 2193 ellit-aces
969 2160 1106 2193 existere
1132 2165 1163 2193 et

428 2213 506 2253 sore,
534 2213 655 2257 sicque,
683 2218 714 2245 et
732 2224 797 2246 non
816 2213 919 2253 aliter,
941 2213 1052 2256 quovis
1072 2223 1163 2256 prae-

428 2271 533 2306 textu,
559 2266 685 2299 ratione
711 2268 760 2299 vel
782 2268 887 2306 causa,
910 2276 968 2308 per
993 2276 1163 2308 quoscum-

428 2330 488 2361 que
504 2319 626 2352 iudices
637 2319 817 2352 ordinarios
833 2325 864 2352 et
878 2320 1052 2361 delegatos,
1066 2319 1162 2351 etiam
1184 2339 1185 2342 =

428 2383 598 2404 causarum
628 2373 737 2415 palatii
774 2372 941 2415 apostolici
979 2372 1160 2411 auditores,

428 2479 655 2521 cuiuscumque
674 2479 801 2521 gradus,
824 2485 932 2518 status,
952 2477 1160 2517 conditionis,

429 2531 606 2574 qualitatis,
633 2531 908 2573 praeeminentiae
935 2536 963 2562 et
999 2530 1163 2572 dignitatis

430 2584 524 2616 etiam
567 2584 824 2623 ecclesiasticae,
866 2584 959 2615 etiam
1000 2583 1164 2615 individua

430 2637 592 2670 mentione
620 2636 723 2678 dignis
752 2636 995 2678 quomodolibet
1026 2636 1057 2667 in
1087 2646 1164 2669 con—

1211 358 1361 400 pretandi
1387 358 1537 391 facultate
1563 364 1595 391 et
1617 360 1827 400 auctoritate,
1863 359 1944 393 iudi-

1210 463 1335 496 irritum
1368 470 1400 497 et
1432 465 1526 497 inane
1556 464 1581 497 si
1607 475 1697 498 secus
1729 476 1827 509 super
1851 466 1902 498 his
1927 476 1944 498 a

1210 527 1394 560 quoquam,
1419 517 1529 560 quavis
1560 518 1771 558 auctoritate,
1805 519 1944 551 scienter

1209 571 1257 602 vel
1283 569 1479 612 ignoranter,
1506 570 1679 613 contigerit
1703 572 1866 604 attentari.

1252 623 1266 665 ᾗ
1291 623 1322 655 5.
1349 622 1418 656 Non
1441 623 1643 656 obstantibus
1661 623 1943 657 constitutionibus

1209 679 1239 706 et
1272 675 1530 707 ordinationibus
1555 676 1757 718 apostolicis,
1784 676 1879 709 etiam
1910 677 1942 709 in

1209 792 1351 824 quoque,
1377 782 1510 815 indultis
1537 787 1568 814 et
1592 782 1708 815 litteris
1734 782 1943 825 apostolicis,

1208 834 1380 874 ecclesiis,
1408 835 1540 876 regnis,
1578 835 1741 878 personis,
1775 835 1942 878 capitulis,

1208 887 1437 928 monasteriis,
1466 888 1698 928 conventibus,
1733 889 1879 931 collegiis
1913 894 1944 921 et

1208 939 1277 972 aliis
1303 941 1497 982 praedictis,
1525 941 1584 973 sul)
1609 941 1865 984 quibuscumque
1899 947 1944 974 te-

1208 992 1344 1025 noribus
1370 997 1400 1025 et
1434 993 1564 1034 formis,
1607 1005 1642 1027 ac
1672 1005 1744 1026 cum
1777 994 1942 1037 quibusvis

1208 1044 1303 1077 etiam
1321 1045 1600 1087 derogatoriarum
1618 1045 1844 1088 derogatoriiS,
1859 1046 1944 1078 aliis-

1208 1108 1268 1140 que
1294 1097 1547 1137 efficacioribus,
1573 1098 1802 1131 efficacissimis
1833 1103 1866 1131 et
1895 1099 1944 1131 in-

1207 1150 1308 1182 solitis
1333 1151 1496 1192 clausulis,
1522 1151 1786 1195 irritantibusque
1811 1157 1843 1184 et
1871 1152 1941 1184 aliis

1208 1203 1367 1243 decretis,
1400 1204 1432 1236 in
1458 1214 1576 1246 genere
1602 1206 1652 1237 vel
1677 1205 1710 1237 in
1740 1205 1869 1248 specie,
1906 1215 1943 1237 ae

1207 1256 1286 1288 alias
1312 1256 1343 1288 in
1369 1257 1566 1289 contrarium
1587 1258 1839 1300 praemissorum
1865 1268 1943 1300 quo-

1207 1309 1389 1341 modolibet
1413 1310 1597 1349 concessis,
1622 1311 1810 1353 approbatis
1842 1316 1874 1343 et
1896 1310 1944 1343 in-

1207 1362 1352 1402 novatis;
1392 1363 1509 1406 quibus
1536 1364 1685 1397 omnibus
1719 1369 1751 1396 et
1786 1364 1942 1407 singulis,

1207 1416 1330 1448 etiamsi
1356 1427 1415 1459 pro
1445 1416 1616 1450 sufficienti
1649 1417 1779 1450 illorum
1808 1417 1943 1460 deroga-

1207 1467 1353 1501 tione'de
1379 1469 1442 1501 illis
1469 1479 1648 1512 eorumque
1675 1469 1748 1501 totis
1775 1469 1941 1502 tenoribus

1205 1521 1364 1564 specialis,
1398 1522 1547 1564 specifica
1576 1527 1607 1554 et
1638 1522 1814 1563 individua,
1843 1532 1878 1553 ac
1903 1522 1942 1554 de

1205 1573 1302 1606 verbo
1324 1575 1363 1606 ad
1390 1575 1536 1614 verbum,
1563 1585 1627 1607 non
1645 1580 1751 1607 autem
1777 1585 1834 1617 per
1857 1575 1944 1606 clau-

1206 1628 1291 1658 sulas
1310 1628 1476 1668 generales
1491 1627 1574 1659 idem
1590 1618 1943 1670 importantes,mentio

1205 1690 1261 1712 seu
1288 1680 1418 1723 quaevis
1443 1680 1505 1712 alia
1530 1680 1696 1723 expressio
1724 1679 1875 1712 habenda
1900 1689 1944 1712 es-

1206 1738 1269 1772 set,
1295 1733 1424 1766 illorum
1449 1738 1595 1773 tenores,
1620 1744 1656 1766 ac
1674 1733 1700 1765 si
1719 1733 1758 1766 de
1779 1733 1878 1765 verbo
1903 1733 1943 1765 ad

1204 1786 1352 1825 verbum,
1379 1785 1462 1818 nihil
1483 1786 1611 1829 penitus
1631 1785 1760 1825 omisso,
1784 1785 1943 1828 exprime-

1206 1845 1327 1879 rentur,
1351 1839 1584 1882 praesentibus
1603 1849 1663 1882 pro
1690 1839 1786 1882 plene
1808 1844 1839 1870 et
1861 1837 1943 1870 sulli-

1205 1891 1332 1924 cienter
1357 1892 1522 1934 expressis
1549 1896 1580 1924 et
1604 1891 1738 1924 insertis
1768 1891 1942 1931 habentes,

1204 1944 1269 1976 illis
1296 1944 1375 1976 alias
1404 1944 1438 1976 in
1467 1954 1527 1976 suo
1554 1945 1673 1976 robore
1700 1943 1941 1986 permansuris,

1205 1998 1243 2030 ad
1258 1998 1517 2041 praemissorum
1534 1996 1696 2036 effectum,
1709 1996 1899 2039 specialiter
1912 2001 1944 2029 et

1206 2061 1361 2093 expresse
1399 2051 1617 2093 derogamus;
1649 2049 1835 2091 ceterisque
1867 2059 1943 2100 con-

1206 2105 1313 2136 trariis
1340 2104 1614 2147 quibuscumque.

1248 2158 1263 2200 g
1287 2157 1318 2189 G.
1346 2157 1386 2190 Ut
1409 2163 1514 2189 autem
1539 2161 1727 2200 praesentes
1749 2161 1877 2188 nostrae
1894 2155 1940 2188 lit-

1205 2216 1302 2249 terae,
1330 2221 1400 2242 cum
1426 2221 1506 2253 opus
1532 2210 1638 2249 tuerit,
1659 2210 1698 2242 ad
1724 2210 1866 2242 onmium
1884 2219 1941 2241 no-

1206 2263 1307 2295 titiam
1322 2263 1446 2295 l'acilius
1472 2262 1621 2294 devenire
1640 2262 1774 2305 possint,
1795 2260 1941 2294 d’eeerni-

1205 2327 1274 2347 mus
1295 2320 1329 2347 ut
1343 2325 1452 2347 earum
1465 2315 1630 2357 exemplis,
1649 2314 1745 2346 etiam
1763 2313 1940 2357 impressis,

1206 2379 1302 2400 manu
1316 2368 1451 2400 alicuius
1469 2367 1585 2400 notarii
1601 2367 1722 2410 publici
1737 2367 1940 2409 subscriptis,

428 2426 553 2458 sublata
578 2437 781 2469 quacumque
809 2426 957 2458 omnibus
979 2431 1009 2457 et
1026 2424 1162 2467 singulis
1183 2448 1186 2466 a
1207 2427 1238 2454 et
1269 2432 1428 2464 personae
1465 2422 1497 2452 in
1532 2420 1687 2463 dignitate
1726 2419 1944 2452 ecelesiastica

1184 2488 1186 2514 3
1207 2475 1401 2508 constitutae
1428 2474 1534 2516 sigillo
1556 2473 1700 2512 munitis,
1721 2473 1833 2505 eadem
1850 2482 1943 2515 pror-

1184 2522 1186 2561 ἶ
1208 2539 1262 2561 sus
1290 2528 1368 2560 tides
1388 2528 1419 2559 in
1437 2527 1555 2559 iudicio
1575 2532 1606 2558 et
1624 2531 1714 2558 extra
1736 2525 1940 2564 adhibeatur,

1208 2592 1289 2624 quae
1316 2580 1392 2623 ipsis
1417 2579 1643 2623 praesentibus
1670 2578 1891 2617 adhiberetur,
1916 2577 1943 2609 si

1208 2635 1315 2667 forent
1341 2633 1503 2665 exhibitae
1528 2632 1578 2663 vel
1605 2636 1766 2663 ostensae.

1949 256 1999 284 λη.
2017 257 2046 285 C.
2069 254 2136 286 1668

1982 635 2072 664 Dei-egat
2088 641 2138 656 con·
2147 647 2160 658 ο

1955 664 2033 682 trariis.

1986 2163 2137 2189 'transumpto-

1951 2196 1996 2211 rum
2011 2190 2071 2211 fides.

2240 2864 2247 3053 2¹—OE->iJ-A-—A-.-*
