2247 3208
205 188 258 216 An.
280 190 308 217 C.
330 191 396 219 ¹666

228 513 371 537 Prooemium.

441 246 540 285 patae
552 243 664 287 oppidi
677 244 714 278 de
733 245 766 278 la
784 245 899 287 Heche,
920 248 1139 290 conyreqatio-

441 297 496 329 m's
511 296 690 341 S Iosephi,
702 299 946 343 Andeqavensis
962 299 1136 333 dioecesis¹.

591 387 756 416 Alexander
783 389 860 422 Papa
879 389 942 423 VH,

517 431 553 458 ad
576 434 750 466 perpetuam
772 432 818 460 rei
837 433 1016 460 memoriam.

440 508 643 544 Sacrosancti
669 513 869 555 apostolatus
888 512 983 545 officii
1011 513 1136 546 humili-

398 563 452 595 tati
477 569 608 597 nostrae
627 564 779 597 divinitus
797 565 959 598 commissi
977 566 1059 599 ratio
1078 578 1135 609 po-

395 616 500 655 stulat,
527 622 569 655 ut,
597 627 760 650 sacrarum
782 617 941 660 virginum
961 619 1134 652 etdevota-

394 678 464 701 rum
488 669 663 702 mulierum
689 670 971 712 congregationes,
999 682 1081 714 quae
1098 683 1133 703 u—

370 721 489 754 rberes
512 722 642 765 pietatis
679 727 712 755 et
744 723 941 756 christianae
966 724 1133 757 charitatis

218 1095 335 1121 Exposuit»

392 784 527 816 operum
552 775 690 815 fructus,
718 776 903 818 adspirante
929 777 1061 820 superni
1089 778 1132 809 sa—

390 826 477 859 voris
501 827 632 867 auxilio,
659 829 808 871 proferre
834 828 951 871 iugiter
971 835 1130 872 satagunt,

390 881 525 921 paterna
549 880 751 923 benignitate
770 887 1018 924 prosequentes,
1046 883 1131 915 felici

391 930 517 975 illarum
549 933 645 966 statui
683 939 715 966 et
750 926 940 977 progressui
976 941 1131 978 quantum

391 995 465 1018 cum
490 985 628 1019 Domino
662 997 834 1030 possumus
867 988 1038 1031 providere
1064 994 1131 1021 stu-

392 1038 535 1071 deamus.

434 1092 449 1135 ξ
474 1092 656 1137 1.>Expo‚ni
674 1093 832 1136 siquidem
851 1095 945 1128 nobis
965 1106 1068 1138 nuper
1085 1096 1130 1128 se-

389 1150 502 1177 cerunt
516 1145 653 1178 dilectae
669 1146 701 1178 in
715 1147 844 1180 Christo
870 1147 952 1180 tiliae
971 1149 1128 1181 moniales

387 1197 620 1240 hospitalariae
645 1200 856 1240 monasterii,
885 1201 1040 1244 hospitii,
1072 1213 1127 1235 seii

388 1249 505 1282 Domus
526 1250 580 1283 Dei
602 1258 814 1294 nuncupatae,
830 1253 941 1296 oppidi
960 1255 998 1288 de
1018 1256 1047 1287 la
1067 1255 1128 1288 lle-

387 1302 456 1343 che,
479 1304 745 1347 congregationis
765 1305 795 1338 S.
820 1306 958 1349 losephi,
982 1308 1128 1351 Andega-

387 1355 493 1388 vensis
521 1356 695 1397 dioecesis,
723 1359 808 1401 quod
834 1359 928 1399 alias,
954 1366 1125 1404 postquam

386 1408 506 1442 dictum
524 1411 759 1444 monasterinm
774 1412 813 1445 de
832 1416 984 1455 expressa
997 1414 1125 1447 licentia

385 1466 416 1493 et
436 1463 672 1505 approbatione
692 1469 766 1497 tunc
781 1465 947 1498 existentis
965 1466 1123 1500 Ordinarii

386 1514 627 1556 Andegavensis
644 1516 730 1549 iuxta
748 1517 995 1560 dispositionem
1015 1520 1125 1553 decre-

386 1570 491 1598 torum
505 1566 640 1600 Concilii
656 1568 833 1602 Tridentini
852 1577 993 1604 erectum
1012 1578 1042 1604 et
1059 1573 1124 1605 sun-

385 1619 494 1651 datum
520 1620 632 1660 suerat,
658 1621 747 1664 ipsae
768 1630 968 1666 exponentes
985 1625 1121 1658 subinde

385 1671 424 1704 de
451 1672 546 1705 simili
567 1673 695 1706 lieentia
713 1675 773 1708 alia
791 1677 988 1710 monasteria
1010 1688 1120 1711 earum

384 1725 520 1758 instituti
547 1727 578 1758 in
604 1727 730 1760 civitate
749 1728 965 1770 Nemausensi,
987 1742 1023 1763 ac
1043 1732 1120 1765 locis

384 1777 423 1809 de
449 1778 553 1820 Bange
579 1780 829 1822 Andegavensis,
849 1782 886 1814 de
905 1783 997 1816 Laval
1023 1784 1122 1818 Ceno-

383 1831 555 1870 manensis,
571 1832 609 1864 de
624 1832 759 1865 Moulins
773 1833 927 1867 Eduensis
942 1838 1119 1879 respective

384 1883 578 1923 dioecesum,
599 1890 629 1917 et
652 1886 690 1918 de
713 1886 854 1920 Monreal
873 1888 905 1920 in
924 1888 1010 1921 Nova
1027 1890 1122 1923 Fran-

383 1936 432 1967 cia
456 1936 641 1977 fundarunt,
666 1938 697 1970 in
723 1939 840 1982 quibus
866 1941 1008 1974 habitum
1036 1943 1122 1975 novi-

383 1988 434 2020 tiis
452 1989 680 2031 exbibuerunt,
695 2002 814 2035 easque
829 1994 866 2025 ad
882 1995 1120 2036 professionem

384 2042 569 2083 regularem
581 2043 677 2075 trium
690 2051 837 2078 vetorum
852 2046 1120 2089 substantialium,

383 2095 592 2137 paupertatis,
609 2097 764 2129 castitatis
774 2104 803 2130 et
816 2099 1031 2141 obedientiae,
1048 2113 1119 2135 cum

383 2152 499 2188 quarto
524 2154 598 2181 voto
624 2150 662 2182 de
690 2150 910 2193 hospitalitate
941 2164 1017 2196 erga
1042 2166 1120 2198 pau-

384 2209 477 2241 peres
503 2200 649 2235 infirmos
685 2206 875 2245 exercenda,
901 2207 1117 2249 admiserunt,

383 2262 417 2283 ac
443 2263 458 2283 a
484 2254 590 2286 inultis
616 2255 707 2288 annis
726 2257 804 2290 alias
826 2258 1007 2292 functiones
1032 2272 1120 2294 vera-

382 2314 453 2336 rum
478 2305 702 2348 religiosarum
729 2310 898 2344 obiverunt
915 2318 946 2344 et
968 2314 1006 2345 de
1026 2325 1120 2357 prae-

382 2358 466 2390 senti
491 2359 623 2399 obeunt,
649 2362 828 2395 clausuram
854 2370 884 2396 et
908 2367 1120 2400 communita-

383 2415 448 2442 tem
473 2413 637 2455 regulares
662 2414 720 2446 sub
745 2418 856 2458 regula
881 2418 982 2450 sancti
1012 2420 1119 2462 Augu-

382 2463 458 2496 stini
483 2475 518 2497 ae
536 2466 678 2509 propriis
694 2469 982 2504 constitutionibus
1008 2473 1046 2504 ab
1064 2472 1120 2505 Or-

418 2580 430 2607 1
448 2578 483 2606 Ex
501 2579 605 2616 Regest.
624 2581 648 2608 in
671 2583 774 2610 Secret.
795 2582 870 2611 Brev.

994 200 1114 223 ALExn*
1121 200 1137 223 D
1144 200 1182 224 En
1206 200 1250 223 vtl
1274 200 1322 223 FP.

1819 194 1879 228 lfl'l
1929 203 1978 229 An.
1998 201 2027 229 C.
2047 203 2115 231 1566

1182 248 1308 280 dinario
1334 249 1521 291 approbatis
1546 252 1711 291 servando,
1732 262 1802 284 cum
1821 252 1920 284 maxi-

1179 303 1230 333 ma
1255 300 1483 344 episcoporum
1500 303 1645 336 locorum
1669 305 1917 348 approbatione,

1180 364 1239 386 nec
1262 354 1381 387 minori
1406 356 1602 399 populorum
1625 357 1849 391 aedificatione
1871 359 1918 402 ip-

1179 416 1350 450 sarumque
1379 410 1612 451 exponentium
1644 411 1805 454 spirituali
1831 412 1918 445 utili-

1179 464 1255 491 tate.

1221 511 1235 553 ἓ
1261 511 1291 544 Q.
1319 511 1394 545 Cum
1428 519 1554 553 autem,
1582 516 1663 548 sicut
1688 517 1799 550 eadem
1824 529 1917 561 expo·
1966 529 2075 559 Absolutio
2098 535 2112 552 a

1177 563 1251 596 sitio
1277 565 1501 608 subiungebat,
1520 569 1681 610 praefatae
1707 560 2029 613 exponentes'ceusuns.

1177 621 1208 647 ut
1234 616 1455 660 spiritualibus
1483 630 1593 652 earum
1619 621 1826 656 incrementis
1845 634 1917 657 con-

1176 670 1308 709 sulatur,
1336 677 1367 703 et
1391 672 1493 714 quies,
1512 685 1574 716 qua
1592 674 1623 706 in
1645 678 1811 718 praesenti
1830 683 1916 711 statu

1175 723 1342 763 fruuntur,
1368 724 1490 757 firmius
1515 727 1712 767 stabiliatur,
1740 730 1916 772 plurimum

1174 776 1306 818 cupiant
1330 784 1512 820 opportune
1544 779 1602 812 sibi
1629 781 1660 812 in
1687 783 1870 824 praemissis
1899 795 1916 816 a

1175 828 1268 861 nobis
1305 831 1466 872 provideri
1499 837 1530 864 et
1563 837 1596 864 ut
1630 833 1711 866 int‘ra
1736 834 1914 878 indulgeri:

1174 891 1245 922 nos,
1282 882 1366 924 ipsas
1407 890 1608 927 exponentes
1648 887 1844 929 specialibus
1869 891 1914 923 sa-

1173 933 1304 966 voribus
1329 940 1361 967 et
1386 936 1497 978 gratiis
1522 939 1674 981 prosequi
1696 941 1854 980 volentes,
1881 948 1913 975 et

1174 996 1287 1019 eorum
1311 988 1493 1030 singulares
1526 1001 1684 1033 personas
1722 1004 1738 1025 a
1777 994 1912 1037 quibus-

1173 1039 1219 1071 vis
1245 1042 1603 1084 excommunicationis,
1629 1048 1857 1089 suspensionis
1877 1055 1909 1082 et

1172 1091 1360 1134 interdicti,
1394 1095 1534 1139 aliisque
1569 1098 1802 1132 ecelesiasticis
1837 1112 1910 1134 sen-

1173 1146 1293 1185 tentiis,
1312 1149 1456 1181 censuris
1483 1155 1514 1181 et
1538 1151 1654 1193 poenis
1672 1179 1679 1191 ,
1713 1164 1729 1185 a
1758 1153 1827 1186 iure
1856 1156 1908 1188 vel

1171 1199 1210 1230 ab
1245 1200 1394 1239 homine,
1427 1203 1539 1245 quavis
1571 1205 1741 1237 occasione
1769 1208 1817 1239 vel
1836 1218 1910 1240 eau-

1170 1253 1205 1283 sa
1230 1252 1320 1291 latis,
1342 1254 1367 1286 si
1394 1255 1512 1296 quibus
1539 1258 1790 1299 quomodolibet
1815 1259 1909 1293 inno-

1171 1304 1262 1337 datae
1301 1306 1443 1339 existunt
1459 1335 1466 1348 ,
1494 1309 1532 1340 ad
1571 1308 1719 1343 effectum
1758 1323 1909 1354 praesen-

1169 1357 1247 1389 tium
1274 1358 1439 1392 dumtaxat
1471 1363 1762 1405 consequendum,
1794 1365 1909 1398 harum

1168 1409 1251 1442 serie
1277 1411 1487 1446 absolventes
1505 1420 1534 1445 et
1555 1415 1717 1448 absolutas
1745 1418 1813 1450 sore
1835 1428 1909 1451 cen-

1167 1470 1289 1503 sentes,
1314 1466 1611 1508 supplicationibus
1638 1480 1749 1502 earum
1772 1471 1905 1504 nomine

1167 1516 1258 1549 nobis
1285 1528 1385 1560 super
1411 1519 1472 1551 hoe
1492 1520 1659 1553 humiliter
1683 1523 1907 1565 porreetisin-

1166 1570 1339 1610 clinati‚de
1358 1573 1591 1606 venerabilium
1617 1576 1753 1608 fratrum
1779 1582 1906 1610 nostro·
1950 1586 2100 1613 congregatio-

1167 1632 1236 1654 runi
1269 1623 1299 1655 S.
1328 1624 1363 1656 R.
1392 1625 1425 1657 E.
1454 1627 1669 1660 cardinalium
1707 1630 1847 1671 negotiis
1874 1620 1962 1663 etl’Sffi
1980 1616 2100 1677 ἵξιῗεῖἳῖᾆζ

1166 1678 1460 1712 consultationibus
1488 1681 1718 1724 episcoporum
1752 1688 1782 1715 et
1810 1668 2022 1726 11egu-?.‘}J'1'.⁰¹'‘¹‘
2046 1669 2099 1687 Μ’

1166 1729 1281 1762 larium
1308 1733 1573 1774 praepositorum
1599 1734 1750 1775 consilio,
1771 1736 1903 1769 attentis

1166 1784 1318 1824 narratis,
1349 1795 1449 1828 reque
1475 1796 1534 1828 per
1560 1787 1693 1820 eosdem
1719 1789 1903 1822 cardinales

1165 1842 1287 1869 mature
1313 1838 1501 1879 examinata,
1527 1841 1713 1873 earumdem
1740 1852 1905 1885 exponen-

1165 1889 1243 1921 tium
1268 1892 1554 1933 congregationem
1580 1898 1609 1924 et
1636 1894 1825 1935 institutum,
1848 1907 1904 1928 au-

1164 1942 1314 1975 ctoritate
1350 1945 1554 1986 apostolica,
1594 1951 1707 1980 tenore
1748 1958 1904 1990 praesen-

1165 1994 1253 2035 tium,
1279 1996 1507 2030 confirmamus
1541 2005 1571 2031 et
1605 2001 1835 2042 approbamus,
1857 2002 1904 2045 ip-

1163 2058 1276 2091 sasque
1302 2056 1498 2093 exponentes
1524 2063 1614 2085 veras
1640 2063 1707 2086 esse
1734 2055 1901 2097 religiosas

1164 2102 1378 2136 declaramus.

1206 2155 1220 2198 g
1245 2154 1276 2188 3.
1304 2156 1525 2190 Decernentes
1552 2160 1682 2192 easdem
1709 2167 1900 2204 praesentes

1163 2208 1301 2249 litteras,
1329 2220 1458 2253 semper
1482 2211 1605 2252 firmas,
1631 2214 1752 2246 validas
1778 2221 1809 2247 et
1834 2215 1902 2248 esti-

1162 2272 1255 2294 caces
1285 2263 1423 2296 existere
1456 2270 1487 2296 et
1517 2265 1758 2310 l'ore,suosque
1790 2269 1901 2311 plena-

1162 2315 1226 2348 rios
1246 2321 1276 2348 et
1301 2317 1447 2360 integros
1473 2318 1606 2352 ell'ectus
1633 2321 1742 2353 sortiri
1769 2327 1799 2354 et
1817 2322 1901 2354 obti-

1162 2379 1260 2409 nere,
1287 2380 1322 2402 ac
1357 2370 1448 2403 dictis
1469 2374 1706 2414 exponentibus
1740 2375 1771 2406 in
1797 2376 1901 2408 omni-

1162 2422 1219 2453 bus
1238 2427 1269 2454 et
1287 2432 1343 2465 per
1367 2424 1475 2457 omnia
1500 2425 1691 2468 plenissime
1718 2427 1899 2470 sull'ragari,

1938 2169 2050 2192 Decretum
2069 2171 2096 2192 ir·

1912 2200 1985 2217 ruens.

1153 2475 1272 2519 'sicque
1305 2477 1337 2508 in
1362 2479 1551 2520 praemissis
1583 2490 1643 2523 per
1675 2492 1898 2524 quoscumque

1161 2527 1282 2562 iudices
1309 2530 1495 2564 ordinarios
1529 2538 1560 2565 et
1585 2533 1773 2576 delegatos,
1801 2535 1898 2567 etiam

1161 2592 1331 2615 causarum
1364 2584 1475 2626 palatii
1508 2586 1680 2629 apostolici
1706 2588 1898 2629 auditore-s,
