2247 3208
150 225 199 252 An.
215 223 243 252 C.
265 223 332 252 ¹662

346 276 583 315 augumentum,
599 271 780 305 animarum
798 272 935 306 salutem
949 277 980 305 et
994 271 1081 304 chri-

345 325 532 359 stifidelium
543 326 722 360 bonorum¹
740 327 934 370 exemplum,
954 331 986 359 et
1001 325 1079 358 alias

338 371 432 413 ‘circa
456 380 586 412 salubre
621 380 769 423 regimen
794 385 826 412 et
849 379 978 412 felicem
1002 389 1078 411 suc-

337 442 474 475 ⁴cessum
488 433 669 473 domorum,
692 433 847 472 locorum,
867 443 903 465 ac
922 441 1080 474 persona-

328 473 416 519 amm
441 486 631 519 eorumdem
655 485 843 519 necessaria
863 484 993 517 noveris
1022 494 1080 516 seu

344 533 593 582 quomodolibet
617 544 814 582 opportuna,
841 537 989 576 faciendi,
1016 542 1080 569 sta-

344 592 456 624 tuendi
482 598 515 625 et
534 591 734 634 exequendi,
761 590 934 624 ordinandi
960 595 992 622 et
1015 589 1080 622 dis-

344 645 498 689 ponendi,
525 655 654 678 necnon
674 644 931 677 contradictores
957 643 1079 686 quosli-

343 699 399 731 bet
423 703 456 730 et
479 698 630 737 rebelles,
649 697 880 740 cuiuscumque
903 695 1076 738 dignitatis,

343 755 461 789 status,
483 749 611 792 gradus,
638 749 772 789 ordinis,
787 748 1076 792 praeeminentiae,

342 803 539 842 nobilitatis,
567 803 778 836 excellentiae
804 804 854 835 vel
879 802 1076 836 conditionis

341 855 470 896 fuerint,
486 866 547 899 per
563 855 917 896 excommunicationis,
940 865 1077 898 suspen-

342 908 443 941 sionis
469 913 502 941 et
536 908 699 941 interdicti
733 919 769 941 ac
794 908 1010 951 depositionis
1035 909 1076 941 ab

341 972 455 995 eorum
479 961 604 1001 officiis,
620 961 764 1004 aliasque
790 961 1074 1001 formidabiliores,

341 1014 381 1048 de
400 1015 516 1058 quibus
535 1015 590 1047 tibi
616 1015 779 1048 videbitur
796 1015 986 1058 expediens,
1003 1025 1078 1048 sen-

340 1067 468 1107 tentias,
495 1076 649 1100 censuras
665 1072 697 1100 et
720 1078 854 1110 poenas,
873 1068 1000 1100 sublato
1018 1067 1077 1100 dif-

341 1120 419 1163 fugii
434 1126 466 1153 et
478 1121 706 1164 appellationis
721 1121 899 1160 obstaculo,
913 1121 1009 1154 etiam
1023 1132 1077 1154 au-

341 1174 490 1208 ctoritate
512 1175 691 1218 apostolica
715 1176 955 1219 compescendi,
984 1181 1023 1215 et,
1050 1177 1076 1209 si

340 1238 422 1271 opus
452 1228 561 1268 fuerit,
588 1228 739 1261 auxilium
766 1229 892 1261 brachii
919 1229 1074 1261 secularis

339 1281 521 1320 invocandi,
543 1283 674 1324 plenam
691 1287 723 1313 et
739 1281 884 1321 liberam,
904 1282 1076 1314 auctorita-

339 1338 368 1365 te
391 1333 566 1376 praedicta,
587 1334 770 1366 facultatem
789 1334 997 1366 concedimus
1016 1345 1092 1377 per⁴

337 1391 543 1428 praesentes.
571 1385 608 1418 Et
624 1391 658 1418 ut
674 1387 863 1419 reformatio
889 1387 1074 1419 huiusmodi

337 1438 423 1470 iuxta
448 1439 612 1471 sincerum
631 1439 739 1472 cordis
757 1440 860 1472 nostri
875 1440 1073 1472 desiderium

337 1491 471 1523 liberius
498 1493 724 1535 subsequatur,
747 1503 860 1526 omnes
880 1498 912 1525 et
928 1493 1072 1535 singulos

337 1543 523 1587 principes,
552 1555 726 1588 proceres,
753 1546 895 1578 barones
929 1552 961 1578 et
992 1547 1072 1578 alios

337 1597 486 1629 dominos
514 1598 722 1640 temporales,
741 1608 777 1630 ac
796 1608 1072 1642 quorumcumque

336 1650 614 1693 parlamentorum
625 1650 840 1689 consiliarios,
851 1662 979 1684 necnon
990 1663 1074 1685 com-

336 1702 509 1735 munitates
544 1708 576 1735 et
605 1703 833 1736 universitates
868 1705 900 1736 in
936 1705 1072 1738 Domino

336 1755 533 1798 requirimus
559 1761 591 1788 et
615 1756 786 1788 hortamur
810 1761 949 1796 attente,
976 1768 1073 1790 vene-

336 1807 494 1839 rabilibus
509 1813 615 1840 autem
630 1808 783 1841 fratribus
801 1809 1070 1852 archiepiscopis,

337 1859 502 1903 episcopis
535 1865 567 1892 et
599 1860 670 1892 aliis
701 1862 848 1893 locorum
873 1861 1070 1902 Ordinariis,

336 1912 492 1954 praelatis
518 1913 770 1953 ecclesiasticis,
798 1925 832 1946 ac
861 1915 1013 1957 personis
1040 1915 1071 1947 in

337 1964 492 2007 dignitate
525 1966 748 1998 ecclesiastica
781 1967 981 2008 constitutis,
1008 1978 1070 2000 no-

336 2017 477 2060 strisque
504 2023 536 2049 et
571 2018 779 2060 Apostolicae
817 2018 908 2052 Sedis
945 2020 1071 2052 nunciis

336 2069 480 2102 districte
507 2071 711 2110 mandamus,
739 2076 916 2113 quatenus,
944 2072 1071 2105 divinae

336 2122 513 2155 maiestatis
532 2123 655 2163 intuitu,
675 2134 710 2156 ac
729 2134 789 2166 pro
809 2135 922 2157 eorum
941 2124 973 2156 in
988 2125 1071 2158 hanc

336 2181 482 2208 sanctam
507 2176 624 2209 Sedent
642 2177 827 2209 reverentia
843 2189 879 2210 ac
898 2178 1071 2212 devotione

335 2238 371 2260 ac
394 2228 561 2270 religionis
580 2230 664 2269 zelo,
683 2234 713 2262 te
738 2230 881 2273 benigno
907 2231 1071 2265 desiderio

335 2286 367 2313 et
391 2291 451 2323 pro
470 2280 584 2314 affectu
599 2282 644 2315 sic
659 2282 785 2315 sincere
809 2285 1071 2317 commendatum

334 2334 532 2377 suscipiant,
560 2344 596 2368 ac
629 2336 668 2368 de
702 2340 768 2369 tuto
799 2336 855 2369 tihi
880 2348 1016 2371 accessu
1040 2343 1072 2371 et

335 2386 440 2420 libero
461 2386 610 2420 redditu*z
633 2388 836 2431 provideant,
859 2396 890 2423 et
910 2391 988 2427 alias
1013 2392 1071 2425 be-

334 2439 460 2473 nevolis
486 2440 651 2473 favoribus
683 2441 861 2475 efficaciter
896 2443 1068 2485 assistant,

334 2491 378 2525 ita
402 2493 488 2536 quod
519 2499 711 2537 praesentes
745 2495 889 2528 debitum
920 2496 1070 2529 effectum

370 2565 382 2590 1
396 2563 507 2591 Videtur
520 2564 627 2600 legend.
641 2565 745 2593 bonum
762 2574 809 2601 pro
824 2566 964 2594 bonorum
976 2567 1068 2603 (tx-R).

369 2608 387 2635 2
401 2608 494 2638 Potius
509 2609 567 2645 lege
582 2610 680 2639 reditu
695 2611 731 2645 (a.
747 2611 794 2646 T.).

922 223 1126 247 -ALEXANDER
1148 223 1192 246 VII
1218 223 1265 246 PP.

1115 270 1300 311 sortiantur,
1327 275 1359 303 et
1382 270 1467 303 Ordo
1492 271 1563 315 ipsc
1588 270 1621 303 in
1647 274 1730 302 statu
1757 280 1851 312 pros-

1114 334 1195 366 pero
1221 335 1257 356 ac
1282 323 1369 356 felici
1395 334 1549 356 successu
1573 324 1680 357 valeat
1700 323 1779 355 inibi
1801 334 1851 356 sa-

1114 376 1252 408 lubriter
1276 376 1476 409 conservari.
1497 376 1739 420 Praecipientcs
1765 376 1851 408 nihi-

1114 428 1255 460 lominus
1281 429 1313 460 in
1339 429 1454 461 virtute
1481 434 1611 462 sanctae
1630 430 1848 469 obedientiae,

1113 491 1149 512 ac
1175 481 1233 513 sub
1259 481 1698 515 cxcomtmtnicationislatae
1719 488 1850 516 senten-

1115 532 1188 573 tiae,
1215 544 1252 565 ac
1276 534 1502 576 suspensionis
1529 546 1545 566 a
1571 535 1696 575 divinis,
1719 546 1849 569 necnon

1112 585 1303 628 privationis
1330 586 1474 619 omnium
1499 593 1531 620 et
1555 588 1756 630 singulorum
1782 589 1849 632 pri-

1112 637 1305 680 vilegiorum
1330 644 1362 671 et
1399 639 1598 672 indultorum
1624 646 1686 673 tam
1712 641 1743 673 in
1772 652 1849 683 pro-

1113 691 1225 724 vinciis
1251 702 1347 734 quam
1368 692 1400 724 in
1417 694 1727 735 congregationibus
1752 705 1848 737 prae-

1112 743 1204 776 dictis
1235 756 1252 777 a
1285 744 1367 778 Sede
1394 746 1583 788 Apostolica
1615 757 1847 780 concessorum

1112 803 1143 830 et
1157 798 1260 830 maris
1273 799 1385 841 magynz'
1397 805 1668 842 nuncupatorum,
1688 800 1734 833 ac'
1753 802 1848 833 abso-

1111 850 1242 883 lutionis
1269 851 1413 885 omnium
1438 851 1630 893 officiorum,
1653 864 1782 886 necnon
1800 854 1848 886 in-

1112 904 1289 937 habilitatis
1307 905 1347 937 ad
1372 905 1427 937 illa
1444 910 1477 938 et
1491 906 1552 938 alia
1570 905 1603 938 in
1621 906 1707 940 dicto
1725 907 1846 941 Ordine

1092 956 1094 968 '¹
1111 957 1297 998 obtinenda,
1315 959 1495 998 sententiis,
1516 959 1663 992 censuris
1682 966 1714 992 et
1729 961 1845 1003 poenis

1110 1020 1170 1052 per
1193 1010 1339 1053 singulos
1357 1021 1423 1044 non
1448 1017 1600 1054 parentes
1629 1010 1844 1053 incurrendis,

1110 1063 1258 1095 omnibus
1285 1068 1317 1096 et
1341 1063 1475 1106 singulis
1509 1064 1585 1098 dicti
1616 1064 1744 1097 Ordinis
1770 1076 1846 1109 pro-

1111 1115 1299 1156 fessoribus,
1318 1116 1548 1160 cuiuscumque
1565 1119 1683 1160 gradus
1699 1124 1752 1150 aut
1769 1129 1846 1153 con-

1110 1168 1240 1201 ditionis
1256 1169 1429 1209 extiterint,
1446 1175 1509 1202 tam
1528 1171 1725 1203 coniunctim
1747 1182 1845 1215 quam

1110 1220 1246 1261 divisim,
1265 1227 1299 1254 ut
1314 1221 1381 1261 tibi,
1400 1223 1484 1255 ultra
1499 1223 1728 1263 obedientiam,
1749 1236 1845 1268 quam

1110 1275 1165 1308 tibi
1190 1276 1258 1308 iure
1284 1276 1384 1319 ipsius
1410 1279 1617 1320 generalatus
1636 1278 1733 1311 oflicii
1754 1280 1845 1312 exhi-

1108 1330 1187 1361 bere
1212 1334 1373 1370 tenentur,
1397 1331 1493 1363 etiam
1510 1336 1673 1374 tamquam
1691 1332 1844 1365 commis-

1108 1382 1193 1415 sario
1218 1388 1332 1415 nostro
1358 1383 1535 1417 efficaciter
1559 1391 1696 1428 pareant
1713 1391 1745 1418 et
1765 1387 1843 1418 obe-

1109 1435 1211 1474 diant,
1240 1446 1275 1468 ac
1301 1435 1425 1469 eisdem
1446 1438 1690 1479 professoribus
1716 1440 1775 1471 sub
1801 1439 1843 1471 si-

1107 1489 1237 1521 milibus
1263 1490 1410 1522 censuris
1437 1496 1469 1522 et
1492 1491 1617 1533 poenis,
1634 1502 1673 1524 ne
1693 1492 1732 1524 ad
1750 1502 1843 1525 secu-

1107 1543 1174 1574 lare
1212 1543 1318 1574 forum
1343 1544 1393 1575 vel
1426 1543 1597 1584 auxilium,
1632 1555 1693 1588 per
1723 1556 1757 1577 se
1791 1546 1842 1578 vel

1107 1595 1213 1634 alium,
1229 1595 1352 1628 directe
1373 1597 1423 1628 vel
1449 1596 1616 1635 indirecte,
1636 1598 1777 1630 mediate
1791 1599 1841 1630 vel

1106 1647 1303 1689 immediate,
1328 1649 1440 1692 quovis
1466 1655 1636 1692 praetextu
1661 1661 1719 1682 seu
1744 1661 1842 1693 quae-

1106 1701 1167 1733 sito
1193 1702 1315 1741 colore,
1331 1712 1501 1734 recursum
1527 1703 1659 1743 habere,
1679 1709 1710 1736 et
1731 1703 1841 1736 huius-

1106 1754 1193 1787 modi
1211 1755 1479 1789 commissionem
1497 1762 1642 1789 nostram
1668 1768 1725 1790 seu
1743 1768 1841 1800 quac-

1105 1806 1151 1839 vis
1177 1807 1239 1839 alia
1264 1809 1416 1840 mandata
1449 1814 1480 1841 ct
1513 1810 1634 1852 scripta
1659 1810 1840 1852 apostoliea

1105 1859 1136 1891 in
1162 1859 1247 1892 dicto
1272 1860 1391 1893 Ordine
1416 1862 1576 1904 impedire
1594 1873 1724 1905 quoquo
1741 1864 1839 1895 modo

1104 1919 1324 1955 praesumant,
1341 1914 1538 1947 inhibemus.
1559 1915 1780 1948 Decerneutes
1797 1916 1841 1948 ir-

1106 1966 1200 1998 ritum
1215 1972 1246 1998 et
1260 1966 1355 1999 inane
1370 1967 1526 2010 quidquid
1544 1978 1636 2000 secus
1652 1969 1837 2011 contigerit.

1105 2018 1173 2051 Non
1200 2019 1402 2051 obstantibus
1428 2021 1629 2062 praemissis,
1657 2033 1693 2054 ac
1718 2022 1841 2054 consti-

1106 2072 1281 2105 tutionibus
1304 2078 1336 2105 et
1359 2073 1619 2106 ordinationibus
1638 2075 1838 2117 apostolicis,

1104 2135 1232 2157 necnon
1250 2125 1440 2168 privilegiis,
1461 2126 1602 2167 indultis,
1625 2127 1839 2167 libertatibus,

1105 2178 1366 2221 exemptionibus
1385 2184 1417 2212 et
1434 2179 1549 2212 litteris
1564 2181 1762 2223 apostolicis,
1780 2181 1841 2213 eis-

1105 2231 1177 2262 dem
1204 2232 1521 2274 congregationibus,
1541 2233 1637 2265 etiam
1663 2244 1701 2266 ex
1727 2234 1841 2266 obser-

1104 2283 1218 2324 vantia,
1245 2285 1324 2317 alias
1350 2286 1597 2328 quomodolibet
1629 2287 1839 2330 nuncupatis,

1104 2336 1264 2377 domibus,
1299 2338 1380 2370 locis
1413 2344 1444 2371 et
1474 2338 1625 2381 personis
1651 2339 1839 2382 praedictis,

1104 2390 1135 2422 in
1162 2401 1283 2433 genere
1308 2392 1359 2424 vel
1384 2391 1415 2423 in
1442 2392 1571 2435 specie,
1600 2398 1631 2424 et
1655 2393 1763 2425 favore
1790 2403 1841 2425 re-

1104 2443 1225 2486 gularis
1259 2444 1505 2484 observantiae,
1532 2445 1628 2478 etiam
1658 2455 1718 2488 per
1744 2455 1841 2487 quos-

1104 2508 1242 2540 cumque
1263 2497 1426 2530 Romanos
1451 2497 1623 2531 Pontifices
1645 2499 1841 2542 praedeces-

1141 2569 1151 2593 1
1171 2567 1236 2594 Male
1253 2568 1317 2595 edit.
1335 2568 1417 2596 Main.
1434 2568 1498 2604 legit
1517 2569 1552 2595 ab
1572 2577 1620 2603 pro
1636 2576 1683 2599 ac;
1704 2571 1730 2595 et
1749 2571 1841 2602 postea

1104 2611 1193 2647 aptius
1206 2613 1267 2648 lege
1280 2613 1478 2642 amvnissz'onis
1493 2620 1540 2648 pro
1555 2612 1740 2641 absolutionis
1749 2611 1840 2645 (um).

1779 211 1818 244 C27
1868 221 1915 248 An.
1937 221 1965 248 c.
1983 221 2050 251 1002

1883 1924 2003 1946 Clausulas).
