2247 3208
613 376 884 456 INDEX
953 375 1553 457 RUBRICARUM

821 508 1370 554 CONSTITUTIONUM

481 620 1062 678 ALEXANDRI
1138 622 1458 678 PAPAE
1534 622 1673 678 Vll

353 729 402 759 ΑΒ
436 731 548 760 ANNO
581 730 743 759 OCTAVO

780 729 898 759 SACRI
930 731 1022 760 EIUS
1053 730 1322 760 PRINCIPATUS
1357 732 1410 760 AD
1443 731 1811 761 DECIMUMTERTIUM

1068 834 1102 852 ET

651 904 1077 962 CLEMENTIS
1134 905 1383 962 PAPAE
1442 906 1522 962 IX

514 1014 566 1041 ΑΒ
602 1013 714 1042 ANNO
748 1014 872 1042 PRIMO
911 1014 960 1042 AD
993 1014 1137 1043 ANNUM
1170 1014 1348 1043 TERTIUM
1384 1015 1431 1042 ET
1466 1015 1660 1044 ULTIMUM.

314 1487 541 1523 CCCLXXXVI.
555 1488 730 1523 prohibitio
746 1490 900 1525 transitus
917 1490 1053 1524 fratrum

402 1541 674 1575 Discalceatorum
699 1544 956 1586 congregationis
985 1545 1062 1577 Gal-⁴

404 1595 525 1628 licanae
551 1595 676 1628 Ordinis
706 1596 929 1631 Sanctissimae
954 1599 1056 1631 Trini-

406 1649 477 1682 tatis
521 1649 752 1693 redemptionis
790 1651 984 1694 captivorum
1017 1652 1055 1684 ad

405 1702 567 1736 Calceatos
597 1704 643 1736 vel
675 1703 888 1737 Discalceatos
924 1714 1056 1747 congre-

404 1755 542 1798 gationis
567 1756 737 1800 Hispaniae
754 1785 761 1797 ,
788 1767 861 1789 cum
888 1763 1055 1800 praecepto

406 1815 441 1842 ut
465 1808 519 1852 qui
550 1809 719 1853 hucusque
737 1811 931 1844 transierunt
952 1811 1056 1844 remit-

403 1869 524 1902 tantur,
551 1868 622 1904 etc.,
650 1863 679 1895 1.

314 1915 558 1950 CCCLXXXVII.
594 1916 695 1960 Super
726 1917 964 1950 contributione
999 1928 1057 1951 ec-

403 1969 654 2003 clesiasticorum
668 1980 842 2013 regnorum
858 1970 1009 2004 Castellae
1027 1979 1055 2005 et

402 2021 550 2066 Legionis
574 2022 685 2056 decem
699 2028 730 2055 et
747 2033 861 2058 novem
876 2023 1055 2058 millionum

402 2075 593 2109 ducatorum
625 2086 699 2109 cum
731 2075 864 2110 dimidio
898 2088 953 2121 pro
984 2088 1056 2121 rege

404 2128 575 2170 catholico,
599 2128 630 2164 2.

314 2181 572 2216 CCCLXXXVIII.
586 2183 771 2227 Prorogatio
781 2183 915 2217 subsidii
927 2185 1052 2228 quadri-

403 2242 575 2279 gentorum
600 2242 631 2270 et
655 2237 765 2280 viginti
797 2237 934 2270 millium
960 2239 1056 2271 duca-

404 2294 509 2322 torum
535 2300 631 2333 super
655 2289 811 2324 fructibus
836 2291 1057 2325 ecclesiasticis

404 2342 624 2375 universarum
650 2343 877 2387 Hispaniarum
895 2351 925 2378 et
950 2344 1057 2378 Sardi-

404 2395 475 2428 niae
500 2394 531 2428 in
557 2396 693 2429 favorem
719 2396 802 2440 regis
819 2397 981 2437 catholici,
1001 2397 1033 2431 7.

314 2446 542 2482 CCCLXXXIX.
574 2449 721 2483 Diversae
751 2451 967 2485 ordinationes
999 2463 1057 2495 pro

401 2501 484 2535 felici
501 2508 584 2536 statu
597 2508 628 2536 et
642 2503 817 2537 directione
830 2505 1056 2549 Congregatio—

401 2556 449 2589 nis
473 2556 663 2590 clericorum
690 2557 885 2601 regularium
911 2560 941 2592 S.
968 2559 1054 2592 Pauli

402 2608 565 2650 Decollati‚
593 2608 644 2642 11.

1109 1491 1243 1526 CCCXC.
1285 1492 1430 1525 Extensio
1465 1492 1575 1525 statuti
1607 1491 1749 1535 Gregorii
1776 1492 1852 1531 XV,

1197 1551 1230 1578 ut
1255 1545 1462 1578 canonicatus
1475 1551 1503 1577 et
1522 1544 1759 1588 praebendatus
1777 1555 1852 1588 poe-

1199 1598 1372 1631 nitentiarii
1398 1597 1608 1631 ecclesiarum
1634 1598 1854 1641 metropolita-

1199 1661 1314 1683 narum
1346 1656 1374 1683 et
1408 1650 1641 1684 cathedralium
1672 1651 1704 1683 in
1740 1650 1852 1694 llispa-

1198 1703 1324 1736 niarum
1350 1703 1458 1747 regnis
1477 1704 1735 1745 consistentium,
1749 1704 1852 1738 eidem

1197 1756 1269 1791 Sedi
1296 1757 1497 1801 Apostolicae
1522 1758 1600 1799 (non
1626 1764 1734 1791 tamen
1756 1758 1851 1791 ratio-

1198 1822 1237 1845 ne
1261 1812 1367 1845 obitus
1392 1811 1476 1855 apud
1503 1811 1663 1854 eamdem)
1688 1810 1850 1850 reservati,

1197 1865 1323 1908 praevio
1348 1874 1507 1898 concursu
1537 1863 1675 1897 conferri
1701 1863 1850 1903 debeant,

1199 1919 1238 1951 ad
1263 1918 1412 1951 ecclesias
1437 1916 1631 1950 cathedrales
1650 1924 1680 1951 et
1697 1923 1853 1962 metropo-

1200 1971 1312 2005 litanas
1337 1971 1535 2015 principatus
1561 1971 1755 2012 Cataloniae‚
1779 1976 1851 2012 eto,

1199 2024 1251 2057 102.

1110 2078 1256 2112 cccxffl.
1284 2077 1385 2121 Super
1401 2077 1572 2112 concordia
1593 2079 1762 2112 solutionis
1781 2089 1854 2123 pen-

1198 2132 1296 2165 sionis
1329 2137 1504 2166 reservatae
1530 2143 1545 2164 a
1571 2138 1699 2166 sanctae
1733 2143 1853 2166 memo-

1199 2186 1263 2218 riae
1288 2185 1438 2227 Gregorio
1465 2185 1535 2218 Xlll
1574 2195 1670 2229 super
1697 2185 1852 2220 fructibus

1199 2238 1346 2272 abbatiae
1383 2238 1477 2271 fontis
1513 2239 1678 2273 Avellanae
1703 2239 1743 2272 de
1767 2250 1853 2273 anno

1199 2301 1364 2325 MDLxxvm
1392 2292 1430 2324 ad
1457 2292 1596 2325 favorem
1620 2292 1747 2336 collegii
1773 2292 1853 2326 Neo-

1198 2346 1369 2389 phytorum
1391 2345 1554 2378 faciendae
1579 2356 1596 2379 a
1620 2346 1756 2389 collegio
1778 2347 1853 2380 Ger-

1200 2398 1325 2431 manico
1351 2404 1476 2431 tantum
1502 2399 1535 2431 in
1559 2398 1657 2432 scutis
1672 2399 1758 2432 mille
1776 2409 1853 2442 qua-

1200 2457 1272 2485 tuor
1301 2457 1429 2484 centum
1461 2452 1500 2485 dc
1532 2451 1618 2485 iuliis
1650 2451 1760 2486 decem
1794 2461 1851 2495 pro

1198 2510 1290 2538 scuto
1315 2504 1347 2537 in
1370 2504 1528 2545 futurum,
1554 2505 1606 2538 15.

1111 2559 1265 2594 CCCXCII.
1304 2558 1478 2594 Confirmat
1532 2558 1697 2592 decretum
1742 2568 1850 2592 sacrae

1199 2612 1457 2657 congregationis
1481 2612 1705 2657 episcoporum
1728 2617 1757 2646 et
1774 2610 1847 2644 visi-
