2247 3208
206 282 390 310 A...c.1ees
438 271 502 304 <372

403 327 574 362 cardinalis
599 335 715 356 munus
737 318 930 365 protectoris
951 315 1135 350 huiusmodi

402 380 509 414 subire
536 383 568 410 et
593 384 744 408 exercere
770 371 952 415 incepisset,
975 367 1138 402 nihilomi-

403 443 472 472 nus,
498 431 522 462 si
549 425 740 472 postquam¹
769 425 974 465 contingeret
997 422 1137 464 aliquem

402 484 504 517 dictae
524 480 662 514 familiae
681 484 712 511 et
729 477 914 521 parentelae
933 475 970 508 ad
994 473 1139 506 cardina-

402 537 484 569 latus
510 534 670 566 honorem
697 529 834 568 assumi,
870 528 897 559 is
929 527 961 559 in
995 525 1140 558 eiusdem

403 586 546 621 muneris
573 583 740 617 functione
765 580 920 625 praeferri
944 580 1088 617 deberet,
1108 582 1141 610 et

404 638 590 672 constitutio
617 641 649 669 et
673 634 839 678 deputatio
866 633 903 665 de
933 631 1073 665 cuiusvis
1099 631 1142 663 al-

405 691 506 725 terius
531 691 672 734 persona
709 688 739 720 in
777 691 998 730 protectorem
1031 683 1142 715 liuius-

406 743 492 777 modi
519 744 627 781 l'actae,
654 751 692 773 eo
713 740 786 782 ipso
804 748 930 770 cessare
948 741 979 768 et
997 736 1143 778 expirare

407 800 633 835 censerentur,
662 799 694 826 et
718 793 794 825 alias
819 796 915 834 prout
937 790 967 822 in
990 788 1142 832 praefatis

408 850 485 883 Sixti
511 846 771 892 praedecessoris
796 844 922 883 litteris,
949 853 1084 886 quarum
1106 847 1144 873 te-

409 912 524 935 norem
549 899 776 944 praesentibus
802 907 861 941 pro
882 897 978 940 plene
1005 900 1036 927 et
1053 893 1146 926 suffi-

411 955 534 988 cienter
552 962 706 996 expresso
725 962 761 983 ae
776 951 815 983 de
837 949 935 982 verbo
954 948 993 980 ad
1011 947 1145 979 verbum

411 1008 531 1040 inserto
557 1005 671 1038 haberi
696 1005 858 1043 volumus,
888 1000 1018 1033 uberius
1046 999 1148 1032 conti-

412 1065 520 1093 netur.

456 1113 470 1155 ἓ
495 1110 525 1143 2.
553 1110 629 1143 Cum
654 1113 770 1147 autem,
797 1106 880 1139 sicut
904 1109 1077 1149 proparte
1104 1103 1150 1136 di-

411 1166 568 1198 lectorum
584 1162 724 1195 filiorum
741 1159 1007 1192 communitatum
1028 1162 1059 1189 et
1079 1156 1150 1188 uni-

411 1217 597 1250 versitatum
621 1219 654 1247 et
678 1213 848 1246 hominum
876 1210 1065 1255 provinciae
1093 1220 1149 1242 no-

412 1276 497 1304 strae
533 1267 694 1301 Marchiae
736 1264 955 1298 Anconitanae
987 1263 1151 1306 praelatae

411 1323 506 1356 nobis
531 1330 635 1364 nuper
661 1319 844 1361 expositum
872 1316 938 1356 fuit,
960 1316 1018 1348 sub
1045 1315 1151 1358 ponti-

412 1375 527 1407 ficatus
553 1372 746 1405 recolendae
770 1369 947 1402 memoriae
979 1367 1151 1400 Alexandri

413 1428 519 1471 Papae
533 1426 593 1465 vll,
620 1422 882 1468 praedecessoris
902 1421 1023 1464 pariter
1040 1420 1150 1459 nostri,

415 1479 551 1513 dilectus
576 1478 660 1510 filius
686 1481 794 1508 noster
820 1474 979 1517 Virginius
1005 1473 1035 1505 S.
1064 1473 1098 1504 R.
1117 1472 1151 1504 E.

418 1531 590 1565 cardinalis
615 1529 747 1562 Ursinus
766 1532 981 1570 nuncupatus,
994 1531 1154 1568 tamquam

419 1585 458 1617 de
472 1583 640 1627 parentela
654 1581 789 1625 praefati
802 1580 879 1612 Sixti
894 1578 1155 1622 praedecessoris

421 1647 478 1680 per
502 1635 664 1680 quondam
679 1634 819 1666 Flaviam
833 1632 994 1664 Perettani
1007 1630 1156 1663 Ursinam

424 1689 592 1728 oriundus,
609 1688 711 1719 bonae
732 1684 909 1719 memoriae
930 1684 1083 1716 loannem
1102 1683 1159 1715 Ba-

424 1741 574 1785 ptistam,
601 1740 677 1772 dum
703 1738 801 1778 vixit,
828 1738 974 1770 eiusdem
999 1736 1030 1768 S.
1058 1736 1094 1767 R.
1121 1735 1156 1767 E.

424 1794 622 1828 cardinalem
633 1793 807 1825 Pallottum
818 1795 1051 1832 nuncupatum,
1068 1799 1103 1821 ex
1118 1788 1160 1820 di-

425 1851 476 1881 cta
499 1845 664 1890 provincia
688 1844 846 1877 Marchiae
862 1843 1042 1882 oriundum,
1062 1853 1078 1874 a
1093 1852 1162 1873 mu-

425 1911 504 1934 nere
544 1898 736 1943 protectoris
776 1897 943 1940 cappellae
978 1895 1162 1927 huiusmodi

426 1954 599 1987 excludere
636 1950 874 1995 praetenderit,
913 1951 1047 1992 ortaque
1079 1949 1164 1981 inter

427 2007 559 2040 eosdem
587 2005 767 2047 Virginium
792 2014 829 2036 ex
855 2004 917 2034 una
950 2008 982 2034 et
1010 2002 1164 2034 Ioannem

428 2060 604 2103 Baptistam
628 2058 807 2090 cardinales
833 2067 868 2089 ex
895 2057 995 2088 altera
1022 2055 1166 2098 partibus

431 2124 530 2157 super
555 2115 591 2145 ea
615 2122 648 2144 re
664 2138 671 2151 ,
703 2111 742 2143 ad
782 2120 877 2152 quem
903 2108 1027 2141 scilicet
1058 2119 1095 2141 ex
1121 2107 1166 2139 eis

434 2167 554 2200 dictum
593 2175 707 2197 munus
752 2162 945 2207 protectoris
987 2166 1166 2205 spectaret,

286 2234 424 2259 [mangano
435 2218 666 2257 controversia,
694 2217 797 2250 dictus
823 2216 1004 2248 Alexander
1034 2215 1170 2258 praede-

243 2263 341 2315 §2¹:33³
358 2260 546 2306 “d‘'cessor
570 2270 739 2314 negocium
765 2269 950 2303 huiusmodi
972 2267 1171 2301 commiserit

437 2325 626 2369 particulari
653 2323 896 2366 congregationi
921 2323 1113 2356 dilectorum
1141 2321 1171 2353 fi-

439 2379 556 2412 liorum
580 2377 680 2410 nostri
716 2376 837 2409 Giberti
866 2376 896 2409 S.
932 2376 969 2409 R.
1003 2376 1038 2409 E.
1072 2375 1173 2407 cardi-

439 2432 519 2466 nalis
550 2430 737 2464 Borromaei
764 2430 940 2473 nuncupati
972 2435 1004 2462 et
1036 2433 1174 2472 quatuor

440 2487 602 2520 Romanae
637 2485 745 2518 curiae
784 2484 1023 2527 praelatorum,
1060 2491 1174 2524 nempe

442 2540 556 2583 Angeli
581 2549 667 2572 nunc
700 2538 845 2571 eiusdem
870 2537 901 2570 S.
941 2537 977 2569 R.
1015 2536 1047 2568 E.
1074 2535 1177 2568 cardi-

253 1132 401 1152 Controversia

215 1166 225 1180 ι
234 1160 298 1178 xorla.

482 2656 491 2690 ¹,
509 2654 617 2681 Videtur
632 2651 775 2688 legendum
788 2654 885 2687 postea
901 2651 939 2685 (n.
957 2650 1007 2684 Τ.).

986 269 1163 293 ΒΠΙᾸΑΠΙΕΜ
1190 268 1339 291 ΠΟΜᾹΝῌΜ

1927 269 1974 293 An.
1992 268 2019 293 C.
2045 267 2109 293 tufi-⁸5

1180 315 1261 347 nalis
1286 314 1369 347 Celsi
1395 316 1594 357 nuncupati,
1622 321 1697 348 tunc
1728 317 1756 348 in
1782 317 1915 349 minori-

1181 367 1238 399 bus
1278 366 1442 399 constituti
1488 372 1520 399 et
1555 367 1711 400 auditoris
1748 378 1915 400 causarum

1182 420 1291 463 palatii
1317 419 1500 462 apostolicii
1526 430 1660 452 munere
1688 420 1858 462 fungentis,
1882 431 1918 452 ac

1182 472 1327 514 magistri
1353 472 1498 504 Flaminii
1525 471 1607 510 Taia,
1639 482 1807 504 causarum
1833 473 1918 505 eius-

1183 525 1255 557 dem
1270 524 1379 568 palatii
1403 524 1572 564 auditoris,
1596 530 1627 556 et
1647 524 1791 556 Armindi
1807 524 1920 564 Riccii,

1183 577 1356 622 subdatarii
1391 578 1516 617 nostri,
1546 588 1581 609 ac
1619 577 1783 620 quondam
1811 577 1920 610 Lazari

1184 630 1286 670 Botti‚
1315 631 1389 662 dum
1415 630 1514 670 vixit,
1542 631 1573 663 in
1598 632 1733 672 utraque
1758 630 1920 673 signatura

1185 683 1407 723 referendarii,
1423 683 1476 726 qui
1492 683 1632 715 rationes
1650 687 1682 715 et
1696 682 1763 714 iura
1781 683 1920 725 partium

1186 736 1473 769 extraiudicialiter
1497 735 1761 776 considera1·ent·‚
1785 736 1918 778 praefati
1965 749 2115 773 cunum-,uno-

1186 798 1261 819 vero
1279 786 1427 819 Gibertus
1452 787 1624 819 cardinalis
1649 792 1681 819 et
1700 787 1851 830 praelati,
1872 797 1919 818 au-
1933 777 1963 797 ¹¹³³
1978 776 2089 796 ‘mmmm'

1188 840 1261 872 ditis
1286 840 1408 883 pluries
1434 840 1618 872 earumdem
1653 840 1792 882 partium
1823 840 1923 872 insor-

1188 893 1382 925 mationibus
1416 898 1448 925 et
1483 893 1628 933 motivis,
1668 893 1700 924 in
1737 895 1773 925 ea
1805 893 1924 924 suerint

1189 946 1359 985 sententia,
1388 945 1472 988 quod
1499 945 1678 987 praefatum
1703 955 1818 977 munus
1851 953 1925 987 pro-

1191 998 1322 1031 tectoris
1348 998 1386 1030 ad
1412 1003 1627 1030 memoratum
1645 997 1800 1030 loannem
1819 998 1926 1040 Bapti-

1191 1057 1272 1085 stam
1296 1051 1492 1083 cardinalem
1518 1055 1678 1092 tamquam
1701 1061 1736 1083 ex
1753 1050 1837 1081 dicta
1854 1060 1928 1092 pro-

1191 1104 1294 1137 vincia
1328 1104 1486 1136 Marchiae
1524 1103 1722 1135 Aconitanae
1754 1102 1928 1135 oriundum

1192 1163 1368 1201 spectaret;
1396 1157 1493 1200 idque
1519 1161 1592 1199 post
1618 1157 1732 1188 factam
1751 1156 1836 1188 dicto
1857 1156 1929 1188 Ale-

1193 1211 1314 1244 xandro
1340 1209 1585 1253 praedecessori
1611 1209 1709 1241 totius
1730 1209 1776 1241 rei
1798 1208 1929 1241 relatio-

1195 1276 1268 1297 nem
1294 1274 1311 1296 a
1336 1263 1479 1306 praefato
1514 1261 1646 1295 Giberto
1676 1261 1840 1294 cardinale
1872 1271 1930 1304 per

1195 1317 1363 1361 epistolam
1389 1316 1440 1348 die
1467 1326 1522 1348 vnl
1548 1315 1675 1357 augusti
1699 1324 1818 1347 MDCLXI
1854 1313 1931 1345 scri-

1196 1376 1280 1413 ptam
1305 1368 1518 1411 significatum
1549 1367 1645 1399 suerit
1677 1367 1783 1399 eidem
1819 1365 1930 1398 loanni

1196 1422 1357 1465 Baptistae
1383 1421 1547 1459 cardinali,
1575 1420 1628 1463 qui
1655 1419 1791 1452 subinde
1816 1429 1934 1451 munus

1197 1474 1392 1519 protectoris
1419 1473 1606 1506 huiusmodi
1625 1471 1757 1516 pacifice
1779 1472 1932 1511 exercuit,

1198 1529 1289 1561 acin
1314 1527 1446 1571 pacilio-a
1481 1532 1512 1558 et
1546 1526 1654 1568 quieta
1687 1525 1774 1558 illius
1806 1534 1934 1567 posses-

1199 1583 1301 1622 sione,
1326 1582 1472 1625 praesato
1498 1580 1641 1622 Yirgiuio
1667 1578 1831 1611 cardinale
1852 1588 1934 1610 nun-

1200 1646 1294 1678 quam
1319 1634 1351 1666 in
1371 1633 1572 1666 contrarium
1597 1633 1803 1670 reclamante,
1823 1630 1935 1663 defun-

1201 1693 1269 1720 ctus
1295 1692 1365 1720 est:
1404 1686 1496 1718 nobis
1527 1689 1705 1728 propterea
1734 1683 1810 1716 dicti
1840 1693 1936 1726 expo-

1203 1746 1327 1779 nentes,
1347 1751 1386 1772 ne
1408 1737 1614 1772 resolutionis
1633 1736 1820 1769 huiusmodi
1839 1746 1937 1779 super

1203 1795 1369 1827 intellectu
1395 1790 1596 1836 praenarrati
1623 1789 1750 1822 articuli
1780 1789 1939 1822 dictarum

1204 1847 1280 1881 Sixti
1306 1844 1567 1889 praedecessoris
1592 1843 1775 1875 litterarum
1810 1841 1940 1885 praevia

1204 1901 1328 1932 matura
1353 1897 1551 1931 discussione
1585 1899 1752 1928 emanatae
1785 1893 1941 1926 memoria

1206 1962 1379 1996 progressu
1406 1949 1561 1993 temporis
1586 1948 1790 1988 obliteratur,
1816 1946 1941 1979 humili-

1208 2011 1257 2038 ter
1282 2003 1455 2047 supplicari
1483 2003 1629 2035 l'ecer'unt
1658 2007 1694 2033 ut
1722 2001 1755 2033 in
1786 1999 1942 2043 praemis-

1209 2058 1252 2091 sis
1292 2062 1476 2100 opportune
1512 2054 1685 2097 providere
1723 2058 1755 2085 et
1789 2057 1826 2096 ut
1858 2052 1942 2084 infra

1209 2112 1378 2153 indulgere
1400 2110 1438 2142 de
1464 2107 1663 2150 benignitate
1695 2106 1871 2149 apostolica
1895 2105 1943 2137 di-

1211 2172 1393 2206 gnaremur.

1255 2216 1269 2258 ἓ
1292 2214 1323 2247 3.
1350 2213 1413 2246 Nos
1432 2212 1538 2255 igitur,
1558 2211 1731 2255 specialem
1749 2210 1828 2254 ipsis
1849 2220 1945 2253 expo·
1983 2219 2076 2240 romae-³1
2091 2224 2140 2239 000-

1956 2247 2024 2268 firmat
2057 2246 2139 2266 rusulu-

1214 2267 1364 2300 nentibus
1390 2266 1525 2308 gratiam
1551 2265 1656 2297 facere
1673 2264 1826 2303 volentes,
1846 2267 1877 2295 et
1894 2273 2035 2302 eo-imqem
2052 2277 2140 2297 congre-

1214 2331 1284 2352 rum
1320 2319 1499 2361 singulares
1535 2327 1691 2361 personas
1731 2327 1749 2349 a
1780 2315 1946 2360 quibusvis
1958 2302 2054 2326 ⁸*¹'⁰¹¹¹⁵'

1216 2370 1567 2410 excommunicationis,
1587 2368 1813 2413 suspensionis
1845 2374 1877 2401 et
1900 2368 1949 2400 in-

1217 2425 1367 2465 terdicti,
1394 2424 1531 2467 aliisque
1557 2422 1790 2456 ecclesiasticis
1818 2420 1968 2455 senten->

1218 2479 1269 2512 tiis
1287 2506 1294 2519 ,
1320 2478 1468 2512 censuris
1501 2482 1533 2509 et
1552 2476 1678 2520 poenis,
1705 2487 1723 2509 a
1739 2476 1808 2508 iure
1833 2476 1883 2508 vel
1909 2476 1949 2508 ab

1220 2532 1361 2571 homine,
1379 2531 1490 2574 quavis
1516 2529 1689 2563 occasione
1714 2529 1764 2561 vel
1785 2530 1882 2561 causa
1905 2529 1951 2561 la-

1220 2586 1273 2625 tis,
1304 2585 1330 2617 si
1362 2584 1477 2627 quibus
1507 2581 1753 2626 quomodolibet
1776 2580 1952 2614 innodatae

1222 2638 1373 2678 existunt,
1400 2637 1439 2669 ad
1454 2635 1602 2669 effectum
1618 2634 1840 2678 praesentium
1861 2635 1953 2671 dum-

1973 1695 2116 1722 supplicatio.
