2247 3208
223 237 278 265 an.
295 237 322 264 o.
342 237 409 264 1666
454 227 517 260 468

245 612 355 633 Decretum
377 613 402 633 ir·

219 640 292 660 ruam.

217 2342 326 2364 Contraria
338 2341 396 2363 tollit.

415 284 547 327 illisque
577 283 640 322 uti,
673 282 734 314 srui
766 286 798 314 et
823 280 965 323 gaudere
991 278 1095 312 libere
1121 282 1153 311 et

414 337 500 370 licite
526 335 653 378 possint
673 339 705 367 et
728 335 868 373 valeant,
896 332 1074 376 apostolica
1101 342 1150 364 au-

415 389 552 427 toritate,
579 392 690 420 tenore
708 386 936 430 praesentium,
958 385 997 418 de
1016 383 1150 427 speciali

414 441 517 483 gratia
542 445 701 483 perpetuo
726 438 934 472 concedimus
956 442 988 470 et
1006 437 1151 479 indulge-

413 503 496 534 mus,
521 494 715 535 plenamque
741 497 773 524 et
797 491 933 524 liberam
964 490 1149 522 facultatem

414 551 446 579 et
470 545 698 578 auctoritatem
717 545 857 587 desuper
876 543 1092 586 impertimur.

457 598 471 640 ἓ
495 597 526 631 3.
554 597 771 630 Decernentes
795 597 901 639 ipsum
917 595 1069 628 loannem
1090 593 1151 626 Ma-

414 651 494 684 riam
519 655 551 683 et
576 660 779 683 successores
811 659 886 682 suos
918 658 977 692 pro
1004 652 1149 689 tempore

414 704 588 738 existentes
613 704 746 736 abbates
770 703 941 745 generales
966 700 1149 744 praedictos

413 767 511 800 super
536 756 711 796 delatione,
733 754 912 797 gestatione
930 758 959 786 et
986 763 1044 785 usu
1065 762 1151 784 moz-

413 815 515 842 zettae
545 813 577 841 et
608 808 848 848 mantellettae,
874 806 950 849 pilei
987 809 1019 838 et
1052 803 1148 837 bireti

412 863 668 906 praedictorum,
695 872 712 893 a
737 870 917 903 quoquam,
944 859 1004 891 sub
1036 857 1148 901 quovis

411 920 582 959 praetextu
607 915 656 947 vel
682 915 775 946 causa
793 917 846 945 aut
871 911 1054 949 occasione,
1082 910 1148 941 nul-

412 969 540 1002 latenus
565 966 715 1010 impediri
740 975 847 1009 posse,
866 968 1056 1007 praesentes
1075 973 1149 1006 quo-

413 1031 475 1065 que
501 1026 628 1053 nostras
646 1019 769 1052 litteras
788 1027 918 1061 semper
938 1021 971 1049 ct
990 1021 1148 1059 perpetuo

410 1073 532 1106 validas
557 1077 588 1105 et
609 1072 758 1105 efficaces
775 1081 843 1103 esse
862 1075 893 1103 et
910 1070 990 1109 sore,
1009 1079 1148 1112 suosque

411 1125 577 1169 plenarios
603 1129 634 1157 et
660 1123 804 1166 integros
829 1121 964 1155 effectus
986 1122 1097 1154 sortiri
1116 1127 1148 1154 et

411 1179 563 1212 obtinere
600 1177 738 1217 debere,
776 1175 857 1209 nec¹
891 1176 951 1208 sub
985 1174 1148 1217 quibusvis

412 1230 566 1264 similium
592 1230 767 1273 gratiarum
789 1227 1057 1267 revocationibus,
1080 1238 1148 1259 sus-

412 1282 624 1327 pensionibus
655 1286 712 1314 aut
743 1281 813 1314 aliis
844 1280 1016 1313 contrariis
1042 1279 1148 1323 dispo-

411 1336 586 1369 sitionibus
614 1334 861 1377 comprehendi,
884 1334 941 1366 sed
960 1343 1092 1376 semper
1109 1333 1148 1365 ab

410 1388 475 1422 illis
491 1388 604 1431 excipi,
633 1393 663 1419 et
685 1387 813 1430 quoties
839 1387 913 1419 illae
939 1385 1145 1425 emanabunt,

411 1441 508 1473 toties
532 1445 720 1483 praesentes
752 1439 784 1471 in
819 1438 991 1481 pristinum
1017 1443 1048 1470 et
1072 1438 1148 1470 vali-

412 1493 578 1526 dissimum
604 1497 721 1525 statum
746 1491 919 1526 restitutas,
941 1491 1099 1534 repositas
1117 1496 1148 1523 et

410 1545 557 1588 plenarie
589 1545 819 1586 reintegratas‚
852 1554 888 1575 ac
913 1544 952 1576 de
978 1554 1062 1575 novo
1089 1543 1147 1575 snb

411 1607 612 1640 quacumque
631 1596 807 1639 posteriori
826 1597 899 1628 data
919 1606 978 1638 per
994 1595 1147 1628 Ioannem

409 1650 539 1683 Mariam
567 1656 598 1683 et
622 1660 825 1682 successores
847 1649 1034 1692 praedictos
1052 1648 1148 1681 abba-

410 1708 457 1736 tes
490 1704 656 1745 generales
693 1713 754 1745 pro
792 1708 936 1746 tempore
973 1702 1147 1735 existentes

411 1755 685 1798 quandocumque
711 1755 860 1797 eligenda
885 1764 1053 1786 concessas
1074 1764 1146 1786 esse

410 1813 441 1840 et
466 1808 549 1847 sore,
576 1807 684 1850 sicque
710 1817 768 1850 per
793 1817 1009 1850 quoscumque
1026 1806 1147 1839 iudices

409 1860 588 1894 ordinarios
622 1866 653 1893 et
691 1860 878 1902 delegatos,
912 1870 948 1892 ae
981 1869 1147 1891 causarum

408 1913 517 1956 palatii
543 1912 708 1955 apostolici
734 1912 913 1952 auditores,
934 1917 965 1944 et
989 1911 1020 1944 S.
1044 1911 1081 1943 R.
1109 1911 1143 1944 E.

409 1965 597 2004 cardinales,
618 1965 712 1997 etiam
738 1964 775 1997 de
794 1965 1038 2006 laterelegatos,
1064 1964 1148 1995 vice-

408 2015 531 2057 legatos
556 2020 585 2047 et
610 2015 700 2047 Sedis
721 2014 905 2057 praedictae
930 2013 1079 2053 nuncios,
1099 2014 1148 2045 iu-

409 2067 509 2100 dicari
538 2072 569 2099 et
594 2066 722 2100 deliniri
745 2067 881 2107 debere,
901 2066 1095 2108 irritumque
1116 2070 1148 2098 et

408 2120 505 2152 inane
538 2120 564 2152 si
597 2130 692 2152 secus
722 2130 823 2162 super
855 2120 905 2151 his
928 2130 945 2151 a
970 2129 1147 2162 quoquam,

410 2173 522 2215 quavis
537 2173 746 2213 auctoritate,
763 2173 908 2205 scienter
925 2173 975 2205 vel
994 2171 1148 2214 ignoran-

411 2229 474 2265 ter,
490 2225 666 2267 contigerit
684 2225 848 2263 attentari,
861 2224 944 2256 dicta
958 2224 1147 2256 auctoritate

412 2278 628 2310 decernimus.

454 2331 468 2373 ξ
487 2331 518 2362 li.
543 2331 611 2363 Non
633 2331 837 2363 obstantibus
857 2330 1031 2373 quibusvis,
1052 2328 1148 2362 etiam

414 2383 446 2415 in
472 2384 680 2427 synodalibus
705 2389 737 2416 et
760 2383 1013 2426 provincialibus
1035 2393 1071 2415 ac
1096 2392 1149 2424 ge-

411 2437 579 2468 neralibus
594 2436 738 2468 conciliis
753 2436 848 2468 editis
865 2437 915 2468 vel
930 2435 1072 2473 edendis,
1083 2445 1149 2477 spe-

411 2489 549 2522 cialibus
564 2490 611 2522 vel
630 2489 846 2532 generalibus,
864 2488 1147 2521 constitutionibus

451 2604 462 2631 1
487 2603 533 2631 Ed,
553 2603 630 2631 Main.
647 2603 710 2639 legit
727 2612 775 2629 nec
793 2611 845 2630 non
863 2602 900 2632 (R.
917 2602 964 2635 Τ.),

993 230 1172 256 BULLARIUM
1186 230 1346 254 ROMANUM

1194 282 1227 310 et
1250 278 1507 311 ordinationibus
1542 279 1752 322 apostolicis,
1780 290 1816 313 ac
1839 279 1930 313 Ordi-

1193 331 1243 363 nis
1268 336 1300 363 et
1323 331 1584 373 congregationis
1608 332 1805 373 huiusmodi,
1834 334 1930 366 etiam

1192 382 1385 423 iuramento,
1405 383 1648 417 confirmatione
1671 386 1860 427 apostolica,
1879 387 1929 419 vel

1169 447 1172 464 ι
1193 436 1304 479 quavis
1333 435 1484 469 firmitate
1510 437 1571 469 alia
1595 438 1774 478 roboratis,
1802 439 1928 472 statutis

1192 493 1225 520 et
1253 488 1565 529 consuetudinibus,
1595 490 1764 523 contrariis
1799 492 1929 534 quibus-

1192 550 1340 584 cumque.
1362 541 1446 574 Nulli
1464 551 1540 583 ergo
1559 541 1689 574 omnino
1708 542 1873 575 hominum
1892 544 1929 577 li-

1191 597 1263 625 ceat
1286 593 1368 625 hanc
1385 593 1535 636 paginam
1554 599 1682 626 nostrae
1701 595 1926 636 absolutionis,

1191 645 1422 685 concessionis,
1438 645 1562 685 indulti,
1582 646 1811 688 impartitionis
1832 653 1864 680 et
1880 648 1929 681 de-

1191 697 1270 729 creti
1296 697 1491 739 insringere,
1517 699 1566 730 vel
1593 697 1621 730 ei
1648 708 1723 731 ausu
1757 700 1927 733 temerario

1190 749 1364 781 contraire.
1392 749 1422 781 Si
1449 750 1518 792 quis
1544 755 1651 782 autem
1677 750 1740 782 hoc
1764 756 1928 785 attentare

1190 801 1463 844 praesumpserit,
1496 802 1755 844 indignationem
1781 803 1929 847 omnipo-

1192 853 1287 886 tentis
1312 854 1368 886 Dei
1394 865 1430 888 ac
1455 855 1624 887 beatorum
1657 854 1741 887 Petri
1774 861 1805 888 et
1837 856 1928 890 Pauli

1191 907 1413 948 apostolorum
1432 907 1499 940 eius
1518 918 1551 940 se
1566 908 1692 940 noverit
1709 908 1925 942 incursurum.

1235 958 1348 990 Datum
1373 958 1514 1000 Romae,
1541 960 1627 1004 apud
1654 960 1684 993 S.
1712 960 1841 994 Mariam
1868 961 1929 995 Ma-

1191 1009 1318 1050 iorem,
1354 1022 1439 1044 anno
1476 1012 1711 1045 Incarnationis
1749 1013 1928 1047 dominicae

1189 1073 1340 1104 MDCwa,
1359 1074 1415 1097 vm
1442 1064 1514 1097 idus
1540 1065 1686 1107 augusti,
1714 1066 1925 1108 pontificatus

1190 1116 1291 1148 nostri
1310 1126 1394 1149 anno
1413 1127 1467 1149 xii.

1225 1178 1282 1205 Dat.
1304 1178 1347 1206 die
1367 1179 1382 1206 6
1403 1179 1510 1214 augusti
1532 1179 1608 1214 1666,
1626 1179 1721 1214 pontis.
1740 1188 1809 1207 anno
1830 1186 1873 1207 xu.

1520 1321 1605 1354 DLIl.

1194 1399 1405 1442 Confirmatio
1441 1399 1561 1433 decreti
1593 1401 1851 1444 conqreqatv'om’s
1874 1400 1924 1433 ri-

1234 1456 1334 1491 tuum,
1362 1463 1425 1485 non
1450 1452 1544 1485 licere
1557 1452 1681 1494 mediis,
1701 1457 1736 1485 ut
1755 1454 1861 1493 aiunt,
1880 1464 1927 1485 ca-

1232 1505 1357 1537 novicis
1396 1515 1499 1548 neque
1544 1505 1730 1537 terzenariis
1776 1505 1926 1538 ecclesiae

1234 1557 1485 1599 Cotymbriensis
1510 1557 1546 1589 in
1570 1567 1667 1599 reque
1700 1557 1928 1600 Porluqalliae

1231 1611 1282 1643 tili
1305 1612 1342 1643 in
1366 1611 1460 1643 choro
1486 1615 1514 1643 et
1539 1611 1617 1643 aliis
1633 1611 1856 1653 functionibus
1885 1621 1928 1643 ec-

1232 1662 1418 1695 clesiasticis
1442 1663 1575 1706 aequali
1600 1663 1716 1696 habitu
1740 1674 1812 1696 cum
1832 1673 1926 1696 cano-

1231 1716 1315 1748 nicis
1339 1720 1368 1748 et
1392 1715 1620 1758 diynitatibus,
1642 1716 1698 1748 hoc
1715 1720 1759 1748 esc
1777 1720 1926 1748 mozzeeta

1232 1778 1304 1800 cum
1329 1768 1513 1812 cappuccio,
1546 1768 1615 1801 sine
1650 1767 1778 1801 t'mlullo
1803 1771 1926 1811 aposlo-

1235 1819 1326 1853 Μεθ’.

1382 1900 1552 1927 Alexander
1571 1899 1649 1933 Papa
1669 1899 1731 1931 vll,

1329 1946 1365 1971 ad
1380 1944 1513 1971 futuram
1532 1943 1576 1971 rei
1597 1943 1778 1971 memoriam.

1233 2015 1247 2057 §
1261 2015 1291 2047 1.
1306 2015 1391 2047 Alias
1405 2013 1566 2046 emanavit
1580 2024 1597 2046 a
1611 2014 1864 2056 congregatione
1877 2024 1926 2046 ve-

1188 2067 1384 2100 nerabilium
1409 2067 1545 2099 fratrum
1570 2070 1758 2098 nostrorum
1780 2065 1811 2098 S.
1825 2065 1868 2097 R.
1887 2065 1922 2098 Ε.

1190 2120 1400 2153 cardinalium
1414 2119 1513 2151 sacris
1536 2118 1652 2150 ritibus
1667 2117 1925 2161 praepositorum

1933 231 1981 258 Αη.
1999 227 2028 261 C.
2047 232 2124 259 ¹666

1963 2017 2065 2037 Rucensct
2083 2017 2119 2037 de-

1936 2046 2014 2072 cretum
2033 2049 2117 2072 congrat

1937 2072 2026 2094 gationis
2038 2073 2117 2090 rituum

1189 2172 1228 2205 ad
1253 2171 1441 2215 petitionem
1467 2171 1659 2203 dilectorum
1675 2169 1813 2202 filiorum
1831 2179 1927 2202 cano·
1948 2190 1951 2192 -

1190 2225 1334 2257 nieorum
1366 2229 1399 2256 et
1428 2223 1644 2256 obtinentium
1677 2222 1847 2264 dignitates
1876 2232 1927 2255 ec-

1191 2278 1307 2310 clesiae
1332 2275 1582 2319 Colymbriensis
1607 2275 1772 2307 decretum
1802 2274 1924 2307 tenoris

1191 2330 1244 2373 qui
1270 2330 1427 2372 sequitur,
1452 2327 1618 2360 videlicet‘.

1240 2394 1252 2413 <t
1270 2380 1420 2414 Canonici
1447 2385 1479 2412 et
1502 2379 1674 2422 dignitates
1691 2378 1846 2411 ecclesiae
1868 2377 1927 2411 Co-

1191 2433 1395 2478 lyinbriensis
1430 2433 1461 2464 in
1492 2442 1592 2474 regno
1624 2430 1840 2473 Portugalliae
1873 2440 1927 2462 ex-

1191 2492 1368 2530 posuerunt
1393 2496 1500 2519 sacrae
1532 2485 1650 2517 rituum
1683 2482 1925 2526 congregationi

1229 2604 1238 2627 1
1263 2601 1298 2627 Ex
1319 2600 1423 2635 Regest.
1447 2600 1472 2626 in
1493 2599 1593 2626 Secret.
1615 2599 1693 2625 Brev.
