2247 3208
209 181 261 200 an.
282 174 394 201 01663
440 166 504 198 152

404 223 509 265 capite
535 222 631 254 ctiam
663 221 695 252 in
728 230 866 263 corpore
898 220 977 252 iuris
1011 221 1135 257 clauso,

403 274 499 306 etiam
526 273 683 312 enormis,
710 272 959 304 enormissiinae
997 275 1029 303 et
1053 275 1136 303 tota-

402 326 441 359 lis
466 325 633 364 laesionis,
659 325 749 357 nullo
767 335 910 367 unquam
928 328 1077 366 tempore
1096 323 1135 356 de

401 377 636 419 subreptionis,
665 377 713 409 vel
740 376 957 419 obreptionis,
984 381 1040 408 aut
1063 377 1136 408 nul-

400 429 500 463 litatis
533 429 629 468 vitio,
663 433 718 461 aut
750 428 942 461 intentionis
976 432 1131 469 nostrae,

400 492 457 513 seu
471 481 633 514 interesse
648 481 839 513 habentium
852 490 1045 519 consensus,
1060 480 1134 513 alio-

399 544 436 567 ve
457 534 605 577 quolibet
631 533 838 576 quantumvis
863 543 981 575 magno
1007 543 1044 565 ac
1068 533 1133 566 sor-

397 587 472 619 mali
497 591 529 620 et
545 587 753 620 substantiali
772 585 1062 629 necessariamque
1080 596 1133 618 ex-

395 640 601 683 pressionem
632 639 823 681 requirente
852 639 982 672 desectu
1010 639 1129 679 notari,

396 692 594 735 impugnari,
620 691 766 733 infringi,
793 692 977 732 retractari,
996 692 1029 723 in
1054 702 1131 724 con-

395 745 588 777 troversiam
614 744 785 784 revocari,
818 748 874 776 aut
898 745 937 777 ad
973 745 1128 777 terminos

394 798 474 831 iuris
500 798 625 838 reduci,
660 808 717 830 seu
749 798 905 831 adversus
937 798 993 830 illa
1026 799 1130 841 quod-

394 861 533 894 cumque
559 850 660 890 iuris,
687 851 762 883 facti
786 851 837 884 vel
869 851 992 894 gratiae
1023 861 1128 884 reme-

393 904 482 936 dium
506 904 676 946 impetrari
702 904 753 936 vel
785 903 962 943 intentari,
989 909 1045 936 aut
1068 903 1128 936 im·

391 961 540 1000 petrato,
572 958 622 990 vel
657 956 756 989 etiam
788 961 879 989 motu
909 956 980 1000 pari
1018 968 1055 989 ac
1087 957 1126 989 de

390 1009 591 1052 apostolicae
626 1009 799 1052 potestatis
830 1009 1019 1052 praedictae
1055 1009 1127 1052 plc-

390 1061 540 1094 nitudine
566 1072 724 1094 concesso
749 1061 799 1094 vel
826 1066 989 1101 emanato,
1012 1073 1125 1105 queni-

389 1114 475 1158 piam
501 1114 533 1146 in
558 1114 679 1147 iudicio
710 1115 761 1148 vel
788 1119 879 1148 extra
901 1115 983 1148 illud
1000 1116 1047 1147 uti
1066 1125 1124 1148 seu

389 1177 425 1199 se
449 1166 561 1199 iuvare
586 1177 697 1210 posse,
730 1177 839 1210 neque
872 1167 1004 1200 easdem
1028 1178 1124 1210 prae-

388 1222 513 1259 sentes,
539 1230 576 1252 ac
593 1220 703 1252 omnia
732 1224 764 1252 et
781 1220 909 1262 singula
926 1219 959 1252 in
977 1220 1024 1252 eis
1045 1230 1123 1253 con-

387 1276 498 1312 tenta,
529 1271 656 1315 super¹
685 1272 854 1316 quibusvis
883 1273 1039 1306 similium
1070 1274 1121 1306 vel

387 1325 594 1358 dissimilium
625 1325 842 1359 indictionum
873 1326 1121 1369 impositionum

385 1377 584 1418 facultatum,
604 1379 843 1419 mandatorum,
857 1379 1120 1419 concessionum,

384 1430 589 1464 indultorum
622 1436 655 1464 et
693 1431 871 1474 gratiarum
902 1431 1121 1464 revocationi-

384 1484 458 1524 bus,
486 1483 749 1525 limitationibus,
777 1485 1061 1527 derogationibus,
1087 1496 1120 1518 a·

383 1536 503 1580 liisque
521 1537 694 1570 contrariis
713 1538 998 1581 dispositionibus,
1021 1538 1118 1571 etiam

383 1600 443 1633 per
467 1601 527 1623 nos
573 1595 605 1623 et
635 1590 798 1624 Romanos
836 1589 1009 1624 Pontifices
1045 1602 1118 1624 suc-

383 1654 533 1677 cessores
570 1649 701 1677 nostros
733 1644 919 1687 Sedemque
951 1644 1117 1688 Apostoli-

382 1706 464 1737 cam,
491 1697 551 1729 sub
566 1696 734 1739 quibusvis
752 1697 930 1729 verborum
946 1697 1115 1730 tenoribus

382 1754 415 1782 et
446 1749 559 1782 formis
592 1760 629 1782 ac
654 1760 727 1782 cum
763 1750 932 1793 quibusvis
959 1750 1114 1783 clausulis

381 1807 413 1835 et
449 1802 591 1836 decretis
628 1803 903 1846 quandocumque
932 1803 1113 1843 faciendis,

380 1865 524 1898 unquam
549 1856 799 1899 comprehendi,
825 1860 880 1888 aut
897 1857 1116 1899 comprehcn-

379 1918 431 1940 sas
458 1908 599 1949 censeri,
626 1909 684 1941 sed
701 1919 834 1952 semper
849 1909 889 1941 ab
907 1908 971 1941 illis
990 1919 1115 1952 <excep-

379 1965 439 2001 tas,
461 1965 502 2000 et,
524 1961 653 2004 quoties
678 1961 754 1994 illae
780 1962 988 2001 emanabunt,
1015 1961 1113 1994 toties

378 2013 411 2045 in
443 2013 619 2056 pristinum
652 2018 684 2046 et
718 2014 953 2047 validissimum
993 2018 1113 2046 statum

378 2066 567 2106 restitutas,
594 2066 757 2109 repositas
791 2071 823 2099 et
854 2066 1002 2110 plenarie
1027 2066 1113 2099 rein-

377 2123 538 2162 tegratas,
565 2130 602 2152 ac
627 2118 725 2152 etiam
750 2119 789 2152 de
818 2129 922 2159 novo,
948 2119 1009 2151 sub
1035 2130 1128 2162 quar

377 2183 519 2217 cumque
544 2172 723 2216 posteriori
745 2173 819 2205 data
836 2183 896 2216 per
920 2172 1111 2216 superiores

377 2219 670 2270 congregationum
685 2225 874 2258 huiusmodi
889 2236 948 2269 pro
962 2230 1111 2270 tempore

377 2280 556 2313 existentes
582 2279 746 2322 eligenda,
766 2289 940 2312 concessas
957 2279 1109 2322 intelligi,
1126 2310 1128 2321 =,

1126 2346 1127 2352 1
1144 2330 1177 2363 in
1198 2328 1416 2371 sutururn...¹·,
1436 2341 1502 2364 non
1520 2331 1750 2374 permittentes
1772 2341 1881 2374 quem-

376 2344 576 2378 semperque
601 2332 732 2374 firmas,
758 2333 879 2366 validas
906 2338 938 2365 et
962 2333 1110 2366 efficaces

377 2386 518 2419 existere
545 2390 577 2419 et
600 2385 683 2426 sore,
713 2395 857 2429 suosque
886 2385 1053 2429 plenarios
1080 2389 1112 2418 et

375 2439 523 2482 integros
556 2438 691 2478 effectus
722 2438 834 2471 sortiri
867 2443 900 2471 et
938 2438 1109 2478 obtinere,

374 2503 411 2526 ac
435 2492 513 2533 illis,
541 2492 580 2525 ad
606 2502 688 2535 quos
721 2496 848 2535 spectat
873 2496 905 2524 et
935 2502 996 2535 pro
1028 2496 1111 2525 tem-

412 2554 423 2580 1
447 2553 542 2589 Aptius
557 2553 615 2588 lege
630 2553 681 2580 sub
695 2561 745 2588 pro
760 2561 847 2588 super
863 2553 899 2588 (n.
915 2553 964 2586 T.).

982 173 1161 196 BULLARIUM
1185 171 1336 196 ROMANUM

1170 228 1250 261 pore
1283 220 1457 262 spectabit,
1494 220 1685 263 plenissime
1719 220 1900 263 suffragari,

1170 275 1202 302 et
1226 271 1265 303 ab
1290 271 1354 303 illis
1379 271 1562 314 respective
1587 273 1820 306 inviolabiliter
1846 274 1902 306 ob—

1169 324 1305 363 servari,
1331 328 1363 355 et
1387 324 1446 364 sic,
1473 330 1504 357 et
1532 336 1598 358 non
1630 327 1720 366 alias,
1748 327 1781 358 in
1807 337 1902 369 prae-

1169 375 1277 408 missis
1302 377 1453 410 omnibus
1479 382 1512 409 et
1532 378 1669 420 singulis
1695 379 1842 419 censeri,
1870 384 1901 411 et

1167 427 1211 459 ita
1230 438 1291 471 per
1314 438 1541 472 quoscumque
1564 430 1689 463 iudices
1715 430 1899 464 ordinarios

1167 481 1218 512 vel
1245 481 1433 523 delegatos,
1460 482 1558 514 etiam
1583 493 1755 516 causarum
1789 485 1898 517 curiae

1167 543 1315 566 camerae
1341 534 1543 577 apostolicae
1576 540 1607 567 et
1630 536 1741 579 palatii
1768 542 1899 580 aposto-

1166 585 1219 618 lici
1258 587 1439 628 auditores,
1477 598 1514 620 ac
1550 588 1698 621 ciusdem
1733 589 1763 622 S.
1797 590 1834 622 R.
1861 591 1895 623 E.

1165 639 1369 679 cardinales,
1407 640 1504 672 etiam
1538 641 1578 673 de
1610 642 1713 674 latere
1751 643 1895 685 legatos,

1164 691 1363 734 vicelegatos
1398 697 1430 725 et
1459 693 1551 726 Sedis
1577 694 1786 737 Apostolicae
1816 706 1898 728 nun-

1164 744 1244 784 cios,
1271 755 1307 778 ac
1332 746 1410 778 alias
1436 747 1684 789 quomodolibet
1709 749 1822 791 quavis
1840 760 1897 781 au-

1163 798 1314 831 ctoritate
1362 804 1394 832 et
1428 805 1593 843 potestate
1640 802 1813 844 fungentes
1864 808 1897 835 et

1162 850 1344 891 suncturos,
1371 852 1499 884 sublata
1532 853 1577 885 eis
1615 857 1647 885 et
1671 863 1785 886 eorum
1803 855 1896 887 cuili—

1160 903 1217 935 bet
1256 904 1368 946 quavis
1400 905 1496 937 aliter
1529 906 1694 939 iudicandi
1729 912 1762 940 et
1793 908 1895 941 inter-

1159 956 1312 998 pretandi
1338 956 1492 990 facultate
1519 963 1551 990 et
1579 959 1785 999 auctoritate,
1810 960 1894 992 iudi-

1160 1008 1227 1040 cari
1252 1013 1284 1041 ct
1309 1008 1437 1041 definiri
1463 1010 1598 1051 debere,
1619 1022 1665 1051 ac,
1684 1011 1709 1043 si
1726 1022 1820 1044 secus
1840 1023 1893 1044 su-

1158 1071 1219 1103 per
1244 1060 1294 1093 his
1316 1072 1333 1093 a
1358 1072 1533 1105 quoquam,
1549 1064 1661 1106 quavis
1682 1065 1890 1104 auctoritate,

1158 1113 1303 1145 scienter
1326 1115 1377 1147 vel
1407 1114 1611 1157 ignoranter,
1644 1117 1821 1159 contigerit
1846 1123 1893 1150 at-

1157 1166 1290 1207 tentari,
1316 1166 1445 1199 irritum
1483 1172 1515 1200 et
1538 1168 1635 1202 inane
1669 1169 1888 1204 decernimus.

1156 1218 1193 1250 Et
1216 1219 1432 1264 nibilominus
1458 1221 1604 1254 omnium
1629 1222 1778 1255 locorum
1800 1223 1891 1256 Ordi-

1156 1271 1270 1312 nariis,
1297 1283 1393 1315 quos,
1420 1273 1487 1306 sive
1513 1274 1672 1317 singulos,
1690 1275 1836 1308 universi
1858 1281 1890 1309 et

1155 1325 1275 1367 singuli
1318 1326 1507 1369 superiores
1545 1328 1706 1370 praedicti
1737 1328 1890 1361 duxerint

1155 1378 1338 1420 eligendos,
1363 1389 1424 1422 per
1453 1380 1634 1422 apostolica
1651 1381 1773 1424 scripta
1798 1386 1889 1414 motu

1153 1431 1224 1474 pari
1249 1432 1455 1473 mandamus,
1481 1438 1528 1473 ut,
1553 1433 1682 1476 quoties
1708 1444 1769 1477 pro
1793 1439 1888 1478 parte

1153 1484 1363 1527 superiorum
1395 1486 1654 1528 praedictorum,
1674 1492 1729 1519 aut
1749 1487 1887 1520 alicuius

1153 1547 1280 1577 eorum,
1308 1542 1373 1570 tam
1397 1538 1599 1571 coniunctim
1623 1549 1721 1582 quam
1746 1540 1887 1580 divisim,

1152 1589 1275 1623 suerint
1299 1590 1463 1633 requisiti,
1490 1591 1613 1634 quique
1643 1592 1796 1625 videlicet
1826 1603 1888 1636 per

1151 1653 1186 1675 se
1210 1644 1261 1676 vel
1287 1644 1406 1683 alium,
1433 1644 1566 1676 easdem
1590 1650 1797 1687 praesentes,
1830 1646 1886 1678 ubi

1151 1701 1183 1729 et
1208 1698 1337 1740 quando
1363 1707 1445 1740 opus
1471 1697 1582 1738 suerit,
1609 1698 1802 1731 solemniter
1826 1709 1886 1742 pu-

1149 1750 1323 1790 blicantes,
1342 1750 1489 1793 ipsisque
1503 1749 1537 1782 in
1551 1750 1729 1793 praedictis
1745 1750 1884 1784 efficacis

1150 1802 1349 1835 defensionis
1364 1803 1532 1846 praesidio
1547 1803 1750 1843 assistentes,
1767 1804 1886 1836 saciant

1148 1856 1344 1888 auctoritate
1378 1857 1492 1888 nostra
1521 1856 1593 1888 illas
1632 1861 1664 1889 et
1688 1866 1804 1889 earum
1839 1857 1885 1890 vi-

1130 1915 1226 1951 ‘gore
1253 1908 1416 1941 faciendas
1443 1908 1706 1949 distributiones,
1739 1909 1886 1952 assigna-

1148 1960 1267 2001 tiones,
1294 1960 1489 2001 locationes,
1527 1961 1773 2002 concessiones,
1809 1972 1885 1994 ven-

1147 2013 1302 2053 ditiones,
1343 2014 1578 2054 liberationes,
1616 2012 1881 2054 affrancatione's,

1146 2066 1344 2106 creationes,
1385 2065 1640 2109 suppressiones
1654 2092 1662 2106 ,
1699 2066 1884 2109 impositio-

1145 2129 1217 2159 nes,
1244 2118 1484 2161 exemptiones,
1511 2118 1750 2159 absolutiones,
1771 2123 1803 2151 et
1820 2119 1883 2151 alia

1145 2171 1255 2204 omnia
1277 2171 1456 2214 praedicta,
1474 2182 1547 2204 cum
1565 2172 1717 2204 omnibus
1737 2171 1813 2205 inde
1831 2183 1882 2205 sc-

1146 2224 1310 2267 quuturis,
1337 2223 1476 2257 firmiter
1501 2225 1681 2265 observari,
1708 2236 1746 2258 ac
1771 2225 1882 2268 singu-

1144 2278 1206 2318 los,
1223 2288 1305 2321 quos
1326 2278 1382 2311 illa
1403 2283 1608 2311 concernunt
1628 2284 1659 2311 et
1679 2283 1882 2312 concernent

1145 2394 1242 2427 quam
1274 2388 1389 2417 contra
1418 2394 1472 2417 eas
1503 2383 1753 2427 quomodolibet
1776 2383 1881 2427 impe-

1145 2436 1219 2477 diri,
1234 2437 1285 2470 vel
1302 2437 1486 2477 molestati,
1504 2437 1764 2470 contradictores
1783 2445 1881 2479 quos-

1144 2490 1225 2523 libet
1248 2499 1308 2532 per
1333 2499 1489 2522 censuras
1507 2488 1730 2522 ecclesiaticas
1747 2492 1780 2522 et
1800 2498 1880 2532 poe-

1181 2552 1192 2578 1
1214 2551 1303 2578 Lectio
1323 2550 1456 2578 defectiva
1474 2554 1504 2578 ut
1522 2554 1597 2587 patet
1616 2551 1654 2587 (n.
1670 2549 1720 2586 τ.).

1913 174 1964 198 An.
1985 172 2014 197 C.
2033 172 2099 198 1663

1916 2333 2080 2355 contravenien-

1896 2362 1927 2381 tes
1942 2361 2065 2387 puniantur.
