2247 3208
480 232 542 265 864
1027 243 1206 267 BULLARIUM
1231 244 1381 268 namnum

433 294 678 327 Ministrantium
705 293 843 326 Infirmis
864 294 988 336 religio,
1009 293 1050 326 78
1068 294 1096 333 b;
1127 294 1354 336 praescribitur
1371 297 1457 340 quod
1476 298 1583 331 clerici
1610 298 1695 330 illius
1712 298 1968 341 congregationis

519 357 644 389 semper
663 347 882 388 praeferantur
905 347 992 380 laicis
1018 347 1118 390 ipsius
1132 346 1164 380 in
1181 347 1330 380 omnibus
1348 349 1564 383 functionibus
1583 357 1645 383 tam
1667 351 1800 394 publicis
1822 358 1884 384 tam
1906 352 1968 396 pri-

520 398 611 438 νὶῑῑίς,
638 399 714 431 ibid.

428 452 563 486 MInistri
587 452 815 484 catholicorum
843 451 1024 494 principum
1048 453 1180 486 Parisiis
1206 454 1401 497 congregati,
1427 456 1498 488 vide
1523 456 1663 489 Parisiis.

429 505 585 538 minorum
609 504 799 537 clericorum
826 505 1021 547 regularium
1046 507 1264 549 congregatio,
1297 507 1364 539 victo
1390 507 1599 551 Congregatio
1624 510 1813 543 clericorum
1846 513 1968 554 regula-

518 557 599 590 rium
624 558 793 590 Minorum.

429 610 585 644 Minorum
610 610 743 643 fratrum
769 610 801 643 S.
829 611 987 644 Francisci
1012 610 1107 652 Ordo⁷
1133 612 1204 645 vide
1227 612 1311 645 Ordo
1337 613 1492 647 Minorum
1518 615 1547 648 S.
1574 616 1744 649 Francisci.

428 663 540 697 Missae
565 662 601 696 de
616 664 759 706 requiem,
784 663 814 696 in
839 663 1019 707 duplicibus
1044 671 1208 708 nequeunt
1232 666 1395 708 celebrari,
1422 666 1486 700 478
1504 668 1538 707 b,
1562 668 1765 713 excipiuntur
1789 669 1966 703 anniversa-

516 716 574 756 ria,
602 716 695 755 ibid.;
722 717 832 750 altaria
861 728 932 750 vero
958 718 1156 761 privilegiata
1181 728 1245 751 non
1270 719 1482 762 excipiuntur,
1511 721 1601 761 ibid.;
1621 721 1652 753 in
1674 722 1723 754 his
1747 732 1803 765 per
1828 723 1966 756 celebra-
2001 728 2005 732 “

519 769 637 802 tionem
665 769 830 803 missarum
856 770 895 803 de
919 771 999 804 sesto
1024 771 1163 804 currenti
1189 771 1302 804 satisfit
1327 772 1590 816 obligationibus,
1615 773 1678 806 8⁶22
1703 780 1732 807 et
1757 786 1817 819 seq.

430 822 554 856 Missam
581 822 666 855 domi
691 823 809 855 habere
834 824 1024 857 conceditur
1041 824 1267 857 referendariis
1286 826 1464 859 vetantibus
1483 826 1664 870 signaturae
1683 827 1832 867 iustitiae,
1849 828 1908 862 6311
1933 830 1965 869 b;

516 874 601 907 idem
629 874 667 908 ab
692 876 870 908 Alexandro
896 877 946 909 Vll
972 878 1074 910 fuerat
1100 887 1287 911 concessum
1313 878 1435 912 clericis
1460 889 1603 913 camerae
1627 881 1831 924 apostolicae,
1854 882 1928 914 ibid.

425 927 615 960 Missionarii
643 929 804 970 regulares
829 930 913 972 apud
940 929 1032 963 Sinas
1059 930 1091 962 in
1116 931 1232 974 quibus
1268 931 1465 965 subordinati
1503 933 1567 966 sint.
1604 934 1728 967 vicariis
1754 935 1961 977 apostolicis,

515 980 583 1014 816.
604 992 641 1019 (ι;
670 991 752 1025 quae
777 981 816 1015 sit
841 982 1031 1016 vicariorum
1056 985 1201 1024 facultas,
1229 990 1259 1017 et
1284 995 1365 1027 quae
1391 985 1685 1026 missionariorum,
1712 987 1774 1021 817
1800 999 1818 1020 α
1844 994 1874 1021 et
1897 1000 1959 1033 seq.

426 1032 586 1066 Missionis
612 1033 834 1076 Congregatio,
850 1035 920 1067 vide
942 1035 1152 1079 Congregatio
1178 1037 1342 1071 Missionis.

425 1086 650 1119 Monasterium
675 1086 704 1119 S.
732 1087 883 1130 Brigittae
908 1088 939 1121 in
965 1089 1084 1132 oppido
1110 1090 1315 1134 Bambergae,
1344 1091 1407 1124 5402
1432 1102 1462 1124 α.

426 1140 577 1173 Moniales
601 1141 825 1184 liospitalariae
850 1143 1109 1186 congregationis
1133 1143 1164 1176 S.
1193 1144 1329 1187 losepffl,
1355 1144 1414 1177 411
1444 1156 1481 1185 α;
1506 1145 1649 1189 ipsarum
1674 1146 1856 1181 institutum
1880 1158 1962 1181 con-

515 1192 672 1233 firmatur,
698 1193 757 1226 litt
788 1194 816 1226 b.

426 1245 578 1280 Moniales
603 1247 787 1280 monasterii
814 1248 1039 1292 Lugdunensis
1063 1250 1186 1293 primae
1211 1251 1338 1292 regulae
1362 1257 1490 1285 sanctae
1515 1252 1623 1287 Clarae
1644 1254 1860 1288 subiiciuntur
1883 1266 1959 1300 pro-

511 1299 634 1332 vinciali
659 1305 689 1332 et
713 1300 863 1333 fratribus
887 1302 1066 1336 recollectis
1090 1304 1271 1347 provinciae
1295 1304 1324 1337 S.
1351 1305 1521 1346 Frmmisci,
1547 1306 1610 1340 382
1636 1318 1654 1340 a
1681 1313 1712 1341 et
1735 1319 1795 1352 seq.

423 1352 610 1385 Monialihus
634 1353 808 1386 Carmelitis
835 1354 1040 1388 Discalceatis
1065 1356 1164 1399 Belgii
1189 1358 1410 1392 conceduntur
1434 1359 1598 1403 privilegia
1613 1371 1761 1395 concessa
1775 1362 1843 1396 aliis
1861 1363 1956 1396 Fran-

513 1405 580 1439 ciae
605 1412 635 1439 et
660 1406 860 1448 Germaniae,
885 1407 950 1441 380
974 1419 1004 1441 a.

424 1458 613 1492 Monialibus
637 1460 831 1493 Excalceatis
856 1461 942 1503 regni
970 1461 1121 1496 Franciae
1147 1463 1356 1497 confirmatur
1380 1466 1476 1499 Breve
1500 1466 1667 1499 Alexandri
1692 1467 1767 1507 Vll,
1793 1468 1858 1501 574
1881 1480 1913 1502 α.

424 1511 610 1545 Monialium
635 1513 840 1555 monasteria,
867 1513 930 1547 307
957 1515 991 1554 b3
1019 1516 1164 1559 superior
1188 1518 1343 1560 regularis
1368 1520 1463 1552 semel
1490 1520 1522 1553 in
1546 1530 1631 1553 anno
1655 1531 1691 1553 ea
1711 1521 1836 1563 ingredi
1855 1528 1960 1564 potest

512 1566 679 1599 occasione
704 1567 906 1607 visitationis,
930 1567 1022 1608 ibim
1042 1575 1129 1602 extra
1153 1570 1365 1603 visitationem
1390 1582 1514 1616 semper
1530 1583 1602 1605 cun]
1623 1573 1769 1606 facultate
1786 1574 1957 1614 Ordinarii,

511 1617 576 1652 308
601 1630 635 1659 α;
659 1619 763 1653 visitet
786 1631 841 1664 per
866 1631 898 1654 se
922 1621 1027 1664 ipsum
1060 1621 1246 1656 interiorem
1283 1625 1463 1658 clausuram
1494 1636 1567 1658 cum
1603 1626 1700 1659 unico
1724 1626 1828 1668 socio,
1856 1628 1922 1660 ibid
1951 1640 1960 1670 5

513 1672 669 1714 generalis
689 1672 815 1706 Ordinis
840 1683 911 1707 cum
933 1674 1070 1714 duobus,
1096 1676 1192 1716 ibid.;
1229 1677 1382 1711 visitatori
1414 1678 1567 1712 assistant
1603 1685 1742 1723 quatuor
1776 1681 1929 1714 moniales
1950 1709 1956 1722 ,

510 1725 606 1766 ibicl.;
640 1726 854 1760 confessarius
877 1738 942 1760 non
966 1727 1166 1772 ingrediatur
1190 1730 1313 1774 absque
1336 1732 1538 1773 necessitate,
1561 1731 1625 1765 308
1650 1732 1687 1773 (23
1715 1739 1746 1766 et
1770 1740 1958 1777 pernoctare

511 1777 625 1812 debeat
647 1779 681 1813 in
705 1780 836 1823 proprio
862 1787 1030 1821 conventu,
1057 1782 1158 1822 ibz'd.;
1185 1783 1315 1827 quando
1340 1785 1534 1818 contrarium
1560 1785 1732 1828 procedat,
1759 1785 1822 1820 309
1847 1798 1866 1820 α
1886 1800 1893 1828 ;
1917 1789 1957 1822 ad

510 1832 702 1865 monasteria
727 1833 951 1877 Hispaniarum
977 1835 1158 1878 prohibitus
1183 1847 1328 1870 accessus
1352 1839 1412 1870 sub
1437 1839 1769 1874 excommunicatione
1790 1840 1871 1874 latae
1889 1851 1957 1875 sen-

510 1886 641 1926 tentiae,
665 1886 723 1919 3311
754 1887 770 1918 b
801 1894 832 1920 et
859 1898 946 1932 seq.;
978 1889 1147 1932 qualitates
1171 1895 1201 1922 et
1226 1891 1355 1933 regulae
1381 1893 1648 1926 confessariorum
1668 1894 1953 1937 praescribuntur,

508 1938 573 1972 333
597 1940 630 1980 b;
655 1940 865 1984 suspenditur
889 1953 991 1985 poena
1017 1944 1178 1985 praedicta
1204 1943 1236 1976 in
1262 1944 1301 1977 iis
1326 1945 1451 1978 casibus
1477 1945 1507 1978 in
1529 1946 1646 1990 quibus
1672 1952 1758 1980 auta
1778 1947 1846 1980 iure
1871 1958 1957 1981 com-

509 1993 598 2026 muni
624 1999 679 2027 aut.
702 1995 769 2027 aliis
795 1996 1078 2029 constitutionibus
1102 1997 1250 2040 imposita
1274 2008 1338 2031 non
1365 1999 1530 2041 reperitur,
1555 1999 1619 2032 593
1643 2000 1668 2032 b.

421 2044 506 2078 Mons
530 2046 775 2079 secretariorum
799 2047 1049 2090 apostolicorum
1075 2049 1231 2083 extinctus
1254 2050 1292 2084 de
1317 2062 1400 2085 novo
1424 2052 1569 2095 erigitur,
1596 2052 1660 2085 832
1686 2053 1702 2085 b
1727 2059 1758 2086 et
1780 2065 1843 2097 seq.

420 2098 586 2132 Montafiae
611 2100 741 2133 seudum
766 2101 971 2134 Taurinensis
996 2103 1151 2136 dioecesis
1177 2104 1263 2147 quod
1289 2106 1425 2149 pertinet,
1450 2107 1488 2139 ad
1515 2106 1672 2140 directum
1698 2106 1874 2140 dominium
1903 2118 1954 2141 ar-

508 2152 705 2197 chiepiscopi
732 2154 951 2194 Taurinensis,
977 2155 1042 2188 495
1067 2168 1102 2196 α;
1127 2157 1275 2190 venditur
1298 2169 1315 2190 a
1342 2159 1493 2192 fratribus
1509 2159 1683 2192 §tondi-atis
1703 2159 1756 2202 qui
1775 2159 1863 2192 illum
1881 2170 1955 2203 pos-

509 2205 671 2247 sidebant,
696 2206 759 2239 495
785 2207 801 2239 b
825 2214 855 2241 et
879 2219 962 2252 seq,
988 2210 1167 2253 acquiritur
1190 2222 1207 2243 a
1233 2210 1346 2244 Carolo
1372 2212 1546 2245 Emanuele
1570 2211 1745 2245 Phitiberto
1776 2213 1953 2257 Hyacinthe

507 2258 546 2291 de
572 2258 711 2292 Simiana
736 2261 921 2295 marchione
946 2261 1168 2301 planitiarum,
1191 2263 1254 2296 496
1280 2275 1297 2296 a
1322 2270 1351 2297 et
1377 2264 1404 2305 b,
1430 2271 1460 2297 et
1483 2274 1547 2307 seq.

419 2311 594 2354 Montassna
619 2312 739 2355 (Bella)
766 2318 868 2347 terrae
901 2314 1036 2348 civitatis
1070 2315 1233 2349 Pactensis
1268 2317 1299 2349 in
1332 2317 1440 2351 Sicilia
1471 2319 1586 2351 emitur
1621 2317 1660 2350 ab
1693 2318 1827 2351 Ascanio
1856 2319 1953 2352 Ansa-

507 2365 592 2405 lono,
618 2366 658 2398 75
683 2377 713 2398 α.

418 2418 587 2452 Montaltus
611 2418 793 2461 cardinalis,
820 2427 984 2465 protector
1007 2422 1168 2456 societatis
1193 2423 1245 2456 SS.
1266 2423 1460 2458 Sacramenti
1486 2425 1519 2457 in
1544 2424 1680 2458 ecclesia
1705 2424 1734 2458 S.
1752 2424 1897 2459 Andreae
1914 2425 1953 2458 de

506 2471 624 2504 Fractis
649 2471 687 2505 de
711 2473 806 2514 Urbe,
832 2473 875 2506 22
901 2486 931 2507 α.

417 2523 532 2557 Montis
552 2523 691 2558 Coronae
715 2536 840 2560 cremus
865 2527 1159 2563 Camaldulensiuni
1184 2530 1310 2565 Ordinis
1335 2532 1406 2564 vide
1429 2531 1515 2566 Ordo
1545 2532 1845 2566 Camaldulensium.

416 2576 554 2610 Murciae
578 2583 752 2610 conventus
777 2579 910 2612 fratrum
935 2581 1092 2615 Minorum
1117 2582 1146 2615 S.
1173 2583 1333 2619 Francisci
1359 2585 1506 2619 adiicitur
1531 2585 1714 2629 provinciae
1744 2584 1775 2618 B.
1800 2583 1887 2621 Petri
1912 2583 1951 2618 de

503 2631 684 2672 Alcantara,
711 2630 752 2665 70
776 2642 806 2671 α,
1535 2632 1537 2635 ’
