2247 3208
223 286 273 312 Λ11.
291 285 318 312 C.
343 285 408 311 tout}

245 1191 364 1212 Exordium.

456 276 518 308 832

993 276 1168 300 0111310110
1196 276 1345 298 ttoMANUM

416 333 511 366 cessit.
537 341 599 364 non
618 330 758 367 obstare,
775 326 955 368 ceterisque
976 323 1147 357 contrariis
1167 326 1169 341 ¹
1189 323 1228 354 ab
1244 322 1387 354 eiusdem
1402 321 1436 353 D.
1453 321 1489 353 N.
1510 322 1532 353 1.
1548 321 1580 353 C.
1597 322 1763 355 Nativitate
1780 333 1924 362 unctxtx,

415 384 684 428 quibuscumque.

458 436 569 468 Datum
594 434 736 472 Romae,
762 431 847 475 apud
876 430 907 462 S.
935 429 1062 461 Mariam
1088 428 1149 460 Ma-

413 488 527 527 iorem,
553 487 613 519 sub
646 485 767 518 annulo
797 482 982 522 piscatoris,
1009 481 1060 514 die
1078 491 1148 514 xxvl

414 539 555 574 octobris
600 548 759 577 mncmx,
792 534 1004 580 pontificatus
1042 533 1148 567 nostri

414 604 500 627 anno
518 603 566 626 111.

448 655 506 682 Dat.
524 653 568 681 die
583 653 617 680 26
632 652 751 680 octobris
772 651 850 686 1669,
867 650 964 687 pontis.
988 657 1058 677 anno
1074 655 1110 676 111.

717 767 845 801 CXXVI.

415 839 625 882 Confirmatio
650 838 859 871 extinctionis
882 836 1015 880 antiqui
1034 842 1061 868 et
1086 845 1150 868 ere-

455 894 517 926 ctio
547 893 620 925 novi
656 892 773 924 Montis
805 890 935 933 colleyiz'
958 890 1147 922 secretario-

455 957 530 979 rum
555 945 806 989 apostolicorum
834 943 871 976 de
894 953 1027 976 numero
1049 943 1151 986 parti-

456 1000 639 1044 cipantium
649 998 669 1031 ¹.

630 1070 763 1097 Clemens
786 1069 864 1102 Papa
885 1068 930 1100 tx.

554 1114 589 1141 ad
609 1114 743 1141 futuram
762 1113 806 1140 rei
828 1111 1010 1140 memoriam.

456 1176 471 1220 ς
488 1176 519 1209 1.
542 1176 651 1220 Nuper
671 1186 729 1219 pro
747 1180 840 1219 parte
858 1174 1050 1208 dilectorum
1072 1173 1151 1207 tilio-

414 1242 485 1264 rum
517 1231 647 1273 collegii
676 1229 925 1262 secretariorum
957 1228 1151 1270 apostolico-

414 1295 483 1317 rum
520 1284 559 1316 de
594 1293 729 1316 numero
761 1281 1025 1326 participantium
1055 1281 1149 1313 nobis

415 1337 596 1380 expositum
610 1336 678 1375 suit,
692 1335 778 1378 quod
792 1335 863 1378 ipsi,
878 1334 910 1366 in
928 1334 1151 1366 executionem

416 1391 631 1434 quarumdam
660 1394 845 1422 nostrarum
873 1387 905 1419 in
931 1386 1026 1420 simili
1051 1387 1152 1419 forma

415 1444 525 1477 Brevis
542 1443 722 1475 litterarum
738 1441 787 1473 die
805 1451 836 1474 lv
855 1439 991 1472 ianuarii
1006 1439 1151 1482 proxime

415 1495 584 1540 praeteriti
609 1494 844 1538 expeditarum,
871 1493 1038 1535 antiquum
1063 1503 1153 1525 mon-

416 1554 480 1581 tem
497 1548 743 1581 secretariorum
760 1546 1016 1590 apostolicorum
1035 1555 1153 1578 nuncu-

415 1607 527 1645 patum
553 1601 671 1634 dudum
698 1601 738 1632 ab
763 1610 875 1632 eorum
894 1598 1153 1631 antecessoribus

417 1656 456 1687 de
482 1654 611 1687 licentia
646 1653 737 1686 Sedis
768 1652 975 1695 Apostolicae
997 1657 1150 1691 erectum,

416 1712 449 1740 et
473 1707 609 1740 subinde
634 1707 671 1739 de
697 1705 766 1749 pari
790 1705 923 1738 licentia
946 1709 1083 1743 auctum,
1105 1714 1155 1737 re-

416 1761 528 1793 stituto
553 1759 641 1793 illius
667 1759 829 1792 montistis
846 1758 965 1802 pretio,
994 1762 1154 1800 perpetuo

417 1819 673 1858 suppresserunt
698 1819 729 1846 et
753 1813 968 1852 extinxerunt,
987 1822 1033 1851 ac,
1055 1811 1094 1843 ad
1113 1811 1154 1844 ef—

417 1867 535 1900 fectum
560 1865 754 1899 restituendi
780 1865 921 1908 pretium
947 1864 1153 1904 huiusmodi,

417 1930 535 1953 novum
559 1924 702 1951 montem
740 1918 799 1950 sub
826 1917 939 1950 eadem
966 1916 1156 1949 denomina-

418 1973 506 2006 tione
532 1971 846 2016 quadringentorum
871 1969 1104 2013 quinquaginta
1122 1980 1157 2003 o-

418 2032 468 2059 cto
494 2027 639 2059 locorum
656 2035 729 2057 cum
746 2024 849 2056 tribus
867 2023 990 2066 quartis
1008 2023 1155 2066 partibus

419 2079 552 2112 alterius
578 2077 693 2111 similis
719 2076 793 2117 loci,
811 2077 849 2109 ad
876 2076 1037 2110 rationem
1061 2075 1156 2119 pretii

419 2143 474 2165 seu
511 2131 604 2164 sortis
637 2135 767 2163 centum
804 2134 836 2163 et
877 2129 1024 2162 redditus
1059 2129 1157 2161 annui

420 2190 554 2228 quatuor
579 2189 741 2217 scutorum
760 2188 907 2216 monetae
926 2193 1079 2215 romanae
1097 2193 1156 2225 pro

420 2238 567 2281 quolibet
589 2239 668 2276 loco,
693 2241 863 2269 erexerunt
885 2241 916 2268 et
941 2235 1155 2273 instituerunt,

421 2296 453 2323 et
477 2291 554 2322 alias
579 2295 674 2332 prout
697 2289 829 2321 uberius
854 2287 1038 2321 continetur
1057 2286 1089 2320 in
1108 2287 1159 2319 lit-

422 2343 500 2376 teris
526 2343 642 2375 nostris
667 2341 829 2385 praefatis,
856 2351 891 2374 ac
916 2340 1046 2383 publico
1067 2340 1159 2384 desu-

422 2406 482 2439 per
519 2396 666 2428 contecto
702 2395 920 2427 instrumento
953 2392 1073 2426 tenoris
1104 2391 1158 2435 qui

423 2448 580 2492 sequitur,
600 2447 772 2480 videlicet:

473 2513 486 2531 (1
512 2501 545 2533 111
562 2501 693 2532 nomine
712 2499 846 2539 Domini,
866 2509 972 2531 amen.
995 2496 1159 2531 Praesenti

424 2554 557 2598 publico
583 2553 798 2585 instrumento
819 2552 942 2584 cunctis
969 2552 1087 2594 ubique
1105 2561 1161 2594 pa-

426 2612 492 2640 teat
515 2606 679 2638 evidenter
704 2610 736 2638 et
759 2604 799 2637 sit
824 2611 937 2637 notum
964 2604 1050 2648 quod
1075 2614 1160 2636 anno

463 2671 472 2695 1
496 2668 534 2695 Ex
554 2667 661 2702 aegest.
682 2665 708 2693 in
729 2666 831 2693 Secret.
853 2665 926 2692 Brev.

1190 375 1368 407 indictione
1393 385 1455 413 vu,
1476 374 1527 407 die
1545 384 1620 407 vero
1636 385 1686 408 xvt
1705 376 1825 408 mensis
1840 375 1925 415 maii,

1190 427 1397 471 pontificatus
1422 432 1527 460 autem
1547 427 1599 460 SS.
1623 427 1655 459 in
1673 427 1799 460 Christo
1824 428 1925 470 patris

1191 486 1223 513 et
1241 480 1363 514 domini
1378 480 1478 513 nostri
1496 479 1617 512 domiui
1632 479 1805 512 Clementis
1820 480 1925 513 divina

1191 533 1395 577 providentia
1419 533 1524 576 Papae
1550 533 1587 565 tx
1603 560 1610 571 ‚
1631 543 1717 565 anno
1735 533 1803 566 eius
1824 544 1868 571 11,
1894 533 1926 565 111

1191 587 1271 626 mei,
1298 586 1428 629 collegii
1454 585 1743 619 illustrissimorum
1773 590 1804 618 et
1837 595 1926 618 reve-

1192 639 1464 672 rendissimorum
1498 639 1703 671 dominorum
1739 638 1928 671 secretario-

1192 702 1264 724 rum
1289 691 1541 735 apcstolicorum
1559 690 1743 734 cappellani
1762 695 1794 723 et
1810 690 1926 724 Montis

1193 745 1336 777 eiusdem
1369 744 1499 787 collegii
1536 743 1703 776 secretarii
1741 754 1776 776 ac
1810 744 1927 777 notarii

1192 797 1312 840 publici
1338 798 1369 829 in
1395 796 1538 829 archivio
1564 796 1729 829 Romanae
1751 796 1857 829 curiae
1878 796 1929 829 de-

1193 851 1324 894 scripti,
1359 856 1390 883 et
1414 850 1499 883 Petri
1526 849 1660 883 Gentilis
1685 849 1846 889 Catalani,
1881 860 1925 882 re-

1193 903 1352 936 verendae
1384 913 1528 935 camerae
1560 901 1757 945 apostolicae
1789 902 1926 943 notarii,

1193 956 1387 998 testiumque
1413 955 1691 998 infrascriptorum
1724 955 1927 998 praesentia,

1193 1013 1381 1051 praesentes
1406 1013 1437 1040 et
1461 1008 1679 1051 personaliter
1705 1008 1878 1040 existentes
1897 1008 1930 1040 il·

1193 1061 1405 1094 lustrissimus
1424 1067 1456 1093 et
1480 1060 1767 1093 reverendissimus
1784 1060 1819 1092 D.
1839 1060 1931 1093 Ioan-

1194 1124 1251 1146 nes
1288 1113 1431 1157 Baptista
1468 1113 1660 1156 COstagutus
1687 1119 1719 1145 et
1751 1112 1931 1145 illustrissi-

1193 1178 1262 1200 mus
1298 1167 1446 1200 dominus
1471 1167 1506 1199 D.
1534 1167 1759 1200 Ferdinandus
1788 1166 1929 1208 Raggius

1194 1221 1398 1260 defensores,
1424 1219 1698 1253 eminentissimus
1724 1224 1756 1252 et
1780 1229 1931 1252 reveren-

1195 1274 1343 1306 dissimus
1359 1273 1508 1305 dominus
1522 1271 1693 1304 cardinalis
1707 1271 1930 1314 Sigismondus

1194 1326 1343 1367 Chisius,
1378 1331 1410 1358 et
1433 1336 1490 1368 pro
1516 1336 1554 1358 eo
1581 1325 1754 1358 admodum
1779 1335 1932 1357 reveren-

1195 1379 1343 1412 dissimus
1376 1379 1411 1411 D.
1442 1379 1631 1411 Franciscus
1657 1378 1833 1417 Silvanius,
1859 1378 1932 1411 illu-

1195 1433 1374 1465 strissimus
1399 1437 1430 1464 et
1455 1431 1741 1464 reverendissimus
1772 1431 1806 1463 D.
1834 1431 1932 1463 Fran-

1195 1485 1298 1517 ciscus
1333 1484 1428 1517 Maria
1453 1484 1638 1523 Phoebeus,
1665 1483 1932 1526 archiepiscopus

1196 1538 1378 1578 Tarsensis,
1412 1542 1608 1580 praeceptor
1632 1537 1662 1569 S.
1690 1536 1846 1580 Spiritus,
1872 1546 1932 1580 pro

1196 1590 1373 1637 venerabili
1399 1590 1622 1633 archiospitali
1651 1589 1681 1622 S.
1709 1589 1871 1633 Spiritus,
1898 1589 1935 1622 il-

1198 1644 1411 1677 lustrissimus
1436 1649 1467 1675 et
1490 1643 1779 1675 reverendissimus
1804 1642 1839 1674 D.
1861 1642 1934 1675 Hie-

1197 1709 1349 1742 ronymus
1374 1696 1556 1737 Gastaldus,
1576 1696 1812 1729 illustrissimus
1834 1701 1865 1728 et
1884 1706 1935 1728 re-

1198 1752 1449 1785 verendissimus
1473 1751 1509 1783 D.
1531 1750 1720 1782 Franciseus
1744 1749 1907 1782 Martellus
1924 1775 1932 1789 ‚

1198 1806 1431 1839 illustrissimus
1442 1810 1472 1836 ct
1482 1803 1773 1842 reverendissimus
1787 1802 1822 1835 D.
1838 1802 1936 1834 Fran-

1198 1859 1300 1891 ciscus
1326 1858 1423 1891 Maria
1447 1857 1616 1896 Victorius,
1641 1856 1878 1888 illustrissimus
1904 1859 1936 1888 et

1199 1911 1488 1945 excellentissimus
1513 1910 1548 1942 D.
1577 1910 1775 1952 Augustinus
1800 1908 1934 1949 Chisius,

1200 1970 1232 1997 et
1255 1975 1315 2008 pro
1341 1975 1379 1997 eo
1399 1964 1435 1996 D.
1463 1963 1641 2006 Gregorius
1667 1962 1770 2002 Satus,
1788 1961 1938 1995 illustris-

1199 2019 1297 2051 simus
1319 2017 1467 2050 dominus
1492 2016 1667 2049 Flaminius
1692 2016 1860 2054 Morollus,
1886 2024 1937 2046 ca-

1200 2071 1335 2105 nonieus
1361 2070 1392 2103 S.
1412 2069 1589 2110 Eustachii,
1609 2080 1666 2112 pro
1684 2068 1864 2101 venerabili
1887 2077 1938 2099 ca-

1200 2125 1300 2167 pitulo
1331 2123 1478 2156 eiusdem
1502 2123 1660 2155 ecclesiae
1689 2121 1720 2154 S.
1751 2119 1936 2159 Eustachii,

1200 2178 1439 2211 illustrissimus
1457 2176 1492 2208 D.
1508 2175 1654 2208 marchio
1672 2175 1937 2207 Bartholomaeus

1200 2232 1372 2274 Ruspulus‚
1389 2229 1623 2263 illustrissimus
1642 2228 1676 2260 D.
1696 2227 1842 2260 marchio
1863 2226 1938 2258 Mar-

1202 2285 1263 2317 tius
1283 2283 1424 2323 Ursinus,
1450 2281 1684 2315 illustrissimus
1710 2280 1745 2313 D.
1765 2280 1938 2323 Sigismun-

1202 2339 1258 2370 (lus
1283 2337 1434 2379 Raggius,
1452 2341 1484 2367 et
1501 2334 1739 2367 illustrissimus
1754 2333 1789 2365 D.
1809 2332 1938 2366 Carolus

1201 2390 1501 2429 Salusatus‚omnes
1526 2386 1692 2420 secretarii
1718 2385 1889 2429 apostolici
1907 2389 1940 2418 et

1203 2444 1241 2476 de
1266 2452 1401 2475 numero
1426 2439 1702 2484 participantium,
1721 2439 1753 2471 in
1779 2439 1939 2471 cancella-

1203 2496 1250 2529 ria
1274 2494 1460 2539 apostolica,
1480 2494 1511 2526 111
1536 2494 1606 2526 loco
1625 2492 1718 2525 solito
1734 2497 1765 2525 et
1780 2495 1938 2524 consueto

1204 2559 1261 2592 pro
1287 2547 1381 2580 rebus
1407 2552 1438 2579 et
1463 2545 1606 2589 negociis
1628 2544 1703 2577 dicti
1725 2543 1854 2586 collegii
1873 2544 1940 2576 col-

1204 2601 1365 2644 legialiter
1389 2599 1586 2642 congregati,
1603 2598 1759 2630 maiorem
1784 2602 1815 2630 et
1833 2596 1940 2629 sanio-

1204 2664 1272 2686 rem
1290 2658 1414 2697 partem
1433 2652 1577 2684 eiusdem
1596 2649 1724 2693 collegii
1743 2649 1940 2683 constituen-

1935 274 1984 300 Λ11.
2002 273 2029 300 C.
2055 272 2120 300 1609
