2247 3208
234 227 283 253 An.
304 225 330 251 c.
352 222 418 250 1662
465 215 507 247 74

432 282 512 309 runi,
539 270 703 305 Ordinum,
727 263 1030 306 congregationum,
1058 261 1171 303 hospi-

433 324 546 356 talium
573 328 604 353 et
623 322 769 353 locorum
798 315 1054 360 praedictorum,
1074 313 1169 345 etiam
1187 328 1188 342 t

434 378 630 413 iuramento,
647 370 892 405 confirmatione
911 367 1102 411 apostolica,
1120 366 1169 398 vel

437 429 550 473 quavis
576 426 725 459 firmitate
753 424 816 456 alia
839 421 1014 459 roboratis,
1041 419 1170 452 statutis

437 490 469 516 et
493 479 801 517 consuetudinibus,
829 473 1080 512 stabilimentis,
1106 471 1172 503 usi-

434 537 497 569 bus
523 540 555 567 et
574 532 713 571 naturis,
733 530 886 573 quodque
904 525 1057 570 personis
1078 535 1173 568 prae-

438 587 547 627 dictis,
570 594 746 626 earumque
773 580 922 614 ecclesiis
949 583 980 610 et
1004 577 1099 616 locis,
1121 577 1173 608 vel

439 639 607 685 quibusvis
629 637 709 675 aliis,
729 633 944 668 communiter
966 632 1015 663 vel
1034 629 1172 669 divisim,

439 706 457 728 a
481 694 563 726 Sede
589 689 777 735 Apostolica
808 688 849 720 sit
878 686 1059 724 indultum,
1086 684 1192 728 quod*

439 745 612 784 interdici,
641 741 799 785 suspendi
822 740 873 772 vel
900 737 1175 771 excommunicari

439 810 505 833 non
523 797 652 842 possint
668 806 728 839 per
744 794 870 827 litteras
890 791 1088 835 apostolicas
1110 801 1175 823 non

441 852 599 885 facientes
630 850 762 893 plenam
795 852 827 879 et
858 856 1049 889 expressam
1073 855 1110 877 ac
1136 844 1175 876 de

442 905 544 938 verbo
570 904 608 935 ad
632 902 765 934 verbum
797 900 836 932 de
866 898 1013 937 indulto,
1047 907 1176 930 necnon

442 957 605 1002 personis,
633 964 811 996 eorumque
836 952 1033 991 nominibus,
1057 961 1179 992 coguo-

442 1010 596 1048 minibus,
624 1007 785 1045 ecclesiis,
806 1003 1028 1043 monasteriis,
1051 1003 1179 1035 Ordini-

441 1064 505 1096 bus
524 1068 555 1094 et
579 1060 659 1094 locis
686 1058 883 1097 huiusmodi,
905 1056 1127 1095 mentionem3
1149 1061 1180 1087 et

446 1115 645 1160 quibuslibet
663 1113 733 1145 aliis
752 1111 946 1155 privilegiis,
964 1109 1181 1153 exemptioni-

445 1171 527 1209 bus,
560 1166 837 1205 innmmitatibus,
862 1165 895 1197 in
922 1174 1042 1207 genere
1072 1164 1123 1196 vel
1147 1163 1180 1196 in

447 1222 567 1266 specie,
602 1221 697 1253 etiam
721 1220 752 1252 S.
780 1219 817 1251 R.
851 1218 886 1250 E.
923 1217 1122 1256 camerario,
1150 1221 1182 1249 et

449 1276 519 1309 aliis
564 1284 712 1307 camerae
756 1271 955 1316 apostolicae
999 1269 1155 1302 ministris
1172 1296 1179 1310 ,

450 1328 546 1361 etiam
572 1338 609 1360 ex
634 1328 730 1359 causa
755 1326 907 1365 onerosa,
935 1323 1184 1367 quomodolibet

450 1380 636 1420 concessis,
664 1377 863 1411 confirmatis
889 1383 921 1410 et
942 1375 1125 1417 innovatis,
1153 1381 1184 1408 et

451 1434 632 1467 solutiones
658 1433 859 1466 decimarum
893 1430 987 1463 aliter
1012 1440 1107 1473 quam
1135 1440 1185 1462 se-

452 1488 594 1521 cundum
617 1486 782 1529 antiquam
810 1490 917 1517 taxam
935 1488 967 1516 et
983 1483 1044 1515 nisi
1062 1482 1095 1515 in
1116 1482 1186 1514 uni-

452 1541 569 1574 versali
597 1540 797 1573 decimarum
827 1548 888 1581 per
913 1538 1027 1569 orbem
1052 1536 1187 1579 imposi-

453 1596 541 1628 tione
556 1594 624 1627 tieri
635 1592 900 1637 prohibentibus,
912 1602 1041 1624 necnon
1052 1590 1188 1634 promis-

455 1648 616 1687 sionibus,
644 1646 895 1686 donationibus,
923 1643 1186 1687 obligationibus,

455 1701 656 1740 iuramentis,
677 1699 992 1739 renunciationibus,
1007 1698 1143 1730 vinculis
1158 1703 1190 1729 et

458 1755 591 1789 cautelis
626 1754 659 1786 in
692 1753 912 1796 assignatione
948 1752 1189 1796 praedictarum

457 1808 652 1852 pensionum
673 1807 764 1840 sactis
786 1807 915 1850 (quibus
933 1817 993 1850 per
1009 1804 1191 1849 impositio-

457 1872 531 1894 nem
555 1861 698 1894 decimae
714 1860 903 1893 huiusmodi
925 1859 1058 1892 minime
1076 1859 1189 1898 teneri,

459 1926 564 1958 neque
598 1913 674 1955 eis¹,
705 1915 811 1958 quoad
843 1913 1046 1957 praemissa,
1079 1918 1192 1946 contra

461 1978 701 2011 quemcumque
740 1969 846 2000 locum
887 1968 1010 1999 habere
1048 1967 1211 1999 declara-⁴

460 2022 560 2062 mus)·,
581 2020 716 2063 aliisque
733 2020 867 2053 indultis
886 2025 918 2052 et
933 2019 1049 2052 litteris
1067 2024 1194 2063 aposto-

461 2072 544 2113 licis,
565 2073 771 2114 generalibus
789 2074 840 2105 vel
861 2073 1067 2116 specialibus,
1089 2072 1195 2105 cuius-

463 2136 600 2168 cumque
619 2125 741 2157 tenoris
761 2125 907 2165 existant,
924 2137 984 2168 per
1004 2137 1086 2169 quae
1101 2136 1197 2169 prae·

464 2178 609 2211 sentibus
628 2189 693 2211 non
713 2189 878 2221 expressa,
894 2185 949 2211 aut
969 2179 1111 2212 totaliter
1131 2190 1196 2212 non
1212 2198 1214 2211 ·

464 2231 586 2263 inserta
615 2231 745 2263 effectus
772 2242 885 2264 eorum
913 2232 1064 2275 impediri
1093 2233 1199 2265 valeat

467 2283 714 2326 quomodolibet
735 2285 786 2316 vel
812 2284 942 2324 differri,
965 2291 996 2317 et
1020 2286 1059 2317 de
1079 2286 1197 2329 quibus

467 2347 647 2379 eorumque
673 2336 746 2368 totis
776 2337 942 2369 tenoribus
976 2338 1127 2371 habenda
1159 2339 1199 2372 sit

466 2388 499 2421 in
516 2390 636 2422 nostris
653 2389 769 2422 litteris
787 2390 909 2423 mentio
927 2391 1095 2434 specialis;
1116 2404 1199 2436 quae

469 2443 577 2476 onmia
608 2449 722 2475 contra
754 2444 920 2486 praedicta
952 2446 1102 2477 nolumus
1135 2446 1201 2478 cui-

470 2508 567 2540 quam
593 2496 787 2539 sull'raga1‘i3
814 2497 997 2540 ceterisque
1029 2499 1200 2532 contrariis

471 2551 745 2595 quibuscumque.

507 2615 517 2640 1
538 2613 627 2640 Potius
649 2616 705 2646 tege
725 2622 771 2639 cas
791 2612 830 2639 vel
851 2621 881 2638 ea
904 2621 950 2647 pro
970 2613 1010 2639 eis
1029 2620 1066 2646 tn.
1084 2614 1130 2645 τ.).

1011 214 1188 238 sst‘LLARtUM
1212 213 1364 238 ROMANL'M

1247 260 1306 302 ἓξ).
1323 261 1357 292 In
1375 261 1588 304 percipienda
1607 274 1685 297 vero
1704 264 1829 297 decima
1847 276 1943 309 prae-

1205 315 1345 357 scripta,
1378 314 1451 357 piae
1479 317 1658 349 memoriae
1686 317 1860 351 Clementis
1886 319 1944 352 Pa-

1204 377 1266 410 pae
1291 367 1315 397 V
1346 366 1443 399 etiam
1477 368 1744 410 praedecessoris
1776 371 1880 404 nostri
1910 372 1945 405 in

1205 420 1349 454 Concilio
1374 420 1553 453 Viennensi
1587 422 1707 455 editam
1739 425 1945 458 constitutio-

1205 484 1281 506 nem
1313 474 1364 516 (ac
1389 473 1587 517 praesertim
1618 476 1705 518 quod
1729 487 1791 509 nec
1815 477 1944 518 calices,

1206 537 1267 559 nec
1293 526 1378 565 libri,
1406 532 1583 570 ceteraque
1611 528 1825 562 ecclesiarum
1851 541 1948 563 orna-

1208 585 1317 612 menta
1342 579 1450 612 divino
1476 580 1577 612 cultui
1604 580 1728 621 dicata,
1747 582 1860 614 ‚aliave
1893 594 1946 615 su-

1208 633 1317 676 pellex
1353 632 1577 665 ecelesiastica
1603 644 1640 665 ex
1666 636 1763 666 causa
1797 634 1946 678 pignoris

1209 685 1290 728 capi,
1313 685 1424 728 recipi,
1445 687 1495 718 vel
1514 686 1660 725 distrahi,
1683 691 1739 719 aut
1762 687 1841 720 alias
1867 698 1948 731 quo-

1209 738 1392 771 modolibet
1431 739 1587 782 occupari
1624 740 1790 783 debeant)
1824 740 1948 783 ubique

1209 792 1430 835 praecipimus
1467 792 1658 833 observari3
1686 792 1833 836 quinimo
1858 794 1949 826 volu-

1210 856 1290 884 mus,
1311 850 1355 884 ut,
1374 844 1461 876 illius
1477 844 1662 885 occasione,
1683 845 1857 886 ecclesiae,
1879 856 1949 878 mo-

1211 898 1364 937 nasteria,
1383 897 1511 940 aliaque
1529 897 1583 940 pia
1599 902 1631 930 et
1652 908 1744 930 sacra
1760 899 1832 931 loca
1849 908 1950 942 quae-

1213 961 1352 994 cumque
1379 950 1496 983 debitis
1514 955 1693 994 propterea
1709 961 1776 983 non
1796 951 1950 984 frauden-

1212 1009 1265 1036 tur
1290 1004 1479 1046 ohsequiis,
1506 1014 1542 1035 ac
1568 1002 1695 1035 divinus
1719 1003 1753 1036 in
1776 1003 1816 1036 iis
1842 1005 1950 1036 cultus

1213 1063 1245 1090 et
1269 1057 1384 1090 solitus
1406 1056 1572 1089 Altissimo
1590 1056 1818 1090 famulantium
1840 1062 1873 1090 et
1892 1056 1952 1090 mi-

1213 1111 1393 1144 nistrorum
1403 1121 1561 1143 numerus
1571 1111 1760 1143 nullatenus
1774 1111 1949 1151 minuatur,

1214 1175 1275 1197 nee
1300 1164 1347 1196 eis
1379 1174 1514 1207 quoquo
1539 1164 1637 1196 modo
1669 1163 1817 1197 iniuncta
1849 1174 1953 1197 onera

1215 1223 1271 1249 aut
1293 1217 1356 1260 pia,
1381 1227 1462 1260 quae
1484 1216 1631 1249 exerceri
1656 1218 1774 1257 solent,
1800 1227 1903 1260 opera
1919 1222 1953 1250 et

1217 1270 1323 1303 officia
1339 1271 1408 1303 ullo
1433 1270 1531 1303 modo
1556 1270 1753 1311 minuantur,
1774 1281 1832 1303 seu
1849 1270 1953 1313 negli-

1217 1329 1343 1367 gantur,
1362 1325 1420 1357 sed
1445 1334 1560 1356 eorum
1585 1334 1730 1367 congrue
1756 1328 1954 1367 supporten-

1201 1383 1271 1410 ,tur
1296 1388 1398 1410 onera
1429 1381 1610 1417 consueta,
1638 1377 1792 1420 quodque
1817 1381 1955 1420 propter

1218 1430 1419 1475 praedictam
1445 1430 1590 1463 decimae
1616 1429 1863 1473 impositionem
1884 1428 1956 1472 qui-

1218 1486 1422 1528 buscumque
1448 1483 1575 1516 iuribus
1599 1482 1741 1523 nostris,
1763 1487 1796 1515 et
1825 1481 1956 1524 collegii

1220 1538 1250 1571 S.
1274 1539 1312 1570 R.
1338 1538 1374 1570 E.
1398 1537 1623 1577 cardinalium,
1654 1547 1691 1569 ac
1719 1546 1870 1569 camerae
1898 1545 1958 1568 no-

1221 1597 1307 1624 strae
1323 1591 1523 1635 apostolicae
1537 1591 1713 1635 praefatae,
1733 1600 1815 1633 quae
1830 1589 1958 1623 ratione

1222 1645 1437 1678 ecclesiarum
1462 1656 1498 1677 ac
1518 1644 1796 1677 monasteriorum
1821 1648 1854 1676 et
1878 1642 1958 1676 alio-

1222 1709 1295 1731 rum
1318 1697 1557 1731 beneficiorum
1577 1696 1760 1730 vacantium
1777 1701 1809 1729 et
1828 1701 1960 1729 vacatu-

1223 1763 1336 1786 rorum
1350 1751 1431 1784 solvi
1447 1750 1629 1791 debuerint,
1645 1751 1676 1783 in
1695 1749 1804 1793 aliquo
1825 1749 1959 1782 minime

1224 1805 1492 1850 praeiudicetur3
1520 1803 1746 1848 praesentium
1771 1813 1849 1836 vero
1875 1802 1961 1836 litte-

1225 1870 1336 1892 rarum
1361 1859 1519 1901 exempla,
1546 1857 1644 1889 etiam
1663 1857 1835 1900 impressa,
1862 1865 1961 1888 manu

1226 1913 1363 1946 alieuius
1388 1911 1508 1945 notarii
1532 1911 1656 1955 publici
1682 1910 1869 1953 subscripta
1888 1936 1897 1950 ,
1929 1913 1962 1942 et

1227 1965 1364 1999 alicuius
1384 1975 1548 2009 personae
1571 1964 1604 1997 in
1630 1964 1786 2007 dignitate
1808 1961 1963 1995 ecclesia-

1228 2020 1310 2052 stica
1327 2019 1525 2051 constitutae
1542 2017 1650 2060 sigillo
1669 2009 1852 2058 obsignata,
1875 2025 1963 2048 eam-

1229 2073 1303 2105 dem
1327 2072 1360 2105 in
1384 2071 1506 2104 iudicio
1543 2075 1575 2103 et
1611 2075 1701 2102 extra
1732 2069 1814 2102 illud
1838 2067 1962 2111 ubique

1229 2127 1378 2159 locorum
1402 2125 1500 2158 fidem
1525 2124 1642 2163 facere,
1662 2133 1756 2166 quam
1781 2122 1873 2166 ipsae
1900 2120 1965 2155 ori-

1231 2180 1355 2223 ginales
1382 2179 1539 2219 facerent,
1561 2178 1588 2210 si
1605 2182 1717 2210 essent
1734 2176 1899 2209 exhibitae
1913 2175 1964 2208 vel

1231 2238 1396 2266 ostensae.

1275 2286 1391 2318 Datum
1405 2285 1537 2324 Romae,
1559 2285 1644 2328 apud
1665 2283 1695 2316 S.
1718 2282 1849 2315 Mariam
1869 2281 1967 2314 Maio-

1232 2349 1314 2379 rem,
1331 2340 1392 2371 sub
1406 2339 1526 2371 annulo
1547 2337 1735 2377 piscatoris,
1752 2336 1803 2369 die
1819 2346 1858 2369 xx
1878 2340 1968 2368 octo-

1232 2393 1300 2425 bris
1311 2401 1450 2431 iincrxu,
1462 2390 1671 2434 pontificatus
1682 2389 1786 2422 nostri
1797 2399 1881 2422 anno
1894 2396 1966 2421 vm.

1269 2453 1327 2480 Dat.
1343 2453 1385 2480 die
1400 2454 1434 2480 ⁹20
1449 2446 1570 2480 octobris'
1584 2454 1661 2484 1062,
1677 2451 1774 2486 pontif.
1793 2458 1862 2477 anno
1879 2456 1945 2477 vul..

1950 220 2002 245 An.
2023 220 2053 247 C.
2074 221 2141 250 tt62

2007 280 2142 301 Conuitutto·

1959 313 2004 327 nem
2048 308 2143 328 clamen-

1960 334 1985 352 tis
2014 333 2031 352 V
2061 334 2143 355 sen-ari

1959 360 2054 381 mandat.
