2247 3208
226 277 275 305 Α...
296 279 323 306 c.
350 280 414 307 neco
461 271 523 305 805

258 1452 402 1476 Ti'aiisuiuplis

219 1478 229 1497 'a
239 1479 269 1498 les
298 1478 370 1498 adhib·
380 1484 402 1498 11-

217 1505 252 1525 da.

425 330 475 362 die
503 329 664 362 dominica
687 328 871 360 immediate
907 329 1057 371 sequenti
1088 328 1159 360 sab-

422 384 531 415 batum
573 381 759 415 huiusmodi
799 384 888 414 sacra
928 382 1157 415 communione

422 435 533 468 resecti
559 435 702 473 suerint,
730 445 766 467 ac
798 434 831 466 in
856 434 978 467 eisdem
1012 435 1158 467 ecclesiis

421 493 493 520 ante
521 487 718 530 praedictum
751 487 803 520 SS.
831 487 1074 521 Sacramentum
1099 498 1158 531 per

420 541 551 584 aliquod
578 541 731 583 temporis
751 540 899 583 spatium,
918 545 1015 583 prout
1031 541 1157 574 unicui-

420 605 481 636 que
503 598 657 636 suggeret
674 593 811 632 devotio,
827 594 897 636 pias
914 594 953 627 ad
971 594 1071 626 Deum
1087 605 1156 637 pre-

419 657 471 679 ces
496 645 693 679 effundendo
719 645 858 679 divinam
891 657 986 690 opem
1019 647 1156 689 parisor-

419 699 514 731 miter
538 698 780 739 invocaverint,
806 698 986 742 plenariam
1011 700 1154 732 omnium

418 757 625 794 peccatorum
650 762 781 784 suorum
798 751 1032 794 indulgentiam
1054 757 1085 784 et
1105 763 1155 785 re-

417 804 603 837 missionem
629 796 1004 838 similitet‘*concedi1mis
1030 810 1060 838 et
1077 807 1154 838 elar-

416 857 531 899 gimur.
552 857 767 899 Regularibus
782 868 858 890 vcro
873 858 1039 901 utriusque
1059 868 1152 890 sexus

416 910 447 941 111
475 911 622 942 clausura
645 910 835 951 viventibus,
863 910 917 954 qui
943 911 1064 954 pariter
1088 922 1152 943 uno

415 973 451 995 ex
478 962 570 996 dictis
603 963 745 996 sabbatis
778 963 999 1004 ieiunaverint,
1026 974 1152 996 eorum-

414 1026 475 1058 que
512 1016 690 1059 respective
727 1016 880 1049 ecclesias
913 1016 944 1049 in
979 1017 1088 1060 aliquo
1114 1027 1151 1049 ex

413 1069 599 1101 memoratis
625 1069 736 1102 diebus
761 1069 980 1110 visitaverint,
1007 1080 1043 1102 ac
1076 1080 1150 1103 vere

413 1121 617 1163 poenitentes
640 1127 671 1154 et
691 1122 851 1164 confessi,
877 1125 1029 1166 sacraque
1065 1134 1151 1156 com-

413 1175 566 1208 munione
593 1175 625 1207 111
646 1175 753 1219 aliqua
777 1186 813 1208 ex
841 1176 1010 1209 dominicis
1040 1176 1151 1209 liuius-

412 1227 498 1260 modi
524 1228 643 1267 resecti,
670 1228 769 1261 Deum
795 1234 829 1261 ut
853 1239 949 1272 supra
972 1228 1150 1269 oraverint,

412 1285 447 1313 ut
472 1272 619 1314 eamdem
650 1282 828 1324 plenariam
860 1282 1094 1324 indulgentiam
1119 1289 1151 1316 et

414 1339 619 1376 peccatorum
655 1335 882 1368 remissionem
907 1341 1151 1378 consequantur

414 1385 630 1429 indulgemus.

456 1440 471 1483 ἓ
502 1440 533 1472 4.
567 1440 720 1473 Volumus
753 1445 861 1473 autem
893 1446 927 1473 ut
962 1442 1149 1474 earumdem

414 1493 631 1536 praesentium
653 1494 836 1526 litterarum
855 1494 1075 1537 transumptis,
1094 1505 1149 1527 seu

412 1546 575 1589 exemplis,
602 1546 698 1578 etiam
718 1546 910 1589 impressis,
936 1558 1033 1580 manu
1050 1548 1152 1580 alicu-

411 1599 458 1631 ius
483 1599 600 1631 notarii
626 1599 749 1642 publici
770 1600 971 1642 subscriptis,
992 1605 1023 1632 et
1040 1601 1148 1643 sigillo

410 1662 569 1695 personae
595 1652 627 1684 in
652 1652 873 1685 ecclesiastica
899 1653 1054 1695 dignitate
1077 1664 1151 1686 con-

411 1704 540 1737 stitutae
570 1704 719 1744 munitis,
758 1705 873 1738 eadem
901 1716 1033 1748 prorsus
1066 1705 1148 1739 fides

410 1757 442 1789 in
468 1757 586 1790 iudicio
608 1763 639 1790 et
659 1764 747 1790 extra
762 1758 934 1798 habeatur,
956 1769 1039 1802 quae
1057 1770 1149 1802 prae-

411 1810 557 1843 sentibus
576 1810 653 1854 ipsis
671 1811 856 1851 haberetur,
878 1811 903 1843 si
927 1811 1033 1845 forent
1059 1812 1149 1845 exhi-

410 1863 497 1896 bitae
522 1864 571 1896 vel
597 1869 760 1897 ostensae.

455 1916 569 1949 Datum
595 1917 729 1958 Romae,
758 1917 842 1960 apud
872 1917 902 1950 S.
931 1917 1062 1951 Mariam
1086 1918 1149 1951 Ma-

411 1969 523 2009 iorem,
540 1970 599 2002 sub
625 1971 746 2002 annulo
762 1970 948 2010 Piscatoris,
960 1970 1011 2003 die
1028 1981 1091 2004 xvn
1103 1971 1150 2003 iu-

410 2022 444 2055 lii
460 2032 607 2062 nomm,
633 2021 838 2065 pontificatus
864 2023 967 2056 nostri
993 2035 1078 2057 anno
1098 2035 1145 2058 111.

445 2093 506 2119 Dat.
523 2093 566 2119 die
584 2093 613 2120 Π
629 2093 688 2120 iulii
706 2094 783 2126 1669,
802 2093 899 2128 pontif.
916 2102 988 2121 anno
1004 2101 1043 2121 111.

730 2262 829 2322 CXVI.

413 2395 601 2430 Commissio
638 2396 876 2438 archiepiscopo
914 2394 1151 2442 Mediolanensi

456 2449 649 2492 procedendi
673 2453 784 2481 contra
805 2449 988 2492 expulsores
1009 2449 1150 2492 inquisi-

457 2502 534 2534 toris
554 2502 743 2541 lentiensis,
770 2512 944 2545 eorumque
968 2502 1146 2545 complices,

456 2565 527 2587 cum
544 2553 756 2597 facultatibus
777 2553 991 2597 opportum's¹.

449 2671 460 2698 1
483 2670 520 2697 Ex
541 2669 648 2705 Regest.
668 2668 696 2695 in
715 2668 820 2696 Secret.
842 2668 920 2696 Brev.

1008 280 1187 305 BULLARIUM
1212 279 1364 305 ROMANUM

1202 327 1316 355 Dilecto
1337 329 1398 356 filio
1419 332 1520 356 nostro
1541 331 1687 364 Alphonso
1710 333 1738 359 S.
1757 333 1787 359 P..
1806 333 1835 359 E.
1854 341 1938 367 pres-

1236 372 1341 406 bytero
1362 373 1506 400 cardinali
1527 374 1624 401 Littae
1643 379 1826 410 nuncupato,
1848 378 1940 405 eccle-

1236 416 1299 444 siae
1320 417 1550 445 Mediolanensis
1563 426 1596 445 ex
1616 421 1807 448 concessione
1828 424 1859 448 et
1878 422 1938 448 dis-

1235 461 1412 493 pensatione
1432 461 1598 494 apostolica
1617 465 1761 498 praesuli,

1421 514 1553 542 Clemens
1573 516 1652 549 Papa
1672 516 1716 543 lX.

1410 586 1525 613 Dilecto
1541 586 1584 613 fili
1600 590 1714 621 noster,

1233 630 1362 656 salutem
1383 632 1413 657 et
1433 631 1629 664 apostolicam
1653 632 1898 661 benedictionem.

1241 700 1255 742 ἓ
1272 700 1302 732 ‘'l.
1323 700 1446 743 Exponi
1468 701 1561 734 nobis
1581 712 1686 745 nuper
1704 703 1777 735 fecit
1797 703 1932 737 dilectus

1198 752 1282 785 filius
1307 753 1418 785 Petrus
1451 754 1581 791 Serista,
1608 760 1737 788 sanctae
1771 756 1934 789 Romanae

1197 811 1228 837 et
1258 806 1447 839 universalis
1484 807 1704 850 inquisitionis
1741 815 1933 851 procurator

1196 857 1325 899 fiscalis,
1347 860 1441 901 quod,
1464 870 1534 892 cum
1556 860 1691 893 dilectus
1717 861 1799 894 filius
1827 872 1932 895 sacer-

1197 911 1254 943 dos
1272 910 1405 960 Michatjl
1423 912 1495 944 Pius
1517 913 1642 953 Passus,
1662 914 1760 946 frater
1780 925 1931 957 expresse

1195 963 1360 1005 professus
1385 964 1511 996 Ordinis
1543 965 1804 998 Praedicatorum
1829 966 1862 998 in
1887 967 1932 999 ci-

1195 1015 1292 1048 vitate
1319 1021 1350 1049 et
1375 1017 1517 1049 dominio
1554 1017 1764 1060 Reipublicae
1801 1019 1930 1053 Genuae

1195 1074 1306 1101 contra
1332 1069 1530 1102 haereticam
1547 1071 1738 1113 pravitatem
1759 1073 1932 1114 inquisitor

1195 1128 1226 1154 et
1251 1123 1425 1165 deputatus
1443 1125 1642 1166 apostolicus
1659 1136 1762 1168 nuper
1779 1125 1806 1157 vi
1833 1131 1864 1158 et
1880 1137 1930 1158 ar-

1194 1178 1277 1209 mata
1303 1187 1400 1208 manu
1426 1188 1442 1209 a
1467 1177 1595 1210 civitate
1625 1184 1656 1210 ct
1685 1183 1749 1211 toto
1786 1179 1928 1213 dominio

1195 1228 1401 1271 Reipublicae
1428 1241 1485 1273 per
1511 1230 1656 1263 eiusdem
1676 1231 1880 1273 magistratus
1897 1237 1929 1265 et

1193 1281 1336 1322 milites,
1364 1282 1517 1325 propriae
1550 1283 1661 1315 salutis
1698 1283 1928 1325 immemores,

1193 1345 1256 1367 non
1282 1335 1349 1368 sine
1374 1335 1512 1368 maximo
1545 1336 1655 1379 populi
1691 1337 1843 1370 scandalo
1876 1348 1929 1370 ex-

1193 1389 1302 1430 pulsus
1321 1388 1435 1428 suerit3
1463 1388 1548 1421 idem
1566 1389 1689 1429 Petrus,
1709 1400 1772 1432 quo
1791 1390 1927 1423 iniuriae

1193 1447 1224 1473 et
1248 1440 1443 1474 offensiones
1470 1442 1655 1475 huiusmodi
1688 1443 1925 1486 quantocitius,

1192 1499 1226 1526 ut
1250 1505 1307 1537 par
1331 1500 1389 1534 est,
1416 1494 1559 1537 reparari
1585 1494 1723 1537 possint,
1750 1506 1846 1538 super
1877 1506 1927 1529 re-

1193 1548 1360 1590 paratione
1378 1547 1571 1587 huiusmodi‚
1590 1558 1716 1580 necnon
1733 1549 1830 1591 plena
1846 1549 1927 1581 rein-

1193 1600 1372 1643 tegratione
1397 1605 1428 1633 et
1452 1600 1556 1633 libero
1592 1600 1746 1633 exercitio
1784 1600 1928 1634 eiusdem

1192 1653 1395 1696 inquisitoris
1421 1653 1516 1686 oflicii
1542 1659 1653 1686 contra
1679 1664 1790 1686 omnes
1824 1654 1928 1687 delin-

1193 1711 1330 1750 quentes
1344 1707 1517 1739 summarie
1537 1717 1633 1749 agere
1652 1706 1803 1739 intendit.
1830 1706 1928 1740 Nobis

1191 1764 1366 1803 propterea
1391 1759 1558 1792 humiliter
1582 1759 1757 1803 supplicari
1789 1760 1865 1793 fecit
1893 1764 1929 1793 ut

1192 1812 1230 1845 de
1254 1817 1440 1855 opportuno
1465 1812 1603 1844 iustitiae
1624 1812 1768 1845 remedio
1786 1812 1818 1845 in
1836 1822 1928 1856 prae-

1191 1865 1294 1898 missis
1320 1864 1492 1908 providere
1518 1865 1556 1897 de
1581 1865 1781 1908 benignitate
1800 1870 1928 1908 aposto·

1191 1919 1251 1952 lica
1276 1918 1494 1961 dignaremur.

1234 1972 1303 2015 §2
1330 1971 1393 2004 Nos
1426 1971 1535 2013 igitur,
1566 1971 1721 2004 iustitiam
1753 1972 1927 2016 unicuique

1190 2025 1364 2058 ministrari
1390 2036 1426 2057 ac
1452 2024 1569 2057 delicta
1595 2025 1778 2057 huiusmodi
1796 2025 1927 2059 minime

1191 2078 1348 2121 impunita
1385 2080 1555 2110 remanere
1597 2079 1764 2119 volentes,
1801 2089 1926 2112 necnon

1191 2142 1306 2164 causae
1343 2142 1399 2163 seu
1439 2141 1608 2163 causarum
1647 2131 1928 2174 infrascriptarum

1160 2227 1162 2229 ‚
1191 2189 1309 2216 statum
1334 2189 1363 2216 et
1390 2184 1502 2216 merita
1527 2183 1751 2226 praesentibus
1779 2194 1838 2226 pro
1859 2185 1928 2227 ple-

1191 2245 1230 2267 ne
1256 2239 1287 2266 et
1311 2234 1508 2267 sufficienter
1542 2235 1704 2278 expressis
1744 2234 1902 2267 habentes
1918 2262 1925 2275 ,

1192 2288 1376 2330 dictumque
1400 2287 1529 2320 Petrum
1556 2298 1572 2320 a
1601 2287 1765 2330 quibusvis
1799 2298 1928 2320 excom-

1192 2341 1437 2381 municationis,
1466 2341 1694 2384 suspensionis
1728 2345 1760 2373 et
1790 2340 1927 2374 interdi-

1192 2395 1256 2435 cti,
1290 2395 1429 2437 aliisquc
1464 2394 1696 2427 ecclesiasticis
1734 2394 1926 2433 sententiis,

1192 2447 1340 2481 censuris
1371 2452 1403 2479 et
1420 2447 1579 2490 poenis‚a
1597 2447 1668 2479 iure
1686 2447 1736 2479 vel
1763 2447 1802 2479 ab
1822 2447 1927 2479 homi-

1192 2512 1253 2541 ne,
1280 2499 1391 2543 quavis
1418 2499 1586 2532 occasione
1622 2501 1671 2532 vel
1708 2501 1802 2531 causa
1833 2499 1923 2539 latis,

1192 2553 1217 2585 si
1242 2552 1359 2596 quibus
1375 2552 1624 2595 quomodolibet
1653 2551 1827 2584 innodatae
1860 2552 1926 2583 exi-

1193 2611 1289 2645 stunt,
1302 2606 1340 2638 ad
1352 2605 1505 2637 ctl'ectum
1519 2605 1743 2648 praesentium
1759 2605 1927 2638 dumtaxat

1192 2659 1464 2701 consequendum,
1484 2658 1598 2689 harum
1616 2657 1697 2690 serie
1719 2657 1925 2693 absolventes

1943 285 1990 311 An.
2011 284 2041 312 G.
2066 285 2132 312 ¹669

1971 714 2088 740 Expoziuo.

2008 1980 2123 2002 committit

1947 2007 2109 2033 archiepiscopo

1939 2039 2049 2058 processus
2072 2039 2123 2054 con-

1938 2062 1971 2079 tra
1998 2060 2122 2085 notusqueu-

1939 2088 1969 2105 tcs
1984 2088 2046 2111 prout
2057 2092 2076 2106 m
2087 2091 2122 2106 ru-

1938 2111 2005 2133 brit-a.
