2247 3208
219 216 266 240 An.
287 213 313 239 0,
335 211 399 239 1602
444 203 486 237 36

415 259 635 304 provincialis,
654 255 762 289 statim
781 259 878 296 atque
897 252 936 285 ad
961 251 1053 284 illum
1071 260 1146 293 per-

414 312 542 345 venerit
568 310 779 352 delinquens,
806 316 929 349 poenas
965 303 1144 346 condignas

415 366 538 407 absque
564 364 629 395 ulla
654 360 899 404 dispensatione
921 357 1031 390 subire
1058 367 1146 389 com-

414 418 534 461 pellat;
556 425 655 458 super
673 413 792 457 quibus
811 420 986 444 oneramus
1005 413 1072 441 tum
1090 419 1146 451 pa-

416 470 474 502 tris
492 469 614 513 prioris
635 472 703 500 tum
722 465 823 510 patris
841 462 1051 508 provincialis
1069 472 1146 495 con-

416 522 582 555 scientias.
1066 552 1068 555 ,

457 586 517 609 xlx.
544 575 582 607 Et
603 574 678 617 quia
695 572 798 605 maior
815 571 882 603 sere
904 579 979 613 pars
997 567 1144 601 redditus

415 632 596 661 conventus
622 632 654 658 et
676 623 805 666 collegii
831 621 1014 655 absumitur
1031 620 1063 652 in
1080 620 1146 653 via-

416 681 487 713 ticis
505 679 670 713 solvendis
686 677 879 710 officialibus
901 680 964 707 tam
986 674 1018 705 in
1036 673 1145 705 eundo

415 732 716 776 quamredeundo,
736 729 865 773 quando
891 738 927 760 ex
953 725 1144 759 absentibus

413 786 560 828 patribus
579 785 765 827 eliguntur·,
792 782 876 821 ideo,
898 785 933 812 ut
958 779 1035 812 huic
1059 779 1145 811 malo

413 841 527 872 saltem
549 838 581 870 in
610 842 702 881 parte
729 841 760 868 et
785 840 942 878 quantum
967 843 1144 877 possumus

414 894 512 925 etiam
545 892 583 924 (10
614 895 801 934 opportuno
832 887 1063 931 provideamus
1094 896 1146 918 re-

413 945 541 985 medio,
567 944 757 977 mandamus
792 946 823 974 et
852 939 1074 983 praecipimus
1110 943 1146 970 ut

414 999 568 1040 deinceps
594 995 784 1039 depositarii
811 1003 943 1036 semper
983 992 1146 1034 eligantur

413 1062 450 1083 cx
475 1051 621 1093 praefato
647 1047 810 1081 sexdecim
836 1051 966 1089 patrum
997 1044 1146 1077 311111310-

414 1115 484 1135 rum
510 1112 658 1141 numero,
676 1100 829 1132 nimirum
848 1109 907 1142 per
925 1103 1057 1130 turnum
1071 1107 1147 1140 pro—

413 1157 591 1190 vinciarum
612 1155 700 1186 iuxta
718 1154 855 1186 sormam
881 1151 1034 1194 superius
1052 1160 1147 1193 prae-

413 1209 587 1252 scriptam·,
603 1206 703 1240 ceteri
719 1216 796 1238 vero
811 1204 976 1244 officiales,
995 1214 1031 1235 ac
1048 1203 1146 1235 etiam

414 1261 514 1304 prior,
533 1260 731 1302 relinquitur
748 1263 877 1302 patrum
900 1257 1030 1290 consilii
1047 1257 1147 1289 liber-

417 1314 471 1347 tati
503 1319 535 1346 et
559 1313 766 1357 prudentiae,
794 1317 843 1351 ut,
871 1310 1146 1354 quotiescumque

416 1368 454 1400 (10
476 1367 540 1400 illis
567 1366 712 1398 iacienda
730 1365 792 1398 erit
816 1364 944 1403 electio,
961 1364 1021 1396 ¹an
1044 1363 1146 1406 magis

416 1420 578 1452 conducat
602 1420 639 1451 ad
666 1418 721 1450 Dei
748 1418 883 1460 gloriam
901 1422 932 1449 et
956 1417 1078 1449 bonum
1098 1426 1148 1448 re-

416 1473 524 1515 gimen
557 1473 651 1504 istius
684 1476 863 1504 conventus
898 1476 929 1503 et
965 1469 1096 1512 collegii
1121 1470 1147 1502 si

416 1526 579 1568 eligantur
603 1537 640 1558 ex
661 1525 862 1565 absentibus,
881 1535 978 1567 quam
997 1535 1033 1556 ex
1054 1534 1149 1566 prae-

416 1579 573 1619 sentibus,
594 1580 643 1612 vel
668 1579 842 1617 viceversa‚
861 1577 959 1610 modo
982 1582 1091 1610 tamen
1113 1581 1149 1608 ut

416 1632 502 1664 inter
526 1632 615 1675 111505
641 1636 800 1671 servetur,
827 1631 912 1663 sicut
938 1641 1046 1674 supra,
1073 1640 1149 1673 pro-

417 1685 596 1718 vinciarum
623 1690 750 1717 turnus.

460 1749 507 1771 xx.
535 1738 719 1771 Conventus
741 1747 806 1773 11011
833 1737 999 1771 tenebitur
1023 1737 1149 1781 aliquas

420 1792 525 1824 facere
551 1802 710 1835 expensas
736 1802 796 1834 pro
818 1791 1030 1833 graduandis,
1057 1800 1150 1823 exce-

419 1845 482 1888 ptis
499 1845 753 1888 professoribus,
769 1845 823 1888 qui
842 1849 915 1877 actu
933 1855 992 1888 per
1010 1849 1151 1887 quatuor

420 1908 522 1930 annos
540 1898 686 1940 integros
705 1898 800 1940 digne
821 1902 853 1930 et
877 1897 1087 1930 laudabiliter
1103 1897 1151 1929 iu-

421 1950 505 1983 dicio
524 1956 651 1993 patrum
665 1951 785 1993 prioris
811 1956 844 1983 et
860 1951 988 1984 consilii
1010 1950 1151 1994 professi

422 2003 560 2043 suerint·‚
593 2003 618 2035 si
644 2010 751 2035 tamen
774 2009 849 2035 111110
874 2003 1051 2036 habuerint
1076 2013 1152 2035 con-

423 2056 533 2088 ciones
560 2061 706 2099 tempore
732 2057 888 2089 adventus
915 2061 947 2089 et
972 2056 1153 2099 quadrage-

423 2109 533 2148 simae,
560 2110 786 2152 elcemosynae
818 2120 853 2141 ex
885 2109 930 2142 eis
956 2109 1154 2152 provenien-

424 2167 485 2202 tes,
513 2172 596 2205 quae
621 2162 653 2193 in
679 2162 829 2205 deposito
851 2168 1031 2195 conventus
1056 2173 1154 2205 repo-

424 2225 503 2247 nere
522 2216 721 2247 t11=nebuntur
747 2216 785 2247 ad
814 2215 978 2248 vitandam
1004 2215 1154 2259 proprie-

425 2272 533 2308 tatem,
552 2279 611 2310 pro
633 2268 725 2300 divtis
751 2269 907 2311 impensis
934 2269 1152 2309 insuincntur3

425 2321 651 2363 eleemosynae
663 2331 739 2353 vero
752 2332 788 2353 cx
804 2321 1067 2365 quibuscumque
1083 2322 1154 2355 aliis

426 2383 540 2405 eorum
559 2373 770 2405 concionibus
792 2375 1034 2417 provenientes,
1053 2380 1085 2407 et
1102 2385 1156 2418 ge-

424 2425 582 2458 neraliter
607 2426 830 2469 eleemosynae
858 2436 970 2460 omnes
998 2433 1065 2460 tum
1090 2433 1157 2460 stu-

427 2477 571 2509 dentium
600 2483 666 2509 tum
695 2477 926 2511 officiariorum
949 2480 1155 2524 aliorumque

427 2529 572 2564 omnium
593 2541 629 2561 cx
649 2530 766 2570 missis,
785 2531 1006 2573 concionibus,
1026 2533 1156 2575 piorum

463 2594 474 2620 1
492 2592 602 2619 Videtur
618 2593 710 2620 deesse
729 2594 853 2620 iudicent
870 2599 915 2621 aut
930 2595 1015 2623 simile
1030 2598 1067 2631 ([1.
1084 2597 1131 2630 Τ.).

984 202 1163 227 BULLARIUM
1187 201 1338 225 ROMANUM

1180 248 1400 282 oblationibus
1425 255 1667 292 provenlentes,
1689 255 1721 283 et
1748 249 1829 283 aliae
1857 249 1912 283 de-

1179 312 1267 334 mum
1300 312 1509 345 quocumque
1539 302 1632 335 titulo
1666 302 1799 336 cuilibet
1828 302 1912 336 irro-

1180 361 1281 398 gatae,
1308 355 1426 388 cedant
1453 354 1586 387 omnino
1621 355 1653 387 in
1678 355 1911 389 communione

1179 414 1359 441 conventus
1381 413 1414 441 et
1432 407 1563 450 collegii
1577 409 1751 449 bonorum,
1769 418 1830 442 nec
1845 409 1913 441 cui-

1179 461 1265 505 piam
1290 460 1386 494 liceat
1411 460 1578 504 quidpiam
1599 460 1660 493 sibi
1686 471 1723 493 ex
1747 461 1811 494 illis
1835 462 1913 494 reti-

1179 525 1268 555 nere,
1288 515 1348 547 sub
1369 514 1505 547 crimine
1523 519 1555 546 et
1569 515 1678 557 poena
1700 514 1912 557 proprietatis

1180 572 1212 600 et
1237 568 1330 608 surti;
1358 567 1415 600 scd
1445 567 1572 610 integre
1605 572 1779 599 teneantur
1804 567 1913 600 omnia

1180 620 1375 663 consignare
1397 621 1483 653 inter
1502 630 1617 653 manus
1637 619 1912 663 depositariorurn

1179 673 1355 706 efficaciter
1379 673 1411 706 in
1438 673 1587 717 deposito
1606 673 1798 716 reponenda
1816 679 1848 706 et
1863 684 1914 705 as-

1180 727 1356 766 servanda,
1383 733 1418 760 ut
1442 727 1473 759 in
1499 737 1707 760 communem
1733 731 1912 759 conventus

1180 786 1211 812 et
1236 780 1366 822 collegii
1392 791 1486 812 usum
1512 780 1756 823 impendantur.

1274 834 1289 876 5
1313 833 1362 865 ΙΙΙ.
1389 833 1435 866 De
1458 833 1624 873 clausursi,
1651 833 1815 876 refectorio

1398 890 1426 918 et
1443 886 1521 918 aliis
1544 885 1693 928 officinis.

1223 949 1244 972 1.
1273 937 1430 976 Quoniam
1448 938 1620 971 manifesta
1644 938 1845 982 experientia
1866 938 1914 971 in-

1179 991 1320 1024 notescit
1343 991 1424 1024 nibil
1442 991 1544 1033 magis
1559 991 1754 1034 perfectioni
1769 991 1913 1034 regulari

1180 1044 1359 1084 adversari,
1387 1049 1418 1077 ct
1440 1045 1560 1077 bonam
1592 1044 1710 1077 samam
1739 1044 1916 1077 cuiuslibet

1179 1098 1368 1130 monasterii
1392 1098 1533 1141 perdere
1558 1108 1675 1141 posse,
1703 1108 1799 1141 quam
1816 1097 1915 1130 nimia

1180 1151 1316 1184 fratrum
1339 1162 1399 1194 per
1424 1151 1511 1184 vicos
1541 1156 1572 1184 et
1595 1152 1720 1194 plateas
1750 1151 1914 1184 civitatum

1181 1205 1346 1238 circuitio:
1373 1205 1495 1238 idcirco
1529 1206 1568 1238 ad
1599 1205 1790 1248 disciplinae
1816 1205 1914 1256 huius

1181 1264 1360 1292 conventus
1379 1263 1411 1291 et
1424 1258 1555 1301 collegii
1574 1257 1784 1291 stabilitatem
1803 1257 1913 1291 stricte

1180 1312 1401 1355 praecipimus
1426 1311 1511 1354 patri
1544 1311 1647 1355 priori
1679 1321 1739 1354 pro
1765 1316 1914 1355 tempore

1182 1371 1216 1398 ut
1233 1366 1294 1398 hac
1310 1365 1341 1396 in
1359 1370 1451 1408 parte
1470 1365 1585 1397 sedulo
1604 1364 1914 1407 invigiletobserva-

1183 1418 1260 1452 tioni
1281 1423 1468 1451 nostrarum
1489 1417 1769 1458 constitutionum,
1791 1423 1875 1461 part.
1891 1428 1914 1451 11

1182 1482 1252 1514 cap.
1272 1482 1337 1511 x111,
1358 1481 1418 1503 nec
1432 1470 1529 1503 alicui
1553 1471 1714 1503 concedat
1729 1470 1914 1504 facultatem

1183 1525 1281 1558 eundi
1305 1525 1337 1556 in
1364 1525 1525 1558 civitatem
1552 1524 1613 1557 nisi
1639 1536 1676 1557 ex
1708 1524 1796 1567 gravi
1818 1526 1916 1557 causa

1182 1578 1273 1621 prius
1299 1578 1338 1610 ab
1364 1578 1505 1621 1115011101
1521 1578 1650 1620 cognita
1671 1583 1703 1610 et
1724 1577 1914 1617 examinata,

1183 1637 1215 1664 et
1239 1632 1327 1674 gravi
1353 1631 1517 1674 assignato
1536 1631 1638 1664 socio.
1657 1631 1806 1673 Invigilet
1821 1641 1916 1674 prae-

1183 1690 1273 1717 terea
1283 1689 1317 1717 ut
1330 1684 1448 1717 ianitor
1460 1684 1546 1716 iuxta
1558 1684 1689 1717 easdem
1700 1683 1828 1716 Ordinis
1839 1694 1917 1717 con·

1183 1737 1368 1770 stitutiones
1395 1737 1569 1780 diligenter
1597 1742 1629 1770 et
1652 1736 1792 1770 fideliter
1821 1747 1916 1769 suum

1184 1797 1364 1834 exequatur
1382 1790 1545 1831 officium,
1565 1801 1660 1823 secus
1678 1790 1810 1830 faciens,
1824 1790 1917 1823 illum

1183 1844 1315 1887 publice
1332 1849 1454 1886 arguat,
1482 1843 1604 1887 puniat,
1629 1849 1670 1883 et,
1696 1843 1723 1876 si
1748 1853 1813 1875 non
1831 1853 1866 1875 se
1885 1854 1918 1876 e-

1184 1897 1395 1936 mendaverit,
1422 1907 1438 1929 0
1460 1902 1622 1930 conventu
1647 1896 1919 1929 irremissibiliter

1186 1951 1339 1993 expellat.

1229 2014 1264 2036 11.
1280 2002 1415 2043 Nemini,
1433 2003 1545 2046 quavis
1560 2001 1827 2046 praeeminentia,
1847 2013 1919 2045 gra—

1187 2056 1229 2089 du
1255 2061 1309 2088 aut
1333 2055 1489 2099 dignitate
1515 2057 1654 2099 polleat,
1680 2055 1804 2089 licitum
1830 2055 1872 2087 sit
1902 2066 1918 2088 e

1187 2115 1349 2142 conventu
1394 2108 1506 2151 egredi
1552 2108 1629 2151 quin
1668 2108 1758 2151 prius
1798 2118 1919 2141 nomen

1187 2173 1282 2195 suum
1296 2167 1431 2195 annotet
1446 2162 1477 2194 in
1497 2163 1606 2194 tabula
1623 2161 1747 2194 foribus
1772 2162 1919 2195 ianitoris

1188 2217 1342 2259 appensa,
1361 2215 1393 2247 in
1411 2226 1474 2258 qua
1500 2215 1645 2247 omnium
1663 2220 1792 2258 patrum
1811 2220 1843 2247 et
1858 2215 1922 2248 sra-

1189 2275 1274 2301 trum
1299 2268 1432 2302 nomina
1463 2268 1501 2301 de
1534 2278 1625 2301 more
1657 2268 1920 2309 conscrilnmtur‚

1189 2322 1277 2366 quod
1294 2322 1380 2355 idem
1398 2321 1431 2353 in
1455 2321 1561 2354 reditu
1588 2321 1627 2354 dc
1652 2332 1743 2354 more
1769 2322 1922 2354 observa—

1188 2376 1292 2415 hunt3
1328 2374 1600 2407 contrafacientes
1633 2384 1650 2406 a
1682 2379 1773 2417 patre
1810 2373 1921 2417 priore

1190 2427 1332 2471 graviter
1357 2427 1546 2471 puniantur.
1568 2427 1606 2459 Et
1622 2437 1695 2459 cum
1714 2426 1795 2459 nihil
1812 2426 1924 2470 perni-

1190 2481 1309 2514 ciosius
1345 2480 1470 2512 homini
1508 2480 1663 2522 religioso
1700 2479 1768 2512 dari
1804 2484 1922 2522 queat,

1192 2544 1289 2577 quam
1315 2533 1340 2565 si
1366 2533 1535 2575 indulgeat
1558 2533 1666 2576 potius
1691 2532 1796 2565 ventri
1826 2543 1924 2576 quam

1190 2587 1300 2628 menti,
1318 2587 1402 2620 unde
1423 2586 1611 2620 huiusmodi
1628 2596 1689 2630 per
1702 2590 1830 2620 nostras
1848 2596 1925 2620 con-

1923 201 1974 226 An.
1994 200 2024 227 C.
2044 199 2112 227 {66²2

2240 2852 2247 2958 uvam„
2241 2798 2247 2843 -..Σ
2242 2755 2247 2788 ,μυ
