2247 3208
130 217 181 243 An.
204 216 233 241 C.
252 214 320 241 1064

163 276 255 297 Litterae
276 282 312 302 pa-

915 211 1101 236 ALExanER
1128 213 1174 235 ΡΡ.
1202 213 1247 236 Vtt

372 273 385 291 α
418 261 552 293 Mieha'e‘l
578 260 744 299 Bonellus,
776 260 987 293 miseratione
1018 259 1079 292 nt·

129 305 196 322 tontes
214 303 312 322 rai-dina·
343 313 349 318 ·

129 329 153 348 lis
178 329 312 350 usitandi-int

129 357 152 375 ut
166 361 187 376 in
202 356 295 376 fumica.

322 316 394 346 Vina
411 314 442 346 S.
463 314 500 346 R.
520 313 554 346 E.
577 314 661 346 tituli
687 313 717 346 S.
745 314 860 345 Mariae
887 324 983 355 supra
1005 314 1058 345 iti-

324 377 455 400 nervam
476 368 648 410 presbyter
673 367 846 400 cardinalis
871 366 1059 399 Alexandri-

324 430 386 453 nus
419 425 635 463 nuncupatus,
663 419 822 452 universis
854 424 886 451 et.
913 418 1058 460 singulis,

325 473 364 507 ad
391 482 531 516 quorum
548 473 695 505 notitiam
713 473 774 505 hae
791 476 921 504 nostrae
946 480 1060 513 perve-

325 525 446 563 nerint,
465 525 562 559 fidem
579 526 714 559 facimus
729 530 760 557 01
781 529 971 557 attestamur
987 533 1061 566 qua-

325 578 400 612 liter
432 578 651 611 sanctissimus
686 578 719 610 in
751 576 880 609 Christo
911 580 1005 618 pater
1029 580 1061 608 et

326 631 477 664 dominus
503 635 616 664 noster
640 629 715 662 Pius
733 629 840 661 divina
857 628 1061 671 providentia

325 683 411 726 Papa
426 683 461 723 V,
480 683 671 716 informatus
697 681 837 724 qualiter
862 681 892 713 in
918 681 1062 713 Romana

326 736 493 781 provincia
506 736 634 769 Ordinis
647 735 912 768 praedicatorum
925 743 1062 767 conven-

327 796 377 823 tus
401 789 432 822 S.
459 788 577 823 Mariae
602 796 702 831 super
724 787 909 827 Minervam,
936 788 986 820 vel
1011 796 1062 819 ra-

327 842 477 876 tionabili
503 841 710 877 ordinatione
736 846 884 884 patrum,
911 851 950 873 eo
974 840 1062 873 vide-

326 895 426 935 licet,
461 894 538 938 quia
567 894 682 927 eadem
712 894 881 937 provincia
910 894 949 926 ab
977 893 1061 926 Urbe

327 948 428 983 Roma
453 947 692 987 denominatur,
712 947 762 979 vel
788 957 848 979 usu
873 957 890 979 a
914 946 1064 989 pluribus

327 1000 420 1032 annis
444 1000 689 1033 continuatione
708 1000 859 1039 deducto,
881 1000 990 1032 locum
1008 999 1064 1031 ha-

326 1054 383 1086 bet.
407 1063 508 1097 super
531 1062 644 1086 omnes
662 1053 742 1086 alios
764 1053 910 1089 eiusdem
934 1052 1064 1095 provin-

327 1106 396 1139 ciae
421 1111 613 1146 conventus,
637 1107 676 1139 ad
702 1106 879 1138 tollendam
897 1105 936 1140 de
953 1110 1064 1137 cetero

328 1169 458 1193 omnem
490 1159 523 1192 in
549 1159 609 1192 hac
641 1164 732 1202 parte
764 1158 1008 1201 ambiguitatem
1033 1162 1065 1190 01

328 1211 589 1252 haesitationem,
607 1212 694 1244 vivae
711 1211 798 1245 vocis
819 1212 953 1244 oraculo
969 1211 1063 1243 nobis

328 1266 390 1299 hac
424 1265 635 1307 infrascripta
669 1264 720 1297 die
750 1264 832 1297 sacto
869 1263 1062 1304 declaravit,

328 1317 425 1350 immo
451 1317 595 1350 decrevit
626 1328 662 1350 ac
691 1317 822 1357 statuit,
849 1322 884 1348 ut
910 1316 1064 1358 deinceps

327 1370 498 1414 perpetuis
522 1370 640 1403 suturis
665 1370 866 1413 temporibus
883 1370 970 1402 idem
988 1379 1064 1402 usus

328 1423 450 1456 servari
477 1424 607 1464 debeat,
634 1434 671 1456 ac
700 1424 791 1466 prior
817 1423 895 1456 dicti
924 1433 1065 1456 eonven-

329 1482 380 1509 tus
397 1482 562 1519 tamquam
586 1476 772 1520 provinciae
791 1476 906 1519 eapitis
925 1476 957 1508 in
978 1486 1066 1509 com-

328 1529 480 1562 munibus
505 1529 688 1563 actionibus
713 1534 745 1563 et
769 1529 982 1562 conventibus
1007 1539 1066 1561 seu

329 1583 481 1626 capitulis
517 1583 662 1617 eiusdem
697 1583 883 1626 provinciae
926 1583 1067 1626 primum

329 1637 438 1670 locum
470 1641 502 1670 01
530 1647 643 1670 vocem
675 1638 797 1670 habeat
831 1648 931 1681 super
955 1649 1066 1671 omnes

330 1689 469 1723 aliorum
494 1696 713 1723 conventuum
743 1691 847 1724 dictae
880 1691 1066 1734 provinciae

330 1743 478 1786 priores;
505 1744 600 1777 salvis
625 1745 695 1777 iure
720 1745 898 1787 magisterii
923 1746 955 1778 in
981 1746 1069 1779 theo-

330 1796 417 1838 logia
437 1800 471 1828 et
495 1797 566 1829 aliis
592 1798 841 1840 exceptionibus
866 1808 924 1841 per
949 1799 1068 1832 eonsti-

332 1848 477 1882 tutiones
502 1854 535 1881 et
565 1849 788 1882 ordinationes
826 1850 904 1884 dicti
939 1851 1067 1885 Ordinis

332 1911 501 1944 expressas
512 1900 530 1942 ¹,
551 1910 617 1936 non
635 1903 785 1936 obstante
805 1904 995 1947 antiquitate
1014 1915 1069 1937 cu-

331 1954 427 1987 iusvis
446 1955 580 1988 alterius
594 1961 773 1989 conventus
794 1957 833 1999 (si
850 1958 982 2000 probari
1001 1968 1069 2001 pos-

330 2008 403 2049 set)
430 2007 567 2051 aliisque
593 2009 625 2042 in
651 2010 851 2043 eontrarium
876 2011 1068 2044 facientibus

331 2061 604 2105 quibuscumque.
643 2062 677 2095 In
713 2074 852 2106 quorum
882 2063 980 2098 fidem
1012 2065 1069 2097 has

331 2113 416 2154 fieri,
436 2119 478 2154 et,
495 2125 593 2147 manu
609 2118 719 2149 nostra
736 2117 946 2160 subscriptas,
966 2118 1070 2150 nostri

331 2166 428 2209 sigilli
454 2167 608 2201 iussimus
634 2170 842 2213 appositione
863 2171 994 2204 muniri.

368 2236 463 2263 Datum
485 2238 602 2271 Romae,
624 2239 648 2265 in
671 2239 766 2274 palatio
787 2241 953 2275 apostolico,
975 2242 1018 2269 die
1037 2243 1068 2269 21

332 2281 486 2308 novembris
508 2282 593 2316 1566,
615 2284 785 2318 pontificatus
814 2285 934 2312 eiusdem
955 2287 1071 2314 sanctis-

331 2324 392 2352 simi
413 2325 514 2353 domini
534 2327 621 2353 nostri
641 2327 690 2361 Pii,
711 2336 780 2355 anno
797 2336 818 2356 1.

614 2398 649 2430 F.
678 2399 820 2434 Micniiz't.
846 2401 1024 2443 Romu-s,

576 2451 751 2485 cardinalis
775 2453 1012 2489 Alexandrinus
1038 2469 1068 2489 n.

422 2529 527 2563 Locus
551 2532 569 2571 †
599 2530 709 2574 sigilli.

370 2600 382 2627 1
405 2600 504 2628 Forsan
525 2604 667 2637 eoepressz‘s
686 2605 723 2638 (n.
739 2605 787 2637 T.).

422 2655 500 2688 Bull.
521 2657 604 2687 Rom.
622 2673 653 2677 —
674 2658 730 2685 Vol.
748 2659 838 2686 XVII.
983 2663 1017 2690 38

1143 260 1157 299 ,Ε
1187 259 1212 291 1.
1240 259 1317 292 Cum
1343 265 1463 299 autem,
1489 260 1574 292 sicut
1598 259 1711 292 eadem
1737 269 1834 301 expo-

1100 312 1175 344 sitio
1201 312 1441 354 subiungebat,
1471 312 1605 355 praefati
1632 303 1856 355 exponentesfi

1101 365 1288 407 praemissa,
1305 376 1369 407 quo
1384 366 1506 397 firmius
1523 365 1704 398 subsistant
1721 370 1753 397 et
1773 375 1835 397 ser-

1100 422 1216 449 ventur
1248 418 1391 450 exactius
1408 444 1415 457 ‚
1442 418 1640 460 apostolicae
1666 417 1836 450 confirma-

1103 469 1200 501 tionis
1226 474 1358 501 nostrae
1380 471 1561 512 patrocinio
1580 471 1785 510 communiri,
1805 476 1837 502 et

1102 522 1180 554 alias
1203 527 1387 564 opportune
1413 523 1557 566 desuper
1583 528 1617 555 111
1640 523 1722 555 infra
1746 534 1763 555 a
1784 533 1836 555 no-

1102 573 1150 607 bis
1186 574 1348 617 indulgeri
1387 583 1593 618 summopere
1634 575 1836 607 desiderent:

1102 636 1172 667 nos,
1200 628 1375 670 specialem
1400 628 1479 670 ipsis
1505 628 1743 671 exponentibus
1768 638 1838 668 gra-

1103 680 1178 713 tiam
1203 680 1309 713 facere
1334 682 1491 722 volentes,
1511 687 1672 714 eteorum
1697 681 1839 723 singula-

1102 744 1154 765 res
1178 744 1336 776 personas
1358 745 1375 766 a
1396 735 1561 778 quibusvis
1586 734 1839 768 excommunica-

1104 785 1213 830 tionis,
1239 788 1463 830 suspensionis
1489 793 1522 822 01
1546 789 1728 829 interdicti,
1755 789 1840 821 aliis-

1104 850 1167 882 que
1189 840 1418 873 ecclesiasticis
1440 842 1623 881 sententiis,
1645 843 1792 876 censuris
1809 848 1841 876 et

1102 892 1229 935 11001115,
1263 904 1281 925 a
1312 893 1381 926 iure
1406 896 1456 928 vel
1481 896 1521 928 ab
1546 897 1692 939 homine,
1727 903 1839 944 quavis

1104 945 1275 978 occasione
1300 947 1350 979 vel
1367 951 1464 981 causa
1482 950 1565 989 latis,
1583 951 1607 984 si
1627 953 1745 995 quibus
1762 966 1841 998 quo-

1104 998 1286 1032 modolibet.
1310 999 1483 1035 innodatae
1509 1004 1674 1046 existunt,
1701 1008 1740 1040 ad
1766 1009 1842 1042 0110-

1105 1056 1192 1084 ctum
1215 1054 1436 1095 praesentium
1455 1057 1621 1091 dumtaxat
1639 1070 1842 1105 consequen-

1106 1104 1191 1144 dum,
1219 1105 1333 1138 harum
1360 1108 1443 1141 serie
1470 1109 1676 1145 absolventes
1697 1118 1729 1145 01
1752 1115 1842 1147 abso-

1105 1159 1187 1191 lutas
1213 1158 1282 1192 fore
1315 1167 1509 1202 censentes,
1544 1165 1841 1207 supplicationibus

1106 1220 1217 1243 eorum
1242 1213 1373 1246 nomine
1400 1215 1493 1247 nobis
1512 1227 1612 1259 super
1630 1218 1692 1251 1100
1713 1219 1843 1253 humili-

1106 1269 1155 1296 ter
1190 1266 1350 1308 porrectis
1382 1267 1551 1310 inclinati,
1589 1271 1844 1306 declarationem

1107 1329 1143 1350 ac
1169 1319 1337 1352 decretum
1374 1326 1405 1353 et
1436 1326 1590 1356 statutum
1622 1334 1639 1356 a
1663 1332 1843 1359 memorato

1107 1372 1161 1404 Pio
1185 1373 1443 1415 praedecessore
1462 1402 1469 1415 ,
1495 1375 1578 1408 sicut
1602 1378 1820 1419 praemittitur
1836 1406 1843 1419 ,

1107 1424 1202 1465 sacta,
1230 1429 1262 1458 et
1286 1436 1304 1458 a
1327 1427 1474 1469 praefato
1499 1429 1654 1462 Michaele
1680 1430 1844 1464 cardinale.

1108 1483 1280 1519 attestata,
1312 1481 1545 1525 expeditusque
1577 1483 1719 1526 desuper
1743 1484 1845 1527 ipsius

1108 1532 1274 1565 Michaelis
1313 1534 1489 1567 cardinalis
1529 1536 1655 1568 litteras
1696 1541 1845 1580 patentes

1108 1586 1350 1629 praeinsertas‚
1380 1598 1452 1620 curn
1477 1589 1629 1622 omnibus
1655 1595 1686 1622 et
1710 1590 1846 1633 singulis

1109 1640 1271 1672 contentis
1296 1640 1329 1672 in
1354 1641 1428 1681 illis,
1447 1643 1637 1675 auctoritate
1659 1644 1845 1686 apostoliea,

1109 1699 1224 1726 tenore
1246 1694 1478 1736 praesentium,
1496 1695 1725 1730 confirmamus
1745 1702 1776 1729 et
1793 1708 1849 1740 ap-

1110 1747 1297 1790 probamus,
1318 1747 1448 1791 illisque
1473 1749 1670 1782 inviolabilis
1692 1751 1848 1793 apostoli-

1110 1810 1165 1832 cae
1183 1799 1345 1833 firmitatis
1362 1801 1463 1834 robur
1480 1802 1662 1842 adiicimus,
1681 1814 1717 1836 ac
1735 1814 1848 1836 omnes

1111 1858 1143 1885 et
1173 1853 1321 1896 singulos
1359 1854 1437 1887 iuris
1464 1860 1496 1887 01
1528 1855 1602 1888 sacti
1628 1856 1796 1895 desectus,
1824 1857 1847 1888 si

1111 1906 1165 1948 qui
1179 1906 1322 1950 desuper
1340 1908 1589 1950 quomodolibet
1602 1908 1849 1950 intervenerint,

1112 1961 1314 2003 supplemus.

1157 2014 1171 2055 ἓ
1197 2013 1228 2046 3.
1256 2014 1428 2047 Praeterea
1461 2015 1684 2058 supradictum
1711 2026 1851 2049 conven-

1114 2073 1179 2100 tum
1205 2067 1235 2099 S.
1256 2067 1373 2100 Mariae
1394 2078 1492 2111 super
1508 2068 1683 2102 Minervam
1700 2069 1739 2102 ad
1757 2080 1851 2113 prae-

1112 2120 1209 2152 fatam
1235 2120 1437 2163 provinciam
1466 2121 1642 2155 Romanam
1668 2132 1799 2165 semper
1819 2124 1852 2156 in

1114 2174 1257 2206 futurum
1283 2178 1457 2217 spectare,
1491 2185 1551 2207 nec
1588 2175 1627 2207 ab
1660 2176 1714 2209 illa
1740 2178 1851 2219 quovis

1113 2227 1211 2260 modo
1237 2228 1381 2270 separari
1400 2238 1506 2272 posse,
1522 2229 1578 2262 sed
1595 2230 1641 2262 uti
1659 2235 1756 2273 caput
1774 2231 1853 2264 eius-

1115 2280 1187 2313 dem
1212 2281 1401 2324 provinciae
1427 2282 1632 2325 supradictae
1657 2284 1855 2326 praeceden-

1116 2334 1157 2366 tia
1183 2334 1324 2376 gaudere
1357 2334 1500 2375 debere,
1528 2336 1723 2369 auctoritate
1749 2341 1781 2369 01
1807 2341 1854 2369 10-

1114 2397 1193 2420 nore
1219 2387 1392 2430 praedictis
1418 2388 1625 2421 decernimus
1642 2415 1649 2429 ‚
1682 2399 1718 2422 ac
1743 2390 1855 2423 statui-

1116 2451 1187 2473 mus
1209 2444 1241 2474 et
1266 2441 1466 2474 ordinamus.

1160 2495 1174 2538 §
1197 2495 1228 2527 [1.
1255 2495 1478 2527 Decernentes
1504 2495 1635 2528 easdem
1661 2501 1854 2539 praesentes

1117 2549 1243 2581 litteras
1277 2558 1409 2591 semper
1439 2549 1558 2587 firmas,
1594 2550 1715 2582 validas
1749 2555 1780 2582 et
1811 2550 1856 2582 ef-

1118 2602 1234 2635 11011005
1260 2602 1399 2635 existere
1433 2607 1464 2634 01
1490 2602 1572 2644 sore,
1606 2613 1750 2647 suosque
1785 2604 1856 2646 ple-

1734 201 1798 234 997
1845 211 1881 235 An
1914 210 2027 237 emet

1873 273 1943 295 Pontis
1958 281 1965 293 x
1979 278 2025 292 σῦικ

1860 304 1919 323 rm..t.

1885 2015 1909 2035 Et
1922 2019 2046 2035 conventum

1893 2042 1971 2062 itania
1984 2047 2047 2067 super

1863 2042 1884 2063 S.

1862 2070 1977 2090 Minervam
2027 2075 2046 2088 ιιι

1864 2098 1984 2123 prin-inciae
2005 2095 2047 2115 tto-

1864 2129 1939 2144 1113030
1985 2124 2045 2148 caput

1864 2150 1968 2171 declarat.

1897 2494 2010 2516 Decretum
2024 2493 2051 2515 ir·

1867 2523 1940 2544 citans.
