2247 3208
83 198 136 226 An.
158 199 187 226 C.
206 200 270 228 1667

113 1051 189 1081 Potui-0
201 1057 237 1071 noi
249 1057 268 1071 ιο

85 1082 235 1108 concessionis.

874 199 1062 222 AlJssxxNDER
1085 199 1129 222 Vll
1155 198 1202 221 1³1³.

276 247 435 281 dictorum
454 248 485 281 in
504 248 662 291 collegiis,
683 247 865 280 seminariis
891 252 922 279 et
946 258 1014 279 aca-
1057 247 1191 288 dulgere
1210 247 1248 279 de
1274 246 1473 289 benignitate
1495 248 1669 291 apostolica
1686 247 1792 290 digna-

276 301 390 334 demiis
416 302 597 335 huiusmodi
616 311 674 345 pro
692 306 837 344 tempore
855 301 1014 334 deceden-

275 354 355 387 tium
381 355 547 395 cadavera,
573 355 641 387 sine
667 359 772 387 tamen
793 364 1014 397 quorumcum-

276 417 337 450 que
356 407 472 440 iurium
489 407 724 451 parochialium
739 406 950 450 praeiudicio,
963 416 1015 438 ec-

275 460 477 493 clesiasticae
503 461 689 504 sepulturae
714 460 842 492 tradere
864 459 966 491 libere
984 463 1015 490 et

276 512 363 545 licite
389 513 547 551 valerent,
575 512 619 544 ita
641 517 748 544 tamen
770 517 816 551 ut,
843 516 1015 553 antequam

276 566 462 608 sepulturae
489 565 707 603 traderentur,
729 568 873 596 rectores
892 562 1016 605 praedi-

277 617 317 649 cti
344 617 504 660 parochos
517 616 673 649 certiores
692 616 795 648 sacere
815 620 1016 654 tenerentur,

277 671 455 713 apostolica
479 669 669 702 auctoritate
696 668 856 701 concessit
873 673 904 700 et
917 668 1018 700 indul·
1036 680 1038 686 ·

278 723 329 763 sit,
355 728 386 755 et
409 723 499 760 alias,
524 727 622 765 prout
646 721 678 753 in
703 721 804 764 ipsius
819 721 907 754 Pauli
926 730 1018 764 prae-

278 775 460 808 decessoris
474 775 592 808 litteris
609 775 747 817 desuper
758 774 790 806 in
808 774 903 806 simili
918 774 1018 806 forma

278 828 387 862 Brevis
412 828 464 861 die
484 838 567 861 xxvii
593 827 732 860 octobris
749 837 867 860 nncxiv
888 827 1019 870 expedi-

278 881 334 920 tis,
363 891 498 924 quarum
533 886 678 913 tenorem
711 880 936 923 praesentibus
959 890 1018 922 pro

278 934 373 977 plene
401 940 432 966 et
451 933 653 966 sufficienter
669 943 824 976 expresso
842 938 872 965 et
895 932 1018 965 inserto

280 987 391 1020 haberi
420 987 575 1025 volumus,
607 987 738 1019 uberius
766 985 977 1018 continetur¹.

324 1040 339 1083 ἓ
364 1039 394 1072 2.
422 1039 498 1072 Cum
523 1044 649 1079 autem,
676 1039 758 1071 sicut
782 1039 916 1071 dilectus
933 1039 1018 1071 tilius

280 1093 462 1126 modernus
476 1093 683 1136 praepositus
703 1092 864 1135 generalis
879 1092 1020 1134 Congre-
1039 1109 1040 1114 =

281 1145 418 1189 gationis
444 1145 628 1189 praedictae
654 1145 746 1177 nobis
773 1155 877 1188 nuper
901 1145 1018 1188 exponi

284 1199 365 1238 fecit,
392 1199 505 1231 eadem
524 1198 739 1241 Congregatio
760 1198 897 1230 subinde
924 1208 957 1229 se
975 1211 978 1228 ι
995 1198 1020 1229 i-

281 1251 405 1283 narium
431 1252 542 1284 ducale
575 1251 605 1283 S.
635 1251 762 1283 Antonii
787 1250 1015 1289 Venetiarum,

281 1409 515 1451 Bergomensis,
532 1409 562 1442 S.
580 1409 696 1442 Mariae
711 1409 897 1448 Laudensis,
912 1409 1020 1455 Spin-

281 1462 344 1504 geli
370 1462 519 1495 Custodis
545 1462 768 1501 Taurinensis,
795 1467 826 1494 et
850 1461 880 1494 S.
905 1462 1018 1493 Mariae

281 1516 479 1558 Angelorum
504 1514 716 1547 Fossanensis
742 1515 920 1552 civitatum,
947 1526 1020 1547 nec-

280 1578 346 1600 non
371 1567 401 1600 S.
426 1567 556 1610 Georgii
581 1568 692 1611 oppidi
712 1567 869 1601 Novarum
886 1568 1020 1601 Dertho-

280 1621 410 1660 nensis,
436 1626 468 1653 et
491 1620 522 1654 S.
551 1621 788 1655 Bartholomaei
824 1622 933 1665 oppidi
960 1623 1020 1655 Me-

281 1673 340 1706 rati
374 1673 623 1707 Mediolanensis
659 1675 846 1708 dioecesum
883 1675 1021 1717 collegia

281 1725 504 1768 acquisiverit,
532 1737 587 1759 seu
612 1727 667 1760 illa
697 1738 791 1760 curae
825 1733 856 1760 et
888 1728 1022 1760 admini-

282 1778 428 1811 strationi
461 1779 652 1812 clericorum
686 1781 882 1823 regularium
919 1781 1020 1813 dictae

281 1830 546 1874 Congregationis
566 1833 739 1865 commissa
761 1834 895 1875 suerint3
917 1835 1019 1867 dictus

280 1893 354 1915 vero
375 1883 579 1926 praepositus
593 1885 753 1926 generalis
768 1885 877 1917 litibus
896 1891 927 1918 et
944 1896 1022 1918 con-

281 1935 456 1975 troversiis,
483 1947 565 1978 quae
592 1936 675 1969 inter
700 1944 844 1970 rectores
872 1944 903 1971 et
928 1940 1022 1972 cleri-

282 1999 336 2020 cos
363 1989 529 2022 seminarii
555 1996 586 2022 et
602 1991 815 2033 collegiorum
840 1992 1022 2025 huiusmodi

282 2051 317 2072 ac
342 2042 503 2085 parochos
521 2054 619 2086 super
643 2044 710 2077 inre
736 2045 916 2088 sepeliendi
931 2047 1023 2078 cada-

282 2104 357 2127 vera
381 2095 589 2135 scholarium,
605 2096 798 2130 elericorum
817 2104 847 2130 et
867 2098 1022 2131 convicto-

283 2158 353 2180 rum
383 2148 416 2180 in
449 2149 572 2182 eisdem
610 2151 755 2192 collegiis
788 2156 819 2183 et
850 2152 1022 2185 seminario

284 2210 342 2242 pro
368 2206 513 2244 tempore
550 2202 774 2236 decedentium
799 2204 921 2246 pariter
946 2205 1021 2237 oriri

284 2259 429 2295 possent,
455 2261 578 2288 mature
595 2257 730 2296 occurri,
749 2257 942 2301 illarumque
961 2270 1023 2291 ma<

285 2305 398 2337 teriam
416 2306 517 2338 recidi
539 2308 713 2350 plurimum
736 2310 911 2343 desideret:
929 2311 1022 2344 nobis

286 2364 459 2401 propterea
489 2360 656 2394 humiliter
683 2363 856 2406 supplicari
882 2364 956 2397 fecit
989 2370 1023 2397 ut

283 2411 441 2445 iamdictis
457 2414 639 2446 rectoribus
655 2421 684 2447 et
698 2415 823 2448 clericis
838 2423 1020 2460 opportune

282 2464 314 2496 in
339 2466 527 2508 praemissis
552 2468 725 2511 providere
752 2474 782 2500 et
805 2475 839 2501 ut
864 2470 946 2502 infra
974 2471 1023 2503 in-

320 2538 328 2563 ¹
352 2536 512 2564 Huiusmodi
532 2538 619 2566 Breve
646 2539 724 2566 Pauli
746 2540 764 2565 V
791 2548 842 2567 non
870 2541 970 2576 legitur
996 2541 1022 2568 in

281 2580 415 2608 Bullario
435 2583 472 2618 (R.
489 2583 538 2617 12).

1038 2586 1046 2610 “l

1055 310 1174 333 l‘fflsstll'.

1100 353 1114 395 ξ
1138 351 1169 385 3.
1196 352 1260 385 Nos
1280 352 1390 395 igitur,
1410 364 1522 396 pacem
1540 359 1571 386 et
1590 354 1730 397 quietem
1749 353 1792 387 in·
1838 365 1950 386 confirmat
1965 367 1986 385 ui

1803 392 1823 413 iu
1839 393 1931 413 rubrica.

1056 410 1105 437 ter
1129 406 1294 447 regulares
1320 411 1351 438 et
1375 407 1612 439 ecclesiasticas
1636 418 1792 450 personas

1056 458 1238 490 conservari
1262 458 1443 500 cupientes,
1471 459 1638 503 dictosque
1665 461 1794 494 moder-

1056 520 1134 542 num
1155 510 1377 553 praepositum
1396 513 1582 553 generalem
1599 524 1634 545 ac
1651 519 1793 547 rectores

1057 567 1089 594 et
1109 563 1244 595 clericos
1270 563 1464 606 specialibus
1482 564 1643 597 favoribus
1669 571 1700 597 et
1724 577 1795 609 gra-

1059 615 1109 647 tiis
1134 616 1290 658 prosequi
1315 617 1471 657 volentes,
1500 623 1530 650 et
1555 628 1668 651 eorum
1686 619 1796 661 singu-

1059 669 1142 700 lares
1165 679 1318 711 personas
1343 680 1360 701 a
1386 669 1548 712 quibusvis
1578 673 1796 705 excommuni-

1059 720 1203 761 cationis,
1230 722 1455 764 suspensionis
1477 728 1508 754 et
1526 723 1697 764 interdicti,
1716 724 1796 757 aliis-

1060 784 1119 816 que
1145 773 1368 807 ecclesiasticis
1393 775 1569 815 sententiis,
1596 777 1740 810 censuris
1766 784 1797 810 et

1060 826 1192 869 poenis,
1221 838 1237 860 a
1262 827 1330 860 iure
1355 829 1404 860 vel
1435 829 1474 860 ab
1507 829 1655 869 homine,
1688 831 1796 873 quavis

1061 879 1229 912 occasione
1254 882 1304 913 vel
1321 884 1415 914 causa
1435 882 1519 921 latis,
1541 882 1565 914 si
1584 882 1700 925 quibus
1717 894 1797 926 quo·

1061 933 1241 965 modolibet
1259 933 1402 966 innodati
1421 935 1568 975 existunt,
1590 936 1629 968 ad
1648 935 1796 969 effectum

1061 986 1280 1028 praesentium
1315 987 1477 1020 dumtaxat
1510 989 1794 1031 consequendum,

1061 1038 1173 1070 harum
1189 1039 1270 1071 serie
1289 1039 1490 1073 absolventes
1506 1046 1537 1073 et
1551 1041 1713 1074 absolutas
1731 1042 1797 1075 sore

1061 1096 1250 1130 censentes,
1289 1092 1471 1125 huiusmodi
1509 1093 1798 1136 supplicationibus

1060 1144 1227 1185 inclinati,
1259 1146 1423 1178 seminarii
1450 1147 1570 1179 ducalis
1606 1147 1636 1180 S.
1665 1148 1797 1181 Antonii

1060 1197 1285 1238 Venetiarum,
1317 1209 1353 1230 ac
1389 1199 1419 1231 S.
1456 1200 1569 1232 Mariae
1602 1200 1797 1233 Scholarum

1039 1250 1262 1299 *Veronensis
1289 1251 1319 1284 S.
1348 1252 1586 1285 Bartholomaei
1614 1253 1796 1293 Brixiensis,

281 1314 317 1336 ac
352 1303 383 1336 S.
421 1303 536 1336 Mariae
573 1303 762 1336 Scholarum
797 1303 1042 1353 Veronensis&

280 1356 311 1389 S.
332 1357 572 1389 Bartholomaei
600 1356 788 1395 Brixiensis,
808 1356 839 1389 S.
860 1356 1018 1389 Leonardi
1039 1373 1040 1382 ι

1060 1302 1090 1335 S.
1129 1304 1286 1336 Leonardi
1328 1304 1574 1346 Bergomensis,
1613 1305 1645 1337 S.
1682 1306 1798 1338 Mariae

1061 1355 1249 1393 Laudensis,
1269 1356 1300 1388 S.
1321 1357 1433 1398 Angeli
1456 1356 1601 1389 Custodis
1621 1357 1799 1390 Taurinen-

1060 1408 1112 1448 sis,
1136 1415 1167 1441 et
1183 1409 1212 1441 S.
1234 1409 1347 1441 Mariae
1365 1411 1563 1452 Angelorum
1588 1410 1799 1443 Fossanensis

1061 1461 1234 1501 civitatum,
1254 1472 1381 1494 necnon
1406 1462 1436 1495 S.
1458 1462 1588 1505 Georgii
1607 1463 1717 1506 oppidi
1737 1463 1799 1496 No-

1061 1524 1170 1546 varum
1195 1514 1428 1547 Derthonensis
1446 1520 1475 1547 et
1501 1514 1531 1548 S.
1560 1516 1799 1548 Bartholomaei

1062 1567 1172 1610 oppidi
1198 1567 1307 1599 Merati
1334 1568 1583 1601 Mediolanensis
1609 1568 1800 1601 dioecesum

1063 1620 1247 1653 huiusmodi
1283 1621 1493 1664 collegiorum
1527 1621 1709 1654 rectoribus
1734 1632 1801 1654 res—

1063 1674 1207 1716 pective,
1236 1680 1269 1706 ut
1293 1674 1324 1706 in
1351 1675 1538 1707 eorumdem
1572 1675 1737 1707 seminarii
1770 1681 1802 1707 et

1063 1726 1272 1768 collegiorum
1301 1728 1458 1767 ecclesiis,
1490 1728 1612 1771 absque
1642 1727 1801 1771 parocho-

1064 1790 1132 1812 rum
1158 1780 1350 1821 interventu,
1374 1781 1583 1821 scholarium,
1611 1780 1801 1814 clericorum

1063 1838 1094 1865 et
1118 1833 1342 1866 convictorum
1359 1834 1391 1866 in
1409 1834 1583 1866 seminario
1603 1840 1635 1866 et
1655 1834 1801 1876 collegiis

1065 1886 1249 1919 huiusmodi
1267 1897 1331 1919 non
1350 1887 1453 1919 electa
1471 1888 1636 1929 sepultura
1649 1897 1707 1930 pro
1724 1891 1802 1919 tem-

1064 1949 1143 1982 pore
1169 1939 1394 1972 decedentium
1419 1940 1588 1978 cadavera,
1615 1939 1683 1972 sine
1710 1949 1801 1982 prae-

1064 1991 1185 2024 iudicio
1222 1997 1329 2024 tamen
1365 2002 1645 2035 quorumcumque
1686 1992 1802 2024 iurium

1064 2044 1319 2088 parochialium,
1345 2045 1584 2078 ecclesiasticae
1615 2045 1801 2088 sepulturae

1065 2099 1189 2131 tradere
1223 2099 1325 2131 libere
1359 2099 1479 2142 pariter
1503 2104 1534 2131 et
1558 2099 1643 2132 licite
1677 2100 1803 2131 valeant

1063 2152 1260 2195 respective,
1286 2152 1329 2184 ita
1354 2158 1461 2185 tamen
1482 2158 1528 2193 ut,
1556 2158 1730 2195 antequam
1754 2162 1803 2184 se-

1064 2206 1211 2247 pulturae
1238 2205 1423 2244 tradantur,
1450 2205 1548 2238 iidem
1576 2210 1722 2238 rectores
1752 2215 1804 2248 pa-

1065 2258 1184 2290 rochos
1210 2258 1365 2291 certiores
1393 2258 1494 2291 facere
1522 2263 1702 2298 teneantur,
1727 2268 1804 2301 apo-

1064 2311 1177 2343 stolica
1198 2312 1401 2351 auctoritate,
1428 2317 1539 2344 tenore
1570 2311 1801 2355 praesentium,

1064 2364 1273 2397 concedimus
1292 2364 1441 2397 similiter
1461 2371 1492 2397 et
1517 2365 1734 2407 indulgemus.

1109 2418 1123 2460 g
1143 2417 1174 2449 4.
1198 2417 1267 2450 Non
1289 2418 1492 2450 obstantibus
1518 2418 1803 2451 constitutionibus
1816 2425 1925 2446 Contraria
1936 2424 1998 2446 ιοιιιι.

1066 2476 1097 2503 ct
1122 2470 1379 2503 ordinationibus
1398 2471 1596 2513 apostolicis,
1621 2471 1804 2514 ceterisque

1065 2524 1239 2556 contrariis
1267 2523 1537 2566 quibuscumque.

1107 2577 1223 2609 Datum
1243 2577 1375 2618 Romae,
1397 2577 1482 2621 apud
1508 2577 1539 2610 S.
1560 2577 1691 2610 Mariam
1709 2576 1806 2612 Maio>

1695 190 1759 223 493
1805 198 1853 225 Au.
1873 197 1901 224 c.
1922 185 1987 225 ¹607
