2247 3208
110 219 161 249 Au.
183 221 213 249 C.
233 221 300 249 ¹664

125 2448 236 2470 coufirmat
244 2447 295 2469 Pon-

191 2474 294 2502 quidquid

111 2476 404 2529 gii¹pienipoiemsamm
436 2489 630 2526 Ludovicum
653 2503 762 2536 regem
789 2494 936 2527 omnibus
961 2495 1038 2535 illis,

903 222 1089 244 Atttxxxnssn
1115 223 1157 245 vu
1184 223 1230 245 PP-

304 277 406 312 usque
433 268 470 301 ad
497 267 615 301 dictum
642 272 777 312 tempus,
797 279 860 311 quo
885 279 1041 301 meinora-

305 327 354 354 tus
377 321 556 353 Ludovieus
570 331 622 354 rex
638 331 697 353 nos
713 326 740 353 et
758 326 900 354 sanctam
925 321 1040 354 Sedem

305 375 482 417 praefatam
514 374 546 406 111
577 374 818 417 possessionem
850 374 985 407 civitatis
1010 378 1042 405 et

305 427 477 461 comitatus
503 428 721 471 praefatorum
747 432 901 471 reponet,
922 431 953 459 et
978 426 1039 469 ipsi

305 480 505 513 habitatores
530 481 636 523 plena,
656 480 787 524 pacifica
812 484 843 513 et
867 479 1041 521 tranquilla

305 534 476 566 securitate
496 534 679 576 gaudebunt
698 533 808 576 vigore
834 536 865 565 ct
881 530 1040 564 beneficio

304 586 380 619 dicti
406 591 576 626 tra‹·tatus·,
605 587 756 629 quodque
786 595 845 619 nos
871 583 974 617 daturi
1000 583 1041 615 si-

304 649 385 679 mus,
412 639 497 672 bona
522 638 594 675 title.
613 643 643 671 et
660 639 780 680 absque
806 637 872 669 ulla
897 645 1041 669 reserva-

307 692 392 724 tione
414 691 508 725 tacita
526 692 574 723 vel
593 692 751 733 expressa,
769 700 880 722 omnes
898 688 1039 730 ordines,

304 745 425 783 edicta,
452 743 686 776 declarationes
712 748 744 775 et
768 740 1038 779 assimilationes,

305 808 386 840 quae
411 797 574 840 praefatus
598 797 777 829 Ludovicus
795 806 849 828 rex
876 795 1040 828 desidera-

303 850 393 887 verit,
421 850 458 882 ad
485 850 546 882 hoc
573 855 605 881 ut
631 849 705 881 dicti
732 849 817 881 cives
838 848 1040 881 Avenionen-

305 914 355 935 ses
372 913 409 935 ac
426 902 570 935 incolae¹
593 902 690 935 totius
707 903 876 935 comitatus
893 901 1037 945 praefati,

304 956 423 988 directe
451 957 499 988 vel
525 955 691 995 indirecte,
713 955 894 987 virtualiter
917 955 966 987 101
989 964 1040 986 ex-

304 1019 431 1051 presse,
457 1008 515 1040 sub
540 1008 689 1041 clausulis
715 1008 745 1040 11]
778 1007 937 1050 principio
964 1006 1038 1039 dieti

303 1061 428 1094 articuli
449 1061 605 1104 appositis
623 1061 860 1104 comprehensi,
880 1065 943 1092 1311]
962 1060 1040 1092 Ave-

303 1114 477 1148 nionenses
519 1119 550 1145 et
590 1114 725 1146 aliarum
762 1114 923 1146 civitatum
962 1112 1038 1145 dieti

303 1167 492 1208 comitatus,
519 1177 613 1209 quam
647 1166 923 1203 communitatum,
949 1166 1040 1208 oppi-

304 1222 429 1261 dorum,
444 1221 648 1254 east.elloi·um
677 1225 708 1252 et
737 1220 872 1252 aliorum
894 1221 1038 1252 locorum

304 1275 563 1307 subalternorum
595 1273 689 1312 illius,
721 1283 785 1304 non
811 1272 935 1316 possint
960 1271 1040 1304 aeci-

303 1337 379 1370 pere
405 1326 444 1358 ab
470 1326 659 1358 officialibus
685 1325 804 1358 nostris
825 1326 922 1368 ullam
940 1325 1040 1357 mole-

303 1380 403 1416 stiam,
429 1389 569 1423 poenam
587 1384 618 1411 et
637 1379 953 1417 condemnationem,
974 1377 1038 1410 sive

304 1432 487 1466 iudicialem
519 1432 583 1464 sive
613 1431 895 1470 extraiudieialem,
922 1441 980 1464 nee
1006 1430 1037 1461 11]

303 1480 409 1526 bonis,
437 1495 497 1518 nee
520 1485 553 1517 in
574 1485 732 1528 personis,
751 1485 784 1517 in
805 1485 925 1523 odium,
944 1484 1040 1516 111110-

303 1549 377 1571 nem
413 1548 469 1571 seu
502 1538 675 1570 vindictam
705 1538 848 1570 omnium
884 1538 1036 1575 illorum,

304 1603 384 1636 quae
416 1592 448 1624 in
481 1591 572 1625 dictis
604 1591 730 1623 civitate
767 1590 983 1623 Avenionensi
1009 1595 1040 1622 et

303 1646 455 1679 comitatu
482 1646 561 1678 sacta
586 1650 617 1677 et
641 1649 749 1677 secuta
774 1648 848 1677 sunt
871 1644 904 1676 iu
929 1654 1040 1675 eonse-

304 1700 466 1743 quentiam
499 1710 590 1732 casus
620 1698 670 1731 die
693 1710 732 1732 xx
757 1698 883 1741 augusti
907 1707 1038 1731 ,unetxu

304 1753 336 1785 in
370 1753 429 1785 hac
459 1753 541 1785 alma
575 1752 657 1785 Urbe
692 1752 808 1791 secuti;
836 1762 870 1784 ac
896 1751 1036 1790 demum,

304 1806 403 1849 quod,
430 1805 462 1838 in
481 1805 702 1838 executionem
720 1805 863 1838 omnium
882 1803 1040 1836 conditio-

305 1869 381 1892 num
401 1869 497 1902 supra
514 1864 722 1896 narratarum,
739 1869 799 1890 nos
816 1858 919 1890 daturi
938 1858 1038 1889 simus

305 1912 506 1956 supradictas
533 1911 755 1954 expeditiones
791 1912 823 1943 in
856 1910 983 1943 meliori
1009 1915 1040 1942 et

305 1965 406 2008 magis
433 1965 617 1998 authentica
642 1965 751 2001 forma,
768 1975 862 2008 quam
884 1973 1041 1996 memora-

305 2023 354 2050 tus
379 2018 559 2050 Ludovicus
583 2028 637 2050 rex
656 2016 855 2050 neeessaria‘Z
880 2017 1040 2049 existima-

303 2070 383 2103 verit
401 2081 459 2114 pro
477 2069 649 2103 securitate
668 2076 697 2102 et
716 2070 925 2102 indemnitate
942 2069 1041 2101 dieto—

305 2135 375 2156 rum
411 2123 628 2156 habitatorum
663 2123 839 2155 Avenionis
876 2123 1039 2164 totiusque

305 2176 493 2216 comitatus,
518 2182 551 2208 ut
584 2187 696 2220 supra,
723 2181 753 2209 et
778 2176 855 2209 alias
887 2181 983 2220 prout
1007 2175 1040 2207 in

306 2230 390 2262 dicto
416 2234 559 2269 tractatu,
578 2229 667 2261 cuius
693 2234 838 2262 tenorem
862 2229 1041 2272 praesenti-

304 2283 364 2314 bus
396 2292 454 2325 pro
479 2282 575 2325 plene
601 2287 632 2314 et
656 2282 851 2315 sufficienter
876 2293 1038 2325 expresso,

306 2346 341 2367 ac
365 2335 404 2368 de
429 2334 529 2367 verbo
555 2335 592 2367 ad
618 2336 752 2368 verbum
776 2335 896 2367 inserto
926 2335 1040 2368 haberi

305 2389 462 2427 volumus,
487 2387 687 2420 continetur:

350 2441 364 2484 ἓ
388 2440 419 2474 3.
446 2441 527 2473 Hine
552 2446 599 2473 est
623 2440 709 2483 quod
734 2451 812 2481 nos,
843 2441 924 2474 sicut
952 2452 1040 2487 prae-

340 2565 352 2590 1
376 2564 445 2591 Edit.
463 2564 540 2591 Main.
557 2564 622 2599 legit
639 2565 732 2591 incola
749 2571 784 2591 111.
798 2565 847 2597 1.).

341 2607 357 2636 2
376 2608 446 2644 Lege
465 2610 657 2636 necessat-tum
676 2610 713 2635 vel
730 2609 924 2638 necessarium
939 2610 977 2644 (n.
993 2610 1028 2644 T.)

1082 322 1249 364 promissa,
1276 327 1307 353 et
1330 332 1389 365 per
1414 332 1486 354 eum
1502 322 1655 355 ratiticata
1680 323 1817 363 suerunt,

1083 374 1170 416 regia
1194 374 1256 407 fide
1282 374 1517 408 satisfacturum
1538 380 1625 409 certo
1643 376 1737 409 nobis
1755 378 1820 420 pol-

1083 427 1225 465 licemur,
1253 427 1292 460 ita
1318 438 1447 470 quoque
1472 434 1627 462 conventa
1652 441 1712 473 pro
1730 435 1818 473 parte

1083 481 1192 512 nostra
1209 480 1334 513 sineere
1352 480 1583 524 pontificiaque
1600 482 1661 514 fide
1680 493 1715 514 ac
1732 483 1818 516 omni

1082 532 1178 564 animi
1196 533 1451 576 promptitudine
1467 533 1643 577 adimplere
1664 537 1819 576 volentes,

1082 594 1117 616 ac
1150 589 1317 627 paternam
1350 591 1492 618 nostram
1523 597 1600 629 erga
1633 592 1761 620 nostros
1788 594 1820 621 et.

1082 636 1286 680 Apostolirae
1304 638 1394 671 Sedis
1413 639 1557 672 subditos
1582 641 1771 674 charitatem
1789 648 1820 675 et

1081 689 1312 732 benignitatem
1339 692 1538 725 demostrare
1556 694 1730 736 cupientes,
1750 705 1817 727 nec-

1081 752 1147 774 non
1172 743 1316 776 omnium
1341 749 1368 776 et
1397 745 1600 788 singulorum
1623 745 1748 786 civium,
1767 747 1818 780 ha-

1082 795 1265 835 bitatorum,
1299 797 1548 839 originariorum
1577 804 1608 830 et
1638 798 1818 833 incolarum

1081 849 1217 882 civitatis
1250 850 1481 884 Avenionensis
1512 857 1543 884 et
1571 852 1740 885 comitatus
1766 853 1818 886 Ve-

1081 902 1221 945 nayssini
1247 908 1432 936 nostrorum
1458 906 1687 947 praefatortun,
1705 917 1740 938 30
1765 906 1819 939 1111-

1082 955 1153 987 dem
1179 955 1472 996 doinieiliarioruin,
1492 962 1523 989 et
1538 958 1624 991 bona
1644 958 1769 992 stabilia
1787 965 1818 992 et

1080 1008 1224 1048 mobilia,
1251 1010 1345 1042 feuda
1373 1011 1422 1043 vel
1448 1010 1624 1044 alliodialia
1650 1011 1716 1044 illie
1740 1023 1819 1055 quo-

1080 1061 1260 1094 modolibet
1282 1063 1524 1104 possidentium,
1544 1068 1608 1096 tam
1629 1065 1818 1098 eeclesiasti-

1080 1124 1192 1146 corum
1218 1125 1313 1157 quam
1342 1115 1497 1148 laicorum
1521 1117 1687 1159 utriusque
1713 1128 1815 1157 sexus,

1081 1167 1224 1205 nomina,
1250 1168 1454 1210 cognomina,
1484 1169 1666 1211 qualitates,
1692 1174 1817 1209 statum,

1081 1220 1372 1259 denominationes,
1387 1222 1656 1264 nuncupationes,
1673 1233 1816 1264 munera,

1082 1272 1204 1312 officia,
1232 1269 1361 1313 11101ὄὲ,
1388 1274 1522 1315 gradus,
1548 1275 1817 1317 praeeminentias

1081 1330 1111 1357 et
1137 1326 1318 1368 dignitates,
1338 1331 1401 1359 tam
1421 1327 1671 1367 ecclesiasticas,
1699 1329 1817 1362 secula-

1080 1388 1131 1410 res
1146 1384 1177 1411 et
1193 1380 1372 1421 regulares,
1392 1390 1487 1422 quam
1504 1381 1697 1420 mundanas,
1719 1381 1817 1414 bono-

1081 1442 1216 1474 rumque
1243 1432 1429 1464 huiusmodi
1449 1433 1655 1475 quantitates,
1672 1438 1814 1475 naturas,

1081 1483 1279 1523 situationeS,
1307 1484 1470 1524 vocabula,
1496 1485 1651 1525 contines,
1669 1496 1703 1518 ao
1724 1496 1816 1519 veros

1081 1538 1175 1570 etiam
1201 1548 1323 1571 annuos
1355 1539 1500 1579 vatores,
1527 1539 1732 1583 omniumque
1758 1540 1818 1572 sin-

1082 1592 1245 1633 gulorum,
1273 1602 1353 1635 quae
1383 1592 1415 1624 in
1448 1593 1570 1625 eisdem
1594 1593 1719 1626 civitate
1746 1594 1819 1626 Ave-

1081 1644 1230 1676 nionensi
1257 1649 1287 1676 et
1311 1645 1462 1678 comitatu
1487 1645 1700 1689 Venayssfflo,
1727 1656 1763 1678 ae
1786 1646 1818 1679 il-

1082 1698 1185 1729 lorum
1199 1698 1378 1740 respective
1393 1698 1570 1738 suburbiis,
1581 1698 1818 1741 dependentiis,

1081 1750 1229 1793 oppidis,
1256 1751 1414 1792 castellis,
1441 1751 1554 1791 terris,
1581 1751 1762 1784 civitatibus
1787 1756 1819 1785 et

1082 1804 1158 1836 locis
1192 1804 1448 1848 quibuscumque
1485 1805 1516 1837 in
1553 1805 1818 1848 consequentiam

1082 1867 1175 1889 casus
1201 1857 1334 1901 praefati
1352 1858 1403 1891 die
1421 1868 1460 1891 xx
1485 1858 1611 1901 augusti
1636 1868 1767 1892 unetxu
1785 1859 1817 1891 in

1083 1910 1143 1942 hac
1160 1911 1241 1943 alma
1258 1910 1342 1943 Urbe
1361 1911 1471 1951 secuti,
1483 1912 1522 1944 ab
1540 1911 1614 1944 inde
1633 1911 1719 1951 eitra,
1739 1923 1819 1955 quo-

1082 1963 1127 1995 vis
1146 1964 1250 2004 modo,
1266 1965 1361 1996 etiam
1379 1969 1489 1997 eontra
1505 1970 1646 1998 nostram
1665 1970 1697 1997 et
1715 1966 1817 1999 dictae

1082 2016 1174 2049 Sedis
1199 2017 1398 2050 maiestatem
1424 2022 1456 2049 et
1479 2027 1663 2060 supremam
1683 2023 1818 2061 potesta-

1082 2075 1162 2109 tem,
1189 2070 1411 2103 auctoritatem
1437 2075 1467 2103 et
1491 2070 1749 2103 iurisdictionem
1774 2082 1820 2104 ec-

1083 2123 1293 2155 clesiasticam
1318 2128 1349 2155 et.
1373 2124 1592 2166 temporalem,
1611 2123 1818 2167 debitamque

1082 2176 1175 2208 nobis
1202 2181 1232 2208 et
1257 2176 1361 2209 eidem
1386 2176 1459 2209 Sedi
1485 2176 1713 2216 obedientiam,
1743 2177 1820 2210 sub·

1082 2229 1261 2268 iectionem,
1281 2229 1516 2262 observantiam
1542 2234 1572 2262 et
1596 2230 1818 2270 reverentiam,

1083 2293 1118 2315 ac
1142 2282 1173 2314 in
1200 2287 1362 2325 spretum,
1389 2282 1620 2325 vilipendium,
1649 2283 1819 2325 damnum,

1082 2335 1231 2368 iniuriam
1257 2341 1289 2368 et
1308 2335 1534 2368 ‹;·ontumeliam
1560 2335 1739 2378 vieelegaffi,
1767 2347 1819 2379 gu-

1082 2389 1296 2427 bernatorum,
1315 2387 1613 2428 locumtenentium,
1627 2389 1817 2430 auditorum,

1082 2441 1243 2481 iudicum,
1270 2441 1496 2484 apparitorum,
1522 2441 1681 2481 militum,
1707 2441 1821 2475 officia-

1082 2495 1218 2535 riorum,
1247 2495 1422 2528 aliorumve
1451 2494 1668 2537 quorumlibet
1696 2501 1818 2528 nostro-

1082 2558 1153 2580 rum
1179 2553 1211 2580 et
1235 2547 1336 2580 dictae
1362 2547 1452 2580 Sedis
1476 2546 1707 2586 ministrorum,
1737 2553 1815 2587 aeta,

1084 2602 1172 2641 saeta,
1188 2606 1276 2644 gesta
1290 2606 1320 2633 et
1334 2602 1488 2633 attentata
1505 2599 1633 2632 suerunt
1651 2600 1816 2642 hactenus,

1724 214 1786 247 235
1833 222 1926 249 Aac.
1948 223 2010 249 11101

1083 279 1163 311 quae
1197 269 1263 300 eius
1298 269 1441 308 nomine,
1477 268 1558 301 sicut
1589 271 1816 312 praemittitur,
1832 283 2009 304 [tartosstatuturr
