2247 3208
255 200 305 226 An.
322 198 352 227 c.
374 198 440 226 1664
487 190 551 222 ⁶264

450 246 606 291 propensi
625 245 730 284 simus,
750 244 789 275 ad
809 242 994 275 instantiam
1009 241 1109 285 ipsius
1126 242 1184 274 Lu-

448 299 549 332 dovici
569 297 666 339 regis,
684 307 720 329 ac
745 306 781 329 ex
807 297 895 328 certa
919 294 1053 328 scientia
1070 299 1101 327 et
1119 305 1184 327 ma-

447 353 516 384 tura
536 350 778 389 deliberatione,
800 350 904 392 deque
918 347 1113 392 apostolicae
1126 357 1180 391 po-

446 404 569 438 testatis
595 402 797 447 plenitudine
829 402 976 446 paribus,
1003 406 1033 434 te
1058 402 1182 434 nullum

445 456 575 490 omnino
607 454 840 499 praeiudicium
872 465 909 488 ex
933 455 1031 490 causa,
1052 463 1108 487 seu
1132 464 1182 487 ra-

446 509 535 542 tione
559 518 738 552 poenarum
761 508 795 540 in
826 508 972 551 praefata
999 506 1180 540 Innocentii

444 562 555 595 aliisve
581 562 779 605 quibuslibet
804 561 1021 595 Romanorum
1051 559 1182 593 Pontifi-

445 626 518 648 cum
541 615 829 658 praedecessorum
849 615 971 658 pariter
994 619 1181 648 nostrorum

445 667 727 702 constitutionibus
745 667 891 701 eiusdem
910 678 966 700 seu
987 666 1101 700 similis
1127 677 1182 699 na-

443 726 534 754 turae
551 721 760 755 existentibus
773 725 1094 754 commemoratarum
1114 719 1180 763 pati

442 775 492 808 vel
510 774 656 818 recipere
682 774 799 808 debere
818 775 973 813 volumus,
995 773 1182 806 ordinamus

444 833 476 861 et
501 828 720 868 declaramus,
746 832 786 867 et,
814 831 972 870 quatenus
998 826 1030 858 in
1061 835 1182 869 poenas

443 880 630 914 huiusmodi
643 879 831 920 incurreris,
843 889 899 912 seu
913 878 1089 911 incurrisse
1105 887 1183 921 quo-

444 945 507 978 quo
532 935 629 968 modo
655 934 735 975 dici,
760 933 930 977 praetendi
960 933 1009 965 vel
1040 932 1180 975 intelligi

442 999 568 1032 posses,
594 993 625 1021 te
649 988 688 1020 ab
712 987 875 1020 interdicti
901 987 1066 1029 ingressus
1080 986 1203 1018 eccle-1

442 1042 520 1081 siae,
540 1041 650 1074 aliisve
672 1040 871 1084 quibuslibet
895 1039 1040 1073 censuris
1060 1043 1091 1071 et
1107 1047 1183 1081 poe-

442 1094 492 1128 nis
532 1093 761 1127 ecclesiasticis
796 1098 828 1126 et
859 1091 1090 1135 temporalibus
1125 1101 1203 1134 per,

442 1147 602 1190 praefatas
634 1145 815 1179 Innocentii
852 1144 1115 1189 praedecessoris
1152 1148 1203 1176 et

442 1200 521 1233 alias
556 1200 782 1233 costitutiones
817 1199 1010 1242 apostolicas
1048 1205 1204 1241 quomo-t

443 1254 567 1287 dolibet
580 1253 753 1297 impositis,
769 1257 799 1285 et
812 1252 883 1285 aliis
897 1251 993 1286 etiam
1012 1256 1183 1294 quantum·
1202 1286 1203 1298 ἵ

441 1305 523 1340 libet
547 1306 745 1349 gravioribus
770 1310 801 1338 et
826 1304 1014 1345 maioribus,
1041 1314 1076 1336 ac
1100 1303 1203 1337 indi-T

1222 1364 1253 1391 et
1278 1359 1461 1393 fruitionem
1485 1360 1518 1392 in
1543 1359 1704 1402 integrum
1722 1364 1754 1392 et
1776 1359 1958 1403 pristinum,

443 1413 482 1447 ad
497 1423 633 1456 quarum
650 1411 902 1445 declarationem
917 1410 1180 1444 etexecutionem
1202 1411 1204 1436 ἒ

444 1359 538 1392 vidua
563 1359 729 1392 mentione
747 1358 944 1401 specialique
962 1359 1038 1390 nota
1059 1357 1179 1400 dignis,

443 1477 461 1500 a
484 1466 579 1499 nobis
604 1466 654 1499 vel
687 1465 839 1498 Romanis
870 1464 1081 1498 Pontificibus
1113 1474 1182 1496 sue-

443 1518 625 1553 cessoribus
638 1518 759 1552 nostris
772 1522 884 1551 contra
898 1523 927 1550 te
942 1522 1077 1561 propter
1094 1527 1181 1560 prac-

442 1572 542 1606 missa
563 1572 676 1616 quovis
695 1571 792 1604 modo
811 1569 974 1604 deveniri¹
992 1575 1113 1614 posset,
1131 1581 1182 1603 ea-

441 1627 589 1659 rumdem
613 1631 728 1658 tenore
745 1624 963 1668 praesentium
986 1624 1179 1657 absolvimus

443 1684 476 1712 et
492 1679 636 1712 totaliter
652 1678 840 1717 liberamus,
857 1675 1042 1720 dictasque⁹
1060 1687 1181 1720 poenas

442 1732 500 1765 tibi
526 1732 665 1775 gratiose
689 1730 880 1763 remittimus
898 1736 930 1763 et
949 1730 1178 1770 condonamus,

442 1795 478 1818 ac
503 1790 533 1818 te
558 1785 597 1818 ab
622 1785 745 1817 eisdem
769 1784 882 1827 poenis
909 1784 1103 1824 absolutum,
1121 1794 1179 1816 nec

441 1838 506 1872 illis
538 1839 699 1871 ullatenus
731 1837 906 1871 obnoxium
931 1847 1003 1870 esse
1027 1838 1077 1870 vel
1102 1837 1177 1875 sore,

443 1891 646 1925 decernimus
673 1896 704 1923 et
728 1891 948 1930 declaramus,
972 1890 1006 1923 in
1031 1890 1180 1923 omnibus

443 1950 475 1978 et
490 1955 548 1988 per
566 1944 674 1977 omnia
691 1944 827 1987 perinde
841 1954 875 1976 ac
892 1943 918 1976 si
933 1944 1077 1987 praefato
1092 1943 1178 1976 Statu

441 1998 680 2038 Ecclesiastico,
696 1997 775 2031 sicut
786 1997 1017 2040 praemittitur,
1028 2008 1179 2040 egressus

443 2061 507 2084 non
541 2050 665 2090 fuisses,
695 2062 754 2083 nec
780 2051 902 2084 eisdem
934 2050 1111 2084 Innocentii
1148 2056 1174 2082 et

442 2104 579 2137 aliorum
588 2104 878 2147 praedecessorum
892 2103 1178 2136 constitutionilms

441 2158 507 2190 ullo
524 2158 619 2190 modo
632 2157 870 2190 contravenisse
884 2156 1100 2200 reperireris&
1116 2168 1178 2190 om-

442 2221 579 2254 nemque
604 2210 829 2250 inhabilitatis,
847 2216 902 2243 seu
927 2211 1177 2250 inobedientiae,

442 2263 576 2296 aliamve
602 2264 779 2307 quamlibet
799 2265 967 2303 maculam,
987 2264 1052 2297 sive
1068 2269 1177 2297 notam

443 2326 480 2349 ex
506 2316 690 2359 praemissis
716 2317 1017 2360 quomodocumque
1046 2327 1177 2350 consur-

442 2374 594 2412 gentem,
623 2380 678 2403 seu
711 2380 793 2413 quae
824 2370 899 2403 inde
933 2370 1177 2413 quomodolibet

475 2459 489 2485 1
512 2458 560 2486 Ed.
576 2458 655 2486 Maia.
672 2458 736 2494 legit
751 2459 884 2487 devenire
899 2460 935 2493 (a.
950 2459 999 2494 T.).

476 2502 492 2529 2
512 2502 583 2529 Edit.
600 2502 679 2529 Main.
695 2503 778 2529 habet
793 2503 927 2538 dictaque
941 2504 979 2538 (u.
994 2503 1042 2538 Τ.).

476 2547 493 2573 3
512 2546 561 2573 Ed.
578 2546 656 2573 Main.
673 2546 754 2573 habet
776 2547 964 2582 reperiverz's,·
988 2547 1054 2575 alios
1069 2555 1176 2575 errores

440 2590 552 2619 minoris
572 2591 701 2619 momenti
721 2590 902 2626 praeterimus
921 2592 962 2626 (n.
979 2592 1028 2626 T.).
1082 2618 1101 2636 ,ὑ

1201 516 1202 521 ’
1223 506 1393 549 privilegia
1407 534 1415 548 ,
1442 506 1660 540 immunitates
1676 534 1683 548 ,
1715 510 1933 554 exemptiones

1023 194 1202 218 numan-n
1228 194 1378 219 noussen
1961 198 2009 225 An.
2032 198 2060 226 C.
2083 198 2151 227 1665

1225 241 1333 274 induci
1358 242 1407 275 vel
1432 242 1544 275 inferri
1569 248 1686 289 posset,
1704 244 1805 277 abste
1830 245 1958 288 penitus

1225 299 1256 327 et
1279 293 1411 328 omnino
1436 294 1649 338 abstergimus
1676 302 1708 330 et
1732 297 1908 331 abolemus.

1267 347 1282 390 g
1307 346 1337 379 5.
1364 347 1535 380 Praeterea
1555 352 1594 389 te,
1614 349 1764 382 adversus
1784 350 1960 393 praemissa
1986 367 2084 395 araque
2105 373 2151 388 car.

1224 404 1255 433 et
1279 410 1498 445 quaecumque
1531 402 1763 444 praeiudicalia
1794 403 1852 436 tibi
1883 404 1958 437 inde
1970 393 2149 442 giiiisffiiwtiimiss

1224 453 1466 496 quomodolibet
1482 459 1587 495 enata,
1607 455 1644 488 ad
1662 456 1769 488 omnia
1786 462 1817 489 et
1834 446 2063 499 siugulambs'ffl'

1949 538 1956 551 7

1223 560 1390 593 facultates
1409 565 1440 593 et
1459 561 1583 594 indulta
1608 571 1839 606 quaecumque,
1864 563 1958 596 etiam

1223 614 1409 647 conserendi
1445 619 1476 647 et
1516 616 1761 649 commendandi
1801 617 1958 650 beneficia

1223 667 1450 708 ecclesiastica,
1472 678 1507 700 ac
1531 668 1749 701 transferendi
1774 669 1957 712 pensiones,

1223 731 1280 753 seu
1291 721 1410 754 fructus
1420 722 1656 755 ecclesiasticos
1671 723 1740 755 loco
1754 723 1957 766 pensionum,

1223 773 1279 806 tibi
1304 774 1494 807 auctoritate
1519 775 1697 818 apostolica
1727 780 1906 808 reservatas
1928 782 1959 808 et

1222 832 1410 866 reservatos,
1422 837 1547 860 necnon
1566 828 1702 860 testandi
1717 832 1749 860 et
1765 827 1958 871 disponendi

1223 879 1261 912 de
1287 880 1382 912 rebus
1408 885 1439 913 et
1462 880 1558 913 bonis
1584 880 1652 919 tuis,
1672 880 1769 913 ctiam
1793 890 1960 923 paramen-

1224 933 1262 965 tis
1289 938 1320 965 ct
1337 933 1534 966 ornamentis
1549 934 1787 974 ecclesiasticis,
1805 944 1840 966 ac
1857 935 1958 967 sacris

1223 986 1482 1028 supellectilibus
1507 987 1672 1030 cappellae
1690 992 1762 1019 tuae
1788 987 1959 1020 cardinali-

1223 1040 1293 1079 tiae‚
1306 1039 1363 1071 tibi
1378 1049 1436 1082 per
1446 1039 1559 1073 Sedem
1570 1040 1790 1082 Apostolicam
1804 1051 1959 1074 concessa

1222 1096 1253 1124 et
1277 1093 1522 1135 quomodolibet
1545 1093 1770 1136 competentia,
1797 1104 1853 1126 seu
1878 1104 1959 1136 quae

1223 1145 1279 1178 tibi
1312 1151 1483 1189 antequam
1513 1157 1529 1179 e
1562 1146 1706 1189 praefato
1739 1146 1828 1179 Statu
1852 1146 1961 1180 Eccle-

1222 1198 1364 1239 siastico,
1389 1198 1470 1232 sicut
1494 1199 1721 1243 praemittitur,
1743 1200 1958 1242 egredereris,

1223 1252 1332 1295 quovis
1364 1252 1460 1286 modo
1496 1252 1748 1296 competebant,
1779 1263 1958 1296 eorumque

1222 1306 1364 1339 omnium
1398 1311 1428 1339 et
1459 1306 1661 1349 singulorum
1698 1306 1837 1339 liberum
1862 1317 1958 1339 usum

1222 1424 1258 1446 ac
1283 1424 1364 1453 eum,
1390 1413 1422 1445 in
1444 1423 1516 1456 quo,
1535 1413 1724 1456 priusquam
1749 1423 1764 1445 e
1790 1412 1876 1445 Statu
1901 1413 1959 1445 Ec-

1221 1466 1403 1499 clesiastico
1441 1465 1647 1505 huiusmodi,
1684 1470 1720 1498 ut
1754 1466 1955 1509 praefertur,

1222 1519 1434 1562 egredereris,
1462 1518 1707 1562 quomodolibet
1731 1529 1813 1559 eras,
1840 1523 1959 1554 statum

1222 1573 1434 1609 restituimus,
1454 1571 1642 1616 reponimus
1661 1577 1692 1604 et
1708 1571 1854 1615 plenarie
1871 1572 1956 1605 rein-

1222 1631 1395 1668 tegrarnus,
1417 1625 1537 1668 illaque
1559 1624 1667 1658 omnia
1692 1629 1724 1657 et
1748 1624 1875 1667 singula
1899 1624 1958 1658 tibi

1222 1679 1337 1712 harum
1363 1678 1446 1712 serie
1471 1677 1719 1718 confirmamus;
1739 1687 1775 1710 ac
1792 1688 1960 1721 quascum-

1222 1743 1284 1776 que
1310 1732 1521 1776 provisiones,
1548 1731 1747 1771 collationes,
1765 1731 1960 1765 nominatio-

1221 1797 1289 1826 nes,
1310 1785 1518 1819 commendas
1543 1789 1575 1817 et
1599 1783 1828 1828 dispositiones
1848 1784 1886 1817 de
1905 1784 1960 1818 be-

1220 1838 1345 1872 neficiis
1362 1837 1560 1877 huiusmodi,
1577 1847 1703 1870 necnon
1719 1836 1911 1881 pensionum
1928 1841 1960 1870 et

1220 1893 1381 1925 fructuum
1413 1890 1708 1924 ecclesiasticorum
1741 1890 1959 1934 praefatorum

1220 1945 1460 1985 translationes,
1484 1955 1520 1977 ac
1543 1944 1710 1983 bonorum,
1734 1943 1774 1976 ad
1792 1942 1957 1983 ecclesias,

1220 1998 1392 2042 prioratus,
1418 1997 1623 2036 monasteria,
1648 1996 1776 2039 aliaque
1801 1995 1958 2029 beneficia

1220 2051 1439 2084 ecclesiastica
1453 2059 1673 2093 quaecumque
1690 2059 1748 2092 per
1773 2053 1803 2081 te
1828 2049 1861 2081 in
1886 2049 1960 2081 titu-

1219 2107 1294 2145 lum,
1313 2103 1536 2137 commendam
1560 2103 1610 2135 vel
1631 2101 1956 2142 administrationem,

1219 2169 1274 2191 seu
1299 2157 1377 2189 alias
1404 2155 1648 2199 quomodolibet
1675 2155 1806 2187 obtenta
1830 2159 1860 2187 et
1883 2165 1958 2198 pos-

1219 2221 1307 2244 sessa
1332 2208 1559 2253 spectantium,
1575 2208 1607 2240 in
1634 2207 1869 2251 emphyteusim
1886 2219 1959 2251 per-

1217 2269 1348 2308 petuam
1373 2264 1422 2295 vel
1448 2263 1487 2295 ad
1512 2267 1637 2305 tempus
1663 2262 1902 2302 concessiones,
1927 2267 1959 2295 et

1219 2316 1377 2350 eiusmodi
1403 2315 1646 2348 concessionum
1669 2315 1906 2355 renovationes,
1929 2315 1956 2347 si

1219 2381 1296 2414 quas
1320 2375 1395 2414 post
1418 2369 1599 2413 praefatum
1625 2374 1715 2401 tuum
1746 2379 1762 2401 e
1787 2368 1876 2411 Statu
1901 2369 1958 2401 Ec-

1218 2423 1398 2456 clesiastico
1413 2433 1581 2465 egressum
1595 2422 1707 2466 quovis
1721 2422 1817 2455 modo
1831 2421 1955 2462 seceris,

1219 2477 1392 2510 dummodo
1432 2475 1622 2519 ceteroquin
1662 2475 1815 2508 canonice
1856 2475 1956 2508 sactae

1218 2530 1346 2570 suerint,
1364 2530 1542 2562 validamus
1568 2534 1600 2563 et
1623 2528 1861 2568 confirmamus,
1880 2528 1958 2561 vali-

1219 2583 1360 2626 dasque,
1385 2582 1491 2617 firmas
1523 2588 1555 2617 et
1587 2583 1730 2617 efficaces
1763 2581 1901 2616 existere
1926 2586 1960 2616 et
