2247 3208
230 196 277 221 An.
299 196 324 222 c.
350 195 413 222 {664
459 186 524 219 27ss

250 2100 361 2121 Decretum
375 2106 407 2120 sa-

422 250 571 286 eupatum
605 244 722 283 suerat,
757 243 942 285 consignari
971 248 1157 283 curaverat·,

421 296 559 338 ideoque
584 296 648 328 iide
666 307 682 327 n
709 301 907 338 exponentes
932 295 1093 328 mediante
1112 295 1159 328 di-

420 356 472 382 cto
498 350 604 390 legato
624 349 846 381 fundationem
871 348 1070 392 praedictam
1083 359 1159 392 pro-

420 401 510 443 sequi
537 407 569 433 et
593 402 757 434 absolvere
783 401 1014 442 intendel)ant;
1035 406 1067 434 et
1082 402 1159 434 licet

420 464 484 486 non
510 459 663 497 putarent
688 464 757 486 sese
776 454 834 487 sub
857 454 1087 487 constitutione
1113 454 1158 487 fe-

419 506 488 537 licis
519 506 754 539 recordationis
786 506 965 541 Innocentii
996 506 1101 550 Papae
1132 507 1157 539 X

417 559 680 600 praedecessoris
705 559 807 591 nostri
835 570 930 602 super
958 559 1156 594 extinctione

418 617 449 643 et
479 613 709 655 suppressione
735 623 907 655 parvorum
938 619 1156 646 conventuum

418 675 501 697 anno
534 675 645 698 MDCLII
679 666 763 698 edita
788 667 1042 710 comprehensos
1067 676 1153 705 esse,

418 728 491 749 cum
517 729 630 750 novam
655 718 876 751 fundationem
894 723 1071 753 conventus
1090 727 1154 755 non

418 770 579 810 facerent,
607 771 662 802 sed
689 770 873 804 inchoatam
908 781 993 804 anno
1022 780 1154 805 iuncxtn

418 820 456 852 de
482 820 613 853 licentia
637 820 796 854 Ordinarii
822 821 977 865 prosequi
1002 827 1034 854 et
1060 820 1155 863 perfi-

417 883 489 904 cere
516 873 739 913 intenderent,
766 874 996 913 nihilominus,
1024 874 1063 906 ad
1093 874 1155 906 tol-

415 926 544 958 lendam
571 936 699 958 omnem
718 926 939 959 difficultatem
956 931 988 958 et
1007 926 1154 958 dubieta-

416 985 488 1017 tem,
512 984 727 1022 opportunam
745 978 804 1010 sibi
823 979 966 1022 desuper
989 978 1154 1011 licentiam

416 1043 432 1063 a
458 1034 635 1065 memorata
659 1032 874 1064 cardinalium
902 1031 1153 1074 congregatione

416 1084 550 1116 concedi
576 1083 749 1126 plurimum
775 1083 1013 1123 desiderabant,
1031 1088 1153 1117 attento

416 1137 503 1180 quod
537 1137 576 1168 ad
601 1147 714 1170 eorum
740 1137 881 1169 favorem
906 1137 1037 1169 licentia
1060 1136 1153 1169 Ordi-

414 1190 499 1222 narii
516 1195 547 1223 et
564 1200 739 1222 consensus
756 1190 940 1229 necessarii,
958 1189 1039 1221 sicut
1054 1200 1152 1233 supra

416 1244 535 1276 dictum
560 1249 626 1283 est,
653 1248 906 1283 concurrerent,
934 1243 1084 1286 qnodque
1109 1243 1153 1274 le-

415 1302 525 1339 gatum
551 1297 663 1329 domus
686 1302 719 1329 et
743 1297 855 1329 decem
889 1296 1025 1329 millium
1057 1296 1153 1328 duca-

415 1355 521 1382 torum
547 1349 730 1382 lmiusmodi
755 1360 815 1392 pro
845 1349 965 1384 fabrica
994 1349 1151 1381 eeclesiae

417 1408 449 1436 ct
487 1408 661 1436 conventus
702 1413 876 1445 eorumque
915 1402 1152 1437 sustentatione

416 1457 542 1489 abunde
569 1455 739 1495 sufficeret,
760 1456 854 1498 idque
874 1466 911 1488 eo
928 1456 1040 1499 magis,
1065 1456 1152 1498 quod

416 1509 477 1552 ipsi
503 1514 703 1552 exponentes
729 1509 813 1541 iuxta
838 1518 949 1541 eorum
974 1508 1153 1541 institutum

417 1564 638 1605 eleemosynas
654 1572 812 1605 quaerere
827 1563 944 1603 solent,
955 1562 1041 1595 unde
1056 1562 1152 1594 etiam

416 1617 501 1648 ultra
527 1626 698 1649 numerum
723 1616 958 1649 duodenarium
982 1616 1152 1649 sustentari

417 1675 558 1712 possent,
575 1674 672 1712 prout
689 1670 721 1702 in
739 1670 800 1702 hac
818 1671 901 1702 alma
918 1669 1002 1702 Urbe
1019 1669 1152 1713 aliisque

417 1722 497 1754 locis
517 1722 715 1764 experientia
732 1727 935 1765 compertum
952 1727 1039 1762 erat3
1058 1723 1154 1765 quod-

418 1785 479 1816 que
497 1775 528 1806 in
547 1775 716 1817 praedicto
734 1775 855 1817 oppido
873 1774 1017 1807 Piscinae
1036 1775 1156 1807 victua-

416 1827 474 1866 lia,
509 1838 542 1859 ac
576 1838 696 1870 operae
723 1833 754 1859 et
784 1838 836 1860 res
863 1828 902 1861 ad
932 1828 1155 1862 fabricandum

417 1881 638 1913 necessariae¹
657 1881 732 1913 satis
753 1881 806 1914 vili
823 1882 929 1924 pretio
948 1882 1063 1915 haberi
1085 1893 1156 1925 pos-

419 1938 509 1965 sent:
544 1933 706 1965 emanavit
735 1943 752 1965 a
785 1934 949 1976 praedicta
979 1944 1156 1977 congrega-

418 1985 505 2018 tione
532 1985 745 2018 cardinalium
767 1986 933 2019 decretum
952 1986 1076 2019 tenoris
1102 1986 1155 2029 qui

418 2038 574 2081 sequitur,
596 2039 762 2072 videlicet:

464 2091 477 2133 g
500 2090 530 2123 Q.
557 2104 569 2121 u
596 2091 692 2123 Sacra
717 2092 928 2134 congregatio
945 2091 1155 2124 eminentissi-

419 2153 543 2175 morum
562 2143 592 2175 S.
614 2143 650 2175 R.
670 2143 705 2175 E.
726 2144 937 2177 cardinalium
961 2143 1100 2187 negotiis
1125 2149 1157 2176 et

419 2196 708 2229 consultationibus
735 2197 964 2239 episcoporum
981 2202 1012 2229 et
1028 2197 1156 2240 regula-

417 2250 500 2282 rium
525 2250 718 2292 praeposita,
741 2250 870 2282 attentis
889 2250 1034 2291 narratis,
1061 2255 1093 2283 et
1117 2260 1154 2282 ex

418 2313 457 2335 eo
492 2303 578 2344 quod
605 2303 642 2335 de
669 2303 831 2345 requisitis
863 2303 901 2336 ad
934 2302 1155 2335 fundationem

417 2361 595 2387 conventus
623 2355 807 2387 huiusmodi
837 2355 998 2395 constitit,
1023 2355 1155 2387 faculta-

417 2414 482 2440 tem
516 2408 699 2450 impertitur
729 2408 882 2451 episcopo
915 2408 1093 2440 Marsorum
1120 2412 1155 2440 ut

1001 194 1182 220 BULLARIUM
1205 194 1356 219 ROMANUM

1202 252 1286 274 mam
1306 243 1573 277 constitutionum
1593 246 1843 289 apostolicarum
1861 256 1939 279 con-

1202 295 1296 328 cedat
1333 306 1368 329 ac
1402 297 1574 337 decernat,
1603 299 1775 332 contrariis
1807 299 1938 343 quibus-

1201 357 1336 391 cumque
1360 359 1426 382 non
1451 349 1665 384 obstantibus.

1244 401 1365 435 Romae
1390 412 1429 435 xv
1453 403 1607 436 februarii
1632 413 1782 438 nnetxw.

1413 455 1451 487 M.
1479 455 1650 489 cardinalis
1676 456 1835 491 Gmnrrus
1858 470 1888 490 ».

1243 506 1258 550 ἓ
1289 506 1320 540 3.
1354 507 1430 541 Cum
1460 514 1587 549 autem,
1622 509 1704 542 sicut
1734 517 1934 553 exponentes
1961 520 2134 542 neem—*umam-

2016 548 2132 568 continuat.

1199 560 1356 604 praedicti
1381 561 1475 594 nobis
1505 572 1610 605 nuper
1634 563 1751 605 exponi
1776 563 1934 605 fecerunt,

1199 612 1260 655 ipsi
1293 613 1457 646 decretum
1483 614 1682 654 huiusmodi,
1708 625 1768 658 pro
1800 615 1935 649 firmiori

1198 664 1266 697 eius
1297 665 1516 707 subsistentia,
1542 667 1741 710 apostolicae
1766 669 1936 702 confirma-

1199 717 1293 750 tionis
1308 724 1434 751 nostrae
1448 720 1629 762 patrocinio
1646 721 1836 753 communiri
1851 731 1935 754 sum-

1198 781 1327 813 mopere
1353 772 1499 815 cupiant:
1514 782 1582 813 nOS,
1601 773 1774 816 specialem
1793 774 1869 817 ipsis
1886 784 1934 807 ex-

1197 824 1391 865 ponentibus
1424 825 1561 867 gratiam
1592 826 1696 858 sacere
1721 827 1877 867 volentes,
1902 833 1935 860 et

1197 885 1308 908 eorum
1334 876 1515 919 singulares
1543 888 1701 921 personas
1727 890 1744 911 a
1769 879 1933 922 quibusvis

1197 929 1550 969 excommunicationis,
1578 932 1801 974 suspensionis
1828 938 1860 965 et
1885 933 1932 965 in-

1197 980 1334 1019 terdicti,
1353 981 1488 1024 aliisque
1504 983 1732 1015 ecclesiasticis
1750 985 1932 1026 sententiis,

1195 1033 1343 1065 censuris
1367 1038 1399 1065 et
1422 1034 1547 1076 poenis,
1566 1045 1583 1067 a
1600 1035 1669 1068 iure
1693 1036 1742 1068 vel
1763 1037 1802 1068 ab
1827 1037 1933 1069 homi-

1195 1094 1245 1125 ne,
1271 1085 1380 1128 quavis
1405 1087 1576 1120 occasione
1601 1089 1651 1120 vel
1680 1090 1776 1121 causa
1800 1089 1880 1129 latis,
1906 1090 1932 1122 si

1195 1137 1310 1180 quibus
1327 1139 1574 1181 quomodolibet
1589 1140 1760 1174 innodatae
1781 1141 1931 1183 existunt,

1195 1190 1234 1222 ad
1260 1190 1409 1224 etfeetum
1434 1193 1652 1235 praesentium
1677 1193 1841 1227 dumtaxat
1855 1204 1932 1228 con-

1195 1243 1404 1285 sequendum,
1428 1244 1542 1276 harum
1563 1246 1647 1278 serie
1673 1239 1882 1279 absolventes*
1901 1252 1933 1280 et

1195 1295 1358 1329 absolutas
1385 1296 1451 1330 fore
1477 1302 1662 1338 censentes,
1690 1299 1932 1342 supplicationi-

1194 1349 1253 1381 bus
1272 1360 1385 1382 eornm
1410 1351 1542 1384 nomine
1565 1351 1660 1384 nobis
1677 1358 1776 1395 super
1793 1352 1856 1385 hoc
1873 1353 1932 1385 hu-

1194 1401 1315 1434 militer
1325 1403 1483 1445 porrectis
1498 1403 1655 1445 inclinati,
1668 1405 1831 1438 decretum
1842 1416 1932 1448 prae·

1194 1454 1361 1495 insertum,
1390 1456 1579 1489 auctoritate
1600 1457 1796 1500 apostolica,
1817 1464 1930 1491 tenore

1194 1508 1431 1550 praesentium,
1459 1508 1685 1543 confirmamus
1710 1516 1742 1543 et
1772 1511 1931 1554 approba-

1194 1571 1279 1602 mus,
1306 1561 1418 1605 illique
1443 1555 1635 1596 inviolabilis
1659 1564 1855 1606 apostolicae
1879 1564 1931 1596 fir-

1195 1614 1315 1647 mitatis
1351 1615 1452 1648 robur
1483 1616 1671 1657 adiicimus,
1704 1617 1788 1649 salva
1823 1622 1931 1649 tamen

1196 1678 1327 1711 semper
1356 1668 1388 1700 in
1417 1668 1602 1712 praemissis
1634 1669 1823 1702 auctoritate
1857 1679 1932 1702 con-

1196 1721 1395 1763 gregationis
1421 1721 1644 1754 cardinalium.

1240 1774 1255 1816 g
1278 1774 1310 1806 4.
1337 1774 1558 1807 Decernentes
1584 1775 1717 1808 easdem
1737 1780 1931 1819 praesentes

1197 1827 1325 1860 litteras
1351 1838 1483 1871 semper
1507 1827 1627 1868 firmas,
1654 1828 1778 1861 validas
1809 1834 1842 1861 et
1865 1828 1933 1862 effi-

1198 1890 1291 1913 caces
1319 1880 1461 1913 existere
1495 1885 1528 1913 et
1561 1881 1656 1921 fore,
1684 1891 1830 1924 suosque
1862 1882 1933 1924 ple-

1198 1932 1310 1965 narios
1343 1937 1376 1965 et
1407 1933 1556 1975 integros
1591 1931 1727 1966 effectus
1757 1933 1870 1966 sortiri
1902 1938 1935 1966 et

1198 1986 1362 2027 obtinere,
1394 1997 1430 2019 ac
1455 1987 1495 2019 ab
1520 1986 1594 2027 illis,
1621 1986 1659 2018 ad
1691 1997 1772 2029 quos
1806 1991 1933 2029 spectat

1199 2043 1231 2071 ct
1254 2049 1315 2082 pro
1346 2044 1495 2083 ternpore
1528 2039 1707 2082 spectabit,
1739 2039 1931 2082 plenissime

1198 2091 1395 2134 suffragari,
1429 2091 1543 2134 sicque
1576 2092 1609 2124 in
1646 2092 1838 2135 praemissis
1871 2102 1932 2135 per

1198 2152 1425 2185 quoscumque
1457 2142 1582 2176 iudices
1609 2143 1795 2176 ordinarios
1821 2148 1853 2175 et
1876 2144 1932 2176 de-

1198 2197 1335 2238 legatos,
1364 2195 1462 2229 etiam
1493 2206 1666 2228 causarum
1694 2196 1807 2240 palatii
1837 2207 1933 2240 apos-

1198 2248 1288 2282 tolici
1313 2248 1491 2289 auditores,
1518 2248 1655 2282 iudicari
1673 2255 1706 2282 et
1723 2249 1853 2282 definiri
1879 2250 1934 2282 de-

1197 2302 1286 2341 bere,
1312 2312 1349 2334 ae
1373 2301 1504 2334 irritum
1529 2307 1562 2334 et
1585 2302 1682 2335 inane
1708 2303 1734 2335 si
1760 2313 1854 2335 secus
1880 2313 1934 2335 su-

1196 2364 1257 2397 per
1280 2354 1331 2387 his
1350 2365 1367 2387 a
1387 2365 1566 2397 quoquam,
1594 2355 1707 2398 quavis
1726 2355 1932 2396 auctoritate,

1196 2407 1341 2440 scienter
1364 2409 1415 2440 vel
1440 2408 1649 2450 ignoranter,
1682 2408 1857 2451 contigerit
1885 2413 1934 2442 at-

1197 2460 1327 2492 tentari.

1941 201 1992 224 An.
2012 198 2043 225 c.
2064 199 2132 235 inca

1947 548 1996 568 tifex

1954 1812 1958 1815 ι
1969 1785 2080 1807 Decretum
2098 1786 2125 1808 ir-

1942 1814 2016 1833 ritans.

417 2461 456 2493 ad
483 2461 584 2504 ipsam
609 2461 830 2493 fundationem
862 2461 993 2503 procedi
1026 2461 1065 2493 ad
1090 2461 1154 2493 sor-

2011 2520 2126 2544 Contrariis

1239 2514 1253 2556 §
1279 2512 1309 2545 5.
1336 2513 1406 2546 Non
1433 2513 1638 2546 obstantibus
1663 2514 1868 2557 praemissis,
1895 2525 2030 2574 acaerogaz

456 2577 466 2602 1
490 2575 538 2602 Ed.
556 2575 633 2601 Mam.
651 2575 712 2610 legit
730 2575 906 2603 necessam'as
921 2575 958 2609 (a.
974 2575 1011 2608 T).
1195 2566 1477 2599 constitutionibus
1503 2571 1534 2598 et
1564 2566 1822 2600 ordinationibus
1855 2578 1933 2612 apo-
