2247 3208
170 236 219 263 An.
236 236 264 262 c.
289 234 355 263 1663
401 224 465 259 180

195 451 298 472 Nonnulla
309 452 351 471 sla-

169 481 222 499 tuta.

201 1498 342 1524 supplicatio,

238 2389 365 2421 Sum-adiciat

183 2419 264 2437 natuta
293 2419 365 2437 contu·-

183 2445 235 2465 mat.

367 284 418 316 die
442 282 555 314 ultima
581 279 702 321 angusti
723 277 900 312 nocxxinx¹
924 278 1011 311 edita
1034 278 1100 311 sue-

366 340 440 367 runt
464 334 619 376 quaedam
645 336 768 371 statuta,
794 342 852 374 per
871 331 1001 364 modum
1026 341 1100 363 cou—

366 503 402 524 ex
417 491 534 524 Gallica
548 491 655 533 lingua
676 495 707 523 et
720 490 849 523 natione
870 490 1014 532 eligatur,
1033 500 1100 522 mo-

366 545 406 578 do
431 544 525 577 suerit
549 543 587 576 de
612 553 745 586 corpore
770 542 912 585 capituli.

409 598 496 636 Item,
523 597 667 640 posthac,
698 606 751 628 sex
776 606 876 629 annos
902 596 1099 639 provinciam

366 650 514 683 minister
539 660 574 681 ex
601 649 729 682 natione
750 654 782 681 et
798 649 909 691 lingua
929 648 1101 682 Brittanica

367 702 574 744 gubernabit,
600 707 664 735 tres
688 711 762 734 vero
793 701 955 734 dumtaxat
979 711 1013 734 ex
1040 701 1101 734 lin-

368 758 427 798 gua
452 760 483 788 et
507 755 634 787 natione
653 754 772 787 Gallica
792 754 937 787 eamdem
958 755 1102 787 modera-

368 808 463 840 bitur.

412 860 442 893 Si
476 860 639 902 contingat
670 864 774 892 autem
806 859 985 892 ministrum
1016 859 1099 892 intra

370 924 459 945 suum
485 913 657 945 triennium
681 916 833 956 oppetere
856 917 1000 952 mortem,
1021 912 1100 945 alius

371 976 405 998 ex
433 967 543 998 eadem
574 965 704 998 natione
736 969 766 997 et
796 964 914 1005 lingua,
938 964 1023 996 unde
1047 964 1101 996 de-

371 1025 515 1062 sumptus
550 1019 665 1058 suerat,
692 1017 848 1059 eligatur,
874 1017 927 1059 qui
953 1016 1102 1059 aequabit

370 1071 531 1104 residuum
556 1070 717 1114 temporis,
744 1069 828 1112 quod
854 1071 934 1102 alter
957 1080 1021 1102 non
1046 1080 1102 1113 po-

370 1124 431 1155 tuit
455 1125 597 1166 explere,
624 1122 671 1154 sui
697 1132 812 1164 nempe
838 1121 979 1154 triennii.

414 1176 491 1208 Item
516 1176 600 1218 quod
626 1180 730 1207 custos
748 1175 786 1207 ad
812 1174 985 1217 capitulum
1011 1185 1102 1216 gene-

370 1228 435 1260 rale
451 1238 612 1270 nunquam
633 1226 785 1259 destinari
802 1226 920 1269 poterit
936 1236 973 1259 ex
991 1227 1102 1259 eadem

370 1280 478 1322 lingua
503 1285 533 1312 et
568 1279 697 1312 natione
729 1289 765 1312 ex
791 1290 853 1321 qua
886 1279 1032 1311 minister
1056 1284 1103 1311 est

372 1333 501 1371 electus,
528 1332 592 1370 sed,
618 1331 671 1363 nbi
697 1331 844 1363 minister
869 1331 963 1364 suerit
985 1341 1021 1364 ex
1048 1342 1103 1364 na-

372 1385 459 1416 tione
493 1390 524 1416 et
546 1384 654 1426 lingua
679 1384 813 1424 Gallica,
838 1389 942 1417 custos
969 1384 1104 1427 eligatur

374 1447 408 1469 ex
435 1437 543 1479 lingua
568 1437 748 1477 Brittanica,
776 1442 807 1469 et
830 1447 846 1469 e
871 1442 981 1469 contra
1005 1450 1035 1470 ».

417 1491 431 1532 ᾗ
457 1489 487 1522 02.
515 1489 591 1522 Cum
617 1495 739 1530 antem,
765 1490 845 1522 sicut
875 1490 987 1522 cadem
1011 1500 1105 1533 expo-

374 1543 445 1576 sitio
478 1543 706 1585 subiungebat,
732 1548 846 1576 statuta
878 1543 1059 1576 huiusmodi
1089 1554 1106 1575 a

374 1597 519 1640 pluribus
544 1596 698 1629 ministris
724 1596 925 1639 generalibus
951 1597 1025 1629 dicti
1051 1596 1105 1630 Or-

374 1649 458 1681 dinis
484 1649 668 1692 approbata,
687 1660 722 1681 ac
742 1649 773 1681 in
798 1649 960 1692 provincia
985 1649 1106 1692 praedi-

374 1705 423 1735 cta
447 1714 504 1746 per
529 1708 655 1736 centum
681 1708 711 1735 ct
735 1703 871 1746 amplius
896 1714 1005 1744 annos,
1024 1704 1106 1736 vide-

375 1756 450 1788 licet
474 1756 512 1788 ab
517 1766 621 1809 Wanno
646 1766 782 1789 iunxxxix
801 1766 900 1798 usque
925 1756 962 1788 ad
988 1766 1105 1789 annum

376 1818 508 1842 iinchu
534 1814 655 1841 servata
681 1808 815 1848 suerint·,
838 1814 869 1841 ct
896 1809 1106 1842 nihilominus

376 1871 393 1892 a
417 1861 527 1903 viginti
553 1861 654 1893 tribus
681 1862 772 1893 annis
804 1863 852 1894 vel
878 1862 1004 1895 circiter
1028 1874 1107 1895 non-

376 1913 454 1946 nulli
481 1914 592 1946 eadem
617 1919 732 1946 statuta
756 1915 1050 1957 transgrediantur,
1072 1915 1108 1947 il-

377 1967 470 2008 laque
487 1977 543 2009 per
561 1977 624 1999 non
637 1977 727 1998 nsum
743 1968 907 1999 annullare
925 1967 1106 2008 moliantur,

378 2028 414 2050 ex
440 2018 540 2061 quod²
564 2029 621 2062 per
645 2018 758 2052 Sedem
788 2020 1002 2062 Apostolicam
1028 2031 1109 2053 nun-

379 2081 472 2113 quam
498 2072 623 2103 fuerunt
648 2072 842 2114 approbata;
868 2073 952 2105 unde
977 2072 1039 2105 iam
1064 2083 1108 2105 so-

379 2123 436 2166 piti
461 2134 628 2163 rancores,
656 2119 841 2157 discordiae
863 2130 894 2157 et
922 2125 1006 2157 rixae
1031 2125 1108 2158 exci-

379 2181 497 2208 tantur:
516 2177 607 2209 nobis
627 2182 796 2219 propterea
814 2178 888 2210 dicti
914 2183 1109 2220 exponentes

380 2228 545 2260 humiliter
569 2228 741 2271 supplicari
765 2230 907 2261 fecerunt
934 2235 968 2262 ut
991 2230 1051 2263 sibi
1076 2230 1110 2262 in

380 2280 562 2322 praemissis
595 2286 774 2323 opportune
810 2282 979 2324 providere
1015 2286 1046 2315 et
1076 2287 1111 2313 nt

380 2332 463 2365 infra
482 2332 649 2375 indulgere
668 2334 705 2366 de
723 2334 920 2376 benignitate
938 2335 1111 2378 apostolica

382 2385 597 2428 dignaremur.
613 2386 674 2418 Nos
691 2387 796 2429 igitur,
816 2387 901 2430 ipsos
915 2394 1111 2431 exponentes

381 2438 572 2480 specialibus
598 2438 753 2471 favoribus
779 2444 809 2471 et
833 2440 941 2481 gratiis
961 2440 1110 2483 prosequi

381 2490 538 2530 volentes,
563 2496 593 2522 ct
624 2502 731 2523 eornm
757 2491 932 2533 singulares
959 2495 1112 2535 personas

420 2559 429 2584 1
449 2558 485 2584 Ex
500 2558 568 2585 infra
583 2558 702 2585 dicendis
714 2559 816 2585 videtur
832 2560 936 2594 legend.
952 2562 1022 2589 1559
1032 2563 1110 2595 (RS).

416 2601 432 2627 Ε.)
448 2602 494 2628 Vel
509 2610 544 2629 ea·
554 2611 608 2636 quo
621 2603 659 2629 vel
674 2612 709 2629 εκ
724 2612 754 2630 eo
771 2604 846 2637 quod
860 2603 1004 2638 legendum
1015 2606 1052 2640 (n.
1062 2607 1110 2638 T.).

939 229 1119 255 BULLARIUM
1142 229 1293 254 ROMANUM

1134 288 1150 310 a
1177 277 1338 321 quibusvis
1363 280 1704 322 excommunicationis,
1730 293 1863 325 suspen-

1115 330 1232 377 ⁸sionis
1257 335 1288 362 et
1312 330 1490 372 interdicti,
1516 332 1648 376 aliisque
1673 335 1864 368 ecclesiasti-

366 386 498 425 cordati,
527 384 645 417 tenoris
671 384 722 426 qui
749 384 902 427 sequitur,
929 380 1116 416 videlicett'

415 451 427 469 α
453 438 540 476 Quod
566 438 715 470 definitor
735 438 847 469 saltem
870 447 951 469 unus
972 447 1117 480 semper*

1133 383 1178 415 cis
1204 383 1379 424 sententiis,
1399 384 1540 417 censuris
1565 391 1597 417 et
1620 387 1741 429 poenis,
1762 397 1780 419 a
1795 387 1864 421 iure

1132 436 1181 468 vel
1219 435 1257 467 ab
1298 435 1448 477 homine,
1481 437 1588 479 quavis
1620 439 1784 472 occasione
1814 440 1864 473 vel

1134 490 1227 520 causa
1261 488 1351 529 latis,
1377 488 1401 521 si
1436 489 1596 531 quibusvis
1625 492 1866 533 quomodolibet

1133 541 1304 574 innodatae
1326 541 1472 582 existunt,
1491 543 1529 575 ad
1551 541 1696 576 effectum
1721 554 1866 587 praesen-

1134 594 1212 626 tium
1228 594 1388 627 dumtaxat
1405 595 1672 638 consequendum,
1691 595 1805 629 harum
1822 607 1866 629 se-

1132 646 1179 679 rie
1204 646 1404 680 absolventes
1419 652 1450 679 et
1466 648 1627 681 absolutas
1648 648 1714 681 sore
1738 658 1866 682 censen-

1134 703 1189 740 tes,
1205 699 1385 732 huiusmodi
1406 700 1692 743 supplicationibus
1712 701 1865 743 inclinati,

1134 752 1173 785 de
1197 753 1427 786 venerabilium
1446 754 1575 786 fratrum
1597 759 1777 788 nostrorum
1800 764 1866 787 san-

1134 810 1201 838 ctae
1226 806 1386 839 Romanae
1400 806 1558 840 Ecclesiae
1583 807 1792 840 cardinalium
1812 817 1867 840 ne-

1134 858 1228 901 gotiis
1259 864 1290 891 et
1325 859 1610 893 consultationibus
1644 860 1868 903 episcoporum

1134 916 1166 943 et
1197 911 1390 953 regularium
1424 913 1679 955 praepositorum
1713 912 1866 954 oonsilio,

1134 964 1263 996 attentis
1287 965 1431 1005 narratis,
1456 965 1653 1008 praeinserta
1673 971 1796 1006 statuta,
1815 976 1869 998 au-

1135 1016 1279 1049 ctoritate
1297 1017 1479 1059 apostolica,
1505 1022 1615 1051 tenore
1640 1018 1867 1061 praesentium,

1135 1069 1349 1112 approbamus
1374 1074 1405 1101 et
1429 1070 1661 1112 confirmamus,
1687 1076 1782 1114 atque
1803 1081 1869 1105 exe-

1136 1121 1279 1163 quutioni
1312 1121 1498 1154 demandari
1530 1122 1743 1166 praecipimus
1768 1127 1799 1155 et
1822 1122 1870 1155 in-

1136 1174 1307 1216 iungimus,
1326 1174 1394 1207 sine
1412 1175 1609 1218 praeiudicio
1627 1180 1733 1208 tamen
1745 1175 1870 1218 religio-

1137 1236 1243 1259 sorum
1257 1237 1294 1259 ex
1321 1228 1425 1260 aliena
1452 1228 1563 1271 lingua
1592 1229 1871 1271 incorporatorum

1137 1280 1296 1322 praefatae
1321 1280 1516 1323 provinciae.

1181 1333 1195 1375 ἓ
1220 1332 1250 1365 3.
1286 1333 1498 1366 Decernentes
1529 1334 1658 1367 easdem
1687 1339 1871 1377 praesentes

1138 1385 1259 1417 litteras
1284 1395 1412 1428 semper
1440 1385 1545 1418 sirmas
1568 1386 1688 1419 validas
1714 1391 1745 1419 et
1768 1386 1872 1418 effica-

1139 1448 1189 1470 ces
1215 1438 1350 1471 existere
1375 1444 1407 1471 et
1431 1439 1517 1480 sore,
1543 1450 1679 1482 suosque
1710 1439 1872 1482 plenarios

1139 1495 1171 1523 et
1193 1490 1337 1533 integros
1362 1491 1492 1524 effeetus
1517 1492 1622 1525 sortiri
1655 1497 1686 1525 et
1709 1491 1871 1533 obtinere,

1140 1554 1175 1575 ac
1198 1543 1272 1584 illis,
1296 1544 1335 1576 ad
1356 1554 1435 1587 quos
1460 1549 1583 1587 spectat
1599 1549 1630 1577 et
1649 1555 1707 1588 pro
1728 1549 1873 1588 tempore

1140 1596 1306 1640 spectabit,
1324 1596 1510 1640 plenissime
1522 1596 1696 1640 suffragari,
1711 1603 1742 1630 et
1755 1598 1793 1630 ab
1808 1597 1872 1630 illis

1139 1651 1315 1694 respective
1333 1651 1561 1684 inviolabiliter
1576 1651 1750 1692 observari,
1765 1651 1874 1693 sicque

1140 1703 1172 1735 in
1204 1703 1386 1746 praemissis
1417 1715 1475 1747 per
1508 1715 1723 1748 quoscumque
1754 1704 1876 1736 iudices

1140 1755 1320 1789 ordinarios
1345 1761 1377 1789 et
1401 1757 1573 1800 delegatos,
1592 1757 1686 1790 etiam
1711 1766 1877 1789 causarum

1140 1809 1249 1851 palatii
1275 1809 1441 1852 apostolici
1466 1810 1650 1850 auditores,
1679 1809 1815 1843 iudicari
1846 1813 1878 1841 et

1142 1862 1266 1894 definiri
1292 1862 1431 1902 debere,
1458 1873 1494 1894 ac
1523 1863 1649 1895 irritum
1673 1867 1704 1895 et
1729 1862 1824 1894 inane
1850 1861 1875 1892 si

1142 1925 1231 1947 secus
1256 1925 1352 1957 super
1377 1915 1428 1947 his
1453 1926 1470 1947 a
1496 1925 1666 1958 quoquam,
1693 1915 1801 1958 quavis
1827 1925 1876 1946 au-

1142 1968 1297 2007 ctoritate,
1323 1967 1460 2000 scienter
1484 1969 1533 2000 vel
1559 1969 1754 2011 ignoranter,
1780 1967 1877 2000 conti-

1143 2020 1224 2062 gerit
1249 2021 1411 2053 attentari.

1186 2074 1200 2115 ξ
1225 2073 1256 2105 4.
1283 2073 1351 2105 Non
1383 2073 1583 2105 obstantibus
1616 2073 1816 2115 praemissis,
1841 2082 1876 2104 ac

1143 2125 1421 2158 constitutionilnis
1453 2131 1484 2157 et
1515 2125 1770 2158 ordinationibus
1800 2135 1876 2168 apo-

1143 2178 1272 2218 stolicis,
1298 2188 1432 2218 necnon,
1459 2183 1613 2221 quatenns
1630 2188 1710 2221 opus
1730 2178 1780 2218 sit,
1806 2177 1876 2211 aliis

1144 2231 1246 2263 dictae
1272 2230 1458 2273 provinciae
1479 2236 1511 2263 et
1530 2231 1658 2264 Ordinis
1681 2231 1875 2270 huiusmodi,

1145 2283 1242 2315 etiam
1266 2283 1454 2323 iuramento,
1481 2284 1722 2317 confirmatione
1752 2289 1878 2327 aposto-

1145 2335 1213 2375 lica,
1241 2337 1289 2368 vel
1314 2336 1423 2378 quavis
1448 2336 1595 2369 firmitate
1620 2336 1680 2369 alia
1710 2336 1877 2377 roboratis,

1145 2388 1268 2420 statutis
1305 2393 1335 2419 et
1371 2389 1673 2430 consuetudinilms,
1704 2388 1878 2432 privilegiis

1145 2450 1280 2482 quoque,
1298 2440 1430 2473 indultis
1451 2446 1481 2473 et
1506 2440 1621 2473 litteris
1645 2440 1828 2484 apostolicis
1846 2440 1879 2473 in

1146 2493 1338 2524 contrarium
1363 2494 1611 2536 praemissorum
1640 2493 1880 2537 quomodolibet

1146 2545 1314 2586 concessis,
1336 2546 1529 2579 confirmatis
1554 2551 1585 2579 et
1609 2546 1787 2587 innovatis;
1814 2546 1879 2590 qui-

1145 2597 1203 2629 bus
1228 2599 1375 2632 omnibus
1388 2604 1419 2632 et
1443 2599 1587 2643 singulis,
1606 2599 1734 2633 illorum
1750 2604 1878 2633 tenores

1880 234 1930 262 An.
1950 234 1977 261 C.
1996 234 2063 262 1663

1898 1373 1901 1376 Ι
1913 1346 2024 1367 Decretum
2043 1347 2071 1366 ir-

1886 1375 1959 1394 filans.

1963 2077 2075 2101 ner-»natio

1891 2106 2052 2126 contrariorum.
