2247 3208
158 209 208 237 An.
224 209 252 237 C.
274 208 341 238 ¹663

175 1694 262 1716 Moliva.

945 211 1133 236 ALEXANDER
1156 213 1199 236 VII
1224 214 1271 236 1³1².

357 258 542 299 innovatis;
570 259 684 302 quibus
712 259 862 291 omnibus
889 265 920 292 et
945 259 1092 302 singulis,
1128 260 1200 292 dem
1234 260 1449 294 Christianum
1482 263 1619 303 ducem,
1650 265 1779 307 praevia
1814 266 1866 298 ab·

356 313 487 345 illorum
513 317 646 345 tenores
672 313 902 355 praesentibus
934 324 992 356 pro
1029 313 1094 355 ple-
1127 311 1282 345 iuratione
1304 313 1445 347 iudiciali
1473 316 1522 348 vel
1548 316 1779 350 extraiudiciali
1810 319 1865 351 Lu-

356 375 397 397 ne
430 370 462 397 et
486 365 686 398 sufficienter
710 366 874 409 expressis
909 367 1090 405 habentes,
1131 369 1257 397 tvi-auae
1282 370 1314 397 ct
1337 366 1469 399 aliarum
1500 369 1715 410 quarumlibet
1750 370 1861 404 haerc-

355 418 420 451 illis
437 419 516 450 alias
534 418 566 450 in
585 429 643 451 suo
661 419 777 452 robore
798 419 1033 462 permansuris,
1054 419 1092 450 :nl

355 471 610 513 praemissorum
624 470 784 509 ellectum,
804 471 864 503 hac
880 471 950 503 vice
969 471 1094 502 dumta-

354 529 417 559 xat,
444 523 632 566 specialiter
650 529 682 556 et
702 534 856 566 expresse
876 524 1089 565 derogamus;

355 575 538 619 ceterisque
557 575 727 608 contrariis
750 575 1020 618 quibuscumque.

398 628 514 660 Datum
541 628 678 667 Romae,
704 628 790 671 apud
815 628 846 660 S.
873 628 1004 661 Mariam
1029 628 1092 660 Ma-

354 680 478 720 iorem,
505 682 565 713 sub
591 681 712 713 annulo
744 680 918 713 Piscatoris
939 707 946 720 ,
984 680 1035 713 die
1060 691 1091 714 v1

353 733 478 775 augusti
503 742 656 772 MDCLXIH,
683 732 894 776 pontificatus
918 733 1022 765 nostri
1041 743 1091 765 an-

352 795 395 817 no
422 795 463 818 1x.

386 846 448 874 Dat.
465 846 508 874 die
523 847 540 873 6
559 847 669 882 augusti
687 847 764 880 1663,
780 847 874 882 pontif.
894 855 964 874 anno
979 854 1017 874 1x.

638 987 802 1021 CDXLVII.

348 1067 506 1102 Facultas
541 1068 670 1101 domino
706 1068 872 1101 cardinali
906 1068 1087 1101 Barberino

394 1122 572 1154 camerario
585 1121 615 1155 S.
633 1123 670 1155 R.
689 1122 723 1154 E.
738 1121 923 1154 absolvendi
935 1121 1087 1154 christia-

392 1184 470 1207 num
492 1174 602 1207 ducem
628 1174 920 1217 lllelcelburqensem
946 1175 986 1207 ab
1011 1174 1085 1206 hae-

391 1227 524 1267 resibus,
545 1228 726 1270 praemissa
757 1228 974 1268 abiuraca‘one,
989 1227 1085 1260 emis-

391 1281 490 1322 saque
505 1290 564 1323 per
587 1291 659 1313 eum
680 1281 904 1324 professione&

345 1357 515 1386 Venerabili
534 1359 621 1386 fratri
638 1362 740 1386 nostro
757 1359 896 1393 episcopo
911 1360 1084 1386 Praenesti-

382 1409 421 1430 no
433 1403 579 1430 cardinali
590 1404 717 1431 Antonio
730 1404 888 1431 Barbarino
899 1407 1083 1438 nuncupato,

383 1447 413 1474 S.
430 1447 461 1474 R.
479 1448 507 1474 E.
524 1448 696 1479 camerario,

540 1501 707 1528 Alexander
727 1502 806 1536 Papa
825 1502 887 1529 vn.

563 1563 751 1590 Venerabilis
762 1563 865 1596 frater,

384 1607 514 1634 salutem
534 1610 565 1634 et.
584 1607 780 1641 apostolicam
799 1607 1046 1635 benedictionem.

393 1688 408 1730 ξ,
432 1687 463 1720 ’1.
491 1687 590 1728 Cum,
618 1688 700 1721 sicut
731 1699 796 1721 non
822 1688 891 1721 sine
924 1688 1082 1731 spirituali

349 1740 446 1772 animi
470 1741 572 1773 nostri
598 1741 720 1773 laetitia
737 1741 829 1773 nobis
850 1742 986 1773 relatum
1013 1741 1080 1780 suit,

349 1793 465 1826 nobilis
478 1794 527 1825 vir
544 1794 741 1826 Christianus
766 1794 825 1826 dux
847 1794 1084 1836 Mekelburgen-

348 1845 401 1885 sis,
419 1856 454 1878 ex
480 1846 625 1889 partibus
642 1847 814 1878 haereticis
840 1852 1026 1888 procreatus
1049 1858 1084 1879 ac

348 1897 381 1929 in
407 1897 532 1930 haeresi
564 1898 723 1931 Luterana
753 1899 924 1938 educatus,
959 1899 1083 1931 divinae

348 1950 468 1992 gratiae
489 1950 607 1983 lumine
633 1951 817 1990 illustratus,
841 1951 954 1994 viaque
974 1952 1084 1984 verita-

347 2003 386 2035 tis
409 2003 525 2045 agnita,
548 2004 737 2037 Luteranam
759 2009 790 2037 et
814 2004 891 2037 alias
915 2015 1084 2047 quascum-

348 2066 408 2098 que
434 2056 584 2088 haereses
609 2056 755 2101 abiurare
781 2061 812 2088 et
836 2057 968 2090 omnino
995 2058 1083 2089 dese-

347 2118 429 2150 rere,
455 2119 491 2141 ac
515 2109 553 2141 ad
580 2109 738 2151 gremium
762 2109 793 2142 S.
817 2109 854 2142 R.
877 2110 926 2150 E.‚
950 2110 1083 2143 benedi-

184 2166 334 2188 eonnrmaiut
349 2167 440 2194 cente
464 2162 616 2202 Domino,
641 2162 747 2195 redire
780 2162 973 2195 decreverit:
1001 2174 1079 2203 nos,

149 2193 171 2214 ln
186 2193 280 2215 rubrica.

348 2215 402 2257 qui
418 2225 477 2257 pro
494 2215 646 2258 pastorali
671 2226 803 2248 munere
829 2215 860 2248 id
877 2226 976 2248 unum
995 2226 1083 2259 prae-

348 2267 440 2310 cipue
464 2277 574 2300 curare
599 2272 747 2300 tenemur
773 2272 828 2307 ut,
854 2267 879 2300 si
905 2278 985 2310 quae
1009 2278 1082 2300 oves

348 2330 366 2352 a
388 2319 529 2352 veritatis
554 2320 668 2352 semita
692 2321 850 2361 aberrant,
876 2321 908 2352 in
932 2321 1015 2353 viam
1039 2331 1082 2353 sa-

346 2372 422 2405 lutis
434 2378 631 2413 revocentur,
649 2373 688 2406 de
706 2375 759 2406 tua
778 2373 931 2416 singulari
952 2373 1081 2416 pietate,

346 2425 538 2468 prudentia,
563 2435 598 2457 ac
620 2425 787 2467 religionis
823 2425 1020 2467 catholicae,
1047 2436 1082 2458 ac

347 2478 479 2510 honoris
497 2478 609 2511 domus
625 2477 680 2510 Dei
702 2479 770 2511 zelo
784 2479 957 2521 plurimum
971 2478 1004 2511 in
1021 2479 1082 2511 Do-

346 2531 434 2564 mino
452 2530 572 2572 confisi,
595 2530 874 2574 circumspectioni
897 2536 970 2564 tuae
994 2541 1082 2564 eum-

383 2592 393 2617 1
417 2591 452 2617 Ex
473 2591 578 2626 Regest.
600 2591 625 2617 in
646 2592 746 2618 Seeret.
769 2591 844 2618 Brev.

1126 427 1195 448 sum
1216 418 1397 451 huiusmodi
1418 430 1475 461 per
1492 431 1563 452 eum
1585 422 1615 453 iu
1633 423 1778 456 manibus
1801 425 1863 456 tuis

1128 468 1280 509 facienda,
1307 481 1342 502 ac
1366 475 1495 514 recepta
1519 473 1557 505 ab
1582 474 1638 507 illo
1664 476 1862 517 professione

1126 521 1302 555 catholicae
1328 523 1400 555 fidei
1427 524 1510 557 iuxta
1536 527 1684 559 articulos
1709 529 1828 562 dudum
1845 541 1863 563 a

1125 573 1206 606 Sede
1230 575 1413 617 Apostolica
1440 578 1640 620 propositos,
1669 581 1707 612 ab
1741 582 1860 615 eisdem

1126 626 1312 660 haeresibus
1328 639 1362 660 ac
1383 629 1545 671 quibusvis
1563 634 1862 668 excommunicatio-

1125 679 1174 711 nis
1199 686 1231 712 et
1254 680 1435 721 interdicti,
1466 682 1603 726 aliisque
1639 686 1861 720 ecclesiasticis

1125 733 1311 773 sententiis,
1340 735 1481 767 censuris
1507 742 1537 768 et
1561 737 1674 779 poenis
1698 749 1756 781 per
1789 750 1861 773 eum

1124 790 1256 827 propter
1269 786 1444 828 praemissa
1458 790 1699 830 quomodolibet
1715 791 1859 833 incursis,

1123 836 1264 870 iniuncta
1289 838 1317 871 ei
1343 839 1450 882 aliqua
1475 842 1677 883 poenitentia
1707 844 1858 885 salutari,

1123 889 1257 933 aliisque
1270 891 1485 935 iniungendis,
1501 900 1596 936 prout
1613 895 1756 928 eiusdem
1770 896 1860 929 Chri-

1122 941 1216 975 stiani
1241 943 1330 976 ducis
1356 945 1479 978 animae
1505 946 1596 978 saluti
1630 948 1781 990 expedire
1806 959 1859 981 eo-

1122 996 1279 1036 gnoveris
1305 997 1337 1028 in
1357 1003 1492 1040 utroque
1511 999 1578 1032 foro
1596 1001 1782 1033 auctoritate
1804 1012 1857 1034 no-

1121 1050 1185 1080 stra
1199 1050 1372 1092 apostolica
1386 1051 1581 1092 absolvendi,
1595 1053 1761 1096 ipsumque
1772 1053 1858 1086 Chri-

1121 1100 1258 1134 stianum
1298 1103 1409 1135 ducem
1448 1104 1481 1136 in
1523 1105 1679 1147 gremium
1715 1106 1857 1139 eiusdem

1120 1153 1150 1185 S.
1167 1154 1202 1186 R.
1223 1155 1257 1187 E.
1275 1156 1449 1199 recipiendi
1465 1162 1496 1189 et
1511 1158 1749 1199 reconciliandi,
1767 1159 1857 1192 adhi—

1119 1205 1193 1238 bitis
1218 1208 1257 1239 ad
1282 1213 1369 1240 actus
1402 1210 1562 1251 praefatos
1595 1211 1700 1253 aliquo
1729 1212 1855 1245 notario

1119 1260 1247 1301 publico
1265 1266 1296 1293 et
1317 1262 1460 1301 testibus,
1486 1263 1570 1295 dicta
1595 1264 1793 1305 auctoritate,
1814 1270 1855 1298 te-

1118 1323 1195 1345 nore
1221 1314 1453 1356 praesentium,
1480 1317 1631 1358 plenam,
1664 1317 1798 1349 liberam
1824 1323 1854 1350 et

1118 1367 1256 1409 amplam
1281 1367 1462 1400 facultatem
1488 1369 1658 1402 tribuimus
1683 1376 1715 1402 et
1738 1370 1852 1413 impar-

1118 1422 1225 1451 tinnir.

1160 1472 1174 1514 ἓ
1199 1471 1230 1504 2.
1254 1472 1324 1505 Non
1340 1474 1541 1507 obstantibus
1556 1476 1748 1518 apostolicis,
1764 1486 1799 1509 ac
1820 1476 1852 1508 in

1116 1524 1349 1559 universalibus
1374 1527 1685 1572 provincialibusque
1709 1535 1740 1562 et
1764 1540 1853 1573 syno-

1118 1577 1241 1611 dalibus
1266 1580 1408 1613 conciliis
1434 1581 1547 1621 editis,
1575 1583 1776 1624 generalibus
1804 1585 1853 1616 vel

1117 1632 1317 1674 specialibus,
1333 1633 1613 1666 constitutionibus
1631 1641 1662 1667 et
1681 1635 1855 1669 ordinatio-

1117 1684 1219 1724 nibus,
1244 1695 1370 1718 necnon
1396 1686 1541 1726 decretis,
1563 1697 1621 1719 usu
1647 1693 1678 1719 et
1703 1689 1784 1731 stylo
1803 1688 1853 1719 tri-

1116 1736 1242 1769 bunalis
1267 1738 1361 1770 officii
1387 1744 1515 1772 sanctae
1541 1745 1573 1772 et
1595 1739 1784 1773 universalis
1806 1740 1856 1772 ln-

1118 1789 1310 1832 quisitionis,
1326 1791 1512 1834 ceterisque
1532 1792 1699 1824 contrariis
1724 1793 1855 1835 quibus-

1117 1851 1263 1884 cumque.

1161 1894 1273 1926 Datum
1299 1895 1429 1935 Romae,
1453 1896 1538 1938 apud
1556 1896 1587 1928 S.
1608 1896 1739 1929 Mariam
1758 1897 1855 1930 Maio-

1117 1957 1199 1987 rem,
1219 1948 1276 1980 sub
1302 1949 1420 1980 annulo
1445 1948 1623 1988 Piscatoris‚
1643 1949 1693 1981 die
1711 1959 1740 1982 vl
1759 1960 1855 1992 augu-

1117 1999 1154 2031 sti
1180 2010 1334 2041 MDeLxui,
1354 2001 1557 2043 pontificatus
1575 2002 1675 2035 nostri
1700 2013 1784 2035 anno
1810 2013 1850 2036 ix.

1152 2060 1209 2087 Dat.
1226 2060 1269 2088 die
1285 2061 1301 2088 6
1316 2062 1422 2097 augusti
1443 2062 1521 2096 1663,
1538 2063 1635 2098 pontis.
1651 2071 1721 2090 anno
1739 2070 1775 2089 lx.

1394 2196 1571 2229 CDXLVIII.

1115 2265 1218 2308 Super
1234 2265 1385 2299 electione
1399 2267 1654 2310 provincialium
1668 2269 1851 2311 provincia-

1159 2329 1235 2351 rum
1266 2319 1444 2352 Inclz'arum
1479 2319 1613 2353 Ordinis
1640 2321 1851 2354 Praedicato-

1158 2382 1233 2404 γυνη
1246 2382 1283 2404 ac
1296 2372 1540 2414 confirmatione
1557 2374 1740 2407 eorumdem
1753 2385 1771 2408 α
1785 2385 1851 2407 ma-

1157 2425 1258 2468 yistro
1278 2425 1455 2469 qenerali¹.

1152 2505 1161 2530 1
1177 2503 1244 2531 Vide
1255 2503 1288 2530 ad
1303 2504 1394 2531 Const.
1411 2511 1509 2532 ncxmv
1522 2505 1573 2540 (al.
1585 2506 1648 2540 608)
1663 2506 1763 2533 Urbani
1778 2506 1846 2539 VIII,

1113 2547 1212 2582 Nuper
1227 2555 1282 2582 pro
1300 2551 1391 2583 parte,
1413 2552 1477 2576 tom.
1502 2555 1559 2584 xiv,
1580 2558 1640 2584 pag.
1662 2549 1729 2582 724,
1749 2550 1775 2576 in
1795 2558 1848 2585 qua

1114 2596 1223 2618 cavetur
1242 2592 1420 2626 provinciales
1440 2593 1539 2620 debere
1559 2602 1616 2620 esse
1637 2594 1784 2621 biennales.

1765 207 1827 241 187
1875 218 1923 245 An.
1945 219 1972 245 c.
1994 220 2062 247 1663

1868 1433 1979 1455 Contraria
1992 1434 2046 1455 toltit
