2247 3208
208 240 258 268 An.
275 239 305 268 C.
329 239 392 266 1667

439 229 503 263 488

393 298 465 320 rum
483 286 694 319 ecclesiarum
715 285 753 317 de
778 288 858 324 rato,
877 289 950 323 etc.,
969 281 1131 325 promisit,

393 345 425 373 et
442 341 480 373 de
498 338 647 371 faciendo
673 336 823 369 ratificari
847 345 999 379 praesens
1017 335 1133 367 instru-

395 395 542 425 mentum
566 401 583 423 a
609 390 753 433 quolibet
777 393 903 421 rectore
923 394 955 420 et
974 387 1012 419 ab
1031 386 1132 419 omni-

394 447 454 478 bus
478 444 641 488 prioribus
666 442 837 475 cuiuslibet
860 442 975 474 domus
993 440 1133 483 Congre-

394 497 550 541 gationis‚
577 502 609 529 et
632 507 701 529 eum
728 496 810 528 infra
835 496 914 528 duos
940 503 1068 527 menses
1094 493 1132 525 ab

396 551 493 585 hodie
519 550 695 594 proximos,
721 555 753 581 ct
770 549 887 582 deinde
904 549 943 580 ad
967 558 1060 580 omne
1078 547 1133 579 be-

395 604 592 648 neplacitum
625 608 656 636 et
680 601 861 645 simplicem
893 600 1133 644 requisitionem

397 658 555 690 dictorum
582 660 710 699 patrum
737 655 907 687 Doctrinae
933 653 1133 686 Christianae

396 710 427 743 S.
444 710 599 752 Agathae,
620 709 663 741 ita
680 709 778 752 quod,
799 708 876 750 etc.)
896 718 931 739 ex
949 708 1050 740 altera
1063 716 1134 749 par-

397 763 491 802 tibus,
517 767 648 805 sponte,
678 767 751 801 etc.,
774 765 939 794 reservato
965 760 997 792 in
1022 759 1133 802 primis

398 822 429 849 et
453 822 526 849 ante
552 815 661 849 omnia
693 825 850 848 consensu
876 819 908 846 et
930 812 1134 855 beneplacito

397 869 590 902 sanctissimi
617 867 738 901 domini
764 867 866 899 nostri
890 866 994 908 Papae
1021 871 1052 897 et
1068 875 1135 897 san-

398 928 466 955 ctae
503 922 592 955 Sedis
625 920 826 964 Apostolicae
863 930 899 951 ac
930 917 1135 951 reverendis-

399 975 471 1008 simi
498 980 528 1008 et
556 972 804 1008 eminentissimi
831 971 1003 1005 cardinalis
1026 969 1134 1003 vicarii

399 1038 435 1061 ac
451 1028 555 1061 dictae
577 1025 841 1069 Congregationis
863 1024 894 1062 in
913 1023 1051 1057 ecclesia
1068 1033 1135 1055 san-

399 1087 467 1114 ctae
492 1081 636 1123 Agathae
658 1078 864 1122 protectoris,
883 1076 1064 1120 sumptibus
1089 1076 1136 1109 di-

400 1134 442 1166 cti
467 1132 586 1166 domini
613 1132 743 1164 Antonii
765 1142 801 1164 ac
825 1131 986 1163 dictorum
1010 1134 1136 1172 patrum

400 1186 491 1229 regni
505 1185 657 1229 Neapolis
679 1184 881 1228 impetrando
900 1188 931 1216 et
948 1182 1136 1221 obtinendo,

400 1250 471 1273 cum
498 1238 722 1276 declaratione,
746 1237 830 1279 quod
849 1236 894 1268 si'
913 1246 1064 1279 praesens
1089 1245 1137 1267 su-

401 1291 580 1335 pradictum
604 1289 841 1332 beneplacitum
863 1298 928 1320 non
953 1287 1138 1319 obtineatur

403 1344 450 1376 vel
469 1354 535 1376 non
553 1342 692 1375 obtineri
710 1346 832 1384 posset,
853 1350 1006 1384 praesens
1020 1340 1138 1372 instru-

401 1402 544 1429 mentum
569 1396 727 1428 habeatur
753 1405 812 1437 pro
841 1403 906 1426 non
927 1393 1006 1425 facto
1025 1398 1056 1425 et
1072 1393 1138 1425 nul-

401 1450 463 1483 lius
488 1450 530 1482 sit
548 1449 675 1482 roboris
693 1449 743 1481 vel
771 1447 935 1486 momenti,
966 1451 997 1478 et
1023 1456 1087 1479 non
1107 1456 1139 1478 a-

402 1503 470 1540 lias,
498 1507 580 1542 etc.,
614 1502 653 1534 de
680 1512 764 1544 quo,
791 1506 866 1540 etc.,
894 1505 926 1532 ct
949 1499 1026 1531 ali'as
1052 1498 1139 1531 omni

403 1555 530 1589 meliori
554 1555 662 1593 modo,
681 1560 753 1593 etc.,
768 1553 967 1596 supradictas
988 1551 1139 1584 ecclesias

403 1609 434 1642 S.
462 1607 582 1641 Nicolai
606 1607 766 1649 Neapolis,
792 1606 822 1639 S.
849 1605 1022 1638 Salvatoris
1046 1604 1137 1645 Bari,

405 1662 439 1695 B.
466 1661 583 1693 Mariae
608 1659 746 1702 Virginis
771 1660 962 1701 Assumptae
992 1657 1140 1697 Laureti,

405 1725 441 1747 ac
472 1714 502 1747 S.
530 1712 883 1753 Michaelisarchangeli
916 1710 1081 1750 Lamiani,
1108 1721 1143 1743 ac

405 1763 720 1808 Cong1·egationem‘³
745 1764 913 1796 Doctrinae
943 1763 1142 1796 Christianae

405 1819 556 1862 illiusque
582 1823 691 1862 patres
708 1818 740 1850 in
759 1817 849 1850 dictis
868 1816 1009 1849 ecclesiis
1029 1816 1143 1858 degen-

406 1879 454 1905 tes
478 1872 664 1911 univerunt,
691 1882 728 1903 ac
753 1870 847 1902 titulo
872 1874 1028 1912 perpetuo
1054 1869 1143 1901 dura-

408 1932 479 1959 turo
510 1924 641 1957 unionis
672 1924 922 1966 incorporarunt
955 1933 1026 1954 cum
1052 1932 1143 1964 prae-

408 1977 491 2011 dicta
516 1977 773 2020 Congregatione
800 1975 969 2008 Doctrinae
994 1974 1144 2007 ChristIa-

410 2041 467 2063 nae
496 2041 531 2063 ac
555 2030 641 2063 illius
675 2029 819 2072 patribus
853 2027 1045 2070 degentibus
1082 2032 1144 2059 tam

410 2084 442 2117 in
467 2084 551 2116 dicta
577 2083 712 2115 ecclesia
739 2081 768 2114 S.
798 2081 940 2123 Agathae
963 2080 1056 2112 Urbis
1081 2079 1145 2111 Ro-

410 2147 480 2169 mae
506 2137 538 2169 in
563 2136 698 2177 regione
724 2134 961 2177 Transtyberim
994 2143 1088 2176 quam
1113 2132 1144 2165 in

412 2190 481 2222 aliis
507 2188 653 2222 ecclesiis
685 2188 821 2221 aliorum
847 2189 992 2220 locorum
1017 2187 1146 2229 provin-

413 2242 479 2274 ciae
504 2241 686 2281 Romanae,
721 2246 753 2273 et
783 2245 884 2272 stante
918 2240 1000 2272 dicta
1025 2240 1145 2272 unione

414 2293 489 2327 dicti
513 2293 679 2326 reverendi
699 2298 814 2335 patres,
834 2292 1046 2335 praepositus,
1064 2291 1150 2335 rice-

415 2347 614 2390 praepositus
629 2353 660 2379 et
676 2346 871 2385 definitores,
890 2345 1145 2383 constitutiones,

416 2401 544 2433 decreta
568 2405 663 2442 atque
689 2399 795 2431 omnia
820 2404 851 2431 ct
875 2398 1000 2440 singula
1020 2397 1149 2441 privile-

417 2452 476 2495 gia,
502 2451 626 2494 gratias,
654 2452 883 2494 exemptiones,
914 2450 1146 2489 immunitates,

416 2511 448 2538 et
464 2505 525 2537 alia
551 2515 770 2548 quaecumque
796 2504 888 2537 dictis
909 2504 1051 2547 patribus
1069 2503 1150 2536 Con-

453 2577 463 2602 ¹
488 2575 646 2601 Particulam
667 2575 692 2600 si
712 2582 760 2600 nos
780 2567 902 2600 addimus
922 2579 958 2604 (a.
980 2579 1027 2605 T.).

452 2620 468 2646 Ξ
487 2618 553 2646 Male
568 2618 610 2644 ed.
628 2618 705 2644 nain.
722 2618 785 2652 legit
802 2617 1150 2652 Cenyregyalt'wtes(ask).

977 234 1156 258 BULLARIUM
1180 233 1331 258 Ronlanum

1178 280 1373 323 gregationis
1408 280 1578 316 Doctrinae
1603 283 1805 319 Christianae
1839 297 1913 330 pro-

1176 333 1298 366 vinciae
1325 334 1505 376 Romanae,
1523 340 1585 368 tam
1604 337 1642 370 de
1666 337 1735 371 iure
1762 350 1856 382 quam
1874 340 1912 374 de

1176 386 1308 429 antiqua
1333 388 1568 421 consuetudine
1586 394 1617 422 et
1634 391 1735 432 gratia
1752 391 1913 426 Romano-

1176 449 1246 471 rum
1272 440 1473 480 Pontificum,
1494 451 1529 473 ac
1553 442 1689 475 aliorum
1713 444 1910 489 principum,

1177 503 1235 525 seu
1260 493 1506 536 particularium
1538 505 1752 537 personarum
1784 508 1913 541 compe-

1177 545 1284 585 tentia,
1304 551 1367 578 tam
1393 548 1577 589 praesentia
1605 559 1699 591 quam
1720 549 1832 590 sutura,
1851 556 1913 584 tam

1177 608 1332 631 concessa
1359 609 1454 641 quam
1472 600 1688 641 concedenda,
1708 602 1802 635 dictis
1826 613 1914 636 reve-

1176 651 1285 683 rendis
1310 652 1454 694 patribus
1481 653 1624 685 eiusdem
1645 654 1912 697 Congregationis

1177 704 1269 746 regni
1284 704 1441 747 Neapolis,
1461 715 1497 737 ac
1516 706 1708 748 supradictis
1733 718 1843 740 eorum
1864 719 1915 741 ec-

1177 756 1282 789 clesiis
1308 757 1406 799 (dicto
1423 759 1601 791 reverendo
1621 759 1754 793 domino
1772 760 1913 794 Antonio

1177 819 1236 851 pro
1262 808 1325 841 illis
1353 812 1415 842 una
1439 820 1565 843 mecum
1590 811 1716 844 notario
1741 813 1915 855 praesenti-

1177 861 1236 893 bus
1248 866 1279 893 et
1290 863 1543 906 acceptantibus)
1554 864 1841 905 communicarunt,
1850 871 1911 898 etc.

1178 919 1209 945 et
1234 925 1304 947 cum
1330 914 1401 947 aliis
1425 916 1583 958 pactibus,
1604 916 1758 959 capitulis,
1781 928 1914 950 conven-

1179 967 1322 1000 tionibus
1355 973 1386 1000 et
1419 968 1660 1001 conditionibus
1677 970 1857 1003 oeontentis
1882 970 1914 1003 in

1179 1020 1257 1052 solio
1283 1020 1466 1063 supradicto
1498 1031 1558 1063 per
1583 1021 1684 1054 dictos
1716 1023 1913 1056 reverendos

1179 1078 1286 1116 patres
1312 1074 1531 1117 praepositum
1547 1101 1554 1114 ,
1581 1074 1649 1107 vice
1675 1075 1913 1118 praepositum,

1180 1125 1379 1167 definitores,
1399 1137 1434 1159 ac
1450 1128 1661 1160 reverendum
1678 1128 1843 1160 dominum
1858 1128 1916 1161 An-

1179 1178 1303 1211 tonium
1328 1179 1547 1222 praedictum,
1583 1179 1767 1213 nominibus
1799 1179 1914 1223 quibus

1180 1242 1287 1275 supra,
1316 1232 1402 1275 quod
1427 1232 1516 1271 mihi,
1543 1237 1618 1274 etc.,
1646 1233 1917 1275 consignaverunt

1179 1285 1217 1317 ad
1244 1284 1392 1318 effectum
1423 1284 1589 1318 inserendi
1621 1285 1652 1318 in
1678 1286 1842 1328 praesenti
1868 1285 1917 1318 in-

1180 1343 1357 1370 strumento
1386 1338 1507 1371 tenoris
1534 1331 1719 1381 sequentis,
1747 1338 1915 1371 videlicet:

1181 1407 1306 1441 Capitoli
1337 1416 1391 1441 per
1423 1409 1550 1435 l'unione
1579 1409 1657 1435 della
1686 1409 1918 1442 congregazione

1217 1453 1293 1479 della
1311 1452 1447 1479 Dottrina
1464 1453 1610 1480 cristiana
1634 1453 1681 1480 del
1705 1460 1795 1486 regno
1816 1453 1844 1479 di
1861 1454 1917 1480 Na-

1216 1496 1277 1530 poli
1297 1504 1352 1523 con
1373 1498 1401 1523 la
1422 1497 1654 1531 congregazione
1682 1497 1760 1523 della
1780 1496 1918 1523 nuttrina

1218 1541 1366 1568 cristiana
1386 1541 1414 1567 di
1435 1541 1534 1567 Roma.

1187 1595 1189 1597 ¹
1227 1613 1249 1636 1.
1277 1602 1342 1635 Che
1368 1603 1397 1635 la
1422 1601 1678 1644 congregazione
1697 1600 1727 1634 di
1744 1600 1857 1644 Napoli
1879 1600 1920 1633 ri-

1184 1667 1322 1690 conosca
1347 1666 1362 1688 e
1389 1655 1564 1688 obbedisca
1588 1654 1608 1687 li
1635 1654 1798 1697 superiori
1824 1664 1920 1696 gene-

1184 1710 1243 1743 rali
1269 1710 1355 1742 della
1380 1707 1638 1750 congregazione
1664 1706 1694 1739 di
1725 1707 1842 1746 Roma,
1872 1706 1920 1750 pi-

1186 1763 1314 1805 gliando
1339 1762 1360 1795 il
1386 1762 1482 1794 modo
1508 1761 1538 1793 di
1564 1760 1683 1800 vivere,
1710 1760 1832 1802 regole,
1850 1770 1920 1792 con-

1185 1815 1348 1848 stituzioni
1375 1825 1390 1847 e
1417 1813 1539 1847 decreti
1565 1813 1595 1846 di
1621 1817 1744 1856 questa.

1231 1879 1265 1902 11.
1293 1868 1358 1900 Che
1384 1868 1413 1900 la
1449 1866 1707 1908 congregazione
1733 1865 1763 1898 di
1788 1864 1919 1908 Napoli,

1187 1933 1248 1955 con
1274 1921 1343 1953 tutti
1369 1920 1391 1953 li
1415 1920 1537 1962 luoghi‚
1559 1920 1619 1952 che
1641 1920 1672 1952 di
1690 1923 1842 1962 presente
1869 1918 1919 1958 ha,

1188 1986 1203 2007 e
1222 1975 1253 2007 in
1272 1975 1378 2007 futuro
1395 1974 1511 2005 havera
1528 1973 1582 2005 nel
1604 1972 1693 2005 detto
1718 1982 1827 2014 regno,
1850 1982 1922 2004 con·

1187 2028 1330 2061 stituisca
1362 2026 1527 2070 provincia
1563 2030 1711 2068 separata
1743 2025 1781 2057 da
1812 2035 1923 2067 gover-

1187 2081 1273 2114 narsi
1300 2081 1350 2113 dal
1375 2090 1432 2112 suo
1458 2079 1669 2122 provinciale,
1700 2078 1759 2110 che
1786 2078 1813 2110 si
1838 2079 1923 2121 eleg-

1188 2135 1263 2176 gera
1282 2133 1356 2175 ogni
1375 2138 1421 2165 tre
1439 2132 1512 2164 anni
1532 2132 1570 2164 da
1588 2131 1656 2163 tutti
1675 2131 1696 2164 li
1718 2131 1828 2163 rettori
1847 2131 1922 2164 delli

1189 2185 1300 2228 luoghi
1328 2186 1378 2218 del
1396 2194 1506 2226 regim,
1525 2193 1585 2215 con
1603 2194 1645 2215 un
1663 2194 1844 2226 compagno
1867 2193 1924 2226 per

1189 2239 1339 2272 ciascuno
1365 2237 1404 2270 da
1429 2235 1586 2279 eleggersi
1613 2236 1651 2268 da
1676 2236 1823 2268 ciascuna
1840 2236 1924 2268 sami-

1190 2291 1265 2334 glia,
1284 2301 1345 2323 con
1364 2289 1566 2322 l'assistenza
1590 2288 1671 2321 d'un
1697 2289 1866 2332 superiore
1884 2289 1924 2322 al-

1189 2354 1285 2377 meno
1311 2344 1458 2386 generale
1493 2342 1578 2374 della
1606 2341 1861 2384 congregazione
1892 2341 1923 2374 di

1190 2397 1289 2430 Roma
1306 2424 1313 2436 ,
1340 2407 1355 2429 e
1382 2396 1411 2428 di
1437 2406 1479 2428 un
1505 2406 1683 2438 compagno
1709 2396 1793 2428 della
1815 2395 1924 2427 mede-

1191 2450 1277 2491 sima,
1296 2449 1383 2493 quali
1409 2459 1487 2482 anco
1508 2454 1690 2488 votemnno,
1713 2448 1880 2481 conforme
1894 2449 1923 2481 le

1192 2502 1427 2535 constituzioni.
1491 2504 1493 2507 '

1237 2566 1284 2588 111.
1301 2555 1365 2587 Clio
1380 2555 1464 2587 nella
1481 2554 1565 2586 detta
1583 2553 1838 2596 congregazione
1855 2564 1926 2598 pro-

1193 2608 1326 2641 vinciale
1345 2608 1471 2649 godano
1496 2608 1524 2639 la
1550 2617 1627 2639 voce
1652 2607 1747 2639 attiva
1768 2618 1783 2640 e
1802 2608 1926 2652 passiva

1913 239 1962 268 An.
1984 240 2012 268 C.
2035 241 2100 269 1667
