2247 3208
130 235 179 262 fin.
202 235 230 262 C.
251 235 316 263 1666

153 665 268 691 Episcopus
278 672 301 686 ot·

125 692 218 713 duntur.

155 1457 230 1477 <tantm
243 1457 311 1477 Calvi-

129 1488 194 1504 rtctas
216 1486 310 1503 decerta<

918 235 955 258 AL
961 235 1037 258 Exn
1044 232 1106 256 DER
1131 234 1173 257 Vll
1201 234 1248 257 PP.

324 284 448 316 enormi
472 284 587 317 civium
613 283 713 323 clade,
733 284 764 316 in
788 295 851 327 qua
874 283 1061 316 Franciscus

322 341 385 368 tam
410 342 562 376 amanter,
591 341 866 379 tam-constanter,
890 341 953 368 tam
974 336 1062 368 indu·

321 389 397 421 strie
424 399 560 432 corpora
591 390 779 432 animosque
816 394 882 421 tum
910 388 1060 421 subsidiis

322 446 387 475 tum
411 442 610 475 documentis
635 442 831 485 procuravit,
848 447 882 474 ut
912 441 1060 475 omnibus

322 500 354 529 et
378 496 500 538 stupori
526 500 558 528 et
590 495 691 528 amori
723 495 836 535 suerit,
869 494 1061 538 praesertim

321 559 392 581 cum
417 548 524 581 onmia
549 548 706 591 pecuniae
731 547 935 587 adiumenta,
969 556 1062 589 prae-

322 601 415 644 cipue
455 601 493 633 ab
518 601 669 643 episcopo
695 599 850 633 Granerio
877 599 1057 642 impartita,

320 658 509 687 recusasset.
554 652 756 695 Quapropter
796 652 981 695 episcopus,
1009 652 1059 685 his

320 707 506 740 certissimis
539 705 770 738 sanctimoniae
814 705 944 738 indiciis
977 716 1060 738 com-

320 761 443 803 pulsus,
463 770 536 792 eum
548 758 608 791 sibi
627 758 846 791 coadiutorem
864 758 1059 801 episcopalis

321 822 414 846 curae
440 811 621 851 destinavit,
638 811 825 854 rogavitque
846 815 1060 844 memoratum

320 865 608 908 praedecessorem
634 870 778 896 nostrum
796 863 1007 903 Clementem,
1025 869 1060 895 ut

320 918 525 950 Franciscum
541 944 548 955 ,
577 927 672 960 quem
697 917 830 949 Romam
856 917 898 949 ob
923 916 1061 949 catholi-

321 982 376 1003 cae
403 970 477 1004 fidei
511 970 643 1013 negotia
673 970 844 1010 mittebat,
876 970 1060 1003 huiusmodi

321 1024 476 1067 dignitate
506 1028 658 1063 ornaret;
687 1023 770 1066 quod
796 1023 882 1055 idem
913 1022 1058 1056 Clemens

321 1076 532 1110 libentissime
558 1076 741 1119 praestitit,
773 1075 966 1118 cognitaque
991 1075 1059 1108 eius

321 1129 467 1163 doctrina
493 1139 550 1172 per
575 1140 708 1162 examen
734 1129 773 1161 de
804 1137 892 1161 more
921 1129 1059 1161 interro-

323 1184 405 1224 gata,
430 1182 579 1214 eumdem
604 1181 643 1214 ad
669 1182 768 1224 pedes
786 1182 971 1214 devolutum
997 1193 1061 1214 am-

320 1235 452 1277 plexans
474 1234 523 1266 his
549 1235 654 1267 verbis
679 1234 818 1267 dimisit:
850 1235 974 1272 «Vade,
1003 1234 1059 1274 fili,

320 1293 351 1319 et
374 1287 451 1319 bibe
468 1298 585 1329 aquam
603 1287 641 1319 de
656 1287 794 1319 cisterna
813 1289 875 1325 tua,
892 1292 923 1319 ct
937 1288 1059 1320 fluenta

320 1340 407 1382 putei
433 1340 488 1379 tui,
515 1340 699 1372 deriventur
726 1340 830 1373 sontes
848 1341 891 1373 tui
914 1341 1009 1381 soras,
1028 1347 1060 1374 et

322 1394 353 1425 in
380 1393 494 1436 plateis
519 1403 619 1435 aquas
646 1399 714 1425 tuas
740 1394 844 1426 divide
861 1407 890 1426 n.

366 1447 380 1489 ἕ
405 1446 436 1479 8.
463 1446 564 1489 Igitur
590 1446 652 1478 hoc
677 1453 869 1480 ornamento
899 1453 1059 1491 tamquam

324 1510 402 1532 novo
417 1505 445 1532 et
466 1499 687 1542 potentissimo
702 1500 864 1542 praesidio
877 1500 1058 1541 instructus,

325 1554 355 1586 in
380 1564 473 1585 omne
499 1553 639 1585 studium
666 1552 912 1595 amplificandae
932 1554 1060 1596 religio-

323 1607 372 1638 nis
397 1606 577 1638 catliolicae
596 1610 627 1637 ct
648 1605 794 1637 haeresis
819 1605 1059 1639 imminuendae

322 1670 391 1691 sese.
414 1658 536 1691 effudit.
556 1659 732 1691 Annesium
750 1669 928 1701 regressus,
954 1660 1060 1692 omnia

323 1712 413 1744 solus
437 1712 528 1744 obire
556 1713 626 1744 loco
651 1711 794 1754 episcopi
827 1712 985 1751 absentis,
1013 1713 1061 1744 in-

322 1765 454 1797 stituere
479 1765 698 1803 seminarium,
718 1776 752 1796 ac
770 1771 913 1797 sanctam
932 1766 1060 1798 domum

325 1818 448 1851 Tononi
486 1819 636 1860 erigere,
675 1818 790 1850 artium
829 1819 988 1851 officinam
1031 1825 1061 1852 et

325 1873 479 1904 mercium
506 1872 708 1914 emporium,
740 1877 772 1903 ut
801 1872 886 1904 cives
911 1877 940 1904 et
967 1871 1063 1904 liniti-

325 1935 394 1958 mos
406 1936 422 1957 a
437 1924 671 1957 Genevensium
685 1925 876 1957 commercio
892 1931 1061 1964 averteret,

325 1988 444 2020 gnarus
469 1978 606 2020 populos
640 1978 775 2010 maxime
806 1978 971 2021 corrumpi
1004 1989 1063 2021 per

327 2030 520 2063 commercia
544 2041 616 2062 cum
640 2030 720 2073 ipsis
738 2030 859 2063 habita.
890 2030 998 2074 Neque
1016 2031 1061 2063 illi

326 2093 409 2115 nova
435 2084 634 2116 exercendae
660 2084 857 2116 constantiae
876 2090 1063 2125 argumenta

327 2136 472 2168 defuere.
499 2135 648 2167 Inimicus
676 2136 871 2167 zizaniarum
897 2141 985 2169 sator
1010 2147 1064 2169 ox-

327 2188 479 2220 citaverat
503 2188 585 2220 inter
609 2188 718 2220 Gallos
746 2194 776 2220 et
807 2188 971 2221 Sabandos
1000 2189 1064 2221 bel-

329 2241 416 2280 lum,
450 2241 538 2272 cuius
569 2240 737 2273 occasione
774 2240 823 2272 usi
860 2240 1062 2274 Genevenses

330 2293 502 2331 haeretici,
535 2293 641 2335 specie
675 2293 805 2333 auxilii,
842 2294 928 2336 quod
965 2294 1063 2327 Gallis

329 2344 516 2384 atterebant,
542 2345 711 2378 Chcblasio
737 2351 768 2378 et
792 2346 947 2379 Torniaco
972 2356 1065 2379 occu-

330 2398 428 2441 patis,
466 2398 539 2430 inde
570 2398 719 2430 curiones
753 2399 930 2431 catholicos
957 2401 1065 2442 expel-

330 2452 417 2491 lunt;
444 2461 481 2482 ac
496 2457 674 2493 praeterea,
691 2451 798 2484 missis
815 2451 847 2483 in
865 2462 965 2494 pagos
983 2457 1015 2484 et
1031 2453 1063 2483 fi-

331 2503 442 2536 nitima
459 2503 579 2546 oppida
593 2503 798 2537 Calvinianae
817 2505 959 2538 haeresis
973 2515 1065 2548 prae-

331 2556 521 2596 dicantibus,
548 2562 703 2589 venenata
727 2557 850 2590 semina
875 2557 996 2601 ubique
1020 2558 1065 2590 ia-

332 2608 430 2649 ciunt,
448 2614 478 2641 et
495 2609 655 2641 catholica
669 2614 735 2641 sata
753 2609 954 2643 exscindunt.
975 2609 1063 2648 Quod

1738 222 1802 255 435
1848 231 1897 257 An.
1919 229 1948 257 e.
1968 230 2035 257 ¹60ss

1105 281 1160 313 ubi
1186 281 1374 314 Franciscus
1402 280 1555 320 advertit,
1582 291 1647 312 non
1674 280 1843 312 immemor

1104 334 1189 366 illius
1215 334 1341 366 divinae
1366 334 1558 365 sententiae:
1584 346 1596 364 «ι
1612 334 1642 366 Si
1668 333 1843 366 consistant

1105 387 1277 419 adversum
1303 397 1352 418 me
1378 391 1506 426 castra,
1533 396 1597 419 non
1627 386 1752 419 timebit
1786 396 1843 418 cor

1103 449 1211 470 meum
1230 449 1237 477 ;
1256 438 1282 470 si
1298 437 1306 454 ¹
1331 439 1476 481 insurgat
1500 439 1665 479 adversum
1684 450 1733 472 me
1748 450 1843 482 prae-

1104 491 1203 530 lium,
1228 490 1260 522 in
1295 491 1358 523 hoc
1390 501 1450 533 ego
1477 491 1612 534 sperabo
1646 504 1682 529 n,
1715 492 1842 525 fortiter

1103 554 1139 576 ac
1164 543 1315 585 religiose
1341 543 1456 587 irrupit
1481 543 1512 576 in
1534 549 1647 580 castra,
1663 545 1841 588 ductusque

1103 607 1120 628 a
1157 596 1316 629 militibus
1337 606 1424 629 more
1449 596 1568 629 bellico
1598 597 1636 629 ad
1671 597 1841 630 Vinia-:um

1103 650 1266 693 regiarum
1303 649 1510 682 excubiarum
1546 651 1769 693 praesectum,
1801 652 1840 683 ab

1104 714 1141 736 eo
1163 708 1315 746 exceptus
1341 703 1680 746 pcrquamhonorisice
1707 704 1779 743 suit,
1805 716 1841 737 ac

1103 756 1254 789 dimissus
1290 767 1361 788 cum
1402 757 1501 799 regiis
1541 757 1681 797 litteris,
1725 758 1841 800 quibus

1102 809 1378 854 praecipiebatur,
1405 821 1445 842 ne
1471 810 1645 853 quicquam
1666 811 1697 842 in
1715 811 1842 853 religio<

1102 863 1150 895 nis
1176 863 1307 906 negotio
1333 863 1555 903 innovaretur;
1583 863 1740 906 quidquid
1765 874 1841 896 vero

1103 916 1176 949 novi
1194 917 1360 949 inductum
1386 916 1479 955 soret,
1506 915 1538 947 in
1564 916 1735 958 pristinum
1754 927 1840 949 revo-

1103 974 1240 1002 caretur.

1146 1021 1215 1065 §9-
1243 1021 1352 1065 Neque
1384 1026 1552 1054 contentus
1588 1022 1648 1055 liae
1681 1022 2036 1079 Vissfflsffi’rt·'11'0⁰.‡3¹¹¹⁰t-.¹,'.;5;

1103 1085 1160 1118 per
1192 1086 1286 1118 quam
1320 1075 1434 1107 amissa
1473 1080 1701 1115 revocaverat,
1743 1076 2007 1108 alianismo‘suma'n.

1103 1129 1223 1168 retulit,
1251 1139 1309 1172 per
1330 1139 1425 1171 quam
1444 1128 1560 1160 damna
1577 1128 1686 1160 intulit
1699 1129 1838 1169 haeresi,

1102 1182 1251 1224 religioni
1275 1192 1353 1214 vero
1374 1181 1610 1213 incrementum
1628 1181 1745 1214 attulit.
1760 1182 1839 1214 Cum

1103 1235 1188 1268 enim
1208 1245 1286 1277 ager
1310 1234 1463 1267 Gexensis
1485 1235 1542 1265 sul)
1560 1234 1722 1267 Gallorum
1741 1235 1840 1267 domi-

1102 1288 1156 1320 nio
1180 1293 1271 1327 esset,
1287 1288 1325 1320 ad
1341 1298 1450 1330 regem
1465 1287 1622 1319 Lutetiam
1641 1298 1673 1319 se
1693 1288 1839 1328 contulit,

1102 1342 1141 1373 ab
1160 1351 1265 1384 eoque
1283 1341 1405 1373 litteras
1424 1340 1572 1379 obtinuit,
1592 1340 1708 1383 quibus
1726 1341 1840 1373 liceret,

1102 1395 1163 1438 ipsi
1188 1394 1220 1426 in
1241 1404 1316 1436 agro
1340 1394 1459 1425 habere
1479 1394 1517 1425 de
1535 1394 1840 1426 catholicaveritate

1103 1448 1290 1483 conciones,
1317 1457 1454 1489 quarum
1480 1447 1582 1489 gratia
1603 1451 1633 1479 et
1652 1446 1839 1479 efficacitate

1103 1501 1257 1544 plurimos
1269 1500 1431 1533 Ecclesiae
1444 1500 1590 1532 subiecit.
1606 1500 1737 1531 t'atetmt
1753 1500 1839 1532 enim

1103 1555 1226 1586 summa
1252 1559 1284 1585 et
1300 1553 1518 1585 efficacissima
1537 1552 1665 1585 dicendi
1685 1553 1838 1595 potemia,

1104 1617 1199 1649 quam
1225 1606 1271 1639 illi
1298 1617 1313 1638 e
1341 1607 1431 1638 caelo
1461 1605 1686 1638 conciliaverat
1719 1616 1839 1637 summa

1104 1658 1210 1690 cordis
1236 1657 1493 1689 innocentissimi
1518 1657 1678 1695 sanctitas,
1705 1657 1784 1689 adeo
1809 1662 1843 1688 ut

1104 1710 1391 1743 christianissimus
1417 1720 1471 1742 rex
1491 1710 1654 1742 neminem
1674 1710 1711 1741 ad
1734 1710 1841 1741 lacobi

1103 1765 1189 1806 regis
1230 1764 1362 1805 Angliac
1414 1763 1555 1795 anituum
1601 1763 1841 1795 vom-itiaudum

1104 1822 1198 1859 atque
1225 1817 1263 1848 ad
1286 1816 1453 1848 veritatem
1469 1816 1662 1847 llcctcndtun
1684 1815 1842 1857 aptiorem

1104 1869 1276 1901 Francisco
1311 1868 1555 1907 existimaverit,
1590 1873 1620 1899 et
1652 1868 1768 1900 Paulus
1794 1869 1841 1908 Y,

1105 1922 1339 1965 praedecessor
1354 1927 1461 1954 noster
1479 1921 1579 1953 felicis
1598 1921 1841 1960 recordationis,

1105 1976 1230 2018 aliquot
1255 1981 1326 2018 post
1350 1985 1450 2007 annos
1476 1975 1625 2007 eumdem
1647 1974 1845 2016 delegaverit

1106 2029 1144 2061 ad
1170 2028 1411 2071 componendas
1437 2027 1638 2065 discordias,
1664 2037 1744 2070 quae
1771 2028 1845 2058 sul›-

1105 2087 1195 2114 ortae
1221 2081 1349 2113 fueraut
1372 2080 1456 2112 inter
1481 2080 1647 2112 Alhertum
1664 2085 1695 2111 ct
1719 2079 1843 2111 Claram

1105 2134 1279 2177 Eugeniam
1317 2133 1508 2165 archiduces
1540 2139 1571 2166 ct
1595 2134 1717 2165 clerum
1749 2133 1846 2165 comi-

1108 2193 1190 2219 tatus
1217 2187 1436 2229 Burgundiae.

1151 2231 1165 2283 ξ
1189 2239 1242 2272 tO.
1277 2239 1424 2277 Quamvis
1449 2245 1553 2272 autem
1583 2239 1844 2273 ardentissimum
1871 2247 2039 2285 »eurupam-m·

1108 2293 1202 2326 suerit
1226 2293 1295 2325 eius
1321 2293 1353 2324 in
1380 2293 1582 2336 procuranda
1619 2304 1652 2325 re
1686 2278 2040 2336 catholicasssiiffsssi·a''s¹-2iifs⁸tj¹2i3

1107 2346 1256 2385 studium,
1279 2346 1354 2378 dum
1378 2345 1548 2378 coadiutor
1573 2346 1638 2385 suit,
1666 2346 1779 2377 laxatit
1798 2330 2039 2379 ni-iiitifflwu'w

1108 2399 1284 2431 hilominus
1316 2399 1480 2431 universas
1506 2399 1648 2431 habenas
1675 2399 1844 2438 charitati,

1108 2463 1191 2491 cum,
1217 2452 1325 2484 audita
1339 2452 1413 2484 hinc
1433 2452 1585 2495 parentis,
1606 2451 1681 2483 hinc
1699 2452 1845 2494 episcopi

1108 2505 1253 2537 Granerii
1280 2510 1394 2543 morte,
1420 2515 1558 2548 quorum
1584 2505 1677 2548 primi
1700 2510 1845 2547 potestas

1144 2621 1153 2644 1
1175 2618 1334 2645 Particulam
1349 2619 1374 2646 si
1390 2626 1437 2646 nos
1453 2617 1576 2645 addimus
1590 2620 1627 2650 (n.
1640 2618 1688 2653 r).
