2247 3208
201 268 391 299 ..in.c.1f›69
438 258 500 292 780

201 336 247 351 mus
264 332 310 360 posi
329 330 385 356 pno-
396 317 544 348 uuiversa
560 315 686 346 laborat
703 310 970 353 Congregatione‚
987 310 1073 342 unde
1091 309 1130 341 ti-

202 363 245 378 mu
261 359 384 382 '⁵³¹³'ffl‘m'
397 370 496 401 tulum
522 365 741 409 procuratoris
761 363 919 406 generalis
945 362 1080 402 obtinet,
1099 362 1132 394 in
1152 369 1154 398 ξ

395 419 601 453 monasteriis
627 418 721 451 L'rbis
746 422 778 450 et
802 422 902 456 extra,
924 417 1031 449 locum
1048 426 1131 448 sem-

395 484 454 517 per
478 477 586 505 teneat
610 471 794 504 immediate
826 475 901 512 post
931 469 1074 513 priorem
1099 481 1129 501 ».

439 527 453 569 g
476 525 507 557 2.
534 525 610 557 Cum
635 530 754 563 autem,
781 515 862 556 sicut
892 523 1004 555 eadem
1035 532 1133 564 expo-

395 581 467 613 sitio
493 578 710 621 subiungebat
730 578 889 619 (vertente
910 576 996 608 inter
1013 575 1133 607 dictum

395 633 553 674 Angelum
588 635 836 675 procuratorem
877 630 1062 671 generalem
1095 639 1132 660 ex

394 688 457 719 una
488 691 519 718 et
551 685 700 718 dilectum
726 683 849 726 pariter
873 682 973 715 filium
1005 682 1154 717 moder-¹

395 749 471 771 num
496 737 645 770 abbatem
671 736 747 768 dicti
773 735 961 768 monasterii
987 734 1018 766 S.
1046 733 1132 766 Petri
1153 721 1155 770 l

395 792 434 824 ad
459 791 589 823 Vincula
620 800 655 821 ex
689 790 791 821 altera
826 788 972 830 partibus
997 786 1051 819 lite
1077 785 1155 827 seu}

395 843 612 876 controversia
644 843 683 875 de
717 848 748 875 et
778 850 875 884 super
905 829 1155 890 praecedentia:

394 897 479 929 inter
503 896 592 938 ipsos
617 895 766 928 habenda
794 893 983 937 praesertim
1010 893 1043 924 in
1068 897 1155 932 ino-t

395 948 536 982 nasterio
561 948 591 981 S.
620 947 781 980 Laurentii
809 952 898 979 extra
922 955 1028 978 muros
1054 940 1155 977 eius-³

395 1002 467 1034 dem
504 1000 795 1043 Congregationis,
837 1010 931 1042 quam
971 998 1155 1041 praefatus}

394 1054 524 1097 quidem
545 1054 685 1095 Angelus
706 1057 897 1095 procurator
919 1051 1077 1093 generalis
1093 1050 1133 1083 vi-
1154 1043 1155 1048 ¹

395 1118 472 1150 gore
499 1107 620 1139 decreti
646 1106 847 1149 praeinserti,
868 1105 969 1137 dictus
987 1114 1062 1137 vero
1080 1104 1134 1136 ab-
1154 1114 1155 1124 ¹

393 1159 451 1192 bas
477 1159 510 1191 in
537 1159 597 1191 vim
624 1158 890 1191 constitutionum
923 1156 1025 1199 ipsius
1053 1155 1134 1188 Con-

395 1211 603 1255 gregafionis,
623 1211 815 1244 auctoritate
833 1210 1009 1252 apostolica
1027 1213 1058 1241 et
1073 1219 1132 1241 usu

390 1264 478 1307 ipso,
506 1270 541 1297 ut
566 1263 731 1302 asseritur,
758 1262 1051 1305 comprobatarum,
1073 1261 1132 1293 sibi
1154 1276 1155 1282 1

397 1322 583 1360 competere
610 1315 787 1358 respective
813 1314 1083 1357 praetendebant)
1154 1315 1155 1342 l

441 1369 455 1411 ἓ
479 1368 510 1401 3.
538 1368 707 1401 Decretum
734 1366 828 1399 suerit
853 1376 869 1398 a
894 1366 979 1398 dieta
1004 1365 1135 1398 Candia-

399 1422 490 1454 nensi
518 1421 621 1453 dictae
646 1419 920 1461 congregationis,
939 1418 1023 1461 quod
1048 1428 1135 1460 prae-

399 1474 502 1508 dictus
520 1474 618 1506 abbas
637 1472 823 1505 monasterii
841 1472 871 1503 S.
894 1472 977 1503 Petri
1003 1472 1041 1503 ad
1063 1471 1135 1503 Vin-

399 1528 471 1560 cula
484 1526 741 1559 manuteuendus
753 1530 834 1557 esset
848 1524 879 1556 in
892 1526 949 1556 sua
957 1523 1046 1566 quasi
1064 1534 1135 1566 pos-

400 1579 540 1612 sessione
568 1577 784 1621 praecedendi
817 1577 902 1609 dieto
933 1575 1133 1620 procuratori

400 1632 544 1675 generali
559 1631 590 1663 in
607 1631 694 1663 dicto
710 1630 906 1662 monasterio
924 1629 954 1662 S.
971 1628 1134 1661 Laurentii

400 1690 489 1717 extra
513 1694 633 1721 muros,
659 1689 690 1716 et
719 1682 836 1725 ubique
868 1683 900 1714 in
933 1681 1134 1724 pertinentiis

400 1736 494 1769 Urbis
521 1737 693 1779 praefatae,
709 1741 872 1768 reservato
899 1740 1005 1767 tamen
1030 1735 1136 1768 eidem

400 1790 605 1833 procuratori
632 1789 774 1832 generali
801 1789 868 1821 iure
901 1788 1059 1831 probandi
1086 1793 1158 1830 sii-j

401 1843 582 1886 pradictum
601 1842 767 1875 decretum
786 1842 960 1884 capitulare
987 1841 1084 1873 fuisse
1107 1846 1137 1873 et
1157 1867 1158 1872 ,

401 1906 471 1928 esse
497 1896 657 1928 munitum
683 1894 923 1927 confirmatione
949 1895 1135 1937 apostolica,

400 1947 443 1980 ita
469 1954 503 1980 ut
529 1948 597 1980 eius
622 1947 661 1980 sit
685 1948 814 1980 roboris
841 1953 872 1979 et
896 1946 1071 1985 momenti,
1105 1935 1158 1987 ut}

400 2000 463 2032 vim
489 2000 608 2032 habeat
627 1999 803 2041 derogandi
823 1999 996 2041 praedictis
1021 1998 1138 2031 consti·
1157 1992 1159 2011 ³

401 2052 577 2085 tutionibus
609 2053 753 2095 praefata
789 2051 977 2083 auctoritate
1014 2056 1046 2083 et
1080 2038 1159 2083 usuy

400 2104 628 2147 comprobatis,
651 2109 679 2137 et
708 2104 786 2136 alias
811 2109 906 2146 prout
931 2103 963 2136 in
988 2103 1059 2146 ipso
1085 2103 1159 2135 cle-z

401 2162 490 2190 creto
509 2157 560 2190 die
586 2167 656 2190 xxvi
682 2156 792 2200 aprilis
810 2157 952 2199 proxime
971 2155 1137 2199 praeteriti

401 2209 434 2241 in
460 2210 542 2242 dicta
567 2210 652 2242 dieta
670 2210 756 2242 edito
775 2209 905 2242 uberius
931 2209 1047 2241 dicitur
1068 2219 1138 2241 con·

401 2261 514 2301 lineri,
541 2273 680 2305 cumque
706 2262 827 2295 decreti
861 2262 1042 2294 huiusmodi
1069 2262 1140 2295 sun-

402 2314 552 2346 damenta
576 2315 707 2347 minime
732 2315 916 2354 subsistant,
941 2325 977 2347 ac
1001 2314 1139 2358 proinde

402 2366 630 2409 primodictum
655 2368 823 2400 decretum
851 2368 968 2400 servari
1001 2368 1138 2400 debeat:

403 2418 498 2451 nobis
523 2426 699 2462 propterea
723 2420 887 2463 praefatus
914 2422 1056 2463 Angelus
1073 2431 1141 2463 pro-

403 2477 533 2504 curator
565 2473 723 2513 generalis
759 2473 924 2506 humiliter
966 2473 1139 2516 supplicari

403 2524 478 2556 fecit
508 2529 543 2555 ut
575 2525 634 2556 sibi
669 2525 698 2556 in
734 2526 919 2567 praemissis
957 2531 1140 2568 opportune

402 2577 574 2620 providere
601 2582 632 2609 et
657 2583 689 2608 ut
715 2577 796 2609 infra
828 2579 997 2619 indulgere
1023 2578 1061 2610 de
1086 2578 1142 2610 be-

403 2630 558 2672 nignitate
583 2630 763 2673 apostolica
781 2631 997 2672 dignaremur.

237 538 384 559 Controversia

202 568 281 586 exorta.

230 1374 291 1396 Aliud
313 1374 385 1395 decre-

202 1403 255 1423 12:11.

977 260 1157 285 RULLARIUM
1180 259 1331 283 ROMAM'M

1914 254 1968 281 An.
1984 253 2014 281 C.
2036 253 2105 280 1669

1217 308 1232 350 ἓ
1257 307 1288 338 4.
1315 306 1378 338 Nos
1399 306 1503 348 igitur,
1525 305 1627 348 ipsum
1654 305 1811 347 Angelum
1837 315 1910 348 pro·
1929 314 2104 346 operatummui

1174 365 1358 392 curatorem
1384 359 1570 401 generalem
1595 359 1789 400 specialibus
1824 343 2104 391 savo-l'a'iiim‘i'oxiiifiiiil

1173 413 1262 445 ribus
1287 416 1320 444 et
1346 411 1456 454 gratiis
1486 410 1639 453 prosequi
1668 411 1822 449 volentes,
1839 415 1871 443 et
1894 398 1961 442 am*

1176 465 1339 508 quibusvis
1357 463 1707 504 excommunicationis,
1726 463 1911 506 suspensio-

1175 518 1226 551 nis
1251 523 1284 551 et
1307 517 1494 557 interdicti,
1522 516 1657 559 aliisque
1683 515 1910 548 ecclesiasticis

1177 571 1344 604 sententiis
1369 570 1513 603 censuris
1538 574 1569 602 et
1588 569 1713 612 poenis,
1732 579 1749 601 a
1768 569 1837 601 iure
1860 570 1911 602 vel

1177 623 1217 656 ab
1243 623 1386 663 homine,
1405 622 1514 665 quavis
1541 622 1715 654 occasione
1737 622 1789 654 vel
1817 623 1913 654 causa

1175 675 1264 715 latis,
1292 676 1316 708 si
1344 675 1463 718 quibus
1496 674 1747 717 quomodolibet
1776 673 1912 707 innoda-

1177 734 1227 761 tus
1243 728 1358 768 existit,
1373 728 1411 760 ad
1426 727 1573 760 effectum
1584 727 1803 770 praesentium
1820 727 1913 760 dum-

1178 786 1264 814 taxat
1287 781 1572 824 consequendum,
1601 780 1716 812 harum
1749 779 1833 813 serie
1859 780 1913 813 ab·

1175 835 1336 866 solventes
1362 838 1394 866 et
1416 833 1597 866 absolutum
1630 833 1696 866 sore
1729 839 1910 872 censentes,

1176 886 1360 919 huiusmodi
1385 886 1674 929 supplicationibus
1700 885 1853 925 inclinati,
1873 886 1911 918 de

1176 939 1408 972 nonnullorum
1426 938 1592 971 Romanae
1618 938 1726 971 curiae
1752 939 1913 981 praetato-

1177 1002 1248 1023 rum
1274 1002 1373 1034 super
1398 992 1460 1024 boc
1485 991 1616 1033 negotio
1641 1002 1658 1023 a
1682 991 1775 1024 nobis
1795 991 1913 1034 specia-

1176 1045 1249 1077 liter
1270 1045 1508 1087 deputatorum,
1528 1045 1581 1087 qui
1598 1049 1706 1087 partes
1728 1044 1909 1084 audierunt,

1176 1098 1325 1137 consilio,
1347 1097 1579 1140 praeinsertum
1605 1097 1772 1129 decretum
1797 1096 1914 1139 capitu-

1176 1152 1243 1183 lare
1269 1150 1343 1183 anni
1367 1160 1547 1189 MDcxxvln,
1575 1150 1760 1182 auctoritate
1784 1155 1913 1193 aposto·

1176 1203 1245 1242 lica,
1265 1208 1377 1236 tenore
1395 1203 1624 1246 praesentium,
1642 1201 1867 1235 confirmamus
1882 1207 1914 1234 et

1177 1256 1408 1298 a1;›pr0barnuS,
1431 1256 1544 1298 illique
1571 1255 1764 1288 inviolabilis
1789 1259 1914 1297 aposto-

1177 1308 1255 1341 licae
1281 1308 1438 1340 firmitatis
1464 1308 1565 1340 robur
1589 1307 1769 1347 adnuimus,
1792 1318 1828 1340 ac
1846 1318 1914 1340 oin-

1177 1372 1234 1394 nes
1267 1367 1298 1394 et
1330 1361 1473 1403 singulos
1499 1362 1577 1394 iuris
1604 1367 1635 1393 et
1660 1361 1731 1394 sacti
1757 1361 1911 1401 desectus,

1177 1414 1201 1446 si
1228 1414 1280 1456 qui
1307 1414 1447 1456 desuper
1472 1413 1717 1456 quomodolibet
1734 1413 1914 1445 intervene-

1176 1466 1248 1505 rint,
1275 1468 1477 1509 supplemus.

1221 1518 1279 1562 {5
1299 1519 1519 1551 Decernentes
1545 1518 1632 1561 ipsas
1657 1523 1846 1560 praesentes
1865 1517 1912 1550 lit-

1178 1577 1263 1604 teras
1289 1582 1420 1613 semper
1448 1570 1567 1611 firmas,
1590 1571 1712 1603 validas
1743 1575 1775 1602 et
1806 1569 1912 1602 effica-

1177 1635 1231 1656 ces
1257 1624 1397 1656 existere
1417 1628 1449 1655 et
1473 1624 1555 1663 sore,
1584 1633 1724 1665 suosque
1746 1622 1912 1665 plenarios

1178 1682 1210 1709 et
1234 1676 1380 1718 integros
1407 1674 1541 1707 effectus
1568 1674 1679 1707 sortiri
1697 1679 1730 1707 et
1750 1674 1912 1715 obtinere,

1179 1740 1215 1762 ac
1241 1729 1324 1762 dicto
1351 1730 1474 1771 Angelo
1496 1728 1700 1771 procuratori
1725 1727 1868 1770 generali
1885 1732 1917 1760 et

1180 1783 1251 1816 aliis
1277 1783 1316 1815 ad
1352 1793 1432 1825 quos
1469 1792 1528 1825 pro
1556 1787 1703 1824 tempore
1729 1780 1913 1824 spectabit,

1180 1835 1368 1878 plenissime
1401 1833 1584 1877 suffragari,
1610 1834 1724 1877 sicque
1757 1833 1789 1865 in
1822 1843 1917 1876 prae-

1934 1551 1937 1553 ·
1948 1524 2060 1544 Decretum
2081 1524 2108 1544 ir-

1922 1553 1995 1570 rit-ms.

1157 1888 1287 1921 *missis
1322 1898 1381 1930 per
1411 1897 1636 1930 quoscumque
1673 1886 1797 1919 iudices
1829 1884 1916 1918 ordi-

1180 1941 1289 1973 narios
1325 1946 1356 1972 et
1396 1940 1587 1982 delegatos,
1623 1939 1719 1972 etiam
1744 1948 1915 1972 causarum

1180 1994 1291 2037 palatii
1324 1993 1496 2036 apostolici
1529 1992 1707 2032 auditores,
1733 1990 1866 2024 iudicari
1884 1995 1915 2022 et

1158 2056 1159 2075 t
1181 2046 1307 2079 definiri
1334 2046 1462 2087 debere,
1488 2056 1524 2078 ac
1548 2045 1672 2078 irritum
1707 2049 1739 2077 et
1769 2043 1864 2076 inane
1890 2042 1915 2075 si

1181 2100 1258 2142 quid
1285 2110 1376 2132 secus
1401 2110 1498 2142 super
1522 2099 1572 2131 his
1597 2110 1614 2130 a
1639 2108 1816 2142 quoquam,
1838 2107 1916 2139 qua-

1158 2144 1159 2191 }
1182 2152 1227 2185 vis
1254 2152 1454 2191 auctoritate,
1478 2152 1618 2184 scienter
1641 2151 1689 2182 vel
1716 2150 1914 2192 ignoranter,

1182 2205 1356 2246 contigerit
1379 2203 1541 2236 attentari.

1226 2258 1240 2301 ἓ
1264 2257 1296 2290 6.
1329 2257 1398 2290 Non
1430 2256 1630 2289 obstantibus
1655 2254 1855 2298 praemissis,
1881 2263 1917 2285 ac

1183 2310 1463 2343 constitutionibus
1493 2315 1521 2341 et
1554 2308 1810 2341 ordinationibus
1842 2317 1917 2350 apo-

1184 2363 1313 2403 stolicis,
1328 2372 1463 2401 necnon,
1479 2368 1637 2405 quatenus
1653 2371 1733 2404 opus
1748 2361 1799 2400 sit,
1815 2360 1916 2392 dictae

1184 2416 1459 2460 Congregationis,
1475 2416 1570 2448 etiam
1594 2416 1782 2455 iuramento,
1803 2413 1918 2446 confir-

1184 2470 1323 2503 matione
1349 2469 1537 2512 apostolica,
1563 2469 1611 2501 rel
1637 2468 1746 2511 quavis
1770 2466 1917 2498 firmitate

1185 2524 1246 2556 alia
1258 2523 1423 2562 roboratis,
1438 2522 1562 2554 statutis
1580 2527 1611 2554 et
1625 2519 1916 2559 consuetudinibus,

1185 2576 1360 2619 privilegiis
1396 2586 1546 2618 quoquo,
1579 2574 1710 2607 indultis
1744 2577 1775 2605 et
1803 2572 1917 2605 litteris

1186 2629 1367 2672 apostolicis
1392 2628 1424 2660 in
1449 2628 1643 2660 contrarium
1670 2625 1918 2669 praemissorum

1954 2258 2063 2279 Contraria
2077 2263 2111 2279 ro-

1927 2286 2004 2305 movet.
