2247 3208
107 201 160 228 An.
177 201 206 229 C.
227 201 294 229 1666

301 250 406 289 terris,
434 249 532 282 hodie
548 249 580 281 in
594 250 797 282 sacrosancta
815 248 963 281 Vaticana
982 249 1036 280 ba-

299 303 402 341 silica,
430 302 462 334 in
487 313 550 344 qua
567 302 704 335 solemni
723 302 785 334 ritu
800 312 872 334 cum
892 301 1036 334 eiusdem

297 356 328 389 S.
349 355 384 387 R.
402 355 436 387 Ε.
457 355 684 395 cardinalibus,
699 355 899 398 patriarchis,
915 355 1035 387 archic-

296 408 438 451 piscopis
472 413 504 439 et
535 408 715 452 episcopis,
744 419 779 440 ac
812 408 936 441 dilectis
961 408 1034 440 filiis

296 461 459 494 Romanae
485 461 593 494 curiae
619 461 770 504 praelatis
791 460 980 493 officialibus
1002 465 1034 493 et

297 515 507 548 familiaribus
527 516 655 555 nostris,
676 516 762 549 clero
781 514 918 547 seculari
937 519 967 546 et
990 524 1033 546 re.-

296 567 408 609 gulari,
421 577 455 600 ae
468 568 603 600 maxima
618 567 729 610 populi
745 567 927 609 frequentia
939 576 1032 598 mane

295 620 525 660 convenimus,
552 625 625 663 post
648 619 748 652 trinas
778 629 837 662 pro
862 619 1032 651 canoniza-

294 673 392 706 tionis
418 674 547 706 decreto
572 672 667 705 nobis
686 683 744 715 per
761 672 914 705 dilectum
931 671 1032 704 silium

294 726 436 759 nobilem
460 726 562 758 virum
587 725 736 758 Carolum
761 725 876 758 ducem
902 725 941 758 de
959 724 1031 758 Cre-

294 790 369 823 quy,
389 778 472 822 apud
497 788 556 810 nos
576 778 660 820 regis
682 777 940 811 christianissimi
962 789 1032 811 ora-

293 836 393 864 torem
411 841 469 874 pro
495 836 585 874 parte
604 831 749 864 eiusdem
764 831 849 874 regis
866 836 1030 874 porrectas

291 883 474 927 petitiones,
500 889 575 927 post
599 894 706 916 sacros
724 884 874 927 hymnos,
892 883 1029 925 litanias,

290 936 435 980 aliasque
471 947 604 980 preces,
630 935 769 980 Spiritus
794 936 899 970 Sancti
929 937 1030 980 gratia

290 989 350 1022 rite
376 989 559 1032 implorata,

333 1043 349 1085 ξ)
374 1042 426 1075 18.
455 1043 502 1075 Ad
523 1043 682 1075 honorem
699 1042 918 1076 sanctissimae
938 1048 967 1076 ct
984 1043 1026 1076 in-

290 1095 436 1128 dividuae
451 1095 622 1135 Trinitatis,
638 1095 678 1128 ad
696 1095 924 1129 exaltationem
938 1096 1027 1129 Fidei

289 1149 468 1181 catholicae
494 1153 522 1181 et
549 1148 744 1181 christianae
777 1148 943 1192 religionis
977 1160 1028 1181 au-

288 1206 499 1244 gumentum,
533 1201 726 1234 auctoritate
762 1201 887 1234 Domini
923 1203 1025 1235 nostri

286 1254 358 1286 Iesu
383 1253 514 1294 Christi,
540 1254 708 1286 beatorum
733 1255 956 1297 apostolorum
974 1256 1026 1288 Pc-

285 1307 325 1340 tri
350 1313 382 1341 et
406 1307 506 1346 Pauli,
525 1318 559 1340 ac
579 1310 701 1347 nostra,
727 1310 851 1342 matura
868 1309 1026 1342 delibera-

284 1361 373 1394 tione
397 1360 601 1404 praehabita,
629 1366 661 1394 et
686 1361 792 1394 divina
817 1372 878 1405 ope
896 1362 1025 1406 saepius

284 1413 452 1457 implorata
468 1441 475 1454 ,
502 1424 538 1446 ac
562 1414 601 1446 de
626 1414 860 1448 venerabilium
891 1415 1024 1449 fratrum

283 1473 472 1501 nostrorum
483 1467 626 1501 eiusdem
643 1467 673 1501 S.
694 1461 730 1500 R'.
750 1469 784 1501 E.
802 1469 1023 1510 cardinalium,
1040 1473 1046 1507 l

283 1520 555 1563 patriarcharum,
582 1521 908 1565 archiepiscoporum
937 1528 967 1555 et
991 1534 1046 1556 e-⁴

283 1573 492 1617 piscoporum
509 1574 541 1606 in
559 1573 641 1606 Urbe
657 1575 863 1608 existentium
877 1576 1020 1616 consilio,

283 1626 413 1660 beatum
438 1627 643 1660 Franciscum
660 1628 698 1660 de
716 1627 805 1661 Sales
832 1629 1022 1673 episcopum

284 1678 504 1713 Genevensem
523 1679 674 1713 Sanctum
691 1690 759 1713 esse
775 1681 973 1714 decrevimus
992 1688 1023 1714 et

284 1731 498 1773 definivimus,
520 1743 556 1765 ac
581 1732 771 1766 Sanctorum
796 1735 943 1778 catalogo
968 1736 1022 1768 ad-

282 1785 488 1829 scripsimus,
522 1791 619 1828 prout
654 1787 875 1829 praesentium
910 1795 1020 1822 tenore

282 1838 506 1879 decernimus,
533 1837 704 1883 definimus
729 1845 761 1872 et
793 1841 1018 1875 adscribimus.

281 1891 461 1924 Statuentes
487 1892 526 1924 ab
551 1892 693 1925 Ecclesia
718 1894 890 1928 universali
917 1896 1021 1938 quoli-

280 1945 336 1977 bet
360 1955 445 1977 anno
483 1945 534 1978 die
558 1955 631 1978 xxni·
662 1946 798 1979 ianuarii
832 1949 1020 1981 memoriam

280 1997 348 2030 eius
372 1997 458 2030 inter
490 2003 616 2031 sanctos
652 1998 859 2033 Confessores
892 2001 1020 2034 Pontifi-

280 2061 331 2083 ces
348 2050 402 2094 pia
426 2050 598 2084 devotione
623 2052 725 2085 recoli
751 2052 882 2085 debere.
906 2054 939 2086 ln
964 2066 1020 2088 no-

280 2103 366 2136 mine
391 2103 491 2136 Patris
519 2109 550 2136 et
571 2104 652 2137 ,Filii
678 2110 709 2137 et
733 2105 870 2148 Spiritus
898 2106 1016 2140 Sancti.

282 2156 395 2188 Amen.

326 2209 341 2252 ἓ
366 2209 418 2243 19.
447 2210 582 2254 Parique
609 2212 798 2245 auctoritate
817 2213 966 2246 omnibus
987 2226 1020 2246 u-

152 1053 278 1075 Sanctorum

94 1080 192 1106 catalogo
200 1081 278 1101 adscri-

94 1105 158 1127 baur.

114 2215 252 2242 induigentia.

899 201 1086 224 ALExttNtititt
1112 201 1153 224 vit
1181 202 1228 225 PP-

282 2263 427 2306 tritisque
453 2274 547 2296 sexus
572 2264 837 2298 christifidelibus
854 2277 928 2300 vere
946 2278 1019 2310 poe-

281 2315 458 2348 nitentibus
484 2321 515 2349 et
539 2318 703 2357 confessis,
724 2318 778 2361 qui
796 2320 889 2351 annis
913 2320 1020 2363 singu-

281 2369 320 2401 lis
346 2369 429 2402 dicta
455 2369 505 2403 die
531 2381 603 2403 xxtx
627 2370 765 2403 ianuarii
791 2373 1018 2415 sepulchrum,

280 2423 314 2455 in
340 2433 404 2466 quo
429 2423 498 2455 eius
524 2434 642 2466 corpus
669 2429 859 2465 asservatur,
877 2425 1019 2459 visitave-

282 2475 359 2516 rint,
385 2483 509 2520 septem
534 2487 636 2510 annos
662 2482 692 2510 et
718 2477 849 2510 totidem
881 2479 1019 2522 quadra-

282 2539 380 2571 genas
406 2530 444 2562 de
469 2529 622 2562 iniunctis
641 2531 700 2570 eis,
717 2536 767 2563 aut
786 2531 864 2563 alias
890 2543 1019 2574 ‹lumino-

284 2582 405 2615 dolibet
426 2583 555 2623 debitis,
575 2583 785 2627 poenitentiis
804 2584 1019 2618 misericordi-

1725 195 1789 229 4539
1835 205 1923 232 Aac.
1948 206 2014 233 1006

1081 254 1129 281 ter
1153 248 1184 281 in
1210 248 1346 283 Domino
1372 251 1584 285 relaxavimus
1603 252 1634 284 in
1654 252 1809 286 formaEe

1079 302 1194 334 clesiae
1222 306 1387 336 consueta.
1514 308 1520 314 '

1122 355 1136 396 ξ
1162 353 1214 386 20.
1242 354 1363 393 Quibus
1388 357 1538 399 peractis,
1553 350 1670 400 gratias
1696 360 1816 393 laudes-

1078 416 1138 448 que
1165 407 1229 439 Deo
1251 408 1372 450 optimo
1389 410 1525 443 maximo
1545 412 1711 452 reddituri,
1730 414 1816 456 quod

1077 464 1188 491 sancto
1203 459 1373 494 Francisco
1392 462 1430 494 de
1441 462 1529 496 Sales
1543 465 1699 509 episcopo
1714 467 1817 500 Gene-

1076 511 1164 544 vensi
1190 513 1320 552 cultum,
1347 516 1521 556 praeconia
1546 522 1578 549 et
1603 518 1746 552 honores
1775 522 1814 554 ab

1076 563 1217 597 Ecclesia
1242 567 1363 599 sanctis
1395 567 1603 603 Pontificibus
1627 576 1658 603 ct
1683 572 1815 606 Confes-

1076 617 1201 650 soribus
1226 620 1384 661 praestari
1405 621 1498 653 solita
1522 633 1538 654 a
1564 623 1656 655 nobis
1682 625 1813 659 decerni

1074 671 1221 710 voluerit,
1248 671 1366 715 hymno
1395 673 1435 705 Te
1448 673 1551 706 Deum
1573 675 1748 710 laudamus
1765 679 1813 711 de-

1075 728 1212 763 cantato,
1232 725 1444 769 orationeque
1462 738 1479 759 a
1498 728 1590 760 nobis
1612 729 1753 770 recitata,
1773 733 1812 765 ad

1074 776 1173 808 altare
1199 776 1229 810 S.
1258 777 1343 810 Petri
1369 779 1499 812 missam
1524 780 1563 814 de
1585 792 1676 814 more
1701 784 1813 818 solem-

1074 829 1157 862 niter
1181 830 1414 864 celebravinuts
1435 832 1485 865 die
1511 833 1673 867 dominica
1697 846 1813 869 secun-

1074 882 1113 914 da
1130 888 1203 925 post
1217 883 1351 924 Pascha,
1368 884 1483 917 additis
1500 887 1641 919 secunda
1666 889 1811 923 oratione

1073 936 1202 979 propria
1220 937 1258 969 de
1273 943 1384 971 sancto
1403 939 1572 973 Francisco
1590 946 1621 973 et
1638 945 1762 976 secreta
1776 955 1813 977 ac

1072 991 1369 1032 postcommunione
1396 992 1433 1024 de
1466 995 1595 1027 comuni
1629 995 1812 1031 Sacerdotis

1072 1042 1255 1081 Pontificis,
1289 1045 1504 1089 omnibusque
1542 1047 1811 1083 christifidelibus

1071 1095 1191 1128 ibidem
1216 1098 1442 1139 praesentibus
1462 1100 1641 1142 plenariam
1667 1103 1809 1137 omnium

1071 1154 1278 1191 peccatorum
1303 1161 1435 1184 suorum
1453 1152 1688 1196 indulgentiam
1706 1161 1738 1188 ct
1758 1167 1808 1190 re-

1070 1201 1260 1234 missionem
1284 1204 1513 1237 concessimus.

1112 1254 1212 1286 Deum
1230 1255 1349 1298 itaque,
1367 1256 1421 1298 qui
1437 1257 1596 1291 mirabilis
1618 1265 1667 1292 est
1684 1260 1715 1293 in
1733 1260 1806 1295 San-

1068 1307 1124 1339 ctis
1149 1308 1228 1347 suis,
1255 1308 1490 1350 benedicimus,
1507 1311 1582 1353 quia
1606 1313 1807 1356 suscepimus

1067 1360 1321 1394 miscricordiam
1335 1362 1367 1395 in
1381 1363 1488 1395 medio
1505 1365 1615 1407 templi
1634 1365 1711 1406 eius,
1731 1367 1806 1400 dum

1068 1423 1186 1446 novum
1211 1415 1305 1447 nobis
1331 1415 1362 1447 in
1388 1415 1531 1449 Ecclesia
1557 1418 1640 1461 apud
1666 1419 1806 1454 divinam

1066 1477 1154 1498 suam
1180 1466 1379 1500 maiestatem
1399 1474 1574 1511 patronum
1599 1476 1629 1503 et
1654 1471 1808 1506 interces-

1066 1529 1170 1552 sorem
1195 1520 1357 1553 concessit
1390 1522 1429 1554 ad
1463 1522 1609 1556 eiusdem
1640 1523 1804 1559 Ecclesiae

1066 1573 1332 1615 tranquillitatem
1349 1600 1356 1613 ,
1383 1574 1457 1607 fidei
1489 1576 1669 1609 catholicae
1702 1577 1825 1613 incre-.

1065 1630 1220 1665 mentum,
1248 1626 1553 1671 haereticorumque
1580 1640 1596 1661 a
1622 1629 1669 1662 via
1691 1630 1804 1663 salutis

1065 1679 1241 1711 errantium
1267 1680 1375 1712 lumen
1402 1685 1433 1713 ct
1456 1682 1714 1715 conversionem.

1108 1731 1266 1772 Ceterum,
1279 1733 1354 1775 quia
1369 1733 1500 1767 difficile
1518 1734 1600 1767 foret
1612 1740 1802 1778 praesentes

1064 1791 1189 1817 nostras
1215 1786 1340 1818 litteras
1358 1787 1396 1819 ad
1414 1788 1541 1830 singula
1560 1789 1630 1821 loca
1648 1789 1702 1821 ubi
1720 1800 1801 1833 opus

1063 1844 1147 1872 esset
1171 1840 1300 1880 deferri,
1325 1843 1473 1874 volumus
1503 1847 1538 1873 ut
1562 1852 1673 1875 earum
1701 1853 1802 1876 exem-

1063 1892 1136 1936 plis,
1162 1904 1258 1925 manu
1290 1898 1397 1927 tamen
1432 1895 1552 1938 publici
1584 1896 1700 1928 notarii
1727 1897 1803 1929 sub·

1892 372 2011 395 ciuitatum

1827 402 1892 420 actio.

1852 1270 2002 1296 Transumpto.

1819 1301 1862 1316 rum
1878 1296 1938 1316 sides.

1041 1946 1203 1989 *scriptis
1230 1951 1260 1979 et
1292 1947 1399 1989 sigillo
1425 1948 1561 1980 alicuius
1588 1959 1749 1992 personae
1770 1950 1802 1982 in

1063 1999 1216 2042 dignitate
1239 2001 1457 2033 ecclesiastica
1485 2002 1679 2035 constitutae
1704 2003 1803 2036 muni-

1063 2053 1112 2093 tis,
1131 2054 1243 2086 eadem
1261 2054 1380 2097 ubique
1399 2054 1479 2087 sides
1498 2055 1704 2096 adhibeatur,
1720 2067 1801 2100 quae

1062 2107 1186 2139 eisdem
1212 2107 1436 2150 praesentibus
1455 2108 1682 2149 adhiberetur,
1708 2109 1733 2141 si
1751 2120 1802 2142 es-

1062 2165 1133 2192 sent
1160 2160 1323 2192 exhibitae
1341 2161 1390 2192 vel
1417 2165 1578 2193 ostensae.

1105 2214 1119 2256 g
1146 2212 1198 2245 ⁶21.
1233 2213 1318 2246 Nulli
1351 2224 1427 2255 ergo
1464 2213 1597 2246 omnino
1629 2215 1800 2249 hominum

1062 2266 1156 2299 liceat.
1181 2266 1265 2299 hanc
1289 2266 1440 2309 paginam
1466 2269 1567 2301 nostri
1594 2269 1728 2309 decreti,
1751 2270 1800 2302 de-

1061 2319 1225 2359 finitionis,
1253 2320 1491 2363 adscriptionis,
1506 2322 1656 2361 mandati,
1677 2323 1798 2363 statuti,

1062 2372 1292 2411 concessionis,
1310 2373 1523 2416 elargitionis,
1542 2375 1749 2408 relaxationis
1768 2381 1799 2409 et

1061 2425 1234 2458 voluntatis
1259 2425 1446 2469 infringere,
1474 2428 1523 2460 vel
1549 2427 1577 2460 ei
1604 2438 1683 2460 ausu
1705 2432 1799 2461 teme·

1062 2479 1146 2511 rario
1172 2479 1346 2511 contraire.
1381 2479 1412 2512 Si
1439 2480 1509 2523 quis
1533 2486 1639 2514 autem
1666 2482 1729 2514 hoc
1755 2488 1799 2514 at-

1062 2537 1186 2564 tentare
1201 2532 1463 2576 praesumpserit,
1474 2533 1727 2576 indignationem
1738 2546 1799 2568 om-

1062 2585 1239 2630 nipotentis
1283 2585 1339 2618 Dei
1379 2596 1415 2619 ac
1446 2586 1616 2620 beatorum
1649 2587 1734 2620 Petri
1767 2593 1800 2621 et

1837 2223 1924 2244 Sanctio
1940 2229 1990 2250 poe-

1810 2250 1871 2270 natis.
