2247 3208
226 220 275 246 An.
292 220 320 246 c.
345 219 413 247 1664
457 210 521 243 244

417 268 488 300 loco
527 266 564 298 ad
602 265 858 308 quinquennium
896 269 932 296 ut
966 264 1149 307 praefertur

417 325 594 357 extensum,
620 328 674 350 seu
700 318 737 349 de
763 327 843 349 novo
873 326 1084 357 concessum,
1113 327 1149 349 ac

416 373 555 414 desuper
580 370 742 403 consectas
767 369 889 402 litteras
907 374 937 402 et
954 369 985 402 in
1003 369 1049 401 eis
1073 380 1149 402 con-

415 428 500 456 tenta
526 423 583 465 (ita
609 428 716 455 tamen
748 426 783 454 ut
809 421 1008 465 provisiones
1041 421 1149 453 huius-

414 475 499 507 modi
525 476 648 507 servata
665 475 823 507 dictarum
842 474 1023 507 litterarum
1048 474 1149 507 forma

413 527 539 567 fierent,
558 528 726 571 ipsumque
752 527 912 560 indultum
942 527 1148 559 canonicatus

413 585 445 612 et
468 580 669 623 praebendas
703 581 858 613 eeclesiae
882 581 1147 623 metropolitanae

413 632 612 665 Co'oniensis
625 633 756 665 minime
772 633 1073 676 comprehenderet,
1087 630 1147 665 nec

412 685 452 717 ad
477 696 530 718 eos
556 696 588 717 50
614 686 810 724 extenderet,
830 697 865 718 ac
880 686 958 718 alias
975 686 1033 718 sub
1051 686 1146 718 certis

411 738 506 771 modo
532 743 563 771 et
588 739 687 771 torma
705 739 800 771 etiam
818 744 894 771 tunc
910 739 1086 782 expressis)
1108 740 1145 771 ad

411 790 497 822 aliud
524 791 781 834 quinquennium
814 792 957 824 extendit
981 796 1012 824 et
1035 801 1147 834 proro-

411 843 505 884 gavit.
522 843 558 874 Et
576 843 788 885 postmodum,
806 843 919 876 similis
936 844 1143 876 recolendae¹

410 895 598 928 Innocentio
623 895 726 938 Papae
744 897 767 928 X
787 896 1032 938 praedecessori
1049 896 1145 928 etiam

410 953 520 980 nostro
545 958 604 990 per
635 958 690 980 vos
722 949 866 990 exposito
899 948 985 990 quod
1010 958 1143 988 causae,

410 1005 542 1043 propter
566 1010 644 1042 quas
680 1000 836 1032 indultum
874 1000 1056 1032 huiusmodi
1082 1005 1145 1032 tam

410 1053 449 1084 ab
474 1053 587 1085 eodem
608 1053 736 1085 Urbano
757 1058 832 1085 tunc
857 1053 1026 1086 novissime
1051 1063 1144 1095 quam

409 1105 448 1137 ab
463 1105 533 1137 aliis
551 1105 853 1147 praedecessoribus
872 1115 1061 1138 concessum
1079 1106 1145 1138 sue-

408 1162 457 1189 rat
492 1157 585 1189 etiam
612 1162 742 1189 eatenus
767 1157 926 1200 vigebant,
958 1158 1026 1201 ipse
1051 1157 1144 1190 Inno-

409 1210 534 1243 centius
568 1210 799 1252 praedecessor
832 1210 1031 1252 praedictum
1055 1210 1144 1243 vobis

408 1273 466 1305 per
491 1262 638 1294 eumdem
664 1262 826 1294 Urbanum
860 1263 1143 1304 praedecessorem

407 1315 520 1348 ultimo
545 1316 616 1348 1000
641 1315 679 1347 ad
705 1315 963 1357 quinquennium
988 1321 1023 1347 ut
1050 1326 1144 1358 prae-

408 1368 508 1400 fertur
526 1372 702 1407 extensum,
718 1377 771 1399 seu
791 1367 828 1400 de
845 1378 926 1401 novo
944 1378 1142 1408 eoncessum,

407 1430 443 1452 ac
468 1421 608 1462 desuper
642 1420 802 1452 consectas
836 1421 958 1453 litteras
983 1426 1015 1453 et
1039 1421 1070 1452 in
1096 1421 1141 1453 eis

407 1477 570 1513 contenta,
601 1472 660 1504 sub
685 1473 782 1505 certis
806 1473 928 1516 pariter
952 1473 1143 1506 conditioni-

407 1525 467 1558 bus
494 1526 654 1568 modoque
685 1531 716 1558 et
740 1526 842 1558 forma
867 1532 942 1558 tunc
972 1526 1141 1569 expressis,

408 1579 447 1611 ad
473 1579 559 1611 aliud
585 1579 840 1621 quinquennium
865 1579 986 1622 pariter
1010 1589 1143 1612 conces-

407 1631 464 1671 sit,
493 1632 814 1674 quinquenniumque
847 1631 1031 1664 huiusmodi
1056 1636 1143 1674 post-

406 1685 536 1718 modum
561 1684 598 1716 ad
625 1684 710 1717 aliud
736 1685 830 1717 etiam
850 1684 1107 1727 quinquennium
1124 1695 1141 1717 a

407 1737 458 1769 die
484 1747 522 1769 xx
547 1737 702 1769 februarii
719 1746 805 1770 MDcL
823 1737 1071 1780 computandum
1091 1747 1143 1769 ex-

407 1791 511 1822 tendit
524 1795 555 1822 et
572 1790 766 1833 prorogavit.
783 1791 825 1823 Ac
845 1791 973 1823 demum
990 1801 1057 1832 nos,
1072 1801 1142 1834 sup-

407 1843 635 1885 plicationibus
659 1848 765 1875 vestro
790 1843 919 1876 nomine
936 1843 1028 1876 nobis
1044 1855 1142 1887 super

407 1896 469 1929 hoc
487 1896 653 1928 humiliter
668 1895 826 1938 porrectis
849 1896 991 1929 inclinati
1020 1908 1079 1940 per
1094 1898 1142 1930 bi-

410 1958 463 1981 nas
489 1954 612 1981 nostras
637 1949 669 1980 in
694 1949 790 1981 simili
808 1949 908 1981 forma
924 1949 1032 1982 Brevis
1056 1950 1142 1982 littc-

406 2012 475 2041 ras,
501 2012 580 2033 unas
605 2002 655 2034 die
678 2012 776 2035 xxvin
801 2002 926 2044 augusti
951 2011 1078 2041 MDCLV,
1110 2008 1141 2035 et

407 2055 485 2086 alias
510 2055 560 2086 die
577 2064 634 2087 v111
660 2054 796 2086 ianuarii
820 2063 939 2087 MDCin
962 2055 1140 2098 respective

407 2107 585 2150 expeditas,
618 2107 775 2139 indultum
808 2107 1026 2150 praedictum,
1051 2108 1140 2140 vobis

407 2170 592 2192 concessum
619 2164 649 2191 et
678 2165 883 2202 prorogatum
900 2164 932 2191 ut
949 2160 1139 2203 praefertur,

407 2213 466 2245 sub
487 2213 580 2245 certis
598 2213 691 2245 modo
710 2217 741 2245 et
758 2213 856 2245 forma
873 2218 947 2245 tunc
972 2214 1140 2256 expressis,

407 2266 504 2298 semel
531 2266 660 2308 quidem
685 2266 722 2297 ad
748 2265 1013 2309 quinquennium,
1037 2266 1141 2298 novis-

407 2317 485 2349 sime
510 2328 584 2350 vero
609 2318 646 2349 ad
674 2318 847 2350 triennium
868 2323 941 2349 tunc
959 2318 1140 2360 proximum

405 2370 585 2413 respective
604 2371 642 2402 de
656 2381 736 2403 novo
754 2371 982 2409 concessimus3
1003 2376 1034 2403 et
1051 2371 1138 2411 alias,

404 2428 500 2465 prout
525 2423 556 2454 111
581 2423 754 2465 praedictis
779 2424 907 2463 nostris,
927 2435 962 2456 ac
980 2424 1011 2456 in
1032 2424 1140 2465 singu-

404 2475 443 2509 lis
468 2481 717 2508 memoratorum
735 2477 1019 2518 piaedccessorum
1037 2477 1069 2508 in
1087 2479 1139 2508 011-

404 2528 478 2560 dem
496 2528 595 2560 forma
619 2528 726 2560 Brevis
752 2529 778 2559 111
793 2539 890 2571 super
914 2529 1071 2572 expeditis
1088 2529 1139 2561 lit-

442 2591 450 2615 t
474 2589 553 2616 Deest
575 2590 731 2617 memoriae
751 2596 790 2621 (n.
806 2589 854 2623 T.).

993 215 1174 240 BULLARIUM
1196 215 1348 240 ROMANUM

1192 263 1277 304 teris,
1304 273 1440 306 quarum
1465 268 1594 297 tenores
1618 264 1840 308 psaesentibus
1864 273 1923 307 pro

1191 316 1287 358 plene
1311 320 1342 348 et
1366 316 1561 349 sufficienter
1575 318 1731 360 expressis
1749 323 1780 350 et
1795 317 1923 350 insertis

1192 368 1303 401 haberi
1328 369 1484 408 volumus⁷
1502 368 1631 401 uberius
1649 370 1842 402 continetur.

1235 423 1249 465 ἓ
1267 421 1297 454 2.
1316 421 1391 454 Cum
1406 426 1521 460 autem,
1539 422 1619 454 sicut
1637 423 1730 455 nobis
1747 434 1851 466 nuper
1871 434 1923 455 ex-

1190 475 1266 517 poni
1292 474 1418 514 secistis,
1444 474 1614 507 novissime
1646 485 1832 508 concessum
1863 487 1922 520 per

1191 537 1248 560 nos
1272 527 1445 559 triennium
1470 527 1653 560 huiusmodi
1674 529 1872 571 expiraverit,
1892 534 1923 562 et

1190 591 1313 620 causae,
1339 585 1473 623 propter
1491 590 1568 622 quas
1586 580 1669 613 idem
1687 581 1846 615 indultum
1864 593 1923 626 per

1190 643 1247 665 nos
1273 638 1303 664 et
1328 633 1487 665 Romanos
1505 632 1672 665 Pontifices
1696 635 1923 676 praedecesso-

1189 696 1240 718 res
1260 691 1386 718 nostros
1412 686 1534 728 pluries
1559 696 1748 719 concessum
1765 693 1797 719 et
1812 698 1923 730 proro-

1190 744 1296 781 gatum
1309 739 1487 781 respective
1502 739 1567 778 fuit,
1583 739 1678 771 etiam
1696 749 1771 771 num
1784 740 1922 782 vigeant,

1187 801 1304 833 vosque
1336 797 1508 834 propterea
1544 791 1702 824 indultum
1739 792 1921 826 huiusmodi

1189 843 1227 875 ad
1253 842 1398 875 effectum
1415 844 1668 887 suprascriptum
1686 855 1744 888 per
1759 855 1817 877 nos
1832 846 1922 878 vobis

1188 895 1227 927 de
1259 906 1339 928 novo
1364 896 1495 928 concedi
1529 907 1730 940 summopere
1759 897 1923 930 desidere-

1189 947 1244 980 tis:
1265 958 1332 987 nos,
1349 948 1521 990 specialem
1538 949 1627 981 vobis
1644 948 1796 991 gratiam¹
1816 950 1920 983 facere

1187 1000 1339 1039 volentes,
1359 1004 1390 1032 et
1406 1006 1545 1032 vestrum
1570 1001 1749 1043 singulares
1768 1012 1921 1044 personas

1188 1062 1205 1084 11
1229 1051 1393 1094 quibusvis
1418 1053 1766 1094 excommunicationis,
1790 1064 1923 1097 suspen-

1187 1104 1287 1137 sionis
1314 1110 1345 1137 et
1370 1105 1543 1145 interdicti,
1570 1105 1704 1148 aliisque
1729 1107 1923 1140 ecclesiasti-

1187 1157 1231 1189 cis
1257 1158 1434 1197 sententiis,
1453 1158 1597 1191 censuris
1622 1163 1653 1191 et
1677 1159 1800 1201 poenis,
1818 1170 1835 1191 a
1852 1159 1920 1193 iure

1185 1211 1234 1242 vel
1269 1210 1308 1242 ab
1344 1210 1498 1250 homine,
1531 1211 1640 1253 quavis
1675 1211 1843 1245 occasione
1871 1213 1919 1245 vel

1187 1265 1281 1295 eausa
1306 1263 1386 1302 latis,
1415 1263 1440 1295 si
1466 1263 1581 1306 quibus
1606 1265 1849 1306 quomodolibet
1873 1265 1921 1297 in-

1187 1316 1321 1348 nodatae
1347 1316 1504 1356 existunt,
1532 1316 1570 1349 ad
1597 1315 1743 1349 effectum
1767 1327 1920 1360 praesen-

1188 1367 1266 1400 tium
1298 1368 1459 1400 dumtaxat
1490 1369 1771 1411 consequendum,
1805 1369 1919 1402 harum

1186 1421 1269 1453 serie
1296 1420 1497 1453 absolventes
1522 1426 1553 1453 et
1577 1421 1738 1454 absolutas
1756 1422 1823 1454 sore
1849 1432 1920 1454 cen-

1187 1478 1306 1512 sentes,
1333 1473 1622 1516 supplicationibus
1652 1479 1758 1507 vestro
1789 1475 1918 1507 nomine

1187 1527 1278 1559 nobis
1303 1537 1399 1569 super
1424 1527 1486 1559 1100
1511 1527 1677 1559 humiliter
1692 1527 1849 1570 porrectis
1874 1528 1920 1559 in-

1185 1579 1305 1618 clinati,
1322 1579 1480 1612 indultum
1498 1579 1707 1621 praedictum,
1722 1579 1820 1619 vobis,
1837 1580 1919 1612 sicut

1185 1631 1408 1674 praemittitur,
1423 1642 1440 1664 a
1457 1631 1549 1664 nobis
1568 1631 1617 1664 bis
1635 1642 1833 1672 concessum,
1847 1642 1917 1665 eum

1185 1685 1334 1717 omnibus
1369 1689 1401 1717 et
1434 1685 1568 1727 singulis
1605 1685 1764 1718 contentis
1800 1685 1832 1717 in
1867 1685 1918 1718 lit-

1185 1738 1261 1770 teris
1278 1738 1450 1781 praedictis
1469 1737 1526 1779 (ita
1545 1743 1651 1770 tamen
1668 1743 1703 1770 ut
1719 1738 1918 1781 provisiones

1185 1790 1380 1830 huiusmodi,
1400 1792 1522 1823 servata
1554 1790 1707 1822 dictarum
1739 1790 1918 1823 litterarum

1184 1843 1296 1883 forma,
1310 1843 1397 1883 fiant,
1411 1853 1611 1885 quacumque
1629 1845 1798 1885 praetensa
1818 1843 1916 1886 praxi,

1184 1896 1434 1936 consuetudine,
1466 1906 1522 1929 seu
1558 1896 1725 1929 tolerantia
1757 1897 1918 1929 contraria

1184 1959 1248 1981 non
1268 1949 1423 1989 obstante⁷
1445 1959 1540 1991 quam
1556 1949 1664 1991 potius
1688 1949 1821 1981 abusum
1838 1959 1917 1989 esse,

1185 2007 1217 2034 et
1240 2001 1375 2044 proinde
1400 2011 1552 2044 praesens
1577 2001 1736 2034 indultum
1761 2001 1792 2033 in
1818 2001 1919 2034 omni-

1184 2055 1243 2087 bus
1268 2059 1299 2086 et
1323 2064 1382 2096 per
1405 2054 1512 2086 onmia
1535 2053 1621 2086 iuxta
1637 2054 1705 2086 eius
1723 2058 1868 2086 tenorem
1886 2059 1917 2086 et

1183 2106 1426 2150 proprietatem,
1444 2110 1539 2148 prout
1557 2106 1653 2138 verba
1678 2106 1763 2138 illius
1788 2111 1914 2145 sonant,

1184 2164 1215 2191 et
1238 2169 1302 2192 non
1326 2159 1427 2197 aliter,
1447 2169 1505 2191 1100
1524 2158 1586 2191 alio
1604 2159 1707 2197 modo,
1726 2159 1843 2191 servari
1863 2159 1917 2191 de-

1182 2213 1260 2245 bere
1286 2211 1500 2250 decernimus,
1527 2216 1558 2243 et
1582 2222 1653 2243 cum
1678 2212 1740 2243 hoc
1766 2211 1851 2254 quod
1875 2211 1917 2243 in-

1183 2266 1306 2297 dultum
1331 2265 1513 2297 huiusmodi
1539 2265 1745 2297 canonicatus
1770 2269 1801 2297 et
1825 2274 1917 2307 prae-

1182 2318 1302 2350 hendas
1334 2318 1488 2350 eeclesiae
1524 2318 1793 2360 metropolitanae
1826 2317 1917 2351 Colo-

1182 2371 1302 2403 niensis
1327 2370 1457 2403 minime
1483 2371 1754 2414 comprehendat,
1786 2381 1846 2403 nec
1877 2371 1915 2403 ad

1182 2434 1237 2455 eos
1263 2434 1295 2456 se
1321 2424 1478 2464 extendat,
1498 2434 1533 2456 ac
1557 2424 1625 2456 sine
1650 2423 1848 2466 praeiudicio
1864 2433 1918 2455 ve-

1182 2476 1335 2508 nerabilis
1361 2476 1465 2508 fratris
1483 2476 1628 2509 moderni
1647 2481 1677 2508 et
1694 2486 1752 2518 pro
1770 2481 1915 2518 tempore

1181 2529 1345 2561 existentis
1363 2528 1600 2571 archiepiscopi
1617 2527 1827 2567 Coloniensis,
1842 2537 1917 2560 nec-

1216 2590 1228 2615 1
1251 2588 1322 2616 Edit.
1340 2589 1417 2617 Main.
1435 2589 1498 2624 legit
1511 2590 1624 2624 qrcttz‘as
1637 2590 1675 2624 (R.
1690 2589 1739 2623 τ.).

1935 214 1985 241 An.
2003 214 2031 241 C.
2049 214 2116 241 1664

1959 431 2016 452 Nova
2035 432 2113 462 »indulti

1932 463 1956 484 pr
1966 463 2053 482 ιι-ιηιῑιῐιυ
2063 463 2082 479 ut
2095 466 2115 480 1η

1934 485 2026 506 rubiica.
