2247 3208
241 278 290 305 An.
312 278 340 306 C.
360 279 427 307 1669

255 969 342 992 [oliva.

369 2231 377 2237 ⁷
419 2235 586 2263 tuerentur
611 2230 757 2269 servitio,
789 2228 966 2261 Ordinariis
990 2229 1150 2268 locorum,

473 271 537 305 784

760 327 831 360 cvt.

429 398 611 432 Declaratv'o
637 397 800 429 mittimus
823 401 985 440 qestorum
1008 396 1048 428 ab
1072 406 1160 428 oeco-

1007 279 1186 304 BULLAmUM
1210 280 1361 305 Romnum

1183 332 1185 350 ¹
1205 327 1292 359 bitus
1317 328 1421 360 cultus
1446 334 1477 361 et
1500 330 1662 362 veneratio
1683 322 1937 373 conservaretur,

1205 385 1304 422 utque
1330 381 1403 413 dicti
1424 372 1589 414 ‘Oi-dinarii
1625 382 1837 417 inventarium
1875 390 1937 418 tam

472 461 565 483 nomo
595 449 829 482 Mediolanensi
863 450 949 481 circa
983 449 1163 492 apprehen-
1205 443 1313 466 sacrae
1338 444 1431 476 ‘issam
1463 435 1617 477 1³¹'0fanae
1642 437 1874 478 suppellectilis
1899 438 1937 470 {ld

471 504 591 535 sionem
608 502 814 544 possessionis
831 512 941 533 rerum
960 505 988 533 el
1006 501 1162 533 bonorum,

470 555 513 587 ad
529 558 700 587 conventus
716 555 1002 596 conqreqalz'onum
1019 563 1162 596 suppres-
1181 593 1183 599 Ι

470 618 581 640 sarum
605 607 743 649 fratrum
775 607 979 639 Iesuatorum
1007 610 1035 638 et
1062 606 1182 645 Festi-¹

471 661 567 693 lanae
592 661 628 692 in
640 660 735 692 Statu
754 659 989 692 Mediolanensi
1005 659 1081 690 sitos
1098 669 1161 701 spe·
1181 656 1182 680 ἶ

469 713 637 751 ciantium,
655 716 682 744 el
704 712 898 744 amotionem
922 699 1161 743 administrato-

467 776 539 798 rum
562 765 601 798 ab
627 765 815 798 Ordinart't's
835 763 1091 808 deputatorum¹.

640 846 771 873 Clemens
799 845 876 878 Papa
896 845 947 878 lx,

542 891 577 918 ad
600 893 775 925 perpetuam
797 890 843 916 rei
863 889 1043 916 memoriam.

468 963 482 1005 ἓ
509 962 539 994 1.
567 961 643 995 Cum
668 972 742 1001 nos,
770 960 964 1003 gravissimis
997 964 1029 993 et
1062 960 1158 994 ratio-

423 1015 585 1048 nabilibus
620 1014 722 1046 causis
756 1013 849 1046 nobis
886 1012 970 1046 notis
1003 1012 1155 1052 adducti,

422 1067 692 1110 congregationes
718 1066 947 1099 canonicorum
972 1065 1002 1098 S.
1029 1064 1157 1107 Georgii

421 1121 454 1154 in
480 1121 559 1163 Aiga
583 1120 808 1159 venetiarum,
840 1128 875 1151 ac
899 1119 1030 1150 fratrum
1055 1117 1158 1150 Iesua-

421 1179 527 1207 torum
556 1173 587 1206 S.
618 1172 820 1216 Hieronymi,
851 1177 882 1204 et
914 1172 1045 1204 fratrum
1076 1170 1159 1203 eius-

421 1228 494 1260 dem
520 1226 549 1259 S.
582 1225 767 1269 Hieronymi
799 1225 838 1257 de
864 1223 986 1256 Fesulis
1018 1224 1077 1256 sub
1106 1234 1158 1256 re-

420 1280 494 1322 gula
527 1273 628 1312 sancti
657 1277 842 1320 Augustini,
870 1279 933 1310 una
958 1287 1029 1309 cum
1055 1277 1157 1309 omni-

420 1333 480 1365 bus
506 1342 615 1365 earum
642 1331 821 1374 respective
847 1330 1068 1372 dignitatibus,
1094 1329 1157 1362 offi-

420 1386 477 1418 ciis
503 1396 539 1418 ac
555 1383 767 1423 monasteriis,
789 1383 941 1426 omnique
960 1387 1157 1415 conventua-

419 1439 520 1477 litate,
548 1437 795 1480 collegialitate,
820 1437 930 1475 titulo,
955 1435 1094 1468 essentia
1120 1446 1156 1467 ac

420 1491 697 1530 denominatione,
711 1494 870 1533 perpetuo
882 1487 1111 1521 extinxerimus
1125 1492 1156 1520 et

419 1543 706 1587 suppresserimus‚
733 1552 769 1574 ac
793 1541 944 1574 universa
968 1540 1153 1572 earumdem

419 1595 710 1638 congregationum
725 1594 769 1626 sic
783 1603 1030 1637 suppresseram
1044 1602 1155 1635 respe-

419 1649 500 1682 ctive
527 1649 622 1688 bona,
649 1647 781 1681 mobilia
815 1651 846 1679 et
876 1646 1063 1685 immobilia,
1090 1650 1154 1677 tam

418 1712 510 1734 sacra
523 1712 618 1745 quam
638 1701 780 1743 profana,
798 1704 985 1739 conventus,
1006 1698 1154 1741 collegia,

418 1755 624 1794 monasteria,
646 1754 770 1793 domos,
789 1753 911 1792 vineas,
938 1751 1083 1795 praedia,
1103 1762 1154 1783 ca-

418 1817 530 1847 nones,
557 1806 797 1850 responsiones,
829 1806 962 1845 fructus,
989 1805 1152 1845 introitus,

419 1865 451 1893 et
467 1871 697 1904 quaecumque,
716 1859 908 1901 ubicumque
926 1860 1070 1891 locorum
1088 1858 1154 1891 exi-

418 1918 551 1953 sterent,
570 1918 700 1945 nostrae
718 1917 750 1944 et
766 1911 856 1944 Sedis
874 1910 1076 1954 Apostolicae
1094 1910 1154 1943 dis·

418 1965 581 2009 positioni,
601 1965 633 1997 in
658 1975 732 1997 usus
758 1970 790 1997 et
814 1974 914 2006 opera
938 1963 991 2007 pia
1014 1974 1073 2006 per
1095 1974 1151 1996 eos

418 2019 533 2063 quibus
557 2019 590 2052 id
607 2029 625 2051 a
640 2019 732 2051 nobis
750 2029 768 2051 a
787 2018 869 2057 Sede
888 2017 1051 2060 praedicta
1067 2027 1154 2049 com-

417 2072 548 2105 missum
572 2072 657 2105 soret
680 2071 914 2112 convertenda,
940 2070 1153 2103 reservaveri-

418 2136 505 2165 mus;
525 2136 565 2158 ne
583 2130 690 2158 autem
704 2124 858 2157 ecclesiae
873 2123 1061 2156 earumdem
1079 2134 1153 2155 con-
1173 2138 1175 2160 ¹.

419 2177 641 2220 gregationum
665 2186 912 2220 suppressarum
933 2175 1042 2209 debito
1061 2175 1152 2208 desti-

418 2283 452 2316 in
467 2283 581 2326 quibus
596 2283 751 2315 ecclesiae
771 2282 861 2325 ipsae
877 2287 952 2314 sunt
968 2281 1055 2321 sitae,
1070 2291 1152 2314 com-
1172 2281 1175 2304 ¹

418 2335 599 2367 miserimus
616 2340 647 2367 et
666 2334 937 2373 mandaverimus,
964 2339 1000 2365 ut
1023 2334 1152 2377 cappel-

418 2388 509 2420 lanos
534 2387 728 2429 deputarent
751 2397 823 2419 cum
848 2386 1043 2430 competenti
1068 2396 1152 2418 mer-

419 2440 507 2479 cede,
523 2439 618 2472 etiam
632 2451 729 2482 super
742 2450 775 2472 re
789 2442 876 2473 certa
897 2440 935 2473 de
951 2439 1044 2472 bonis
1066 2449 1152 2482 prae-

420 2492 512 2525 dictis
527 2492 729 2533 assignanda,
745 2503 803 2535 per
817 2483 896 2535 quos
913 2491 1018 2523 missis
1032 2496 1064 2523 et
1079 2491 1150 2523 aliis

420 2544 574 2586 oneribus
591 2543 769 2584 satisfieret,
791 2555 826 2577 ac
841 2543 918 2587 ipsis
937 2543 1084 2577 ecclesiis
1103 2543 1152 2576 de-

456 2661 467 2688 1
485 2659 521 2686 Ex
539 2658 644 2699 Regesl.
662 2658 688 2684 in
703 2657 804 2685 Secret.
826 2658 906 2685 Brev.

1205 485 1475 528 congregationes
1489 497 1678 529 suppressas
1696 488 1879 522 huiusmodi
1894 500 1938 522 re-

1182 535 1186 577 i
1204 538 1347 580 spective
1373 539 1545 581 spectantis
1566 545 1713 573 accurate
1731 541 1936 582 conficerent,

1204 601 1239 622 ac
1256 591 1465 634 providerent
1488 597 1522 624 ut
1545 603 1562 625 a
1587 603 1748 636 quoquam
1769 596 1937 634 occultari,

1203 644 1355 686 occupari
1387 649 1440 676 aut
1471 644 1546 676 inde
1577 645 1717 678 amoveri
1753 647 1935 680 nullatenus

1203 701 1324 738 posset,
1344 696 1404 728 nisi
1430 701 1461 728 et
1487 697 1588 729 donec
1614 708 1631 729 a
1656 697 1750 730 nobis
1776 709 1832 731 seu
1854 699 1934 732 Sede

1202 748 1366 791 praedicta
1390 749 1482 782 aliter
1514 750 1757 792 provideretur,
1790 756 1821 784 et
1855 752 1933 784 alias

1203 806 1295 843 prout
1319 803 1351 833 in
1373 801 1491 834 nostris
1510 802 1649 845 desuper
1666 802 1696 834 in
1717 803 1814 836 simili
1833 804 1933 836 forma

1202 854 1309 886 Brevis
1334 854 1385 886 die
1410 864 1441 887 v1
1467 855 1647 887 decembris
1672 856 1817 898 proxime
1843 867 1934 900 prae-

1202 906 1287 938 teriti
1306 907 1463 949 expeditis
1488 907 1614 948 litteris,
1635 919 1767 951 quarum
1788 914 1933 943 tenorem

1201 960 1425 1001 praesentibus
1460 971 1518 1003 pro
1556 961 1652 1004 plene
1684 966 1716 993 et
1739 961 1934 995 sufficienter

1946 285 1994 310 An.
2016 284 2046 311 C.
2064 285 2130 312 ioca

1201 1022 1355 1055 expresso
1372 1024 1409 1045 ac
1430 1013 1583 1045 verbatim
1607 1013 1727 1047 inserto
1749 1015 1861 1047 haberi
1881 1026 1942 1048 vo*

1201 1065 1314 1107 lumus,
1340 1066 1471 1098 uberius
1496 1067 1699 1106 continetur3

1243 1119 1257 1161 ᾖ
1282 1117 1312 1149 Q.
1340 1118 1456 1151 Verum
1482 1119 1618 1152 subinde
1644 1119 1750 1161 (sicut
1773 1121 1812 1153 ad
1838 1132 1931 1154 aures

1199 1176 1324 1203 nostras
1349 1171 1508 1214 pervenit)
1528 1171 1663 1204 dilectus
1687 1171 1772 1205 lilius
1797 1172 1931 1205 Ioannes

1199 1225 1314 1257 Paulus
1340 1224 1542 1263 Zaccharias,
1575 1225 1777 1268 praepositus
1808 1227 1932 1259 secula-

1200 1277 1242 1309 ris
1261 1283 1292 1310 et
1316 1277 1508 1320 collegiatae
1534 1277 1690 1310 ecclesiae
1709 1278 1739 1311 S.
1760 1278 1874 1311 Mariae
1892 1280 1930 1312 de

1199 1330 1288 1364 Scala
1313 1336 1516 1373 nuncupatae
1541 1330 1801 1370 Mediolanensis,
1821 1342 1858 1363 ac
1876 1342 1932 1364 no-

1199 1388 1263 1415 ster
1280 1388 1311 1414 et
1328 1383 1430 1415 dictae
1449 1383 1540 1416 Sedis
1558 1393 1756 1415 oeconomus
1773 1383 1932 1426 generalis

1200 1436 1231 1468 in
1256 1436 1371 1468 ducatu
1403 1435 1658 1475 Mediolanensi,
1686 1436 1818 1479 eiusque
1843 1437 1931 1469 Statu

1199 1494 1231 1521 et
1256 1488 1398 1521 dominio
1429 1489 1600 1529 universo,
1638 1489 1825 1521 auctoritate
1855 1500 1933 1532 apo-

1198 1542 1308 1574 stolica
1341 1542 1527 1584 deputatus,
1557 1541 1797 1585 possessionem
1824 1542 1932 1575 domo-

1199 1605 1268 1627 rum
1304 1593 1501 1636 regularium
1538 1600 1570 1626 et
1605 1599 1818 1627 conventuum
1854 1604 1931 1627 con-

1198 1647 1420 1689 gregationum
1442 1647 1575 1679 fratrum
1601 1647 1798 1680 Iesuatorum
1819 1651 1850 1680 et
1866 1657 1932 1680 san-

1198 1700 1238 1733 cti
1264 1700 1448 1743 Hieronymi
1482 1700 1520 1732 de
1546 1700 1696 1739 Fesulis‚
1722 1705 1758 1732 ut
1788 1700 1932 1743 praeser-

1198 1759 1249 1785 tur
1283 1764 1541 1796 suppressarum,
1568 1753 1600 1785 in
1621 1754 1756 1793 ducatu,
1787 1753 1875 1786 Statu
1900 1758 1932 1786 et

1178 1805 1340 1838 ³dominio
1377 1805 1606 1838 Mediolanensi
1635 1805 1788 1849 praefatis
1825 1805 1931 1838 consi-

1197 1859 1357 1899 stentium,
1384 1870 1555 1902 rerumque
1582 1865 1613 1891 et
1637 1859 1795 1892 bonorum
1824 1859 1862 1891 ad
1895 1859 1931 1891 il-

1197 1914 1245 1945 los
1271 1918 1303 1944 et
1327 1913 1398 1945 illas
1424 1911 1603 1955 respective
1641 1912 1853 1954 spectantium
1878 1922 1931 1955 ap-

1196 1965 1424 2008 prehenderit,
1450 1975 1506 1997 seu
1532 1964 1732 2007 apprehendi
1759 1965 1928 2003 curaverit,

1196 2029 1232 2050 ac
1257 2017 1533 2050 administratores
1559 2018 1591 2050 in
1623 2017 1686 2050 illis
1721 2017 1760 2050 ab
1794 2017 1930 2050 Ordina-

1197 2071 1251 2103 riis
1269 2071 1411 2103 locorum
1429 2071 1616 2103 auctoritate
1634 2072 1744 2103 nostra
1761 2070 1930 2113 deputatos

1197 2124 1350 2156 amoverit
1380 2123 1505 2156 tametsi
1531 2124 1654 2156 nullum
1678 2133 1776 2165 super
1800 2124 1836 2154 ea
1861 2132 1895 2154 re
1912 2133 1930 2155 a

1196 2176 1288 2209 nobis
1319 2176 1503 2208 mandatum
1538 2175 1739 2218 accepisset:
1776 2174 1852 2207 hinc
1883 2179 1930 2207 est

1197 2229 1281 2272 quod
1299 2239 1368 2268 nos,
1386 2228 1530 2260 omnium
1547 2233 1577 2260 et
1594 2227 1795 2270 singulorum
1812 2238 1828 2259 a
1846 2227 1929 2260 dicto

1196 2282 1314 2314 Ioanne
1339 2281 1455 2320 Paulo,
1485 2290 1539 2312 seu
1565 2280 1635 2312 cius
1660 2279 1791 2312 nomine
1818 2289 1836 2311 a
1859 2279 1930 2322 qui-

1196 2334 1303 2366 busvis
1328 2333 1398 2366 aliis
1423 2333 1454 2365 in
1475 2332 1660 2375 praemissis
1686 2331 1931 2374 quomodolibet

1196 2392 1338 2420 actorum
1363 2392 1394 2418 et
1420 2391 1583 2429 gestorum
1608 2385 1738 2424 seriem,
1764 2395 1874 2417 causas
1899 2389 1931 2417 et

1196 2439 1405 2479 occasiones,
1440 2439 1541 2472 aliave
1577 2448 1801 2481 quaecumque
1834 2437 1929 2470 etiam

1196 2491 1380 2535 specificam
1405 2497 1436 2525 et
1460 2491 1654 2524 individuam
1687 2489 1929 2533 expressionem

1195 2543 1416 2587 requirentia,
1442 2544 1669 2587 praesentibus
1694 2552 1753 2585 pro
1778 2543 1874 2584 plene
1898 2547 1930 2575 et

1195 2596 1390 2629 sufficienter
1415 2595 1586 2638 expressis,
1610 2605 1645 2627 ac
1669 2594 1871 2627 exactissime
1897 2599 1930 2626 et

1195 2649 1433 2681 accuratissime
1446 2646 1639 2691 specificatis
1655 2646 1824 2688 habentes,
1839 2652 1929 2681 motu

1982 1132 2052 1153 irritat
2066 1133 2127 1159 quid-

1943 1159 1994 1184 quid
2035 1165 2126 1179 oecono-

1943 1191 1988 1205 mus
2020 1186 2125 1210 generalis

1943 1211 2022 1231 fecerat
2034 1218 2052 1231 tn
2063 1211 2125 1232 Statu

1943 1238 2106 1258 Medmtanen-ts
