2247 3208
170 230 221 258 An.
238 230 266 258 c.
289 228 356 257 1663
402 224 466 252 ‘122
944 217 1123 241 ssULLARiUM
1147 216 1297 240 Romnum

368 275 565 321 praescripta
598 272 631 305 in
662 267 948 304 constitutionibus
973 275 1107 308 genera·
1184 263 1401 306 confirmatae,
1419 265 1504 296 circa
1515 265 1746 299 alternativam
1758 267 1875 310 officio-

370 331 455 364 libus
495 326 632 360 familiae
664 325 902 361 cismontanae3
936 318 1106 353 contrariis
1183 329 1254 351 rum
1281 319 1364 351 inter
1387 319 1504 361 fratres
1521 323 1731 352 conventuum
1754 320 1875 363 Ulyssi-

1881 221 1930 248 Αη.
1950 222 1979 248 C.
2001 221 2068 249 1663

372 383 626 426 quibuscumque
647 388 712 411 non
732 375 945 410 obstantibus.
973 374 1104 414 Romae,

370 447 408 472 xv
432 434 537 467 martii
561 441 717 467 nucum.
1025 438 1028 440 ·

655 484 694 517 M.
729 482 816 516 card.
843 480 1014 515 Gnvmrus.

502 541 604 573 Locus
626 541 649 579 †
674 535 784 579 sigilli.

458 594 493 627 E.
520 592 626 636 Episc.
645 586 887 628 camerinensis,
913 585 1007 630 Secr,
1028 628 1030 630 v

408 690 507 719 Modus
531 691 627 715 autem
651 685 849 722 praescriptus
871 684 904 711 in
928 679 1125 717 conseilulz‘og

373 735 457 762 nibus
473 732 655 768 qeneralibus
669 730 804 765 familiae
823 729 1031 760 cismontanae,
1048 734 1106 761 cap.

373 786 419 810 vu,
441 778 512 813 §36,
534 778 566 803 cle
580 775 717 810 capitulis
732 766 974 809 provincialibus,
995 779 1071 798 num.
1093 771 1106 798 7

373 828 400 850 et
415 821 601 857 sequentibuS,
622 820 691 847 talis
705 821 756 846 est.

418 895 598 936 Antequam
622 895 728 934 patres
752 889 978 932 ingrediantur
996 886 1110 921 defini-

374 947 506 985 torium,
531 945 585 977 fiat
607 944 693 976 inter
716 942 804 985 ipsos
836 941 989 974 discussio
1015 950 1110 983 super

375 999 498 1033 meritis
522 992 553 1030 et
578 996 785 1040 qualitatibus
806 995 1110 1038 promovendorum,

377 1058 409 1085 et
431 1051 601 1094 praecipue
633 1049 818 1081 attendatur
850 1047 972 1080 iustitia
1005 1046 1112 1079 distri-

377 1105 483 1137 butiva
507 1114 565 1146 pro
591 1102 677 1145 pacis
701 1095 957 1134 conservatione.
991 1099 1112 1132 Deinde

378 1158 565 1201 praesidens
606 1166 663 1189 seu
703 1154 911 1199 provincialis
953 1157 1115 1197 proponat

381 1221 477 1243 unum
501 1220 559 1253 pro
586 1208 733 1252 quolibet
748 1211 908 1240 conventu
927 1202 1113 1245 successive,

379 1274 475 1306 super
499 1273 563 1305 quo
589 1265 755 1294 sumantur
779 1261 817 1293 ab
836 1259 1027 1293 electoribus
1052 1259 1115 1291 cal—

381 1317 444 1350 culi
474 1316 557 1359 nigri
582 1316 631 1348 vel
660 1314 724 1347 albi
757 1314 796 1347 ad
827 1314 890 1346 hoc
923 1311 1115 1356 praeparati,

382 1369 483 1402 etsie
506 1372 630 1401 secreto
664 1367 785 1410 absque
820 1365 881 1399 alia
913 1364 1116 1397 discussione

381 1427 546 1466 ponantur
568 1421 601 1453 in
626 1422 718 1453 urna.
746 1419 836 1457 Quod
862 1417 888 1451 si
914 1417 1020 1450 maior
1039 1427 1115 1460 pars

384 1477 446 1509 erit
469 1474 672 1513 affirmativa,
696 1475 819 1506 electus
845 1471 1066 1514 intelligatur;
1090 1470 1116 1503 si

383 1540 461 1562 vero
488 1528 549 1561 crit
571 1527 731 1569 negativa,
761 1531 967 1569 proponatur
992 1524 1074 1557 alius
1101 1534 1118 1556 a

385 1582 535 1625 praeside
561 1580 627 1613 sive
652 1579 853 1623 provinciali,
871 1583 908 1610 ut
932 1588 1039 1621 supra,
1062 1577 1119 1609 do-

386 1646 446 1668 nec
471 1634 586 1667 electio
612 1633 767 1666 canonice
792 1632 858 1665 fiat.
877 1632 970 1670 Quod
994 1631 1020 1663 si
1045 1635 1119 1664 vota

386 1699 447 1732 per
459 1694 522 1721 tres
537 1688 623 1720 vices
638 1692 735 1719 erunt
746 1686 904 1729 aequalia,
915 1682 1119 1728 praesidens¹

387 1747 461 1774 voto
477 1741 617 1773 decisivo
632 1745 750 1779 utatur,
765 1738 812 1771 uti
826 1739 1007 1771 secundum
1022 1738 1121 1770 Deum

388 1794 504 1827 melius
537 1793 698 1826 videbitur
727 1792 893 1835 expedire.
927 1791 987 1824 Alii
1013 1796 1121 1823 autem

390 1848 554 1887 officiales,
579 1845 731 1879 videlicet
763 1845 968 1877 consessores
1000 1843 1123 1876 monia-

390 1901 480 1939 lium,
491 1899 636 1942 magistri
649 1898 854 1938 novitiorum,
866 1899 1013 1937 lectores,
1026 1902 1057 1930 et.
1070 1896 1122 1929 alii

391 1952 588 1989 huiusmodi,
605 1952 817 1984 instituantur
832 1953 852 1983 a
868 1950 1032 1993 superiori
1053 1960 1125 1982 cum

392 2005 528 2038 consilio
543 2010 574 2037 et
587 2015 747 2037 consensu
761 2008 890 2047 patrum
905 2002 1124 2043 definitorum3

393 2068 459 2090 non
484 2058 632 2090 obstante
655 2066 860 2100 quacumque
889 2055 1127 2089 consuetudine

394 2110 640 2143 immemorabili
664 2109 698 2142 iu
722 2109 930 2149 contrarium,
955 2113 1014 2141 etc.

685 2260 825 2294 CDXXII.

400 2341 609 2383 Confirmatio
636 2341 914 2374 determinationis
943 2352 962 2373 a
987 2339 1147 2384 capitulo

440 2395 637 2438 provinciali
682 2396 864 2437 provinciae
905 2394 1131 2437 Porlzc911lliae

448 2449 548 2480 Tertii
563 2448 695 2481 Ordinis
712 2450 813 2480 sancti
831 2448 1000 2480 Francisci
1015 2448 1128 2490 factae,

445 2512 481 2533 ac
505 2512 524 2533 α
548 2501 692 2544 (lenerali
715 2506 742 2533 cl
770 2502 933 2533 cardinali
959 2505 1132 2544 protectore

439 2618 450 2643 1
473 2617 541 2643 Male
559 2618 611 2642 edit
641 2617 717 2643 Maur
738 2617 796 2647 legit
812 2620 957 2651 proflantes
971 2623 998 2649 (R
1023 2621 1070 2649 T.).

1182 373 1373 416 ponensz'um
1398 375 1426 404 et
1449 371 1488 404 de
1512 371 1610 404 Deira
1630 372 1773 406 eiusdem
1798 384 1874 417 pro-

1184 426 1309 458 vinciae
1321 424 1342 458 ¹.

1331 514 1494 541 Alexander
1521 513 1599 546 Papa
1617 513 1680 547 VH,

1275 558 1316 585 Ad
1338 558 1472 585 futurum
1494 557 1540 584 rei
1559 557 1738 585 memoriam.

1184 639 1199 682 5
1224 638 1254 671 1.
1281 638 1405 682 Exponi
1430 638 1524 671 nobis
1542 649 1646 682 nuper
1663 638 1810 672 fecerunt
1829 638 1876 673 di-

1140 692 1214 726 lecti
1231 691 1289 725 filii
1305 691 1442 724 vicarius
1460 690 1678 735 provincialis,
1698 702 1734 724 ac
1756 697 1876 732 custos,

1142 745 1330 778 definitores
1370 750 1401 778 et
1436 745 1551 778 fratres
1588 744 1773 788 provinciae
1800 744 1878 778 Por-

1142 797 1294 840 tugalliae
1319 798 1415 831 Tertii
1432 798 1559 831 Ordinis
1575 797 1676 830 sancti
1700 797 1877 838 Francisci,

1143 851 1231 895 quod
1255 850 1289 883 in
1313 851 1427 884 ultimo
1453 850 1594 893 capitulo
1620 849 1810 893 provinciali
1832 849 1879 882 di-

1145 909 1214 937 ctae
1240 903 1440 947 provinciae,
1469 902 1614 935 unanimi
1644 902 1804 935 vocalium
1829 913 1880 935 as-

1145 968 1253 997 sensu,
1267 967 1327 999 pro
1342 955 1588 989 conservatione
1602 955 1691 999 pacis
1708 960 1739 988 et
1751 960 1880 988 mutuae

1146 1009 1328 1044 dilectionis
1369 1009 1590 1049 incremento,
1631 1009 1881 1042 determinatum

1128 1064 1203 1096 *suit
1226 1069 1261 1095 ut
1284 1063 1318 1095 in
1343 1062 1459 1095 futuris
1492 1062 1706 1095 electionibus
1733 1067 1766 1095 et
1788 1061 1882 1095 insti-

1147 1116 1326 1149 tutionibus
1339 1115 1480 1148 ministri
1494 1115 1714 1158 provincialis,
1725 1115 1882 1155 custodis,

1148 1170 1354 1204 definitorum
1378 1180 1414 1202 ac
1438 1169 1598 1201 lectorum
1619 1167 1754 1210 singulis
1785 1167 1883 1200 trien-

1148 1223 1220 1261 niis,
1245 1222 1342 1255 sicuti
1374 1231 1505 1266 quoque
1530 1222 1562 1254 in
1588 1227 1735 1254 eventum
1766 1221 1883 1253 subro-

1149 1275 1299 1319 gationis,
1317 1281 1462 1308 servetur
1481 1274 1669 1308 alternativa
1687 1274 1764 1307 alias
1782 1274 1884 1307 intro-

1150 1330 1255 1370 ducta,
1280 1334 1311 1362 et
1335 1334 1407 1361 ante
1424 1328 1538 1371 viginti
1563 1338 1675 1368 annos,
1695 1327 1885 1360 auctoritate

1151 1382 1314 1426 quondam
1328 1381 1519 1414 Bernardini
1538 1381 1576 1414 de
1589 1380 1692 1421 Senis,
1707 1380 1783 1413 dum
1796 1379 1886 1420 vixit,

1150 1435 1290 1469 ministri
1309 1435 1472 1478 generalis
1491 1434 1619 1467 Ordinis
1636 1434 1770 1466 fratrum
1787 1432 1887 1466 Mino·-

1152 1500 1222 1523 rum
1246 1489 1393 1522 eiusdem
1410 1488 1510 1520 sancti
1527 1487 1687 1520 Francisci
1709 1487 1748 1520 de
1772 1486 1888 1519 Obser-

1152 1542 1257 1575 vantia
1281 1547 1555 1584 nuncupatorum,
1573 1539 1780 1579 confirmata,
1804 1539 1889 1572 inter

1154 1597 1267 1628 fratres
1294 1600 1508 1628 conventuum
1532 1592 1832 1636 Ulyssiponensium
1857 1596 1889 1624 et

1154 1650 1193 1682 de
1221 1649 1315 1682 Deira
1344 1653 1606 1691 nuncupatorum
1639 1646 1782 1679 eiusdem
1815 1655 1890 1689 pro-

1152 1702 1287 1735 vinciae.

1199 1755 1213 1798 ξ
1238 1754 1268 1787 02.
1296 1754 1372 1788 Cum
1397 1759 1512 1793 autem,
1531 1753 1614 1786 sicut
1633 1753 1745 1786 eadem
1765 1751 1891 1796 exposi-

1156 1809 1199 1842 tio
1217 1809 1438 1850 subiungebat,
1455 1806 1680 1840 determinatio
1702 1805 1889 1838 huiusmodi

1157 1873 1175 1895 a
1192 1862 1308 1895 dilecto
1326 1861 1392 1893 tilio
1408 1861 1566 1893 moderno
1583 1859 1730 1892 ministro
1748 1857 1891 1901 generali

1159 1915 1234 1948 dicti
1254 1913 1394 1953 Ordinis,
1420 1924 1455 1946 ac
1479 1913 1574 1946 etiam
1599 1923 1617 1945 a
1640 1911 1817 1945 venerabili
1834 1911 1894 1943 sra-

1160 1972 1206 2000 tre
1223 1973 1334 2000 nostro
1360 1966 1530 1999 Francisco
1552 1966 1704 2008 episcopo
1725 1963 1892 1997 Portuensi

1160 2025 1287 2053 sanctae
1298 2020 1461 2052 Romanae
1471 2018 1631 2051 Ecclesiae
1645 2017 1807 2050 cardinale
1821 2016 1895 2049 Bar-

1159 2074 1273 2107 berino
1291 2078 1487 2115 nuncupato,
1505 2072 1650 2104 eiusdem
1666 2071 1793 2104 Ordinis
1810 2069 1894 2113 apud

1160 2138 1220 2160 nos
1245 2132 1276 2159 et
1299 2126 1414 2159 Sedem
1444 2124 1663 2168 Apostolicam
1696 2129 1892 2166 protectore,

1162 2179 1350 2213 confirmata
1375 2185 1406 2212 et
1431 2178 1608 2221 approbata
1628 2177 1734 2216 fuerit,
1752 2175 1896 2209 firmiora

1161 2244 1236 2266 vero
1255 2238 1328 2264 sunt
1353 2232 1419 2272 illa,
1441 2242 1521 2274 quae
1550 2229 1720 2273 apostolici
1742 2229 1896 2262 munimi-

1163 2286 1212 2319 nis
1236 2285 1397 2329 praesidio
1421 2284 1629 2317 roborantur:
1649 2283 1742 2316 nobis
1766 2288 1897 2326 propte-

1163 2351 1218 2373 rea
1235 2339 1309 2372 dicti
1324 2344 1522 2382 exponentes
1537 2337 1702 2370 humiliter
1722 2336 1897 2380 supplifflfl'i

1165 2394 1311 2426 fecerunt
1327 2398 1363 2424 ut
1379 2392 1439 2424 sibi
1458 2391 1490 2423 in
1508 2390 1695 2434 praemissis
1715 2396 1897 2433 opportune

1165 2446 1340 2490 providere
1366 2451 1397 2477 et
1421 2451 1455 2476 ut
1479 2445 1561 2476 infra
1585 2445 1753 2486 indulgere
1779 2443 1818 2475 de
1842 2443 1899 2475 be-

1166 2502 1320 2544 nignitate
1346 2499 1521 2543 apostolica
1546 2499 1764 2540 dignaremur.

1203 2619 1211 2642 1
1236 2616 1272 2643 Ex
1294 2617 1389 2650 Regest
1420 2616 1446 2641 in
1466 2616 1571 2641 Secret.
1593 2614 1669 2640 Brev.

1918 653 2036 678 Exposuit».

1931 1763 2070 1790 supplicatio.
