2247 3208
226 214 275 241 An.
295 215 321 243 c.
346 215 411 244 ¹663
457 208 521 242 184

424 266 464 298 tis
492 270 523 297 et
550 263 666 298 litteris
691 262 878 306 apostolicis
903 274 935 295 in
963 263 1156 296 contrarium

424 318 677 361 praemissorum
703 316 948 359 quomodolibet
972 316 1155 357 concessis,

422 369 617 402 confirmatis
635 374 666 402 et
679 369 857 409 innovatis;
878 369 992 412 quibus
1007 369 1157 402 omnibus

423 426 455 454 et
484 421 638 464 singulis,
664 421 791 454 etiamsi
822 432 881 464 pro
905 422 1035 455 illorum
1071 421 1158 454 suffi-

422 473 519 506 cienti
552 474 763 516 derOgatione
804 474 843 507 de
878 474 943 507 illis
980 484 1157 517 eorumque

422 525 496 559 totis
522 526 688 559 tenoribus
715 526 877 569 specialis,
913 525 1076 570 specifica,
1104 537 1158 559 ex-

421 589 536 622 pressa
569 584 600 611 et
631 579 816 620 individua,
843 590 880 612 ac
910 580 951 613 de
986 580 1085 612 verbo
1117 580 1156 612 ad

421 631 568 672 verbum,
595 643 660 666 non
685 638 792 666 autem
825 643 884 676 per
914 634 1077 666 clausulas
1102 643 1157 675 ge-

421 686 550 718 nerales
575 685 662 718 idem
693 686 916 729 importantes,
953 686 1074 718 mentio
1099 696 1157 718 seu

422 738 553 782 quaevis
579 739 641 772 alia
662 738 828 781 expressio
855 738 1007 771 habenda
1027 743 1081 771 aut
1100 738 1157 771 ali-

423 802 486 834 qua
524 791 587 824 alia
623 791 782 834 exquisita
813 791 915 824 forma
939 791 979 824 ad
1004 791 1065 823 hoc
1089 801 1156 824 ser-

422 844 525 878 vanda
539 844 632 884 soret,
646 844 776 877 illorum
789 849 918 877 tenores
932 844 1156 887 praesentibus

421 907 482 940 pro
507 897 602 939 plene
620 901 651 929 et
667 896 862 929 sufficienter
886 896 1043 939 expressis
1060 901 1092 929 et
1108 896 1156 929 in-

422 949 516 982 sertis
541 949 705 989 hahentes,
731 949 795 982 illis
820 948 898 982 alias
915 949 948 981 in
966 959 1021 981 suo
1039 949 1156 982 robore

421 1001 650 1045 permansuris,
669 1001 708 1033 ad
726 1001 976 1044 praemissorum
993 999 1152 1041 effectum,

423 1053 484 1086 hac
513 1053 582 1086 vice
611 1054 794 1092 dumtaxat,
827 1052 1012 1096 specialiter
1041 1058 1072 1085 et
1103 1063 1156 1085 ex-

421 1115 531 1148 presse
549 1106 761 1148 derogamus;
784 1104 964 1148 ceterisque
985 1105 1156 1138 contrariis

422 1157 691 1202 quibuscumque.

465 1210 577 1244 Datum
602 1210 742 1251 Romae,
768 1210 853 1254 apud
878 1210 909 1243 S.
936 1209 1068 1244 Mariam
1093 1211 1156 1243 Ma-

422 1262 543 1304 iorem,
575 1264 633 1296 sub
666 1263 787 1296 annulo
820 1263 1015 1303 piscatoris,
1045 1264 1095 1296 die
1124 1274 1155 1297 v1

422 1315 491 1349 iulii
507 1325 660 1356 MDCLxm,
674 1315 879 1360 pontificatus
894 1315 997 1349 nostri
1011 1325 1096 1350 anno
1111 1326 1152 1350 1x.

457 1377 516 1405 Dat.
534 1377 577 1405 die
591 1378 606 1405 6
623 1377 680 1405 iulii
696 1377 773 1410 1663,
789 1377 884 1413 pontif.
901 1385 943 1404 an.
964 1384 1000 1405 1x.

722 1519 859 1553 CDXLV.

423 1599 635 1643 Indulyenlia
655 1599 807 1643 plenaria
827 1604 982 1643 perpetua
1003 1610 1062 1643 pro
1082 1600 1157 1632 visi-

469 1653 613 1685 tantibus
637 1653 783 1685 ecclesias
799 1652 967 1686 Societatis
983 1653 1057 1686 Iesu
1069 1653 1157 1695 festis

468 1711 652 1738 sanctorum
668 1705 796 1748 Ignatii
814 1716 851 1737 ac
866 1705 898 1738 F
896 1705 1036 1738 rancisci
1054 1706 1158 1738 Xave—

467 1759 523 1799 rii,
544 1759 692 1802 confessis
716 1769 752 1791 ac
769 1759 992 1792 communione
1007 1759 1157 1802 refectis¹.

616 1839 781 1865 Alexander
801 1839 879 1872 Papa
897 1839 961 1872 vu,

1002 216 1180 242 BULLARIUM
1204 215 1354 241 ROMANUM

1193 263 1284 296 sessis
1301 275 1337 297 ac
1352 265 1443 297 sacra
1460 266 1686 299 communione
1704 265 1844 306 refectis
1867 267 1920 309 qui

1191 316 1333 360 aliquam
1358 327 1395 349 ex
1421 317 1516 350 dictis
1542 318 1685 351 ecclesiis
1715 319 1923 362 presbytero-

1191 380 1264 402 rum
1289 369 1460 403 Societatis
1476 369 1557 411 Iesu,
1578 370 1697 414 ubique
1719 372 1921 412 existentem,

1190 423 1222 456 in
1248 423 1348 456 sancti
1372 422 1487 465 Ignatii
1511 423 1625 457 ultima
1650 424 1730 463 iulii,
1762 435 1797 457 ac
1820 425 1920 457 sancti

1190 475 1350 508 Francisci
1390 476 1517 508 Xaverii
1560 476 1701 509 secunda
1741 477 1922 510 decembris

1190 527 1346 560 mensium
1364 527 1524 560 celebrari
1539 528 1641 561 solitis
1654 528 1743 561 sestis
1764 529 1887 570 diebus,
1904 540 1922 563 a

1190 579 1302 622 primis
1323 580 1465 623 vesperis
1489 590 1591 623 usque
1618 581 1657 613 ad
1675 591 1826 613 occasum
1846 582 1921 615 solis

1190 631 1316 664 dierum
1332 632 1531 673 huiusmodi,
1546 632 1682 675 singulis
1701 633 1793 665 annis
1807 633 1921 667 devote

1189 683 1378 725 visitassent,
1395 690 1427 717 et
1440 685 1484 717 ibi
1498 695 1558 728 pro
1573 685 1823 718 christianorum
1839 686 1922 729 prin-

1189 737 1294 780 cipum
1312 737 1493 778 eoncordia,
1506 738 1681 770 haeresum
1696 738 1920 781 extirpatione,

1189 800 1225 821 ac
1248 789 1279 822 S.
1306 790 1345 822 M.
1372 790 1407 823 E.
1436 791 1629 823 exaltatione
1658 791 1726 833 pias
1751 791 1790 824 ad
1819 791 1920 824 Deum

1188 853 1298 885 preces
1311 843 1490 883 effuderint,
1504 844 1683 886 plenariam
1693 844 1836 876 omnium
1850 854 1921 887 pec-

1188 900 1334 928 catorum
1358 906 1489 928 suorum
1515 896 1749 938 indulgentiam
1766 902 1797 929 et
1813 897 1921 929 remis-

1188 947 1314 980 sionem
1338 948 1371 980 in
1395 948 1532 981 Domino
1557 954 1718 992 perpetuo
1743 949 1919 989 concessit,

1188 1005 1285 1043 prout
1309 1001 1342 1033 in
1367 1001 1512 1034 eiusdem
1529 1001 1675 1044 Gregorii
1693 1002 1922 1044 praedecesso-

1189 1053 1233 1085 ris
1257 1053 1373 1086 litteris
1399 1053 1433 1085 in
1464 1053 1559 1086 simili
1593 1054 1697 1086 forma
1729 1054 1838 1087 Brevis
1868 1054 1920 1086 die

1187 1116 1245 1139 vm
1264 1105 1382 1139 mensis
1398 1106 1477 1138 iunii
1494 1105 1644 1140 Mocxx11¹
1665 1106 1806 1150 desuper
1831 1116 1922 1149 expe-

1190 1159 1274 1199 ditis,
1301 1169 1437 1202 quarum
1456 1164 1584 1192 tenores
1609 1158 1836 1202 praesentibus
1860 1169 1939 1202 pror

1190 1214 1285 1255 plene
1300 1218 1332 1245 et
1344 1213 1544 1246 sufficienter
1567 1213 1728 1255 expressis
1745 1212 1858 1246 haberi
1872 1223 1922 1246 vo-

1189 1267 1304 1306 lumus,
1331 1265 1463 1298 uberius
1488 1265 1685 1298 continetur.

1232 1318 1246 1361 ἓ
1270 1318 1301 1350 l.
1328 1317 1405 1351 Cum
1422 1322 1538 1358 autem,
1558 1318 1641 1350 sicut
1657 1317 1816 1361 praedicti
1836 1329 1922 1361 pres-

1189 1371 1293 1414 byteri
1318 1370 1486 1404 Societatis
1510 1371 1580 1403 Iesu
1611 1371 1706 1404 nobis
1730 1381 1838 1414 nuper
1870 1382 1922 1404 ex-

1189 1424 1268 1467 poni
1293 1424 1438 1456 fecerunt
1470 1424 1555 1466 quod
1586 1424 1726 1457 officium
1751 1429 1782 1457 et
1805 1424 1923 1457 festum

1190 1477 1347 1520 praedicti
1368 1476 1469 1509 sancti
1493 1476 1655 1509 Francisci
1680 1477 1808 1509 Xaverii
1828 1488 1846 1509 a
1870 1477 1922 1510 die

1191 1531 1331 1562 secunda
1347 1531 1387 1562 ad
1412 1530 1538 1562 tertiam
1556 1529 1640 1562 diem
1661 1529 1782 1562 mensis
1800 1530 1924 1562 decem-

1190 1583 1256 1615 bris
1272 1582 1451 1626 apostolica
1467 1583 1660 1615 auctoritate
1674 1593 1732 1625 per
1750 1592 1809 1615 nos
1823 1588 1926 1615 trans-

1191 1637 1253 1669 lata
1292 1636 1378 1668 sint:
1416 1636 1510 1668 nobis
1545 1641 1721 1678 propterea
1759 1635 1926 1668 humiliter

1191 1690 1368 1733 supplicari
1389 1691 1535 1723 fecerunt
1559 1690 1718 1733 praedicti
1743 1689 1924 1732 presbyteri

1191 1742 1360 1776 Societatis
1384 1743 1454 1775 Iesu
1479 1748 1514 1774 ut
1548 1742 1769 1784 indulgentias
1794 1747 1826 1774 et
1849 1752 1926 1784 pec-

1192 1799 1335 1828 catorum
1352 1795 1570 1835 remissiones,
1587 1806 1604 1827 a
1622 1794 1788 1837 praedicto
1806 1794 1926 1836 Grego-

1929 218 1977 245 Αιι.
1998 218 2027 246 C.
2051 218 2118 246 1663

1962 1326 2106 1353 Supplicauo.

1192 1847 1240 1880 rio
1264 1848 1517 1891 praedecessore
1547 1847 1692 1880 ecclesiis
1716 1847 1925 1890 presbytero-

1192 1912 1263 1933 rum
1284 1900 1452 1934 Societatis
1474 1900 1546 1932 Iesu
1565 1898 1752 1932 huiusmodi
1774 1899 1825 1932 dic
1844 1899 1924 1932 sesto

1192 1954 1334 1987 eiusdem
1359 1954 1460 1986 sancti
1485 1952 1648 1985 Francisci
1673 1951 1800 1984 Xaverii
1826 1951 1876 1984 die
1902 1962 1925 1985 11

1192 2006 1312 2039 mensis
1337 2005 1535 2045 decembris,
1561 2010 1597 2037 ut
1620 2004 1815 2048 praefertur,
1841 2005 1926 2037 cele-

1192 2060 1279 2091 brari
1297 2057 1409 2092 solito²
1429 2068 1597 2091 concessas
1606 2057 1625 2098 ⁸,
1643 2058 1682 2089 ad
1699 2057 1827 2090 tertiam
1841 2057 1926 2090 diem

1193 2113 1337 2145 eiusdem
1361 2110 1481 2144 mensis
1506 2110 1686 2143 decembris
1706 2109 1803 2142 etiam
1824 2115 1926 2142 trans-

1193 2165 1277 2197 ferre
1310 2164 1349 2196 de
1380 2162 1583 2205 benignitate
1613 2163 1791 2205 apostolica
1815 2162 1926 2205 digna-

1192 2226 1313 2249 remur.

1236 2269 1250 2311 ξ
1275 2268 1306 2301 2.
1334 2267 1396 2301 Nos
1421 2268 1536 2310 igitur,
1565 2268 1695 2300 eosdem
1720 2267 1926 2311 presbyteros
1967 2272 2074 2293 'swuster‘
2093 2273 2124 2294 in-

1940 2298 2058 2324 dulgentias
2100 2300 2124 2321 S.

1192 2321 1360 2355 Societatis
1384 2321 1456 2353 lesu
1476 2320 1697 2364 spiritualibus
1716 2321 1877 2353 favoribus
1895 2325 1926 2353 et
1941 2325 2125 2372 5i2³3²5³5523²2221

1193 2374 1303 2418 gratiis
1328 2373 1479 2417 prosequi
1503 2375 1656 2415 volentes,
1682 2373 1926 2417 supplicationi-
1940 2378 2123 2400 flamdecombris-

1192 2428 1249 2460 bus
1273 2427 1406 2460 illorum
1419 2426 1550 2459 nomine
1564 2427 1658 2459 nobis
1675 2436 1772 2469 super
1788 2426 1852 2459 hoc
1869 2426 1927 2459 hu-

548 1883 583 1910 ad
602 1886 777 1917 perpetuam
796 1883 841 1910 rei
861 1882 1038 1911 memoriam.

262 1964 365 1983 Recenset
378 1963 411 1984 lit-

228 1991 285 2009 lcras
333 1990 411 2016 Grego-

228 2016 254 2036 rii
270 2015 314 2036 XV.

469 1953 557 1993 Cum,
575 1953 657 1987 sicut
681 1953 876 1996 accepimus,
895 1953 973 1986 alias
991 1953 1092 1986 felicis
1111 1964 1159 1987 re-

426 2007 625 2040 cordationis
649 2006 824 2049 Gregorius
848 2007 933 2050 Papa
954 2007 1003 2039 XV
1021 2007 1160 2050 praede-

427 2070 535 2093 cessor
559 2065 682 2099 noster,
699 2060 810 2092 volens
831 2070 943 2092 omnes
964 2064 995 2092 et
1015 2059 1158 2102 singulas

427 2111 580 2145 ecclesias
603 2113 872 2155 presbyterorum
897 2112 1066 2145 Societatis
1088 2112 1158 2144 Iesu

427 2166 546 2208 ubique
571 2166 746 2198 existentes
772 2166 882 2207 aliquo
908 2165 1069 2208 spirituali
1090 2176 1159 2197 mu-

427 2218 505 2250 nere
540 2217 724 2258 illustrare,
762 2217 800 2249 de
833 2216 1067 2260 omnipotentis
1102 2217 1158 2249 Dei

428 2270 655 2303 misericordia
672 2280 708 2302 ac
722 2270 895 2302 beatorum
919 2270 1004 2303 Petri
1022 2275 1054 2302 et
1071 2270 1158 2303 Pauli

429 2324 651 2367 apostolorum
677 2323 744 2355 eius
777 2323 970 2356 auctoritate
995 2323 1157 2364 confisus,

430 2375 580 2408 omnibus
594 2379 625 2407 et
638 2374 774 2417 singulis
786 2375 953 2418 utriusque
970 2385 1065 2407 sexus
1078 2375 1159 2408 chri-

429 2428 625 2462 stifidelibus·
656 2439 732 2461 vere
759 2429 1001 2472 poenitentibus
1027 2434 1059 2461 et
1082 2439 1159 2462 con-

465 2511 477 2535 1
499 2508 563 2535 Vide
582 2507 614 2535 ad
633 2507 741 2535 Constit-
754 2515 838 2535 ncxxv
848 2508 898 2542 (al.
911 2507 1084 2542 591)Urbani
1098 2507 1158 2534 VIll

429 2553 512 2580 Alios
530 2553 639 2587 felicis,
661 2556 724 2580 tom.
745 2559 805 2586 x1V,
826 2560 886 2588 pag.
907 2552 974 2584 684,
995 2556 1021 2579 ct
1040 2552 1072 2579 ad
1092 2552 1158 2579 Con-

430 2597 485 2624 stit.
506 2603 557 2624 cul
575 2597 667 2625 Innoc.
689 2596 725 2629 X,
744 2596 834 2629 Alios,
857 2600 921 2623 tom.
941 2603 984 2631 xv,
1002 2604 1060 2632 pag.
1077 2596 1139 2624 686.

1227 2508 1238 2534 1
1261 2507 1327 2534 Male
1343 2506 1385 2534 ed.
1401 2506 1483 2534 Main.
1498 2507 1564 2542 legit
1579 2506 1649 2534 1662
1664 2507 1702 2540 (u.
1717 2505 1767 2539 τ.).

1226 2551 1242 2578 2
1257 2551 1327 2578 Male
1342 2551 1406 2578 edit.
1423 2551 1502 2578 Main.
1519 2551 1583 2585 legit
1597 2551 1715 2578 solitum
1729 2550 1768 2585 (R.
1784 2551 1834 2582 Τ.).

1226 2595 1242 2624 3
1257 2595 1374 2624 Pessime
1384 2603 1432 2632 pro
1441 2603 1584 2623 concessas
1595 2594 1675 2623 habet
1689 2596 1835 2623 contentas
1847 2593 1924 2636 (uxr).
