2247 3208
148 174 197 200 An.
214 172 241 199 C.
266 173 332 200 loc-3

160 968 229 989 CArc'r
243 968 305 989 xvn.
336 984 340 985 γ

140 995 170 1015 ne
219 996 325 1015 electione

140 1021 282 1042 ottadientme
300 1027 324 1041 :ie

140 1049 299 1072 deputatorum,

936 174 1124 198 MENANDER
1146 176 1190 199 5⁷11
1217 176 1264 199 ΡΡ.

344 221 468 253 dicetur
496 221 529 252 in
556 231 618 263 quo
644 220 875 253 intervenerint
910 222 947 253 :ul
974 222 1079 253 minus

342 272 533 305 Obedientia
558 283 629 305 rum
655 274 851 314 secretario,
890 280 940 306 aut
974 285 1079 307 secre-

342 326 413 358 tarii
447 326 653 365 coadiutore,
680 332 711 359 et
735 332 857 370 septem
889 327 971 360 aliis.
999 328 1080 360 Con-

342 389 450 411 sessus
476 379 683 411 anti-anorum
708 380 824 422 plenus
855 380 881 412 is
914 381 963 412 rui
996 381 1078 413 inte-

339 437 451 464 rerunt
489 431 682 465 Ohedientia
711 443 781 465 011111
811 433 987 466 secretario
1025 438 1078 466 aut

340 484 525 517 coadiutore
557 489 587 517 et
613 485 683 517 aliis
710 486 858 518 undecim
889 484 1078 527 151111111ςο10-

339 537 440 570 ribus.
467 537 503 570 Et
528 538 560 570 in
587 548 788 580 quocumque
808 538 923 570 horum
948 548 1078 570 conses-

340 600 456 629 suum,
492 589 517 622 si
550 590 702 632 proprius
736 589 927 622 Obedientia
952 589 1076 629 aberit,

339 655 401 687 pro
426 645 482 677 tali
508 644 688 683 habebitur,
716 643 769 685 (1111
794 644 864 675 loeo
890 643 959 675 eius
986 653 1077 686 prae-

339 696 420 737 erit,
452 696 677 739 suffragiorum
714 706 852 728 numero
885 695 1076 738 ceteroquin

339 751 512 793 completo.

382 802 429 834 Ad
450 801 647 844 principium
665 806 696 833 et
713 800 810 833 finem
823 800 982 833 dictorum
1001 810 1077 833 con-

337 864 495 894 sessuum,
521 853 687 887 orationes
714 853 845 896 capituli
868 853 970 886 ultimi
996 852 1077 886 reci-

336 906 502 938 tabuntur.

380 959 469 991 XVII.
492 957 559 997 Quo
586 959 637 991 die
663 958 730 990 [ieri
757 958 887 991 debebit
907 959 939 990 in
965 959 1076 991 schola

336 1011 453 1044 electio
471 1011 682 1044 Obedientiae
704 1022 737 1043 ae
759 1012 996 1054 deputatorum,
1020 1012 1076 1044 ha-

335 1064 468 1098 bebitur
484 1074 580 1097 mane
598 1064 809 1107 eongregatio
824 1064 1027 1096 antianorum
1042 1065 1074 1097 in

336 1116 488 1157 oratorio,
508 1117 547 1150 ad
572 1117 803 1150 nominandum
824 1127 980 1160 personas
1006 1117 1075 1150 ido-

335 1179 423 1209 neas,
441 1180 524 1212 quae
543 1179 602 1212 pro
620 1170 771 1211 gerendis
789 1169 839 1201 his
860 1168 977 1201 officiis
1001 1180 1075 1212 pro-

335 1227 510 1265 ponantur,
531 1232 569 1254 ex
587 1221 703 1264 quibus
730 1222 843 1254 schola
868 1223 1009 1254 electura
1033 1222 1075 1254 sit

335 1285 418 1318 quos
444 1274 661 1313 aestimaverit
685 1274 787 1317 magis
812 1274 964 1308 idoneos.

378 1327 519 1370 Proponi
545 1328 667 1360 debent
691 1333 756 1360 tres
780 1338 839 1371 pro
866 1327 972 1361 0111010
993 1328 1074 1361 Obe-

335 1381 488 1419 dientiae,
502 1379 685 1423 singulique
701 1381 764 1413 duo
778 1391 839 1424 pro
857 1381 1073 1424 unicuiusque

336 1434 491 1477 deputati.
524 1433 581 1471 Qui
610 1444 668 1477 pro
700 1444 831 1466 munere
860 1433 1072 1467 Obedientiae

334 1492 583 1530 proponentur,
611 1487 796 1519 sacerdotes
830 1497 899 1519 esse
933 1487 1071 1527 dehent,

335 1539 402 1572 sive
428 1540 603 1578 seculares,
629 1538 694 1571 sive
719 1540 891 1581 regulares,
914 1539 953 1571 iis
978 1539 1074 1571 meri-

334 1591 386 1631 tis,
412 1593 515 1634 eaque
540 1591 657 1624 virtute
682 1602 718 1624 ac
737 1591 889 1634 ,(1001111151
918 1592 1071 1635 praediti,

336 1655 417 1688 quae
443 1644 527 1677 dicta
550 1644 615 1677 iam
633 1650 716 1683 sunt,
736 1645 840 1688 etqui
861 1650 934 1677 ante
953 1656 1073 1679 annum

335 1698 375 1730 ad
399 1697 506 1730 minus
530 1697 563 1729 in
588 1708 658 1730 eam
684 1697 814 1730 admissi
848 1697 979 1730 suerint.
1012 1698 1073 1731 Pro

336 1751 565 1793 deputatorum
596 1750 889 1783 ecclesiasticorum
925 1751 1075 1784 similiter

336 1804 524 1835 sacerdotes
556 1804 719 1836 seculares
745 1808 800 1836 aut
831 1805 1015 1846 regulares,
1044 1810 1076 1837 et

337 1856 390 1899 qui
411 1855 625 1888 Obedientiae
643 1856 747 1888 locum
765 1858 919 1899 supplere
938 1857 1071 1899 possint,

337 1915 368 1941 et
380 1909 551 1953 minusque
562 1909 570 1925 ¹
584 1914 657 1942 octo
672 1909 835 1942 niensium
849 1909 1074 1952 antiquitatem

338 1963 507 1995 habentes.
535 1962 595 1995 Pro
620 1963 850 2005 deputatorum
871 1973 1002 2006 (1110(1110
1026 1973 1074 1995 se-

337 2015 494 2048 cularium
518 2015 631 2047 l'ratres
661 2015 826 2047 seculares
851 2017 968 2056 magna
992 2014 1073 2047 vitae

337 2067 497 2111 probitate
523 2077 558 2099 ac
582 2067 768 2110 prudentia.

381 2121 424 2153 De
451 2120 510 2159 iis,
537 2120 592 2163 qui
617 2130 677 2163 pro
702 2119 911 2153 Obedientiae
938 2131 1074 2153 munere

338 2173 544 2216 proponendi
565 2178 649 2212 sunt,
667 2173 854 2216 congregati
872 2173 904 2206 in
923 2173 1076 2216 suffragia

338 2227 449 2267 ibunt,
476 2227 539 2259 hoc
563 2232 626 2265 est,
651 2226 755 2269 primo
782 2228 853 2260 loco
879 2228 917 2259 de
944 2237 993 2267 eo,
1020 2228 1074 2271 qui

339 2279 442 2323 primo
468 2280 539 2312 loco
557 2279 696 2322 proponi
714 2279 821 2319 (101101,
844 2280 1074 2323 calculatisque

340 2390 399 2423 est,
424 2383 572 2426 suffragia
597 2384 744 2416 serentur
767 2384 861 2417 simul
887 2385 925 2417 de
951 2385 1075 2419 duobus

339 2436 493 2479 reliquis,
520 2436 573 2479 qui
598 2439 662 2469 una
687 2447 761 2469 cum
786 2437 895 2480 priore
920 2437 975 2470 illo
1001 2449 1077 2481 pro-

340 2489 486 2532 ponendi
507 2494 591 2521 sunt.
615 2488 871 2532 Sull'ragiunique
893 2490 955 2522 1100
978 2492 1074 2524 modo

375 2551 389 2577 1
406 2551 519 2577 Videtur
533 2551 678 2586 legendum
697 2552 735 2577 acl
752 2552 903 2587 minusque
919 2553 958 2588 (R.
973 2554 1022 2586 T.).

412 2604 490 2631 Βαιι.
506 2598 587 2633 Rom.
603 2619 633 2624 -
655 2605 714 2632 Vol.
731 2605 823 2634 XVII.
967 2605 1002 2632 45

1120 276 1273 318 propria,
1299 282 1352 308 aut
1377 288 1472 320 quain
1498 288 1514 309 e
1540 278 1636 311 domo
1662 280 1719 310 sua
1750 283 1857 321 porta-

1122 329 1211 366 verit,
1230 340 1347 362 nomen
1369 330 1437 362 eius
1459 341 1554 373 quern
1574 331 1709 373 elegerit
1726 332 1854 365 scribat.

1164 380 1320 423 Suffragia
1354 384 1569 416 numerabunt
1599 384 1787 417 Ohedientia
1827 390 1859 418 et

1120 432 1247 474 priores
1273 434 1336 466 duo
1363 435 1517 476 deputati,
1543 437 1624 468 alter
1649 437 1800 469 sacerdos
1826 443 1859 470 et

1121 485 1203 516 alter
1227 486 1390 524 secularis,
1420 489 1483 518 una
1511 498 1581 519 011111
1613 490 1800 529 secretario,
1827 495 1858 522 et

1120 537 1174 579 qui
1204 539 1299 580 plura
1333 539 1522 579 habebunt,
1556 540 1589 571 hi
1621 542 1777 573 nominati
1809 542 1857 575 in-

1120 589 1320 631 telligentur.
1357 590 1388 622 Si
1420 591 1510 633 paria
1543 592 1607 624 sint
1639 603 1698 635 pro
1731 594 1856 626 duobus

1119 641 1291 684 suffragia,
1317 642 1432 674 iterum
1456 643 1508 675 1101
1535 644 1739 687 suffrag-atim
1774 651 1813 686 et,
1831 647 1857 678 si

1119 694 1224 726 adhue
1248 694 1339 737 paria
1365 701 1468 734 crunt,
1495 702 1600 728 sortes
1626 697 1796 729 iaeientur.

1165 747 1195 780 Si
1222 748 1285 790 ipsi
1298 747 1318 788 ¹,
1347 748 1401 791 qui
1427 759 1486 792 pro
1511 749 1725 783 Obedientiae
1751 751 1857 784 officio

1118 807 1361 844 proponantur,
1386 809 1555 835 remanent
1580 809 1611 835 et
1639 814 1698 847 pro
1724 805 1859 847 deputa—

1118 859 1222 886 torum
1248 853 1354 887 osficio
1379 856 1560 898 propositi,
1586 862 1723 899 excepto
1750 863 1857 889 tamen

1118 915 1156 938 eo
1183 906 1236 949 qui
1262 911 1334 939 actu
1368 907 1466 939 suerit
1495 908 1681 950 deputatus.
1715 909 1857 952 Quapro-

1118 964 1212 1001 pter,
1244 959 1270 991 si
1305 964 1369 991 tres
1394 959 1441 992 illi
1466 961 1646 993 manebunt
1675 963 1855 1005 propositi,

1117 1011 1267 1055 suffragia
1293 1012 1437 1045 ferentur
1461 1024 1519 1056 pro
1545 1013 1671 1046 duobus
1698 1014 1789 1055 aliis,
1817 1016 1855 1047 ad

1116 1065 1197 1104 hoc,
1229 1070 1280 1104 ut,
1313 1067 1416 1098 levato
1453 1076 1511 1108 per
1547 1067 1760 1098 secretarium
1787 1067 1855 1099 eius

1116 1119 1246 1152 nomine
1265 1120 1318 1162 qui
1340 1119 1532 1152 Ohedientia
1550 1120 1697 1163 eligetur,
1717 1126 1857 1164 quatuor

1116 1182 1174 1214 pro
1201 1172 1362 1215 deputatis
1397 1178 1586 1205 remaneant
1618 1174 1792 1216 propositi.
1823 1174 1853 1206 Si

1114 1234 1190 1256 vero
1216 1224 1278 1256 duo
1303 1224 1479 1257 manebunt
1504 1226 1675 1267 propositi,
1702 1225 1856 1268 suffraga-

1116 1276 1161 1310 tio
1186 1287 1246 1320 pro
1267 1277 1370 1310 trihus
1396 1277 1466 1309 aliis
1492 1277 1562 1317 fiet;
1588 1283 1620 1310 at
1637 1277 1662 1310 si
1680 1289 1763 1310 unus
1786 1284 1854 1311 tan-

1116 1335 1202 1370 tum,
1229 1341 1290 1374 pro
1316 1330 1387 1363 aliis
1414 1335 1551 1373 quatuor
1582 1331 1621 1363 ad
1652 1331 1715 1363 hoc
1744 1336 1795 1371 ut,
1822 1331 1855 1364 in

1116 1393 1319 1426 quocumque
1354 1383 1491 1415 istorum
1523 1394 1677 1422 casuum,
1713 1384 1855 1426 quinque

1115 1446 1271 1479 personae
1298 1436 1438 1479 scriptae
1463 1435 1539 1469 sint.
1572 1436 1602 1469 Si
1633 1447 1715 1469 unus
1742 1447 1855 1469 eorum

1114 1487 1304 1521 Ohedientia
1329 1488 1488 1531 eligetur,
1515 1489 1706 1521 secretarius
1732 1499 1854 1521 nomen

1114 1541 1201 1574 illius
1227 1541 1367 1581 auferat,
1400 1545 1432 1573 at
1463 1540 1489 1573 si
1522 1542 1630 1574 nullus
1657 1552 1770 1574 eorum
1796 1541 1854 1574 eli-

1115 1600 1217 1637 gatur,
1242 1605 1362 1627 nomen
1388 1594 1513 1627 auferat
1536 1594 1649 1627 ultimo
1675 1595 1746 1628 loco
1778 1605 1855 1638 pro-

1115 1648 1234 1691 positi,
1266 1652 1363 1691 atque
1395 1647 1529 1680 omnino
1555 1648 1609 1691 qui
1635 1648 1769 1681 scholae
1795 1658 1854 1691 pro

1116 1701 1223 1733 officio
1262 1701 1325 1733 hoc
1350 1701 1575 1744 deputatorum
1607 1706 1850 1744 proponentur,

1116 1758 1255 1796 quatuor
1279 1752 1353 1785 sint.

1160 1806 1219 1838 Pro
1253 1805 1414 1848 deputatis
1451 1805 1676 1846 secularibus,
1715 1810 1855 1849 quatuor

1116 1859 1280 1901 eligentur
1303 1868 1363 1901 per
1387 1857 1559 1901 suffragia,
1585 1864 1617 1891 et
1640 1859 1673 1891 in
1699 1869 1775 1891 casu
1800 1869 1855 1902 pa—

1095 1936 1097 1943 ,
1115 1911 1217 1943 ritatis
1243 1910 1471 1953 suffragiorum
1495 1917 1559 1943 tam
1579 1911 1611 1943 in
1630 1911 1680 1943 his
1706 1922 1804 1954 quam
1821 1912 1855 1944 in

1116 1964 1341 1997 sacerdotibus
1367 1969 1473 1996 sortes
1500 1964 1668 1997 iacieutur.

1160 2016 1356 2049 Secretarius
1391 2022 1424 2049 et
1458 2011 1626 2049 coadiutor
1654 2017 1797 2050 scribent
1822 2017 1854 2050 in

1117 2070 1283 2102 schedulis
1303 2070 1362 2102 tria
1382 2070 1513 2102 nomina
1535 2070 1775 2113 propositorum
1794 2081 1853 2113 pro

1116 2121 1326 2155 Obedientiae
1350 2122 1465 2161 0111010,
1485 2122 1572 2155 iuxta
1596 2133 1769 2156 numerum
1794 2123 1856 2156 sra-

1094 2180 1213 2215 strum,
1240 2174 1294 2217 qui
1320 2173 1488 2217 suffragari
1514 2175 1644 2208 debent.

1160 2222 1306 2260 Totidem
1329 2226 1408 2259 fient
1432 2227 1577 2260 eiusdem
1610 2229 1733 2261 formae
1760 2229 1855 2261 sche-

379 2331 404 2363 ff
463 2331 480 2336 ..
782 2332 788 2337 ι
1017 2334 1035 2366 d
1095 2291 1098 2339 1
1117 2281 1210 2313 dulae
1228 2291 1299 2312 cum
1323 2280 1510 2313 nominibus
1528 2282 1773 2324 propositorum
1794 2292 1853 2325 pro

340 2343 375 2364 su
403 2342 517 2374 ragus,
554 2336 697 2374 notoque
727 2343 806 2375 vquis
841 2343 1012 2376 proponen
1039 2344 1097 2366 1151

1117 2333 1296 2377 deputatiS,
1316 2333 1473 2377 tantisper
1496 2335 1654 2378 separatis
1678 2335 1855 2368 sacerdoti-

1117 2387 1175 2418 bus
1201 2386 1321 2430 (priori
1347 2387 1479 2429 quidem
1505 2388 1575 2420 loco
1601 2387 1811 2430 scribentis‘2)
1837 2399 1855 2421 a

1117 2439 1330 2472 secularibus.
1359 2439 1544 2483 Ass'eretque
1575 2452 1686 2474 secum
1717 2452 1771 2474 eas
1805 2451 1856 2474 se-

1156 2512 1165 2537 1
1184 2511 1284 2536 Forsan
1300 2509 1443 2544 legendum
1458 2510 1485 2536 Ιί
1503 2511 1562 2546 ipsi
1577 2512 1613 2546 (R.
1628 2513 1677 2545 T.).

1151 2554 1168 2580 2
1184 2553 1285 2581 Forsan
1299 2554 1491 2582 scribentibus
1507 2557 1543 2590 111.
1559 2556 1609 2590 T.)-

1763 169 1827 201 353
1872 178 1919 204 An.
1937 177 1964 205 c.
1991 178 2055 204 ton-'³

1098 255 1100 257 ,
1122 223 1261 262 dabitur,
1288 229 1321 255 ut
1340 224 1562 267 unusquisque
1582 225 1613 256 in
1635 225 1792 257 schedula
1812 226 1856 258 ibi
