2247 3208
226 202 281 241 ‘Anss
300 202 331 241 ὁ.
347 212 417 240 1663
462 205 526 239 20ss

421 263 594 305 gistrorum
619 262 741 293 viarum
774 261 825 294 die
849 271 919 294 XXVI
945 261 1054 303 aprilis
1080 272 1156 304 pro-

424 315 505 348 xiwe
531 313 696 357 praeteriti
718 314 861 346 exhibita
885 313 1058 357 reperitur)
1079 324 1154 354 nos,

424 372 458 399 ut
479 366 657 410 praemissa
689 367 795 399 omnia
825 371 857 399 et
881 366 1009 409 singula
1033 366 1072 398 ad
1104 377 1155 398 ec-

422 418 539 452 clesiae
571 425 603 452 et
632 418 724 451 Urbis
756 420 973 462 praefatarum
1006 424 1153 451 ornatum

423 471 584 514 perpetuis
609 472 723 504 suturis
759 471 958 514 temporibus
984 471 1155 504 inviolabi-

423 523 497 557 liter
519 530 724 557 servarentur
752 524 923 567 providere
940 552 947 565 ,
974 535 1010 556 ac
1034 534 1155 556 memo-

421 579 580 609 ratorum.
597 577 726 619 capituli
753 582 784 609 et
810 577 1040 609 canonicorum
1066 576 1156 608 inde-

422 628 547 661 mnitati
572 630 742 661 consulere
775 629 954 671 cupientes,
979 639 1037 672 per
1062 639 1156 671 quas-

423 682 495 714 dam
515 687 642 714 nostras
668 681 701 713 in
726 681 823 714 simili
849 682 952 714 forma
977 681 1085 713 Brevis
1103 681 1154 713 die

421 744 503 768 xxvn
529 734 605 766 dicti
631 734 752 766 mensis
778 733 888 777 aprilis
913 734 1079 776 expeditas
1106 734 1156 765 lit-

422 792 518 827 teras,
536 792 624 819 motu
649 787 792 830 proprio,
818 797 854 818 ac
879 797 914 818 ex
941 788 1026 818 certa
1051 786 1156 817 scien-

423 841 464 873 tia
489 845 521 873 et
544 842 667 873 matura
692 839 927 873 deliberatione
953 839 1084 877 nostris,
1106 839 1156 870 de-

423 904 485 937 que
516 893 713 936 apostolicae
738 892 908 935 potestatis
939 891 1152 934 plenitudine,

422 957 512 979 areas
538 946 665 979 aedium
692 951 724 978 et
749 943 966 977 aedificiorum
987 944 1074 976 iussu
1099 954 1156 975 no-

423 1005 488 1032 stro
507 999 684 1031 dirutorum
704 1003 735 1030 et
752 996 994 1035 demolitorum,
1014 1002 1049 1027 ut
1066 1006 1157 1038 prae-

422 1053 533 1090 fertur,
555 1062 591 1084 ac
605 1051 789 1083 universam
803 1050 942 1092 plateam
958 1048 1155 1091 praedictam

423 1105 573 1147 (excepto
589 1103 754 1136 dumtaxat
769 1101 955 1145 supradicto
975 1101 1035 1133 loci
1051 1101 1156 1144 spatio

422 1168 481 1201 pro
506 1155 703 1190 collocandis
736 1155 937 1188 domunculis
966 1164 1021 1187 seu
1052 1155 1157 1186 taber-

422 1210 471 1242 nis
496 1208 718 1248 mercatoriis,
748 1208 830 1239 sicut
853 1207 885 1239 in
911 1207 1053 1249 praefata
1079 1207 1158 1239 deli-

423 1261 574 1295 neatione
589 1272 645 1294 seu
659 1261 768 1304 planta
779 1260 888 1292 videre
904 1265 961 1300 est,
972 1259 1156 1302 designato)

424 1326 441 1347 a
466 1314 623 1354 dominio,
650 1312 859 1356 proprietate,
882 1311 1047 1351 servitute,
1070 1311 1158 1344 aliis-

425 1378 487 1411 que
513 1366 634 1398 inribus
661 1365 927 1408 quibuscumque,
945 1369 1010 1396 tam
1035 1375 1158 1397 memo-

423 1420 501 1452 ratis
527 1419 682 1452 ecclesiae
715 1418 849 1461 eiusque
876 1417 1157 1461 archipresbytero

425 1478 457 1505 et
480 1472 620 1514 capitulo
646 1477 677 1504 et
701 1470 863 1503 canonicis
890 1481 926 1503 ex
951 1471 1159 1502 immemora—

424 1525 480 1558 bili
506 1524 779 1568 praescriptione,
803 1534 863 1555 usn
895 1534 951 1555 seu
985 1528 1159 1556 consuetu-

425 1577 513 1618 dine,
545 1587 581 1609 ac
607 1577 708 1609 felicis
733 1576 969 1608 recordationis
994 1576 1072 1608 Sixti
1098 1575 1156 1615 IV,

424 1630 603 1663 Innocentii
628 1629 703 1669 VIII,
730 1628 801 1661 Iulii
828 1629 863 1669 II,
891 1628 968 1661 Sixti
993 1628 1015 1660 V
1041 1634 1072 1661 et
1103 1628 1159 1660 Ur-

424 1683 501 1715 bani
515 1682 577 1715 VIII
599 1683 776 1715 aliorumve
803 1692 1077 1725 quorumcumque
1099 1681 1160 1714 Ro-

426 1746 591 1768 manorum
602 1734 790 1768 Pontificum
805 1735 1092 1778 praedecessorum
1107 1745 1160 1767 no·

426 1793 565 1821 strorum
583 1788 858 1827 concessionibus,
875 1787 1159 1826 declarationibus,

427 1841 587 1881 decretis,
616 1841 753 1884 aliisque
790 1840 1058 1883 dispositionibus
1092 1840 1161 1882 qui-

425 1893 580 1933 buslibet,
617 1899 649 1925 et
680 1894 758 1926 alias
780 1893 894 1936 quovis
920 1894 1038 1933 modo,
1067 1893 1159 1925 titulo

427 1951 459 1979 et
475 1949 582 1986 causa,
599 1957 693 1989 quam
723 1947 911 1989 cuicumque
939 1946 1031 1979 alteri
1065 1956 1162 1988 super

427 2000 535 2042 platea
569 1999 753 2031 huiusmodi
790 1999 1038 2042 quomodolibet
1073 2009 1161 2032 com-

428 2052 625 2094 petentibus,
656 2058 688 2084 ct
712 2062 792 2095 qnae
818 2052 882 2084 illis
909 2062 1037 2095 quoquo
1061 2052 1159 2084 modo

429 2109 613 2146 competere
638 2104 807 2147 praetendi
825 2109 957 2146 possent
974 2104 1031 2146 (ita
1046 2109 1081 2135 ut
1101 2114 1160 2136 nec

429 2156 521 2188 dictis
538 2156 822 2199 archipresbytero
839 2167 875 2189 ac
899 2157 1038 2199 capitulo
1060 2162 1091 2188 et
1111 2166 1161 2188 ca-

429 2209 565 2249 nonicis,
592 2220 653 2242 nec
681 2209 751 2242 aliis
776 2209 924 2252 personis
954 2209 1159 2252 quibuslibet,

430 2272 632 2304 quacumque
659 2262 832 2304 dignitate,
866 2262 1074 2301 auctoritate,
1105 2262 1162 2293 lio-

429 2325 531 2355 nore,
559 2314 778 2357 prerogativa,
804 2315 1074 2356 praeeminentia,
1100 2314 1162 2356 pri-

429 2366 549 2409 vilegio
575 2372 607 2400 et
630 2367 756 2400 indulto
777 2367 915 2400 suffultis
938 2372 969 2400 et
993 2366 1158 2410 praeditis,

430 2420 592 2452 ullatenus
627 2430 769 2462 unquam
804 2419 918 2452 liceret
942 2420 1160 2457 domunculas,

430 2474 590 2513 tabernas,
606 2483 744 2512 scamna,
763 2473 913 2513 tabulata,
930 2483 1069 2512 mensas,
1086 2472 1163 2504 ban-

431 2536 495 2566 COS,
514 2526 564 2558 vel
585 2525 647 2558 alia
667 2525 900 2568 impedimenta
926 2535 1160 2568 quaecumque,

430 2578 463 2610 in
488 2577 550 2610 alio
576 2577 721 2621 quolibet
745 2577 846 2610 dictae
873 2579 998 2620 plateae
1025 2588 1083 2620 per
1109 2577 1160 2609 dc-

997 213 1177 238 BULLARIUM
1200 213 1351 238 ROMANUM

1198 261 1401 294 molitionem
1420 261 1547 294 aedium
1561 266 1593 295 et
1609 262 1827 296 aedificiorum
1842 273 1929 306 prae-

1199 312 1333 344 fatorum
1353 312 1440 344 iussu
1465 318 1575 346 nostro
1594 314 1717 355 saetam,
1734 320 1769 346 ut
1787 314 1929 357 praeser-

1197 370 1255 404 tur,
1274 364 1445 407 ampliatae
1472 367 1553 404 loco,
1573 377 1666 408 quam
1688 366 1721 398 in
1746 366 1850 409 spatio
1871 377 1928 409 pro

1197 417 1394 449 collocandis
1442 417 1644 450 domunculis
1692 429 1746 450 seu
1787 418 1927 451 tabernis

1197 470 1396 502 mercatoriis
1422 470 1595 512 praedictis
1627 471 1813 512 designato,
1840 477 1872 504 et
1895 471 1927 503 in

1198 522 1306 564 planta
1334 532 1390 554 seu
1415 522 1634 555 delineatione
1660 523 1841 565 supradicta
1875 525 1930 557 de-

1197 574 1328 616 scripto,
1347 575 1405 606 sub
1424 575 1535 617 quovis
1554 580 1730 617 praetextu,
1752 577 1856 615 causa,
1877 586 1930 609 co-

1198 628 1264 659 lore
1292 628 1340 660 vel
1361 628 1492 670 ingenio
1521 629 1680 660 collocare
1699 638 1755 660 seu
1777 629 1929 662 collocari

1198 680 1312 720 facere,
1338 685 1391 712 aut
1415 681 1595 713 collocandi
1621 681 1785 714 licentiam
1812 682 1861 714 vel
1886 681 1930 715 sa-

1197 733 1351 765 cultatem
1377 733 1538 774 tribuere,
1568 744 1625 766 seu
1659 733 1780 766 ibidem
1806 743 1929 775 carnes,

1197 784 1312 827 pisces,
1342 795 1479 827 panem,
1504 787 1615 825 olera,
1643 785 1769 828 fruges,
1796 786 1927 823 fructus,

1198 837 1297 869 aliave
1333 838 1472 870 cuiusvis
1505 839 1633 880 generis
1669 840 1834 872 esculenta
1854 866 1861 879 ,
1894 849 1932 872 ao

1198 890 1303 930 flores,
1326 895 1358 922 et
1381 891 1442 922 alia
1467 891 1676 924 mercimonia
1698 902 1928 935 quaecumque,

1197 952 1315 974 venum
1340 953 1526 985 exponere,
1553 949 1605 976 aut
1637 944 1763 977 venalia
1787 944 1928 985 habere,

1198 1004 1256 1026 seu
1277 994 1340 1027 alio
1365 1005 1567 1038 quocumque
1588 997 1685 1028 modo
1703 996 1847 1029 eiusdem
1868 998 1931 1039 pla-

1199 1051 1270 1078 teae
1296 1048 1453 1080 venustati
1479 1053 1510 1080 et
1534 1048 1673 1080 libertati
1700 1049 1847 1089 officere,
1874 1049 1931 1082 sed

1198 1098 1269 1140 ipsa
1286 1100 1401 1142 platea,
1421 1106 1556 1142 excepto
1579 1101 1741 1133 dumtaxat
1758 1102 1821 1133 iam
1846 1101 1930 1134 dicto

1199 1151 1260 1183 loci
1286 1152 1399 1194 spatio,
1429 1163 1558 1195 semper
1582 1153 1684 1186 libera
1709 1159 1742 1186 et
1763 1164 1859 1186 vacua
1883 1164 1932 1187 re-

1199 1215 1329 1237 manere
1347 1205 1506 1249 deberet),
1524 1207 1611 1238 salvo
1636 1211 1758 1239 tantum
1775 1207 1831 1240 illo
1849 1208 1929 1248 iure,

1200 1257 1284 1299 quod
1318 1258 1351 1290 in
1389 1259 1556 1291 memorati
1586 1259 1703 1291 Urbani
1740 1260 1932 1303 praedeces-

1200 1309 1280 1342 soris
1318 1310 1432 1343 litteris
1468 1311 1589 1354 pariter
1624 1312 1657 1344 in
1692 1312 1794 1345 forma
1825 1313 1931 1346 Brevis

1201 1362 1251 1394 die
1279 1373 1309 1395 1x
1333 1363 1482 1396 februarii
1507 1374 1669 1397 mocxxvm
1696 1365 1852 1398 emanatis
1881 1366 1932 1398 do-

1200 1425 1325 1447 morum
1364 1415 1396 1448 in
1428 1417 1534 1459 platea
1579 1416 1764 1449 huiusmodi
1800 1417 1933 1451 sitarum

1201 1469 1341 1501 dominis
1358 1470 1407 1502 vel
1433 1469 1600 1512 inquilinis
1617 1480 1768 1512 expresse
1793 1480 1932 1504 reserva-

1202 1527 1266 1553 tum
1289 1522 1515 1564 reperiebatur
1532 1549 1539 1562 ,
1564 1523 1692 1565 penitus
1731 1529 1763 1555 et
1798 1524 1931 1556 omnino

1202 1575 1378 1607 exemimus
1407 1581 1439 1608 et
1463 1577 1608 1618 plenarie
1643 1576 1861 1610 liberavimus.
1890 1578 1934 1610 Ac

1201 1628 1354 1671 praefatis
1378 1628 1519 1671 capitulo
1541 1634 1572 1661 et
1592 1629 1756 1662 canonicis
1773 1656 1780 1669 ,
1806 1635 1841 1661 ut
1873 1629 1933 1672 ipsi

1202 1682 1368 1724 perpetuis
1386 1682 1499 1714 suturis
1520 1682 1722 1724 temporibus
1743 1683 1846 1725 spatio
1871 1682 1933 1715 loci

1201 1745 1261 1777 pro
1287 1734 1492 1767 domunculis
1524 1745 1581 1767 seu
1607 1735 1751 1767 tabernis
1776 1740 1935 1768 mercato-

1203 1787 1258 1819 riis
1287 1788 1373 1819 iussu
1399 1792 1532 1827 nostro,
1564 1793 1599 1819 ut
1622 1788 1824 1830 praefertur,
1851 1787 1934 1820 desi-

1202 1845 1298 1881 gnato
1329 1839 1396 1878 uti,
1421 1839 1532 1882 ibique
1565 1840 1773 1872 domunculas
1809 1850 1864 1871 seu
1889 1845 1935 1872 ta-

1202 1893 1319 1925 bernas
1358 1892 1543 1924 huiusmodi
1580 1893 1754 1925 collocatas
1789 1893 1934 1933 habere,

1203 1955 1238 1977 ac
1262 1945 1326 1977 illis
1358 1944 1507 1988 personis
1532 1945 1591 1976 sibi
1622 1945 1783 1977 benevisis
1808 1946 1935 1986 locare,

1203 1997 1443 2040 pensionesque
1470 2002 1501 2029 et
1525 1998 1744 2030 emolumenta
1765 2007 1936 2040 quaecum-

1203 2060 1265 2092 que
1283 2050 1358 2082 inde
1380 2054 1576 2092 proventura
1594 2050 1776 2092 percipere,
1793 2049 1934 2091 exigere,

1203 2104 1320 2141 levare,
1339 2112 1375 2134 ac
1391 2102 1423 2134 in
1441 2112 1515 2134 suos
1533 2112 1609 2133 usus
1626 2107 1658 2133 et
1671 2101 1843 2134 utilitatem
1861 2112 1936 2134 con-

1202 2161 1341 2195 vertere,
1371 2165 1498 2186 necnon
1529 2154 1706 2197 privilegiis
1722 2182 1729 2194 ,
1753 2155 1934 2195 favoribus,

1203 2206 1311 2249 gratiis
1328 2212 1360 2239 et
1384 2206 1518 2239 indultis
1536 2206 1790 2250 quilmscumque
1809 2207 1888 2250 ipsis
1905 2212 1937 2239 et

1204 2260 1306 2292 dictae
1332 2260 1489 2292 ecclesiae
1515 2270 1574 2303 per
1597 2266 1793 2293 memoratos
1820 2261 1936 2293 Roma-

1203 2324 1260 2346 nos
1285 2312 1456 2345 Pontifices
1489 2313 1759 2355 praedecessores
1784 2318 1935 2353 nostros,

1204 2370 1235 2397 et
1258 2365 1449 2408 praesertim
1486 2365 1605 2397 Sixtum
1631 2365 1654 2397 V
1685 2376 1745 2408 per
1780 2376 1852 2397 suas
1876 2365 1936 2397 sub

1203 2418 1338 2460 plumbo
1373 2428 1458 2450 anno
1495 2418 1726 2450 Incarnationis
1750 2417 1935 2450 Dominicae

1203 2480 1357 2503 Manxxvl
1383 2470 1488 2503 idibus
1512 2472 1707 2511 novembris,
1728 2470 1935 2513 pontificatus

1204 2524 1251 2555 sui
1277 2534 1360 2556 anno
1386 2534 1417 2563 11,
1452 2529 1484 2556 et
1508 2523 1670 2556 Urbanum
1694 2523 1755 2554 VIll
1780 2534 1840 2566 per
1864 2534 1935 2556 suas

1183 2576 1362 2624 “praefatas
1380 2576 1409 2608 in
1437 2576 1535 2608 forma
1556 2575 1664 2608 Brevis
1683 2575 1863 2618 respective
1882 2586 1936 2607 ex·

1933 213 1986 241 An.
2007 213 2034 241 C.
2054 213 2121 242 ¹653
