2247 3208
113 245 161 272 An.
178 244 206 272 C.
229 244 296 272 1602

139 1097 225 1119 Mutua.

141 1994 238 2015 Summus
247 1993 298 2013 tuan-

115 2021 164 2040 tisex
189 2021 295 2040 conlisum!

115 2047 171 2073 quod
181 2050 297 2067 conum-tui·

115 2074 136 2094 iu
150 2074 241 2094 rubrica.

892 243 1079 268 ‚unxtxnnn
1102 245 1146 267 ru
1172 245 1218 268 1³1³.

309 292 511 325 stitutionum
530 292 633 325 dictae
659 292 828 326 Societatis
855 292 1044 325 auctoritate
1062 294 1063 302 ¹

309 344 489 388 apostolica
514 344 789 385 conlirinatarun1,
809 346 915 378 eidem
937 345 1046 377 Socie-

309 397 364 430 tati
405 398 563 441 competit
601 399 735 431 facultas
772 398 977 441 relinquendi
1015 404 1063 429 ct*

309 450 473 484 alienandi
504 451 643 494 collegia
668 457 697 483 et
724 452 838 484 domos
863 450 964 493 ipsius
989 450 1046 482 So-

309 504 460 544 cietatis3
488 516 583 548 quani
617 506 801 537 facultatem
833 502 1045 545 congregatio

309 557 474 599 generalis
494 558 597 590 dictae
612 557 779 590 Societatis
794 556 970 589 novissime
990 556 1046 588 lia-

310 610 376 642 bita
402 610 464 653 ipsi
490 610 602 643 loanni
627 610 726 642 Paulo
752 609 873 641 vicario
900 608 1045 651 generali

310 663 495 703 concessit;
525 663 676 706 quodque
702 662 883 705 praepositi
908 672 1046 704 genera-

311 716 367 755 les,
387 715 439 759 qui
459 726 520 759 pro
539 722 686 758 tempore
713 716 842 747 suerunt
860 715 963 747 dictae
990 715 1046 747 So-

310 768 444 808 cietatis,
474 768 512 800 iis
541 768 679 807 casibus,
706 768 821 811 quibus
851 769 1046 811 sperabatur

310 821 560 865 suspensionem
587 820 735 854 sul'ticere
762 831 878 864 posse,
909 821 1045 863 collegia

310 875 514 917 suspendere
540 874 626 908 soliti
652 875 790 913 suerunt,
813 875 917 907 1101100
939 874 1046 907 reddi-

309 932 359 959 tus
384 926 515 960 illorum
540 927 583 959 ita
609 927 691 960 aucti
725 932 842 965 essent,
864 932 899 959 ut
918 926 1045 959 tuendis

310 990 367 1012 seu
392 980 642 1014 manutenendis
675 980 754 1024 ipsis
786 980 933 1023 collegiis
960 979 1047 1013 sulti-

311 1039 434 1066 cerent.

355 1087 369 1129 ξ
393 1087 424 1119 ’1.
447 1086 524 1119 Cum
550 1092 668 1126 autem,
692 1086 774 1119 sicut
796 1087 920 1119 00110111
949 1097 1048 1130 expo-

312 1139 385 1172 sitio
421 1139 656 1182 subiungebat,
687 1139 872 1183 praedictus
909 1140 1046 1173 Ioannes

311 1193 427 1225 Paulus
453 1192 590 1225 vicarius
617 1192 794 1234 generalis,
821 1198 854 1224 ut
878 1192 1045 1235 penuriae,

311 1246 343 1277 in
377 1256 439 1288 qua
474 1245 648 1287 collegium
682 1245 862 1288 Tropicnse
900 1240 1066 1278 eiusdemi

310 1298 480 1332 Societatis
495 1298 732 1342 reperiebatur,
748 1300 944 1338 consuleret,
960 1298 1046 1331 idem

311 1352 484 1395 collegium
499 1351 884 1395 suspenderitquousque
899 1354 1046 1385 exsoluto
1062 1361 1064 1375 '-

310 1415 386 1438 aere
405 1405 523 1444 alieno,
546 1415 609 1448 11110
628 1404 851 1447 obstringitur,
871 1406 910 1437 ad
929 1411 1046 1438 statim]

309 1458 495 1501 primaevae
522 1458 719 1491 fundationis
738 1459 907 1491 reductum
926 1459 1044 1499 suerit·,

310 1512 507 1544 venerabilis
541 1522 618 1544 vcro
645 1513 745 1544 frater
770 1512 944 1555 episcopus
969 1513 1047 1545 Tro-

312 1564 433 1608 piensis
473 1565 723 1607 suspensionem
765 1565 949 1598 huiusmodi
987 1576 1047 1609 per

312 1623 482 1661 sequestra
507 1618 669 1650 bonorum
696 1617 770 1650 dicti
796 1618 925 1660 collegii
944 1618 1064 1662 impe-2

313 1670 381 1703 dire
407 1671 650 1714 praetenderit:
677 1671 770 1703 nobis
796 1677 971 1714 prtquerea
1001 1672 1048 1705 111-

312 1730 380 1756 ctus
406 1724 543 1757 loannes
570 1725 685 1757 Paulus
719 1725 856 1757 vicarius
883 1726 1046 1767 generalis

312 1777 479 1809 humiliter
496 1777 673 1820 supplicari
691 1777 766 1809 fecit
785 1783 819 1809 ut
832 1777 892 1809 sibi
907 1778 939 1809 in
953 1789 1048 1821 prae-

313 1829 420 1861 missis
447 1835 630 1872 opportune
656 1830 830 1873 providere
860 1836 940 1863 etut
964 1831 1047 1864 infra

313 1882 483 1924 indulgere
510 1883 548 1914 de
574 1882 772 1925 benignitate
800 1884 980 1926 apostolica
1001 1884 1048 1916 di-

314 1945 479 1968 naremur.

356 1988 371 2030 §
395 1987 425 2019 ⁸2.
452 1987 516 2020 Nos
542 1987 649 2030 igitur,
670 1988 775 2031 ipsum
794 1988 947 2021 Ioannem
969 1990 1048 2021 Pau—

313 2042 379 2073 lum
406 2041 558 2073 vicarium
580 2043 768 2083 generalem
791 2042 986 2085 specialibus
1006 2044 1049 2076 sa-

313 2094 444 2127 voribus
471 2100 502 2127 et
522 2095 633 2137 gratiis
659 2096 815 2138 prosequi
840 2098 997 2135 volentes,
1018 2103 1065 2129 ct>

313 2157 331 2179 a
352 2147 516 2189 quibusvis
535 2147 890 2187 excommunicationis,
911 2158 1064 2191 suspen-¹

314 2199 414 2232 sionis
441 2205 473 2232 et
497 2199 671 2239 interdicti,
694 2200 829 2244 aliisque
849 2201 1047 2234 ecclesiasti-

313 2252 359 2285 cis
385 2253 565 2293 sententiis,
585 2253 733 2286 censuris
751 2259 781 2285 et
798 2253 924 2296 poenis,
943 2266 960 2286 a
978 2254 1047 2287 iure

313 2305 363 2337 vel
389 2305 428 2337 ab
464 2305 620 2345 homine,
658 2305 768 2348 quavis
800 2306 971 2339 occasione
998 2309 1048 2341 vel

313 2362 411 2392 causa
437 2360 518 2399 latis,
542 2360 568 2392 si
595 2361 709 2403 quibus
735 2362 982 2404 quomodolibet
1002 2363 1047 2395 in-

313 2413 450 2446 nodatus
469 2413 584 2452 existit,
601 2414 640 2446 ad
659 2413 805 2447 css'ectum
824 2415 1047 2458 praesentium

314 2467 479 2499 dumtaxat
504 2467 790 2510 consequendum,
818 2468 932 2500 barum
963 2469 1047 2501 serie

314 2518 522 2551 absolventes
552 2524 584 2551 et
607 2519 791 2551 absolutum
816 2519 886 2552 sore
912 2531 1050 2553 censen-

315 2576 373 2611 tes,
388 2571 879 2616 huiusmodisupplicationibus
894 2573 1048 2613 inclinati,

315 2624 565 2658 concessionem
598 2625 758 2659 facultatis
787 2625 993 2670 relinquendi
1019 2632 1051 2660 et

1734 231 1773 267 51

1081 292 1245 325 alienandi
1270 291 1409 334 collegia
1434 297 1466 325 01
1490 291 1604 325 domos
1631 292 1736 325 dictae
1758 293 1815 325 So-

1080 344 1217 383 cictatis,
1241 350 1421 377 meinorato
1447 345 1557 378 Ioanni
1576 346 1675 378 Paulo
1692 345 1814 378 vicario

1081 399 1225 439 generali
1251 399 1291 431 011
1311 399 1422 431 ultima
1440 400 1695 441 congregatione
1715 410 1815 443 gene-

1080 450 1140 482 rali
1161 451 1328 493 praedicta
1346 452 1461 483 l'actani
1482 457 1515 484 ut
1543 453 1738 495 praefertur,
1761 464 1816 485 au-

1080 503 1228 535 ctoritate
1244 504 1433 546 apostolica,
1453 509 1566 536 tenore
1582 506 1813 547 praesentium,

1080 555 1310 588 confirmanius
1337 562 1368 589 ct
1388 558 1617 600 approbamus,
1639 558 1749 602 illique
1768 559 1816 591 in-

1080 608 1241 641 violabilis
1280 609 1479 652 apostolicae
1517 609 1674 643 firmitatis
1716 613 1815 644 robur

1080 661 1269 701 adiicimus,
1297 674 1332 695 00
1358 665 1472 695 Omnes
1498 669 1530 695 et
1553 663 1698 706 singulos
1736 665 1814 698 iuris

1080 720 1108 747 et
1129 715 1201 747 sacti
1228 715 1381 755 desectus,
1402 715 1427 748 si
1447 716 1498 759 qui
1518 717 1660 759 desuper
1681 728 1816 760 quomo-

1080 767 1203 801 dolibet
1226 768 1471 807 intervenerint,
1494 771 1697 812 supplemus.
1720 771 1817 803 Prae-

1080 827 1169 853 terea
1194 821 1397 864 praedictum
1424 822 1598 864 collegium
1624 823 1814 866 Tropiense,

1060 874 1264 917 fiuxtaillius
1291 875 1541 918 sleispensionem
1558 877 1597 921 ab
1623 877 1740 909 00110111
1768 877 1816 909 Io-

1080 938 1163 960 anne
1190 928 1287 961 Paulo
1302 928 1422 961 vicario
1448 922 1593 971 generali
1620 930 1702 962 sicut
1721 941 1816 973 prae-

1081 981 1216 1014 mittitur
1249 982 1386 1023 factam,
1419 993 1613 1026 suspensum
1644 995 1816 1017 remanere

1081 1035 1202 1068 debere
1220 1047 1227 1075 ;
1247 1035 1308 1079 ipsi
1331 1047 1408 1069 vero
1434 1036 1545 1069 loanni
1570 1037 1668 1070 Paulo
1695 1037 1815 1070 vicario

1081 1089 1226 1131 generali
1258 1089 1290 1121 in
1321 1090 1460 1121 futurum
1498 1090 1559 1122 alia
1596 1101 1723 1134 1111011110
1750 1092 1817 1124 col-

1081 1142 1166 1184 legia
1199 1143 1302 1175 dictae
1336 1143 1527 1184 Secia-tatis,
1555 1144 1586 1176 in
1613 1155 1815 1188 quacumque

1081 1196 1191 1229 1111111111
1217 1202 1308 1239 parte
1335 1197 1523 1237 existentia,
1551 1198 1689 1241 quando,
1716 1209 1752 1231 ac
1778 1198 1815 1231 iis

1081 1249 1178 1281 modo
1204 1254 1235 1282 01
1259 1250 1372 1289 forma,
1392 1249 1507 1292 quibus
1530 1250 1558 1282 01
1583 1261 1720 1283 necesse
1746 1251 1816 1283 sore

1082 1301 1250 1341 videbitur,
1274 1303 1479 1345 Α<1ις1101111010
1498 1303 1605 1343 licere,
1626 1304 1815 1336 auctoritate

1081 1359 1112 1386 et
1136 1360 1250 1387 tenore
1276 1355 1452 1398 pramlietis
1479 1356 1695 1388 declaramus.

1124 1407 1137 1449 ἓ
1162 1407 1192 1440 .3
1220 1407 1442 1441 Decernentes
1465 1409 1597 1441 easdem
1623 1415 1816 1451 praesentes

1081 1460 1205 1492 litteras
1232 1471 1365 1504 semper
1388 1461 1513 1501 sirmas,
1540 1462 1662 1494 validas
1690 1468 1722 1495 ct
1750 1463 1817 1495 essi-

1081 1524 1174 1545 caces
1200 1513 1340 1545 existere
1367 1519 1398 1546 et
1422 1514 1510 1553 sore,
1538 1525 1678 1557 suosque
1704 1517 1817 1558 plena-

1081 1563 1148 1596 rios
1175 1570 1206 1596 et
1238 1563 1384 1607 integros
1411 1564 1542 1597 etl'ectus
1569 1565 1678 1598 sortiri
1705 1572 1736 1599 et
1760 1567 1817 1599 ob-

1081 1617 1194 1657 tinere,
1211 1628 1246 1650 ac
1266 1618 1351 1651 dicto
1373 1619 1484 1650 loanni
1504 1619 1604 1652 Paulo
1622 1619 1743 1652 vicario
1762 1631 1817 1662 ge-

1080 1671 1183 1703 nerali
1209 1672 1400 1714 plenissime
1426 1671 1604 1713 suffragari,
1632 1678 1664 1705 01
1680 1674 1719 1705 01)
1738 1673 1813 1713 illis,

1081 1722 1120 1756 ad
1135 1732 1215 1764 quos
1231 1728 1357 1765 spectat
1370 1728 1402 1754 et
1415 1723 1576 1765 spettabit
1589 1723 1703 1766 quovis
1718 1725 1816 1756 modo

1080 1772 1112 1804 111
1151 1773 1316 1813 futurum,
1357 1773 1589 1805 inviolabiliter
1625 1774 1814 1815 observari,

1081 1825 1193 1868 sicque
1219 1826 1252 1857 111
1277 1826 1467 1869 praemissis
1498 1837 1558 1869 per
1591 1837 1816 1870 quoscumque

1081 1879 1205 1911 iudices
1231 1879 1416 1911 ordinarios
1443 1884 1475 1911 01
1499 1880 1667 1921 delegatos
1685 1907 1692 1919 ,
1719 1880 1818 1913 etiam

1082 1943 1253 1964 causarum
1285 1932 1396 1975 palatii
1426 1933 1598 1975 apostolici
1625 1934 1792 1966 auditores
1809 1960 1816 1973 ,

1081 1985 1218 2017 iudicari
1245 1991 1277 2017 et
1302 1984 1431 2017 definiri
1464 1986 1598 2025 debere,
1625 1997 1661 2018 ae
1687 1986 1818 2018 irritum

1083 2044 1113 2071 et
1129 2039 1225 2071 inane
1247 2039 1273 2071 si
1292 2050 1387 2071 secus
1409 2049 1510 2082 super
1528 2039 1578 2071 bis
1599 2050 1616 2071 a
1639 2050 1816 2082 quoquam,

1083 2092 1195 2134 quavis
1222 2091 1418 2124 auctoritate
1438 2119 1445 2131 ,
1473 2092 1617 2125 scienter
1642 2094 1692 2125 vcl
1726 2094 1818 2135 igno-

1082 2151 1205 2185 ranter,
1234 2146 1410 2187 contigerit
1428 2147 1594 2178 attentari.

1125 2199 1139 2241 ξ
1163 2199 1194 2231 4.
1218 2198 1287 2231 Νο11
1318 2199 1525 2231 obstantibus
1551 2200 1757 2242 praemissis,
1781 2211 1817 2233 ac

1082 2251 1373 2285 constitutionibus
1401 2258 1431 2284 et
1450 2252 1714 2285 ordinationilnis
1740 2263 1819 2296 apo-

1083 2305 1221 2346 stolicis,
1243 2315 1385 2346 necnon,
1407 2310 1570 2348 quatenus
1596 2316 1678 2349 opus
1698 2306 1751 2347 sit,
1771 2305 1819 2338 di-

1083 2364 1151 2391 ctae
1170 2358 1354 2399 Societatis,
1371 2358 1466 2391 etiam
1482 2358 1680 2400 iuramento,
1700 2359 1819 2393 confir-

1082 2412 1226 2444 matione
1252 2412 1446 2455 apostolica,
1464 2413 1514 2444 vel
1534 2413 1646 2455 quavis
1665 2412 1817 2445 firmitate

1083 2466 1145 2498 alia
1164 2465 1338 2505 roboratis,
1361 2465 1491 2498 statutis
1514 2470 1545 2498 et
1571 2466 1818 2499 consuetudini-

1082 2520 1157 2559 bus,
1184 2519 1365 2562 privilegiis
1391 2529 1536 2562 quoque,
1556 2520 1690 2552 indultis
1710 2525 1741 2552 et
1767 2519 1818 2551 lit-

1084 2572 1162 2605 teris
1194 2573 1402 2615 apostolicis,
1428 2573 1461 2604 in
1496 2573 1698 2605 contrarium
1723 2582 1818 2615 prae-

1082 2626 1259 2659 missorum
1278 2627 1529 2669 quomodolibet
1554 2626 1719 2659 concessis
1741 2635 1817 2658 con-

1823 244 1871 270 An.
1893 241 1922 269 C.
1944 241 2012 269 1662

1859 1420 1952 1441 Clausula
1958 1428 1979 1442 e.

1834 2210 1945 2231 Ctntrarta
1955 2208 2016 2231 tollit.
