2247 3208
115 181 165 208 An.
187 182 217 209 c.
238 181 304 208 icoo
903 185 1090 209 nexta-oen
1114 186 1157 209 vn
1184 187 1231 209 rr.
1721 178 1784 212 413

298 230 338 262 sit
371 231 579 275 interrumpi.
615 231 692 265 Inde
718 238 765 265 est
797 233 884 276 quod
915 239 946 265 et
979 244 1060 281 nos⁸
1083 232 1231 266 ellectum
1258 235 1479 277 praesentium
1512 235 1675 268 dumtaxat
1705 246 1820 268 conse-

299 284 516 326 quorumdam
564 290 749 318 nostrorum
797 286 829 318 in
872 285 1039 329 provincia
1058 315 1060 331 4
1082 286 1267 328 quendum,
1294 288 1487 321 auctoritate
1518 289 1620 322 nostri
1652 289 1760 329 officii,
1788 294 1820 322 ct

297 336 328 369 S.
349 336 507 369 Dominici
526 342 741 370 conventuum
760 338 908 371 arctioris
926 338 1039 371 obser·
1058 333 1060 366 l
1080 338 1118 370 ad
1146 340 1250 371 solum
1284 340 1430 373 effectum
1460 341 1617 383 regularis
1647 343 1820 375 observan-

296 389 424 422 vantiae
441 395 603 433 tamquam
618 391 775 434 superiori
790 391 973 423 Salomonis
992 391 1039 422 in-
1056 374 1060 398 ¹
1081 390 1142 422 tiae
1167 392 1306 424 tuendae
1328 403 1363 424 ac
1387 395 1630 435 promovendae
1651 394 1683 426 in
1699 405 1758 428 nos
1774 395 1818 427 ris

298 442 411 474 teriori
442 443 539 475 cubili
573 454 662 476 suam
689 454 819 487 quoque
846 443 1038 486 pervigilem
1081 443 1293 475 conventibus
1319 444 1350 477 S.
1377 444 1529 485 Secundi,
1549 446 1819 487 Civitatensi,Fa-

296 496 477 528 custodiam
515 496 704 529 duxerimus
736 497 1013 539 multiplicandam
1028 523 1035 535 ,
1057 521 1060 547 ί
1079 495 1178 534 rensi,
1195 496 1399 535 Rosaciensi,
1425 508 1461 529 ac
1487 498 1768 541 Iustinopolitano,
1788 505 1819 532 et

296 547 464 588 videlicet,
487 549 570 581 ultra
590 560 777 582 communes
796 549 843 581 sui
861 548 1037 592 provincia,
1057 582 1059 595 Ι
1079 547 1104 579 si
1130 547 1182 589 qui
1208 548 1262 580 alii
1287 555 1466 582 conventus
1503 551 1597 583 huius
1632 553 1817 594 provinciae

296 600 374 632 alias
393 601 555 640 excubias,
575 601 772 644 peculiarem
790 601 868 643 ipsis
886 601 1036 633 addendo
1057 602 1059 637 ὲ
1078 602 1261 634 successivo
1298 607 1442 645 tempore
1468 605 1616 637 eumdem
1648 605 1817 639 strictioris

295 654 467 686 custodem
498 659 529 687 et
558 655 711 686 vicarium
738 665 773 686 ex
800 653 985 686 fortissimis
1012 654 1037 685 l-
1057 641 1058 661 ¹
1078 653 1300 687 observantiae
1327 655 1469 697 rigorem
1494 656 1614 688 suerint
1634 658 1817 700 amplexati,

294 707 388 745 srael,
402 708 454 750 qui
470 707 631 739 dictorum
646 711 862 739 conventuum
876 706 1034 739 securiori
1054 708 1059 748 j
1077 710 1132 737 aut
1157 716 1214 748 pro
1237 707 1348 740 eadem
1375 708 1502 740 noviter
1527 709 1660 747 fundati,
1681 710 1818 742 institui-

295 760 397 802 quieti
422 760 598 798 immineat,
620 759 777 801 profectui
800 769 931 801 semper
955 759 1036 790 invi·
1055 751 1059 791 i
1077 769 1155 799 mus,
1172 760 1293 801 damus,
1308 761 1523 804 praeficimus,
1542 763 1814 807 institutumque¹‚

294 812 382 855 gilet,
408 823 447 844 ne
474 812 550 855 quid
576 813 682 854 palam
698 817 752 844 ant
777 812 883 843 furtim
904 812 1033 854 irrepat,
1054 796 1197 852 idatum,
1229 824 1265 845 ac
1290 815 1489 856 praesectum
1507 816 1709 849 declaramus
1734 817 1817 849 vica-

1838 188 1882 214 Xn.
1899 186 1924 211 (ἶΔ
1947 186 2010 213 313(in

295 865 379 908 quod
407 866 457 897 vel
487 865 709 897 exactissimae
747 865 812 897 illic
844 864 1033 907 disciplinae

293 917 471 950 sacrarium
505 917 720 955 contaminet,
746 918 795 950 vel
829 917 1034 950 studiosioris

293 970 578 1013 contemplationis
597 976 708 1014 pacata
722 970 873 1003 exercitia
891 971 1034 1003 relaxato

293 1024 383 1056 aditu
408 1024 636 1067 interrumpat.
663 1023 753 1062 Quod
780 1024 910 1067 quidem
929 1024 1055 1070 consi-3

293 1077 372 1109 lium
399 1087 437 1109 eo
463 1075 612 1109 fidentius
646 1077 877 1119 lubentiusque
903 1076 1035 1119 'ample-

294 1128 432 1167 ctimur,
459 1139 521 1172 quo
552 1129 722 1161 instantius
748 1140 784 1162 ac
818 1130 1032 1173 opportunius

295 1182 481 1215 huiusmodi
507 1182 719 1215 saluberrima
744 1183 884 1225 provisio
905 1184 1032 1225 (nostro

293 1234 419 1274 Ordini,
446 1241 509 1267 tam
535 1235 620 1268 intra
647 1246 743 1278 quam
769 1240 858 1267 extra
883 1235 1031 1273 ltaliam,

295 1288 382 1320 haud
407 1288 582 1330 peregrina
600 1289 649 1320 vel
667 1288 834 1329 inusitata)
851 1292 918 1320 tum
938 1288 976 1320 ab
992 1289 1033 1331 ip·
1054 1306 1056 1313 ι

293 1341 406 1373 sismet
437 1347 654 1373 conventuum
685 1341 813 1373 illorum
848 1341 1034 1373 sanctioris-

1055 859 1058 868 “
1075 864 1159 897 rium
1185 868 1370 907 generalem
1389 874 1724 910 praememoratorum
1741 880 1817 902 con-

1055 923 1227 967 ¹ventuum
1253 930 1309 952 seu
1337 921 1491 961 locorum,
1511 923 1595 954 salva
1626 923 1814 955 auctoritate

1076 971 1176 1012 patris
1203 972 1409 1014 provincialis
1442 985 1500 1017 pro
1534 979 1680 1018 tempore
1708 976 1815 1018 quoad

1054 1015 1055 1027 ¹
1076 1033 1214 1056 annuam
1230 1026 1418 1058 eorumdem
1440 1028 1643 1069 personalem
1662 1028 1816 1061 visitatio-

1054 1073 1055 1082 *
1076 1086 1149 1108 neni
1174 1082 1205 1109 et
1230 1078 1375 1120 priorum
1393 1079 1514 1111 ibidem
1535 1081 1721 1113 eanonicam
1740 1092 1815 1114 con-

1076 1128 1315 1169 firmationem,
1343 1131 1385 1163 ita
1412 1137 1515 1164 tamen
1542 1134 1629 1176 qnod
1655 1134 1724 1176 ipse
1746 1135 1815 1167 nul-

1054 1201 1056 1225 ,
1076 1182 1141 1214 lum
1164 1183 1236 1215 inde
1256 1184 1442 1226 religiosum
1461 1196 1622 1225 amovere,
1642 1192 1696 1218 aut
1715 1187 1813 1219 aliurn

1053 1245 1057 1285 ‘t
1075 1235 1150 1267 illuc
1176 1236 1350 1278 assignare,
1367 1239 1414 1270 vel
1441 1249 1533 1270 usum
1550 1238 1666 1271 ullius²
1687 1240 1814 1283 dispen-

1075 1288 1207 1321 sationis
1235 1289 1450 1327 intimduccre,
1466 1297 1520 1324 aut
1544 1292 1666 1334 aliquid
1691 1303 1812 1331 eorum,

1051 1342 1157 1382 ¹{quae
1191 1342 1228 1373 ad
1266 1343 1538 1376 accuratissimam
1576 1350 1606 1376 et
1643 1345 1815 1378 litteralem

293 1404 356 1437 qne
382 1394 605 1426 observantiae
632 1394 784 1434 asseclis,
808 1399 873 1426 tum
900 1395 937 1426 ab
963 1394 1033 1426 aliis
1051 1384 1057 1423 i
1074 1395 1341 1427 constitutionum
1360 1396 1599 1429 observantiam
1621 1398 1697 1430 illuc
1715 1398 1817 1431 intro-

292 1447 369 1479 viris
393 1446 578 1489 conspicuis
603 1453 697 1490 atque
729 1447 925 1489 gravissimis
956 1427 1054 1486 una-³,
1075 1447 1168 1478 ducta
1193 1453 1277 1487 sunt,
1297 1449 1345 1480 vel
1370 1459 1387 1480 a
1405 1455 1448 1488 te,
1477 1449 1623 1492 tuisque⁸
1649 1461 1815 1483 successo-

293 1499 373 1532 nimi
406 1499 557 1542 suffragio
590 1505 773 1543 exoptatur.
806 1499 945 1538 Quorum
977 1501 1032 1543 pio
1051 1509 1054 1555 4*
1074 1500 1164 1532 ribus
1183 1500 1439 1541 introducentur,
1459 1504 1616 1543 relaxare,
1638 1504 1813 1543 moderari,

293 1563 328 1585 ae
352 1552 538 1585 rationabili
565 1558 639 1585 voto
664 1553 708 1584 sic
734 1552 864 1595 quidem
891 1562 1032 1584 annuere
1074 1563 1236 1592 revocare,
1263 1560 1317 1585 aut.
1343 1555 1573 1597 quoquomodo
1600 1562 1723 1589 mutare
1742 1568 1816 1599 pos-

293 1605 505 1644 decrevimus,
532 1612 566 1637 ut
590 1605 803 1637 nihilominus
829 1595 1054 1648 supradictae'

293 1659 477 1701 provinciae
511 1670 568 1691 sua
599 1664 724 1702 perstet
755 1659 908 1691 inviolata
932 1670 1032 1691 mem-

293 1712 425 1744 brorum
439 1712 584 1745 omnium
598 1713 777 1755 integritas,
796 1712 1031 1751 subordinatio,
1053 1722 1054 1728 ¹

294 1776 329 1798 ac
346 1766 512 1808 primaeva
529 1776 713 1808 compages,
733 1766 777 1797 ita
795 1766 881 1808 quod
900 1776 935 1798 ex
954 1765 1029 1798 hac'

294 1828 472 1860 paucorum
497 1824 717 1851 conventuum
743 1819 801 1851 sub
827 1829 892 1851 uno
912 1818 1032 1851 vicario

294 1872 378 1903 nova
402 1870 643 1907 coniunctione,
667 1872 754 1904 nulla
774 1872 962 1904 eorumdem
978 1871 1032 1904 liat
1053 1895 1054 1899 ,

295 1933 312 1954 a
336 1923 500 1956 communi
525 1924 712 1966 provinciae
745 1934 884 1967 corpore
911 1924 1054 1957 [lisinii-³

295 1976 375 2016 ctio,
402 1987 463 2009 nec
486 1976 611 2020 proprii
636 1977 749 2009 vicarii
781 1987 837 2009 seu
870 1977 944 2010 novi
981 1988 1034 2009 cu-

295 2031 398 2062 stodis
424 2030 562 2063 adiectio
592 2031 710 2063 veteris
743 2031 950 2074 provincialis
981 2042 1034 2063 cu-

296 2083 434 2116 stodiam
460 2084 600 2117 statione
627 2084 803 2124 dimoveat,
828 2085 882 2117 sed
908 2084 1055 2118 adiuvet:

295 2136 414 2179 potius,
437 2136 566 2180 fidoque
585 2137 806 2170 sublevamine
824 2138 1034 2170 concorditer

297 2189 469 2222 suffulciat.
496 2190 604 2233 Itaque
631 2190 746 2222 harum
772 2191 854 2223 serie
876 2196 905 2223 te
924 2191 1034 2223 admo-

296 2242 427 2274 modum
451 2243 666 2275 reverendum
692 2248 818 2286 patrem
844 2244 1033 2286 magistrum

297 2294 428 2326 fratrem
454 2294 583 2327 Petrum
615 2295 785 2338 Martyron]
812 2295 919 2339 Pegna
942 2308 1035 2340 prae—

298 2347 414 2385 fatum,
440 2348 645 2380 absolventes
670 2348 760 2391 prius
786 2350 1034 2393 absolutumque

297 2400 366 2433 sore
388 2406 560 2433 censentes
586 2402 625 2434 ab
651 2403 737 2434 omni
761 2402 886 2435 vinculo
913 2414 1036 2436 excom-

298 2453 523 2486 municationis
548 2460 579 2486 et
604 2456 715 2497 quovis
733 2456 795 2489 alio
814 2457 1034 2489 ecclesiastico

296 2506 530 2549 impedimento
546 2508 584 2550 (si
603 2519 666 2551 quo
684 2519 771 2541 esses
792 2509 980 2554 innodatus)
996 2510 1035 2542 ad

335 2570 346 2596 1
369 2568 417 2595 Ed.
434 2568 511 2596 nain.
530 2569 593 2605 legit
608 2579 643 2597 ac
658 2571 707 2597 hoc
724 2574 760 2606 (n.
773 2572 823 2606 τ.).

1074 1605 1126 1638 sit.
1154 1606 1286 1639 Cetera⁴
1306 1607 1344 1639 ad
1364 1612 1404 1646 te,
1427 1612 1583 1650 tuumque
1605 1609 1753 1648 officium,
1769 1609 1816 1641 in-

1075 1663 1165 1701 tegro
1192 1670 1318 1701 semper
1344 1660 1476 1692 biennio
1495 1672 1511 1693 a
1537 1661 1588 1693 die
1615 1667 1727 1704 captae
1746 1672 1815 1705 pos-

1075 1712 1230 1745 sessionis
1255 1713 1286 1745 in
1313 1719 1481 1756 posterum
1501 1714 1699 1754 duraturum,
1720 1716 1815 1758 perti-

1050 1770 1054 1790 t
1075 1766 1165 1797 nebit
1189 1767 1381 1809 supradictis
1418 1767 1633 1800 conventibus
1658 1774 1689 1801 et
1713 1769 1814 1807 locis,

1076 1824 1140 1850 tum
1167 1819 1295 1858 habitis,
1317 1825 1383 1852 tum
1402 1821 1569 1860 habendis,
1587 1822 1720 1864 speciali
1738 1825 1815 1855 cura

1075 1871 1356 1913 superintendere,
1373 1873 1545 1905 inferiores
1558 1873 1711 1906 officiales
1727 1885 1814 1917 prae-

1075 1924 1175 1956 misso
1201 1931 1328 1957 maturo
1362 1927 1515 1968 patrnm⁵
1555 1927 1693 1960 consilio
1725 1928 1815 1959 insti-

1051 1989 1054 2005 ι
1076 1981 1166 2010 tuere
1192 1988 1227 2010 ac
1253 1978 1443 2018 destituere,
1478 1980 1593 2012 fratres
1618 1980 1814 2022 assignando

1052 2032 1123 2063 ivel
1149 2031 1372 2073 depositarum,
1399 2031 1437 2063 ab
1463 2042 1526 2064 uno
1553 2033 1592 2065 ad
1617 2032 1715 2064 alium
1740 2043 1816 2065 con-

1076 2089 1206 2116 ventum
1232 2094 1286 2116 seu
1323 2085 1427 2116 locum
1460 2085 1659 2125 transferre,
1693 2086 1815 2118 cultum

1077 2137 1244 2177 divinum,
1278 2138 1471 2170 novitiorum
1506 2139 1753 2179 educationem,
1780 2150 1816 2171 ac

1076 2191 1262 2223 scholarum
1290 2191 1441 2223 exercitia
1467 2191 1629 2230 ordinare,
1655 2191 1688 2224 in
1717 2193 1816 2225 ambi-

1077 2243 1146 2285 guis
1166 2244 1310 2286 patulum
1337 2244 1375 2276 ad
1402 2249 1430 2276 te
1457 2245 1614 2286 refugium
1641 2245 1816 2288 unicuique,

1078 2301 1144 2328 tum
1170 2296 1328 2340 superiori
1357 2302 1421 2329 tum
1447 2298 1576 2330 subdito
1597 2298 1636 2330 ad
1662 2298 1747 2330 hunc
1773 2298 1817 2330 vi-

1114 2397 1122 2420 1
1144 2394 1215 2421 Edit.
1233 2394 1312 2420 Mun.
1331 2394 1393 2429 legit
1410 2395 1599 2430 z'nslitumque
1614 2396 1654 2429 (n.
1670 2397 1720 2430 T.).

1112 2438 1127 2464 Ξ
1150 2438 1220 2464 Edit.
1237 2438 1315 2464 Maia.
1333 2438 1397 2472 legit
1411 2439 1493 2465 illius
1510 2447 1557 2474 pro
1574 2440 1664 2466 ullius
1678 2442 1715 2474 (fl.
1732 2441 1780 2472 Τ.).

1113 2482 1128 2509 3
1149 2482 1219 2508 Edit.
1237 2482 1315 2508 Maia.
1332 2483 1398 2517 legit
1413 2483 1528 2517 suisque
1539 2491 1586 2518 pro
1597 2484 1711 2518 tuisque
1721 2484 1815 2520 (Rs.)-

1113 2527 1129 2553 4
1149 2528 1245 2562 Aptius
1261 2527 1318 2561 lege
1336 2527 1468 2554 Ceterum
1484 2530 1524 2561 (n.
1540 2527 1588 2561 T.).
1813 2525 1817 2528 ⁴

1114 2572 1130 2598 5
1150 2571 1219 2598 Edit.
1236 2571 1314 2598 Maia.
1333 2571 1549 2607 legitpatruum
1571 2575 1607 2606 (a.
1623 2572 1672 2608 Τ.).
