2247 3208
71 201 119 227 An.

189 200 256 229 1666

864 202 1051 225 ALtAANDt-:n
1076 203 1117 225 t‘ll
1145 204 1190 226 ΡΡ.

1681 195 1745 228 [17ῗὶ

264 251 368 293 quoad
394 251 656 292 praecedentiam
674 278 681 290 ,
708 252 749 284 ita
775 251 943 286 videlicet,
968 255 1003 281 ut
1023 251 1024 276 l
1044 261 1158 292 presso
1185 252 1315 283 nominc
1346 252 1501 284 ecclcsiae
1526 252 1556 284 S.
1584 252 1753 286 Salvatoris
1771 281 1778 292 ,

264 301 296 334 in
322 302 433 344 primis
460 303 575 348 suturis
600 303 738 336 comitiis
768 303 858 346 prior
887 308 920 335 et
951 313 1002 335 ca-

264 354 401 387 nonicus
435 355 469 387 B.
500 355 616 388 Mariae
649 356 845 398 praecedant
877 356 1001 387 decano

264 412 296 440 et
319 407 477 440 canonico
502 408 533 440 S.
560 408 755 448 Salvatoris;
782 414 894 441 contra
925 418 1000 440 vero

263 460 296 493 in
308 460 458 493 secundis
474 460 611 494 comitiis
631 461 771 494 decanus
785 466 816 493 et
829 460 1001 492 canonia-us

263 512 294 546 S.
321 512 496 546 Salvatoris
521 513 717 556 praecedant
737 512 838 556 priori
857 518 888 544 ct
905 522 1002 544 cano-

263 566 337 599 nico
365 566 399 598 B.
430 565 560 598 Mariae.
594 566 628 598 In
659 565 730 598 aliis
759 575 835 597 vero
870 565 1001 597 functio-

263 619 360 652 nibus
380 646 388 659 ,
418 629 502 662 quae
527 617 598 651 fieri
634 623 771 662 possunt
803 623 834 650 et
859 618 965 650 solent
984 628 1001 650 a

263 672 427 705 canonicis
448 672 603 714 cuiusque
618 671 771 704 ecclesiae
790 671 859 703 sine
877 671 1001 703 archie-

262 725 389 768 piscopi
414 725 595 757 ministerio
612 725 661 757 vel
674 724 870 767 praesentia,
888 725 1000 766 quales

263 784 337 812 sunt
367 778 542 811 celebratio
569 778 721 810 horarum
745 777 974 810 canonicarum
991 805 998 814 ,

263 831 360 863 missa
395 831 626 870 conventualis,
659 830 799 863 officium
836 830 1002 864 defuneto-

263 894 344 924 rum,
371 884 600 923 annivcrsaria,
627 883 795 923 suneralia,
822 884 1000 917 celebratio

263 937 416 981 capituli,
450 937 594 980 privatae
629 937 859 980 processiones
897 938 1001 970 eccle-

263 990 339 1031 siae,
365 995 396 1023 et
419 990 501 1023 aliae
521 990 718 1030 huiusmodi,
741 990 830 1023 nulla
854 996 1001 1023 servetur

264 1043 467 1083 alternatim,
481 1043 538 1076 sed
557 1043 703 1075 canonici
722 1043 877 1075 ecclesiae
893 1043 928 1075 Β.
944 1043 1001 1075 Ma-

262 1096 330 1129 riae
355 1096 413 1128 has
430 1101 462 1128 et
476 1096 661 1129 consimiles
687 1095 868 1128 functiones
884 1096 1002 1128 faciant

264 1149 296 1182 in
322 1151 378 1181 sua
401 1149 538 1182 ecclesia
563 1149 698 1182 seorsim
724 1160 742 1181 a
766 1149 930 1183 canonicis
953 1160 1002 1181 66-

264 1202 381 1235 clesiae
407 1202 438 1234 S.
458 1201 652 1241 Salvatoris3
676 1208 704 1234 et
727 1213 743 1234 e
768 1207 881 1234 contra
906 1213 1002 1235 cano-

263 1254 327 1286 nici
348 1254 505 1286 ecclesiae
530 1254 561 1286 S.
589 1254 762 1286 Salvatoris
791 1254 862 1287 illas
887 1254 1002 1287 saciant

263 1307 296 1340 in
321 1307 454 1350 propria
480 1307 615 1340 ecclesia
639 1307 775 1340 seorsim
796 1318 813 1339 3
837 1307 1000 1340 canonicis

263 1360 423 1394 ecclesiae
458 1360 492 1392 Β.
524 1360 658 1399 Mariae,
686 1360 729 1392 ita
754 1366 789 1392 ut
813 1370 873 1392 1166
899 1359 930 1392 111
955 1370 1024 1392 sen

264 1413 378 1446 cundis
404 1413 492 1445 seriis
521 1419 552 1446 ct
576 1413 645 1447 aliis
671 1412 894 1445 festivitatibus
919 1412 1003 1456 eapi-

263 1467 366 1499 tulum
392 1466 547 1499 ecclesiae
578 1466 613 1498 Β.
641 1466 758 1498 Mariae
790 1466 925 1508 amplius
954 1477 1004 1498 ac-

264 1520 361 1552 cedat
392 1519 430 1552 ad
463 1519 635 1552 ecclesiam
666 1519 696 1552 S.
724 1519 916 1559 Salvatoris,
943 1530 1002 1552 nec

263 1572 426 1605 viceversa
443 1571 619 1615 capitulum
636 1572 790 1604 ecclesiae
812 1571 843 1604 S.
863 1571 1004 1605 Salvato-

264 1624 308 1656 ris
326 1624 461 1657 accedat
477 1624 516 1657 ad
536 1625 708 1657 ecclesiam
729 1625 762 1657 Β.
784 1625 912 1657 Mariae.

309 1677 444 1721 Insuper
469 1677 501 1710 in
527 1677 662 1716 actibus,
683 1677 714 1710 in
734 1677 850 1720 quibus
876 1677 915 1710 de
936 1678 1003 1711 iure

264 1731 314 1764 vel
347 1731 793 1774 consuetudine-requiritur
826 1741 1005 1764 consensus

266 1784 399 1827 capituli
423 1783 693 1826 metropolitanae
712 1784 866 1817 ecclcsiae
892 1784 1005 1817 Caesa-

266 1842 492 1879 raugustanae‚
517 1847 583 1870 non
608 1836 800 1877 alternatim,
828 1837 885 1869 sed
911 1837 1004 1869 simul

267 1890 307 1922 ad
325 1889 522 1923 validitatem
541 1895 627 1922 actus
652 1900 847 1922 concurrere
866 1890 1007 1922 debeant

267 1947 332 1975 tam
350 1942 526 1985 capitulum
551 1942 707 1975 ecclesiae
727 1943 761 1975 B.
777 1942 892 1975 Mariae
910 1953 1006 1986 quani

268 1995 444 2039 capitulum
462 1995 620 2028 ecclesiae
639 1995 669 2028 S.
690 1995 874 2036 Salvatoris,
899 1996 942 2028 ita
967 2001 1007 2029 ta-

267 2059 342 2081 men
360 2053 396 2080 ut
412 2048 552 2091 capitula
566 2048 661 2081 simul
677 2059 741 2081 non
756 2054 1005 2091 congregentur,

269 2102 329 2134 sed
359 2102 617 2145 unumquodque
651 2101 787 2135 seorsim
821 2101 1006 2135 huiusmodi

270 2165 465 2187 consensum
489 2160 646 2198 praestet.

313 2207 347 2239 ln
372 2207 486 2239 suturis
511 2212 615 2240 autem
636 2206 902 2249 acquisitionibus
923 2206 1008 2239 inter

270 2266 464 2293 memoratas
492 2259 643 2292 ecclesias
672 2270 843 2302 earumque
870 2259 1008 2302 capitula

271 2318 304 2346 et
328 2323 494 2356 personas,
514 2314 577 2346 hoc
597 2324 655 2356 pro
679 2315 792 2355 regula
816 2313 936 2346 servari
954 2314 1009 2346 de-

271 2366 358 2406 beat,
386 2371 420 2398 ut
443 2365 589 2398 fidelium
613 2365 809 2408 largitiones,
838 2371 898 2397 tam
925 2366 1009 2399 inter

271 2419 358 2452 vivos
384 2430 479 2462 quam
505 2419 537 2451 in
569 2419 680 2451 ultima
709 2419 892 2457 voluntate,
927 2429 1008 2462 quae

271 2472 352 2506 fient
375 2483 527 2515 expresso
553 2471 681 2504 nomine
706 2471 862 2504 ecclesiae
888 2472 922 2504 B.
950 2472 1011 2504 Ma-

271 2525 339 2559 riae
376 2526 415 2559 de
453 2525 569 2566 Pilari,
598 2525 660 2568 ipsi
693 2524 849 2557 ecclesiae
885 2529 1009 2558 tantum

272 2578 398 2622 integre
421 2579 651 2622 acquirantur;
679 2584 710 2610 et
741 2589 821 2620 quac
856 2577 933 2611 fient
957 2589 1011 2611 ex-

365 2641 441 2668 Buu.
463 2641 546 2668 Rom.
563 2655 595 2660 —-
614 2641 672 2668 Vol.
695 2640 784 2668 XVII.
928 2639 963 2668 60

1044 303 1192 336 similiter
1217 303 1275 346 ipsi
1298 304 1451 337 ecclesiae
1469 310 1591 338 tantum
1614 305 1780 349 acquiran-

1044 360 1096 387 tur
1112 356 1235 398 absque
1257 356 1489 389 diminutione:
1510 368 1592 400 quae
1612 369 1687 391 vero
1704 358 1782 391 sient

1044 408 1100 439 sub
1126 407 1256 440 nomine
1282 409 1438 441 ecclesiae
1464 409 1780 452 Caesaraugustanae

1043 470 1103 502 pro
1122 460 1255 493 dimidia
1274 467 1420 503 spectent
1436 462 1474 494 ad
1490 463 1660 496 ecclesiam
1676 464 1780 497 13113-

1044 512 1123 551 riae,
1151 518 1182 545 et
1210 524 1268 556 pro
1295 513 1356 546 alia
1383 514 1513 547 dimidia
1543 516 1580 547 ad
1611 516 1780 549 ecclesiam

1043 564 1074 597 S.
1101 565 1282 606 Salvatoris,
1303 566 1364 598 nisi
1390 578 1480 599 secus
1506 568 1538 600 in
1563 569 1745 611 praemissis
1763 580 1780 601 a

1043 618 1248 651 testatoribus
1273 628 1329 651 seu
1360 619 1624 653 benefactoribus
1652 627 1778 653 cautum

1044 670 1150 703 suerit.

1086 723 1236 756 Ceterum
1260 723 1293 757 in
1318 725 1585 768 acquisitionibus
1612 727 1779 771 hucusque

1043 777 1133 809 sactis
1162 783 1299 821 utraque
1325 779 1463 811 ecclesia
1487 785 1734 812 manuteneatur
1750 786 1782 812 ct

1043 837 1254 864 conservetur
1279 832 1311 863 in
1345 833 1381 863 63
1407 832 1623 874 possessione,
1657 833 1690 865 in
1719 844 1781 875 qua

1043 894 1129 916 nunc
1153 884 1326 927 reperitur.

1086 937 1121 969 ln
1147 937 1354 970 extrahendis
1389 948 1463 971 vero
1496 938 1706 971 cadaveribus
1743 949 1780 971 ex

1043 989 1157 1022 alienis
1182 991 1365 1033 parochiis¹
1392 992 1576 1024 attendatur
1599 991 1697 1024 verba
1727 992 1782 1024 de-

1044 1043 1243 1076 cedentium:
1275 1054 1349 1076 nam
1375 1044 1428 1087 qui
1455 1044 1612 1086 elegerint
1638 1046 1782 1087 sepultu-

1044 1106 1110 1128 ram
1136 1096 1168 1128 in
1194 1096 1329 1129 ecclesia
1357 1097 1390 1129 B.
1411 1096 1538 1136 Mariae,
1557 1108 1574 1129 a
1591 1097 1669 1130 solis
1691 1108 1782 1129 cano-

1044 1149 1123 1181 nicis
1148 1149 1234 1182 illius
1260 1149 1416 1182 ecclcsiae
1442 1155 1535 1181 erunt
1559 1151 1780 1190 extralienda;

1045 1207 1075 1234 et
1102 1213 1118 1235 e
1143 1213 1320 1240 converso,
1356 1202 1409 1245 qui
1442 1203 1532 1234 illam
1564 1202 1726 1245 elegerint
1749 1203 1782 1234 in

1044 1255 1180 1287 ecclesia
1204 1254 1234 1287 S.
1262 1254 1447 1293 Salvatoris‚
1468 1254 1632 1288 debebunt
1657 1254 1782 1287 extrahi

1044 1319 1061 1340 a
1086 1308 1251 1340 canonicis
1284 1307 1385 1350 ipsius
1418 1307 1591 1340 ccclesiae:
1617 1318 1681 1350 quo
1708 1317 1783 1340 vero

1045 1360 1083 1392 ad
1109 1360 1190 1399 illos,
1211 1360 1264 1403 qui
1282 1361 1481 1403 sepulturam
1506 1359 1665 1402 elegerint
1681 1360 1715 1392 in
1733 1370 1784 1392 ec-

1045 1414 1143 1446 clesia
1167 1414 1464 1455 Caesaraugustam
1482 1418 1625 1445 servetur
1643 1413 1722 1446 ordo
1740 1414 1784 1446 al-

1045 1467 1229 1506 ternativae,
1251 1466 1311 1498 nisi
1337 1476 1373 1498 ex
1399 1465 1585 1498 coniectura
1607 1466 1783 1498 voluntatis

1046 1519 1236 1561 eligentium
1263 1519 1349 1551 aliud
1374 1523 1539 1561 appareat.

1090 1572 1344 1615 Archiepiscopo
1369 1576 1476 1604 autem
1506 1571 1538 1603 in
1564 1571 1714 1603 extremis
1740 1572 1785 1604 la-

1046 1624 1173 1657 boranti
1199 1625 1433 1657 administratio
1456 1624 1647 1657 sacramenti
1673 1624 1783 1656 Viatiei

1047 1683 1077 1710 et
1092 1678 1259 1710 Extremae
1274 1677 1439 1710 Unctionis
1456 1677 1560 1720 prima
1576 1677 1643 1709 vice
1661 1682 1786 1719 spectet

1047 1731 1085 1763 ad
1117 1731 1295 1773 capitulum
1331 1730 1489 1763 ecclesiae
1522 1730 1556 1762 B.
1584 1728 1722 1767 Mariae,
1755 1735 1786 1762 et

1047 1783 1187 1816 secunda
1224 1783 1291 1815 vice
1334 1783 1373 1815 ad
1408 1782 1585 1825 capitulum
1629 1782 1784 1815 ecclesiae

1047 1836 1078 1869 S.
1102 1836 1284 1875 Salvatoris‚
1306 1845 1410 1878 eoque
1433 1835 1622 1873 decedente,
1637 1845 1701 1867 non
1721 1835 1786 1867 cle-

1048 1893 1096 1923 613
1122 1891 1297 1933 sepultura,
1323 1889 1411 1922 illius
1436 1889 1572 1921 cadaver
1597 1889 1657 1920 1136
1682 1888 1785 1931 prima

1048 1943 1115 1975 vice
1144 1943 1320 1985 sepeliatur
1352 1941 1384 1974 in
1416 1942 1553 1974 ccclesia
1584 1941 1619 1973 B.
1651 1940 1784 1979 Mariae,

1049 2001 1080 2028 et
1104 1995 1246 2028 secunda
1269 1995 1335 2027 vice
1354 1994 1535 2027 in-ecelesiti
1553 1994 1584 2026 S.
1604 1993 1785 2032 Salvatoris,

1050 2054 1082 2081 et
1105 2048 1149 2080 sic
1174 2048 1213 2080 de
1239 2053 1350 2080 cetero
1375 2045 1571 2080 alternatim.

1093 2101 1107 2144 ἓ
1132 2100 1162 2134 3.
1191 2101 1412 2133 Decerncntes
1440 2100 1571 2132 easdem
1592 2105 1785 2142 praesentes

1050 2155 1175 2197 litteras
1201 2159 1232 2185 et
1255 2153 1287 2185 in
1313 2153 1357 2185 eis
1383 2157 1535 2185 contenta
1553 2162 1786 2195 quaecumque,

1051 2207 1148 2240 etiam
1166 2217 1202 2239 ex
1220 2217 1257 2239 co
1277 2206 1364 2249 qnod
1390 2205 1657 2248 archiepiscopus
1681 2215 1717 2236 ac
1741 2215 1787 2237 ca-

1051 2259 1151 2303 pitula
1178 2264 1209 2291 et
1234 2258 1381 2291 canonici
1406 2257 1550 2301 praelati,
1578 2258 1670 2290 aliive
1696 2257 1789 2300 quili-

1051 2315 1115 2353 bet,
1135 2313 1363 2354 cuiuscumque
1381 2316 1489 2350 status,
1507 2311 1634 2353 gradus,
1650 2310 1786 2349 ordinis,

1052 2366 1248 2399 conditionis
1276 2371 1305 2396 et
1328 2364 1501 2407 dignitatis,
1529 2374 1584 2396 seu
1610 2364 1688 2396 alias
1716 2374 1790 2406 spe-

1052 2419 1123 2452 ciali
1139 2425 1169 2452 et
1184 2418 1349 2451 individua
1363 2417 1526 2450 mentione
1539 2423 1571 2449 et
1584 2416 1790 2460 expressione

1053 2472 1151 2515 digni,
1179 2471 1210 2503 in
1236 2470 1421 2514 praemissis
1453 2479 1510 2503 seu
1540 2480 1652 2502 eorum
1681 2469 1788 2512 aliquo

1088 2587 1099 2614 1
1114 2585 1162 2612 Ed.
1175 2584 1252 2612 Maia.
1266 2584 1472 2620 legitparochis
1483 2583 1688 2619 proparoclziis
1698 2583 1786 2618 (thr).

1792 205 1839 230 An.
1856 205 1882 230 (Σ.
1908 203 1973 230 11166

1824 2105 1937 2126 Decretum
1952 2104 1982 2126 ir·

1798 2134 1870 2153 ritaus.
