2247 3208
185 192 231 218 An.
249 191 278 219 C.
303 193 368 222 ¹665

414 184 478 219 3ss0

381 243 440 275 Ob.
468 244 610 276 Domina
635 247 757 282 nostra,
776 244 969 275 auriliatsitc
994 249 1114 282 nostra,

426 300 477 327 tuo
502 296 586 327 Filio
611 306 667 326 nos
695 296 847 335 concilia,
876 300 926 327 tuo
950 295 1033 328 Filio
1056 307 1114 328 nos

424 347 620 386 commenda,
641 351 691 379 tao
714 347 798 379 Filio
816 358 874 379 nos
894 352 1111 390 repraesenta.

422 399 526 431 Mater
549 399 776 439 admirabilis,
802 400 1003 433 consolatrix
1028 401 1114 443 affli-

421 455 563 491 ciorum,
592 452 705 494 reqina
737 457 920 485 sanctorum
950 454 1111 494 omnium,

422 515 476 536 ora
499 514 558 546 pro
574 504 672 543 nohis,

377 556 428 589 Fr.
459 556 498 588 Ut
522 557 614 599 iliani
637 557 829 599 efficiamur,
848 562 903 590 eto.

376 607 434 641 Ob.
673 609 818 642 Oramus.

375 660 517 703 Defende
537 687 545 699 ,
586 671 775 704 quaesumus
816 662 949 695 Domine
966 688 974 701 ‚
1020 662 1111 694 beata

419 713 526 746 Maria
557 724 679 756 semper
712 714 842 756 Virqine
872 715 1108 755 intercedente,

420 766 518 798 istam
546 766 585 798 ab
609 767 695 799 omni
718 767 912 799 adversitate
935 766 1109 808 familiam,

420 823 449 851 et
474 824 535 852 toto
559 821 650 853 cortle
675 820 731 852 tabi
756 824 957 863 prostratam
988 819 1028 852 ab
1059 820 1111 852 ho—

420 874 515 905 stium
535 874 695 916 propitius
721 877 806 906 tuere
840 873 1007 906 clementer
1031 873 1111 905 insi-

422 926 493 958 diis.
513 926 577 959 Per
595 926 754 959 Christum
769 926 941 960 Dominum
954 929 1110 958 nostrum.

377 979 428 1011 Fr.
455 979 568 1011 Amen.

581 1031 721 1064 Litaniac
747 1031 782 1063 B.
804 1031 844 1063 M.
871 1031 904 1062 V.

377 1085 478 1127 Kyrie
502 1085 629 1124 elisan,
656 1083 781 1116 Christe
804 1084 932 1123 eleison,
959 1087 1012 1116 eto.

376 1137 434 1170 Ob.
467 1137 532 1170 Ora
546 1148 605 1179 pro
625 1137 723 1176 nobis,
743 1140 857 1168 sancta
873 1136 931 1168 Dei
951 1136 1107 1173 Genitrioe,

376 1191 428 1223 Fr.
459 1191 496 1223 Ut
521 1191 610 1233 eliani
641 1191 820 1232 efficiamur
848 1189 1111 1232 promissionibus

423 1242 552 1276 Christi.

377 1295 434 1328 Ob.
460 1304 462 1308 ’
669 1294 817 1328 Oremus.

382 1347 530 1381 Gratiam
544 1352 643 1385 tuam,
662 1358 849 1390 quaesumus
866 1348 1010 1383 Domine,
1028 1357 1111 1379 men-

424 1401 504 1433 tibus
529 1401 647 1433 nostris
672 1401 822 1442 infunde,
851 1405 883 1432 ut
914 1400 969 1443 qui
993 1400 1111 1443 Anyelo

422 1454 599 1486 nunciante
638 1454 759 1486 Christi
797 1453 877 1485 Filii
917 1454 963 1485 tui
1004 1455 1111 1485 incar-

421 1507 584 1538 nationem
607 1506 820 1548 maneremus,
844 1516 902 1548 per
924 1506 1112 1537 Passionem

421 1559 487 1590 eius
504 1563 533 1590 et
557 1558 688 1591 Crucem
712 1558 754 1590 acl
778 1558 1030 1591 Resurrectionis
1046 1557 1113 1600 qlo-

422 1612 506 1644 riam
528 1612 755 1654 perclucamwu
779 1610 841 1644 Per
857 1610 998 1643 eumdem
1020 1610 1112 1643 Chri-

421 1668 517 1703 stum,
544 1668 599 1696 etc.

378 1717 430 1751 Fr.
457 1717 572 1750 Amen.

376 1813 378 1815 Ι
562 1771 641 1803 Ante
673 1771 935 1812 flagellationem.

378 1823 437 1857 Ob.
464 1823 574 1856 Passio
597 1823 731 1855 Domini
761 1823 861 1855 nostri
893 1823 964 1855 Iesu
992 1822 1114 1855 Christi

422 1878 461 1909 sit
485 1886 606 1920 semper
630 1877 665 1908 in
689 1876 837 1908 cordibus
860 1875 989 1908 nostris.

380 1930 430 1962 Fr.
457 1930 570 1961 Amen.

380 1981 437 2015 Ob.
466 1981 696 2021 Recordemini,
709 1981 827 2023 fratres
843 1982 1014 2021 carissimi,
1034 1981 1116 2025 quod

426 2035 581 2067 Dominus
616 2038 721 2066 noster
758 2033 842 2066 Iesus
879 2033 1023 2066 Christus
1053 2034 1116 2075 suit

421 2098 481 2130 pro
507 2087 594 2118 nohis
618 2086 773 2124 renditus,
791 2086 894 2118 osculo
912 2086 1059 2124 traditus,
1075 2087 1117 2118 ad

424 2139 556 2172 Annam
577 2140 733 2182 primum,
754 2138 868 2171 deinde
892 2138 934 2170 acl
959 2138 1116 2182 Caipham

423 2192 567 2234 pontifice
577 2203 607 2223 m
625 2192 745 2228 auctus,
761 2195 788 2223 ct
799 2196 955 2234 postremo
975 2192 1011 2224 in
1026 2202 1118 2234 prae-

426 2245 542 2276 torium
567 2244 609 2276 acl
633 2244 795 2283 Pilatum,
822 2244 872 2275 ubi
898 2244 958 2285 fuit
984 2244 1027 2276 ad
1060 2255 1116 2276 co-

428 2296 575 2328 lumnam
601 2297 719 2339 [inatus
744 2301 771 2328 et
794 2296 990 2338 slaqellatus‚
1005 2290 1115 2340 spinea

428 2352 607 2386 coronatus,
633 2359 668 2380 ac
691 2352 773 2380 veste
794 2348 958 2390 purpurea
984 2349 1118 2381 circum-

429 2400 533 2439 datus,
554 2400 660 2442 alapis
676 2410 852 2443 percussus,
870 2405 963 2443 atque
983 2410 1118 2443 conspu-

429 2457 489 2491 tus,
511 2456 538 2484 et
558 2452 684 2484 [mamis
702 2453 839 2485 traditus
863 2457 898 2485 ut
915 2454 1118 2496 crucifiyere-

430 2510 495 2545 tur,
521 2505 563 2536 acl
591 2504 764 2537 Calcariae
792 2505 895 2537 locum
920 2506 1069 2538 deductus
1091 2510 1118 2538 et

430 2558 620 2601 crucifixus,
646 2562 767 2590 etcum
800 2569 834 2590 eo
864 2559 1014 2601 crucifixi
1043 2563 1118 2591 sunt

956 196 1134 221 nULLAmUM
1159 198 1309 223 ROMANFM

1204 246 1341 278 latrones
1362 246 1434 285 duo,
1460 258 1543 280 unus
1569 259 1588 280 a
1605 249 1727 281 dextris
1754 253 1782 281 et
1806 247 1888 280 (alter

1201 309 1219 329 a
1237 299 1387 337 sinistris,
1404 304 1442 338 et,
1463 311 1533 332 cuin
1551 301 1694 340 divisset,
1710 302 1797 340 Silio,
1812 312 1888 342 por-

1200 354 1353 382 reoeerunt
1377 352 1406 383 ei
1429 355 1574 392 acetum,
1604 353 1687 395 quod
1709 364 1781 385 cum
1804 364 1888 386 accc-

1198 403 1308 444 pisset,
1334 403 1433 435 dixit:
1460 403 1685 437 Consumatum
1703 409 1763 446 est,
1789 410 1815 438 et
1840 406 1888 437 in—

1199 454 1323 487 clinato
1340 456 1454 497 capite,
1472 457 1576 488 emisit
1592 458 1750 498 spiritum.
1764 456 1888 490 Deincle

1198 517 1281 539 unus
1305 508 1445 539 militum.
1481 508 1593 540 lancea
1618 509 1703 541 latus
1726 510 1791 542 eius
1815 521 1888 553 ape-

1198 560 1274 598 ruit,
1291 563 1319 591 et
1332 561 1481 592 continuo
1495 562 1594 593 arioit
1608 562 1738 603 sanquis
1750 566 1777 594 et
1791 573 1886 604 aqua,

1198 614 1226 642 et
1249 611 1286 642 ae
1307 621 1396 644 cruce
1419 612 1576 654 depositus
1608 612 1681 654 fuit,
1707 613 1743 645 in
1767 623 1884 646 monu-

1197 668 1300 696 mento
1323 675 1401 697 novo
1423 665 1574 706 sepultus,
1596 666 1688 698 tertia
1713 670 1816 698 autem
1837 666 1887 698 die

1197 718 1371 749 resurreccic
1394 727 1414 748 a
1436 718 1580 750 mortuis.
1613 718 1661 750 Tu
1682 723 1800 759 autem,
1817 718 1884 751 Do-

1198 769 1294 808 mine,
1319 770 1467 802 miserere
1489 770 1587 803 nobis.

1153 820 1204 851 Fr.
1231 821 1294 853 Deo
1313 823 1447 863 qratias.

1153 873 1210 906 Oh.
1238 874 1381 914 Fratres,
1400 876 1511 908 servite
1529 875 1665 909 Domino
1688 878 1725 909 in
1751 878 1862 910 timore
1878 904 1885 916 ,

1196 931 1223 959 et
1247 928 1387 960 occultate
1410 929 1439 960 ei
1461 939 1532 960 cum
1549 933 1685 962 tremore.
1705 930 1888 972 Apprehen-

1197 979 1261 1012 dite
1286 980 1495 1022 disciplinam
1518 980 1585 1023 (hic
1609 981 1722 1025 incipit
1747 983 1887 1024 flagella-

1197 1032 1255 1075 tio)
1280 1032 1335 1065 ne¹
1362 1033 1487 1076 quando
1512 1035 1674 1067 irascatur
1696 1034 1883 1073 Dominus²,

1197 1089 1223 1117 et
1245 1087 1385 1127 pereatis
1410 1086 1447 1118 cle
1471 1086 1525 1118 via
1549 1087 1644 1118 iusta.

1153 1138 1212 1171 Ob.
1238 1139 1386 1172 Miserere
1409 1140 1471 1171 mei
1493 1140 1587 1179 Deus,
1614 1144 1670 1173 etc.

1153 1192 1205 1224 Fr.
1232 1192 1272 1224 Et
1292 1192 1463 1225 secundum
1486 1193 1740 1232 multitudinem,
1757 1197 1812 1226 etc.
1831 1193 1888 1235 (di-

1198 1244 1281 1276 citur
1305 1244 1433 1286 integer
1456 1246 1626 1288 psalmus).

1153 1296 1211 1329 Ob.
1242 1297 1355 1329 Gloria
1379 1297 1486 1338 Patri,
1513 1302 1569 1331 etc.

1152 1349 1203 1381 Fr.
1231 1349 1317 1382 Sicut
1342 1354 1423 1389 erat,
1448 1354 1503 1383 etc.
1695 1389 1699 1392 γ

1153 1402 1209 1436 Oh.
1236 1403 1281 1434 Dc
1302 1402 1474 1445 profundis
1497 1403 1649 1441 clamavi,
1674 1406 1730 1436 etc.

1153 1455 1204 1486 Fr.
1232 1455 1328 1487 Fiant
1355 1465 1449 1487 aures
1480 1459 1551 1487 tuae
1582 1455 1802 1493 intendentes,
1829 1460 1885 1489 etc.

1198 1507 1327 1548 (dicitur
1351 1507 1479 1549 integer
1498 1508 1666 1550 psalmus).

1153 1558 1211 1591 Ob.
1231 1559 1377 1601 Requiem
1396 1563 1561 1591 aeternam
1579 1559 1663 1592 dona
1679 1560 1723 1591 eis
1740 1559 1886 1599 Domine,

1154 1611 1205 1643 Fr.
1232 1612 1272 1644 Et
1298 1611 1353 1643 lux.
1374 1615 1528 1654 perpauci
1553 1611 1659 1644 luceat
1683 1613 1739 1644 eis.

1154 1664 1212 1696 Ob.
1239 1664 1265 1697 A
1287 1667 1384 1707 porta
1407 1664 1507 1706 infe-ri

1154 1718 1205 1750 Fr.
1232 1718 1327 1756 Erue,
1356 1717 1502 1757 Domine,
1525 1718 1657 1750 animas
1680 1727 1800 1750 eorum.

1155 1769 1212 1802 Ob.
1239 1769 1453 1812 Requiescant
1477 1770 1513 1802 in
1534 1780 1623 1813 pace.

1156 1823 1206 1854 Fr.
1233 1822 1346 1855 Amen.

1155 1874 1213 1907 Oh.
1240 1875 1396 1907 Dominus
1418 1875 1587 1907 vobiscum.

1156 1928 1206 1960 Fr.
1234 1927 1274 1961 Et
1297 1939 1370 1960 cum.
1392 1929 1512 1971 spiritu
1536 1932 1598 1960 tuo.

1156 1981 1213 2013 Oh.
1446 1980 1591 2013 oremus.

1157 2035 1260 2074 Deus,
1294 2034 1347 2076 qui
1379 2033 1473 2076 culpa
1505 2032 1673 2075 offenderis
1693 2059 1700 2071 ‚
1731 2033 1892 2074 poeniten-

1201 2086 1247 2119 tifi
1268 2086 1423 2128 placaris,
1439 2096 1549 2128 preces
1568 2085 1682 2128 populi
1701 2086 1747 2117 tui
1770 2085 1892 2127 suppli-

1201 2139 1304 2171 cantis
1326 2139 1484 2180 propitius
1521 2138 1663 2179 respice,
1699 2141 1727 2168 et
1760 2136 1893 2178 flagella

1204 2196 1272 2224 tuae
1303 2190 1495 2223 iracundiae
1513 2216 1520 2229 ‚
1548 2200 1630 2232 quae
1659 2200 1718 2232 pro
1753 2190 1893 2232 peccatis

1203 2245 1320 2277 nostris
1344 2253 1515 2282 meremur,
1541 2247 1654 2275 averte.

1246 2296 1406 2329 Ficlelium
1431 2296 1574 2327 omnium
1597 2294 1744 2327 conditor
1775 2298 1803 2327 et
1839 2304 1894 2325 re-

1203 2349 1356 2391 demptor,
1374 2348 1544 2380 animabus
1561 2347 1770 2389 famulorum,
1789 2346 1894 2388 famu-

1203 2400 1367 2443 larumque
1402 2404 1533 2432 tuarum
1568 2399 1782 2431 remissionem
1814 2408 1894 2430 cun-

1203 2458 1323 2487 ctorum
1356 2453 1455 2485 tribue
1476 2456 1690 2495 peccatorum,
1716 2455 1749 2483 ut
1784 2451 1892 2483 indul-

1196 2524 1206 2550 1
1229 2523 1277 2550 Ed.
1294 2523 1373 2550 Main.
1391 2522 1456 2557 legit
1470 2530 1520 2548 nec
1536 2530 1584 2556 pro
1600 2530 1634 2547 ne
1650 2528 1687 2555 ga.
1703 2521 1751 2554 r).

1194 2567 1211 2593 2
1230 2566 1278 2593 Ed.
1295 2566 1374 2594 Main.
1390 2566 1455 2602 legit
1470 2566 1566 2593 minus
1582 2572 1629 2600 pro
1645 2564 1787 2592 Dominus
1797 2565 1893 2605 (Ἄκη).

1896 197 1945 223 An.
1962 195 1989 222 C.
2015 196 2080 223 ¹665
