2247 3208
220 227 269 254 An.
286 226 314 254 C.
338 226 405 254 1665

283 1492 411 1522 Exequutio-

227 1526 279 1549 nem?
308 1521 412 1548 Constitu-

228 1550 292 1594 κῖκυς
317 1548 412 1567 commit-

266 2386 377 2408 Decretum
395 2386 421 2406 ir-

238 2419 312 2434 litans.

450 217 516 252 334

414 274 547 308 tutionis
572 278 726 312 tenorem,
753 270 903 312 illiusque
928 268 1149 301 executionem

416 338 511 371 quarn
535 325 678 365 fecerint,
705 325 737 357 in
755 324 854 363 libris,
876 322 932 354 ubi
957 331 1070 354 eorum
1087 321 1151 352 ele-

415 378 539 411 ctiones
552 375 698 408 annotari
716 375 829 413 solent,
849 377 1004 405 annotent
1020 371 1147 414 pariter,

414 435 446 463 et
470 429 616 462 annotari
641 433 762 467 curent,-
782 427 904 459 adiecta
921 424 1058 468 speciali
1075 425 1150 456 nota

414 487 446 515 et
463 481 670 524 obligatione,
690 480 786 524 quod,
809 479 1073 523 quotiescumque
1095 476 1150 509 eli-

417 539 510 577 getur
532 544 633 566 novus
658 534 828 577 praelatus,
845 533 894 565 vel
920 530 1076 574 superior,
1096 529 1149 562 ille

416 587 602 620 huiusmodi
626 591 800 629 praecepta
824 590 855 617 et
880 593 1031 616 censuras
1055 591 1151 614 reno-

415 645 475 679 vet,
500 645 542 680 et,
568 639 671 672 donec
695 639 725 671 id
752 638 868 677 fecerit,
895 642 1023 681 praeter
1046 636 1151 668 incur-

417 702 486 725 sum
511 692 542 724 in
568 702 718 724 censuras
737 696 767 724 et
791 700 911 733 poenas
936 689 1148 732 supradictas,

417 744 524 778 officio
561 744 694 788 praelati
727 743 815 786 fungi
849 743 966 776 illudve
1002 751 1151 775 exercere

417 802 668 841 nequeat,‚nee
700 797 767 830 eius
792 796 910 829 subditi
935 795 1152 828 obedientiam

417 850 465 883 illi
482 855 644 893 praestare
661 855 843 882 teneantur.
864 847 1060 881 Mandabunt
1079 856 1153 889 quo-

419 913 481 944 que
508 902 583 935 dicti
619 902 801 945 superiores
826 907 860 933 ut
884 907 977 933 tenor
1001 899 1154 932 constitu-

418 955 515 988 tionis
533 966 568 988 ae
587 956 672 988 illius
689 954 834 987 executio
857 959 888 986 et
905 946 1081 996 'praecepta
1097 961 1153 983 seu

419 1007 639 1041 ordinationes
658 1006 843 1039 huiusmodi
868 1006 900 1038 in
917 1005 1007 1038 libris
1026 1003 1155 1037 electio-

419 1071 496 1093 num
510 1061 667 1093 dictorurn
682 1059 950 1092 monasteriorum
965 1057 1155 1090 monialium

420 1114 466 1147 eis
486 1114 661 1157 respective
689 1113 907 1145 subiectorum
931 1111 1078 1143 similiter
1102 1119 1156 1141 an-

419 1172 580 1207 notentur,
599 1172 638 1205 et,
665 1166 770 1199 statim
788 1170 882 1207 atque
900 1165 1020 1196 electae
1038 1162 1157 1195 suerint

420 1231 520 1253 novae
545 1219 794 1263 superiorissae,
813 1217 954 1250 rotariae
967 1243 974 1256 ,
994 1215 1156 1248 ianitrices

421 1278 452 1305 et
468 1272 670 1311 sacristanae,
687 1272 731 1304 eis
744 1271 910 1303 intimetur
922 1270 991 1312 ipsa
1002 1277 1156 1312 praesens

421 1326 618 1365 constitutio,
633 1325 673 1358 ad
687 1325 750 1357 hoc
770 1328 806 1356 ut
819 1333 945 1366 semper
959 1322 1154 1362 observetur,

421 1389 458 1411 ac
475 1378 602 1411 debitae
621 1376 802 1410 executioni
820 1375 990 1408 mandetur
1010 1380 1041 1407 et
1057 1374 1157 1407 adim-

422 1433 567 1474 pleatur,
599 1435 630 1462 et
654 1434 765 1462 contra
801 1429 940 1461 rebelles
965 1427 1158 1470 procedatur

423 1485 506 1517 sieut
529 1494 626 1526 supra
652 1483 773 1515 dictum
798 1486 856 1515 est.
885 1482 928 1513 Ac
954 1481 1082 1513 demum
1105 1490 1157 1512 ve-

422 1537 621 1570 nerabilibus
657 1535 805 1568 fratribus
841 1534 1095 1576 archiepiscopis
1127 1538 1159 1565 et

423 1589 586 1634 episcopis
611 1589 797 1622 eorumdem
823 1597 997 1630 regnorum
1015 1592 1046 1619 et
1062 1586 1159 1619 domi-

422 1643 552 1676 niorum
581 1642 805 1685 Hispaniarum
830 1641 862 1672 in
887 1640 1003 1672 virtute
1030 1644 1157 1672 sanctae

424 1695 629 1729 obedientiae
647 1695 861 1738 praecipimus
876 1693 996 1736 pariter
1021 1698 1052 1725 et
1074 1702 1159 1724 man-

427 1748 547 1788 damus,
566 1753 600 1780 ut
617 1748 761 1780 eamdem
785 1751 987 1790 praesentem
1004 1745 1159 1777 constitu-

424 1801 547 1834 tionem
573 1801 605 1833 in
625 1799 826 1832 monasteriis
843 1798 1031 1831 monialium
1048 1807 1160 1830 eorum

425 1853 642 1887 iurisdictioni
676 1857 707 1886 et
731 1852 949 1895 superioritati
984 1851 1159 1894 respective

424 1907 578 1940 subiectis
593 1911 793 1948 exequantur
809 1905 964 1945 similiter,
983 1910 1015 1937 et
1035 1903 1160 1936 debitae

426 1959 610 1993 executioni
635 1958 821 1991 demandari
842 1962 955 1990 curent
974 1962 1005 1989 et
1030 1957 1158 1989 saciant.

427 2011 490 2044 Nos
507 2012 592 2044 enim
609 2011 786 2054 praemissa
807 2010 914 2043 omnia
931 2015 962 2042 et
986 2009 1113 2052 singula
1130 2009 1162 2040 in

428 2066 578 2097 omnibus
610 2064 798 2097 monialium
833 2062 1035 2095 monasteriis
1062 2062 1163 2094 dicto-

428 2129 499 2150 rum
522 2128 696 2159 regnorum
715 2122 745 2149 et
763 2116 979 2149 dominiorum
997 2114 1164 2157 Hispania-

428 2182 519 2211 rum,
547 2177 608 2203 tam
633 2170 809 2203 Ordiuariis
842 2180 936 2211 quam
960 2167 1163 2210 regularibus

429 2223 579 2256 subiectis
609 2228 641 2256 et
668 2221 904 2261 subordinatis,
937 2219 1165 2253 inviolabiliter

430 2276 593 2308 observari
613 2275 740 2314 debere,
757 2275 839 2307 dicta
856 2273 1042 2305 auctoritate
1061 2272 1165 2305 decer⁷

430 2329 535 2360 nimus
562 2334 592 2361 et
616 2328 812 2360 ordinamus.
854 2349 858 2352 -

476 2383 491 2424 ξ
515 2381 545 2414 5.
574 2381 786 2414 Decernentes
818 2380 939 2423 pariter
971 2379 1056 2421 ipsas
1080 2388 1167 2421 prae-

431 2439 537 2467 sentes
562 2433 693 2471 litteras,
720 2438 751 2465 et
775 2433 807 2463 in
832 2433 876 2463 eis
901 2437 1051 2463 contenta
1076 2441 1168 2473 quac-

433 2497 586 2529 cumque,
617 2486 712 2517 etiam
739 2496 773 2517 ex
801 2495 838 2517 eo
867 2485 951 2527 quod
978 2483 1111 2526 praelati
1138 2489 1184 2522 etv

433 2539 615 2581 superiores
640 2539 813 2579 regulares,
833 2548 867 2568 ac
887 2536 1119 2579 superiorissae
1138 2541 1167 2568 et

434 2591 590 2623 moniales
606 2618 613 2629 ,
638 2590 784 2633 aliaeque
810 2599 968 2632 Dersonae
994 2588 1166 2631 praefatae,

995 218 1175 244 BULLARIUM
1199 217 1351 242 Romtxmi

1194 271 1224 298 et
1238 266 1290 298 alii
1306 265 1508 308 quicumque,
1519 264 1656 296 cuiusvis
1672 267 1780 303 status,
1795 261 1923 305 gradus,

1193 318 1324 358 ordinis,
1352 316 1564 357 conditionis,
1595 315 1868 359 praeeminentiae
1895 320 1926 347 et

1193 371 1374 414 dignitatis,
1401 381 1456 402 seu
1483 369 1560 402 alias
1584 369 1733 412 specifica
1758 374 1790 402 et
1812 369 1927 401 indivi-

1194 425 1256 457 dua
1275 423 1440 456 mentione
1459 423 1547 465 digni
1566 422 1709 461 existant,
1727 421 1759 454 in
1777 421 1926 465 praemis-

1192 478 1233 521 sis
1260 477 1415 509 interesse
1441 469 1608 515 habentes,
1629 485 1685 507 seu
1710 474 1831 507 habere
1848 484 1927 517 quo-

1192 529 1371 563 modolibet
1394 528 1653 572 praetendentes
1672 527 1734 560 illis
1758 537 1824 559 non
1849 537 1927 560 con-

1192 582 1362 622 senserint,
1379 592 1440 614 nec
1464 581 1502 613 ad
1528 590 1565 613 ea
1588 579 1700 619 vocati,
1715 579 1802 612 citati
1827 584 1857 611 et
1874 590 1928 611 au-

1193 635 1260 675 diti,
1288 646 1393 678 neque
1418 644 1551 673 causae,
1578 638 1712 676 propter
1736 642 1814 675 quas
1837 642 1929 675 prae-

1193 693 1298 720 sentes
1322 687 1445 720 litterae
1472 685 1707 725 emanaverint,
1734 683 1930 717 sufficienter

1194 740 1359 780 adductae,
1384 738 1566 771 verificatae
1592 743 1623 769 et
1646 735 1836 768 iustificatae
1861 735 1929 768 sue-

1193 793 1265 833 rint,
1292 797 1345 825 aut
1363 803 1399 824 ex
1420 792 1481 824 alia
1502 800 1715 834 quacumque,
1729 787 1929 831 quantumvis

1194 845 1286 885 iusta,
1312 843 1466 887 legitima,
1485 844 1539 887 pia
1554 849 1586 876 et
1602 842 1805 887 privilegiata
1821 843 1927 882 causa,

1195 899 1320 938 colore,
1353 903 1521 941 praetextu
1555 902 1587 929 et
1621 896 1748 939 capite,
1776 896 1872 929 etiam
1896 895 1929 927 in

1933 212 1983 239 An.
2003 210 2033 238 C.
2051 210 2119 239 1665

1196 961 1331 993 corpore
1355 950 1432 982 iuris
1449 950 1568 989 clauso,
1586 949 1676 981 nullo
1696 959 1838 991 unquam
1855 953 1931 980 tem·
1955 986 1961 992 ι

1196 1014 1274 1046 pore
1311 1002 1352 1036 de'
1387 1002 1606 1045 subreptionis
1641 1002 1690 1033 vel
1729 1000 1930 1043 obreptionis

1197 1062 1250 1089 aut
1274 1055 1431 1088 nullitatis
1455 1054 1553 1095 vitio,
1581 1065 1638 1087 seu
1662 1053 1849 1086 intentionis
1873 1063 1931 1085 no-

1197 1115 1289 1148 strae,
1309 1113 1363 1141 aut
1387 1108 1540 1140 interesse
1569 1107 1758 1140 habentium
1774 1107 1822 1139 vel
1840 1116 1932 1149 prae-

1198 1161 1401 1194 tendentium
1415 1170 1601 1199 consensus,
1615 1159 1717 1192 aliove
1729 1159 1823 1191 etiam
1837 1169 1933 1202 quan-

1198 1213 1311 1246 tumvis
1340 1223 1457 1255 magno
1476 1222 1511 1245 ac
1528 1212 1654 1244 formali
1672 1217 1704 1244 et
1720 1211 1931 1250 substantiali,

1198 1266 1460 1308 individuamque
1486 1265 1727 1308 expressionem
1745 1264 1932 1307 requirente

1199 1319 1325 1352 defectu
1362 1319 1484 1358 notari,
1515 1317 1696 1361 impugnari
1713 1344 1720 1357 ,
1746 1316 1931 1355 invalidari,

1199 1372 1338 1414 infringi,
1365 1371 1539 1411 retractari,
1566 1370 1713 1409 rescindi,
1736 1369 1875 1409 limitari,
1893 1369 1933 1402 ad

1199 1425 1353 1458 terminos
1377 1424 1454 1457 iuris
1478 1423 1596 1464 reduci,
1615 1429 1669 1456 aut
1692 1423 1725 1456 in
1750 1430 1934 1457 controver-

1199 1478 1277 1511 siam
1300 1478 1415 1517 vocari,
1435 1487 1491 1509 seu
1511 1477 1662 1509 adversus
1687 1477 1758 1509 illas
1783 1475 1935 1519 aperitio-

1199 1531 1248 1563 nis
1263 1531 1335 1570 oris,
1350 1530 1561 1563 restitutionis
1576 1530 1609 1562 in
1626 1529 1794 1571 integrum,
1810 1528 1934 1561 aliudve

1201 1584 1426 1626 quodcumque
1451 1583 1550 1621 iuris,
1573 1583 1645 1614 sacti
1664 1583 1714 1615 vel
1740 1581 1859 1624 gratiae
1886 1591 1936 1614 re-

1200 1636 1342 1669 medium
1367 1635 1530 1678 impetrari
1556 1635 1603 1667 vel
1629 1635 1788 1675 intentari,
1808 1640 1860 1667 aut
1883 1634 1936 1667 im-

1201 1694 1338 1733 petrato,
1370 1699 1426 1721 seu
1447 1689 1543 1720 etiam
1567 1693 1655 1720 motu
1682 1687 1814 1731 proprio
1840 1693 1872 1720 et
1896 1688 1935 1720 de

1202 1743 1396 1786 apostolieae
1429 1741 1597 1784 potestatis
1633 1740 1835 1784 plenitudine
1861 1751 1938 1773 con-

1202 1806 1300 1835 cesso,
1329 1795 1512 1838 quempiam
1530 1794 1562 1826 in
1582 1794 1702 1826 iudicio
1727 1794 1776 1826 vel
1794 1799 1884 1826 extra
1900 1793 1938 1826 il-

1202 1850 1258 1882 11111
1282 1849 1327 1881 uti
1344 1859 1399 1881 seu
1417 1859 1452 1881 se
1471 1848 1575 1880 iuvare
1601 1858 1704 1890 posse,
1724 1847 1780 1880 sed
1807 1846 1938 1879 easdem

1203 1907 1388 1944 praesentes
1413 1901 1537 1933 litteras
1567 1910 1695 1942 semper
1719 1905 1750 1932 et
1780 1904 1938 1942 perpetuo

1204 1953 1329 1993 firmas,
1362 1953 1484 1985 validas
1511 1957 1542 1984 et
1567 1952 1711 1985 efficaces
1746 1952 1884 1985 existere
1909 1942 1940 1983 et

1206 2007 1282 2046 sore,
1298 2015 1437 2048 suosque
1462 2004 1624 2047 plenarios
1649 2010 1681 2036 et
1704 2005 1847 2047 integros
1865 2002 1940 2036 effe-

1205 2065 1273 2091 ctus
1288 2058 1398 2091 sortiri
1424 2063 1455 2090 et
1479 2057 1636 2095 obtinere,
1663 2067 1700 2089 ac
1726 2056 1764 2089 ab
1790 2056 1940 2089 omnibus

1206 2118 1237 2144 et
1260 2111 1403 2153 singulis,
1422 2111 1460 2143 ad
1487 2120 1565 2153 quos
1583 2114 1705 2152 spectat
1729 2114 1761 2142 et
1784 2120 1842 2152 pro
1867 2114 1941 2141 tem-

1206 2174 1283 2207 pore
1315 2163 1580 2206 quandocumque
1606 2161 1783 2204 spectabit,
1810 2161 1843 2193 in
1875 2172 1941 2194 om-

1207 2217 1299 2249 nibus
1325 2222 1356 2248 et
1379 2226 1436 2258 per
1461 2215 1568 2248 omnia
1584 2214 1813 2247 inviolabiliter
1835 2219 1867 2247 et
1894 2214 1942 2247 in-

1207 2280 1360 2302 concusse
1385 2268 1549 2301 observari
1576 2273 1606 2300 et
1631 2267 1813 2311 adimpleri,
1830 2263 1941 2310 ‘sicque

1208 2328 1239 2355 et
1263 2333 1327 2354 non
1353 2321 1446 2354 aliter
1482 2321 1515 2353 in
1549 2321 1733 2363 praemissis
1763 2331 1822 2363 per
1847 2331 1942 2363 quos-

1208 2385 1343 2417 cumque
1370 2374 1491 2406 iudices
1506 2373 1688 2406 ordinarios
1711 2379 1742 2405 et
1765 2374 1940 2415 delegatos,

1209 2429 1303 2461 etiam
1329 2438 1493 2460 causarum
1518 2427 1625 2470 palatii
1653 2427 1819 2469 apostolici
1853 2427 1943 2459 audi-

1210 2489 1303 2517 tores,
1331 2492 1365 2513 ac
1391 2480 1533 2512 eiusdem
1559 2480 1588 2512 S.
1617 2479 1653 2511 R.
1681 2479 1714 2511 E.
1743 2479 1940 2520 cardinales,

1210 2535 1305 2567 etiam
1331 2534 1368 2565 de
1395 2534 1492 2565 latere
1530 2533 1652 2573 legatos
1683 2537 1713 2564 et
1738 2532 1943 2574 Apostolicae

1210 2587 1299 2620 Sedis
1325 2586 1468 2625 nuncios,
1495 2585 1637 2627 aliosque
1664 2585 1844 2627 quoslibet,
1869 2595 1945 2628 qua-
