2247 3208
102 247 152 274 An.
176 249 204 274 C.
228 248 294 275 1669

124 1258 179 1282 Quid
203 1257 281 1278 facien-

96 1283 146 1331 εἰη-1
175 1285 280 1310 praescri-

127 2582 279 2606 indulgentiam

96 2607 213 2634 plenariam
231 2613 280 2629 cvm·

96 2634 160 2655 cedit.

290 985 437 1018 similiter
454 985 676 1028 implorarent,
688 985 867 1028 plenariam
882 985 1027 1028 quolibet

290 1038 451 1071 curriculo
477 1038 660 1081 quindecim
686 1038 825 1078 dierum,
854 1038 969 1081 quibus
996 1038 1025 1071 id

290 1196 427 1230 Domino
454 1197 685 1230 concessimus.

290 1302 404 1343 timus,
438 1302 583 1335 validiori
613 1303 856 1335 coniunctarum
893 1313 1024 1345 precum

290 1408 431 1441 ricordia
456 1407 679 1451 impetremus,
708 1407 848 1440 divinum
873 1408 1025 1441 auxilium

289 1567 530 1602 venerabilibus
555 1567 705 1600 fratribus
739 1568 951 1611 patriarchis,
977 1579 1025 1600 ar-

919 247 1060 271 cimil-:NS
1084 248 1113 271 ix
1137 248 1185 271 FP.

295 295 378 338 gulis
403 295 527 336 diebus,
540 295 656 339 quibus
678 295 708 328 id
726 300 869 338 agerent,
886 295 1028 338 quinque
1050 297 1054 329 l
1073 301 1163 328 rante
1180 306 1261 328 sono
1275 305 1501 339 campanarum
1517 296 1808 340 huiusmodi,quin-

294 360 396 383 annos
421 354 451 382 et
476 349 609 382 totidem
627 349 852 392 quadragenas
870 349 908 381 dc
926 348 1029 380 iniun-

293 403 351 436 ctis
376 403 421 436 eis
447 408 500 436 aut
529 403 607 436 alias
633 402 875 446 quomodolibet
913 401 1027 433 debitis

294 456 504 500 poenitentiis
525 456 557 489 in
577 456 676 490 forma
694 456 854 489 Ecclesiae
875 456 1028 487 consueta

293 510 519 543 relaxavimus.
547 509 680 552 Insuper
696 509 811 541 iisdem
837 507 1028 540 christifide—

294 563 386 602 libus,
413 563 467 606 qui
491 562 665 606 praemissa
683 572 740 605 per
757 562 917 603 integrum
939 561 1029 603 quin-

294 616 397 648 decim
433 615 556 648 dierum
592 614 786 647 curriculum
810 618 1024 656 peragerent,

295 677 328 700 ac
353 668 386 700 in
410 677 474 700 uno
493 667 678 700 eorumdem
701 665 885 709 quindecim
904 665 1026 697 dierum

293 731 368 754 vere
404 721 609 764 poenitentes
636 726 667 753 et
691 719 853 759 confessi,
879 729 914 752 ac
939 721 1027 751 sacra

293 773 517 807 communione
543 772 670 812 resecti,
697 772 728 804 S.
756 771 850 804 Marci
875 771 1028 814 collegia-

292 832 355 860 tam
381 832 412 859 et
435 826 465 859 S.
493 825 641 859 Stanislai
668 825 808 859 nationis
827 825 1025 858 Polonorum

292 880 447 912 ecclesias
482 879 575 912 Urbis
601 878 784 921 praedictae
817 879 928 911 devote
955 879 1027 911 risi-

294 937 406 972 tarent,
433 931 638 975 divinamque
673 932 878 965 clementiam
908 932 1027 965 ibidem

291 1091 441 1134 egissent,
464 1096 672 1134 peccatorum
698 1101 831 1123 suorum
855 1091 1025 1133 indulgen-

292 1144 367 1178 tiam
399 1150 430 1177 et
454 1143 682 1176 remissionem
713 1144 968 1177 misericorditer
994 1145 1025 1176 in

335 1249 395 1294 §L
415 1249 505 1282 Nunc
522 1255 637 1289 autem,
656 1254 700 1291 ut,
716 1251 803 1292 quod
823 1250 958 1283 feliciter
974 1260 1026 1293 pe-

291 1354 523 1388 intercessione
549 1356 588 1387 ab
614 1355 844 1398 omnipotentis
862 1355 917 1387 Dei
936 1355 1026 1388 mise-

290 1461 323 1494 in
348 1461 497 1494 universa
513 1461 604 1493 Italia
625 1466 655 1493 et
679 1460 791 1493 insulis
810 1461 857 1494 illi
878 1461 1025 1494 adiacen-

290 1515 376 1548 tibus
410 1513 631 1557 parisormiter
661 1514 804 1547 invocari
834 1515 1023 1558 cupientes,

292 1621 514 1664 chiepiscopis
539 1626 570 1654 et
595 1621 755 1664 episcopis
772 1649 779 1662 ,
810 1621 945 1664 aliisque
975 1633 1025 1654 ec-

291 1674 464 1708 etesiarum
489 1674 641 1717 praelatis
666 1679 697 1707 et
721 1673 898 1707 Ordinariis
920 1675 1024 1707 civita-

291 1733 357 1760 tum
375 1733 406 1760 et
423 1728 614 1767 dioecesum,
633 1728 842 1771 oppidorum,
862 1734 1024 1761 terrarum

291 1786 322 1814 et
346 1781 489 1814 locorum
513 1780 681 1814 universae
715 1781 822 1814 Italiae
849 1787 881 1814 et
904 1782 1024 1814 insula-

290 1844 362 1867 rum
385 1834 432 1867 illi
450 1833 666 1867 adiacentium
685 1834 879 1874 huiusmodi,
897 1845 952 1867 seu
972 1845 1024 1868 eo-

290 1896 361 1919 rum
379 1886 506 1919 vicariis
519 1886 552 1918 in
566 1886 788 1929 spiritualibus
802 1887 1021 1929 generalibus,

290 1939 407 1972 harum
424 1939 508 1972 serie
526 1939 755 1972 committimus
773 1945 805 1972 et
821 1939 1022 1981 mandamus,

291 1997 343 2033 ut,
377 1992 483 2025 statim
509 1996 606 2036 atque
637 1993 781 2035 ipsarum
806 1994 1024 2036 praesentium

291 2046 475 2078 litterarum
487 2050 687 2088 transumpta
701 2056 756 2078 seu
769 2047 915 2089 exempla
929 2046 1024 2079 etiam

290 2097 450 2142 impressa
470 2098 509 2131 ad
534 2108 590 2131 eos
616 2099 835 2142 pervenerint,
852 2109 1024 2142 campanas

290 2151 413 2195 pariter
437 2151 552 2184 diebus
579 2151 715 2194 singulis
740 2162 798 2194 per
822 2153 959 2195 spatium
992 2163 1026 2185 0-

291 2209 400 2237 ctavae
425 2204 526 2248 partis
551 2205 668 2244 horae,
694 2205 796 2237 donec
822 2205 916 2238 aliter
941 2206 1026 2238 ordi-

291 2257 431 2290 nandum
456 2257 614 2298 duxerint,
639 2257 671 2289 in
696 2268 825 2290 suarum
846 2258 1025 2301 respective

291 2309 454 2343 civitatum
479 2314 511 2342 et
530 2310 723 2350 dioecesum,
742 2310 946 2354 oppidorum,
964 2316 1026 2343 ter-

291 2373 399 2395 rarum
420 2367 452 2396 et
470 2363 616 2395 locorum
638 2368 701 2395 tam
725 2364 917 2396 secularium
931 2375 1025 2407 quam

291 2415 488 2459 regularium
501 2416 670 2459 utriusque
692 2426 784 2448 sexus
803 2417 946 2450 ecclesiis
960 2419 1025 2460 pul-

290 2468 354 2500 sari
377 2468 540 2508 mandent,
559 2478 594 2500 ac
619 2468 771 2501 ecclesias
794 2474 829 2501 ut
853 2469 934 2501 intra
952 2469 1025 2501 visi·
1046 2503 1047 2508 ¹

290 2521 403 2554 tandas
428 2521 600 2564 designent
624 2531 681 2554 seu
707 2521 869 2564 designari
897 2528 1021 2554 curent.

334 2576 349 2618 ἓ
373 2575 404 2608 2.
430 2574 494 2608 Nos
525 2575 611 2608 enim
647 2575 795 2608 omnibus
821 2580 852 2607 ct
889 2574 1024 2617 singulis

291 2628 456 2673 utriusque
475 2639 567 2661 sexus
584 2627 856 2670 christifidelibus,
880 2628 944 2673 qui,
965 2628 1022 2661 du·
1043 2641 1049 2670 ι

1073 348 1164 391 quies
1197 349 1377 382 orationem
1403 348 1598 382 dominicam
1629 354 1660 382 et
1693 351 1808 384 saluta-

1073 402 1192 434 tionem
1218 403 1397 446 angelicam
1431 403 1554 446 pariter
1578 403 1805 444 recitaverint,

1072 455 1278 498 divinamque
1304 456 1506 489 clementiam
1523 461 1556 488 ut
1573 467 1670 500 supra
1694 456 1807 500 implo-

1071 508 1222 547 raverint,
1250 519 1453 552 quocumque
1480 509 1529 542 die
1554 510 1586 542 id
1612 510 1747 552 egerint,
1770 511 1806 543 si-

1071 559 1181 593 milem
1205 561 1478 603 poenitentiarum
1504 563 1753 603 relaxationem·,
1774 563 1807 598 il-

1070 612 1108 645 lis
1133 622 1209 645 vero
1237 613 1302 655 qui,
1331 614 1517 647 continuata
1541 625 1598 658 per
1623 615 1806 658 quindecim

1070 664 1138 697 dies
1164 665 1320 698 eiusmodi
1347 666 1523 706 devotione,
1541 667 1574 699 in
1593 678 1655 700 uno
1680 678 1806 700 eorum-

1071 718 1141 751 dem
1157 718 1341 762 quindecim
1360 719 1492 760 dierum,
1508 731 1582 753 vere
1601 721 1805 764 poenitentes

1071 776 1101 804 et
1126 771 1263 804 confessi
1291 782 1326 804 ac
1351 775 1438 805 sacra
1472 774 1699 806 communione
1724 775 1806 808 rese-

1070 824 1120 864 cti,
1147 825 1300 858 ecclesias
1325 835 1382 868 per
1404 832 1599 859 memoratos
1619 826 1804 861 Ordinarios

1071 883 1102 910 et
1126 879 1287 920 praelatos
1314 889 1369 911 seu
1395 889 1508 912 eorum
1540 879 1675 913 vicarios
1702 891 1805 924 respe-

1070 930 1150 963 ctive
1170 930 1234 963 sive
1254 931 1382 964 illorum
1407 932 1494 964 iussu
1519 933 1734 975 designandas
1753 934 1806 966 de-

1070 989 1141 1016 vote
1164 983 1366 1025 visitaverint,
1385 985 1494 1028 ibique
1513 985 1651 1018 divinam
1670 986 1805 1019 clemen·

1071 1036 1146 1069 tiam
1173 1036 1322 1070 similiter
1346 1037 1609 1081 imploraverint,
1629 1039 1803 1082 plenariam

1070 1089 1179 1122 itidem
1207 1090 1347 1122 oninium
1373 1096 1577 1133 peccatorum
1602 1101 1732 1125 suorum
1757 1092 1805 1124 in-

1070 1144 1268 1186 dulgentiam
1283 1149 1311 1176 et
1331 1144 1567 1185 remissionem,
1581 1145 1727 1188 quolibet
1740 1156 1806 1178 cur·

1069 1196 1169 1229 riculo
1186 1197 1368 1240 quindecim
1387 1197 1511 1230 dierum
1533 1197 1803 1239 lucrifaciendam,

1071 1249 1277 1282 concedimus
1304 1250 1424 1292 pariter
1450 1256 1481 1282 et
1505 1250 1689 1293 elargimur.
1717 1250 1806 1284 Cete-

1069 1312 1138 1334 rum
1156 1303 1360 1344 regularibus
1386 1303 1552 1346 utriusque
1569 1314 1662 1336 sexus
1683 1303 1715 1335 in
1735 1314 1805 1347 per·

1069 1357 1164 1397 petua
1189 1356 1338 1388 clausura
1361 1356 1550 1396 viventibus,
1577 1366 1702 1389 necnon
1735 1356 1805 1390 aliis

1069 1407 1335 1441 christifidelibus
1363 1409 1538 1452 praedictis
1556 1409 1589 1441 in
1610 1419 1738 1442 carcere
1756 1411 1805 1443 vel

1069 1459 1215 1503 corporis
1240 1460 1425 1493 infirmitate
1454 1462 1557 1494 aliove
1584 1462 1729 1505 quolibet
1747 1462 1806 1495 im-

1068 1513 1254 1556 pedimento
1290 1513 1454 1554 detentis,
1483 1514 1537 1557 qui
1563 1515 1737 1555 ecclesias,
1770 1520 1805 1548 ut

1068 1566 1293 1609 praemittitur,
1313 1567 1493 1610 designatas
1516 1569 1567 1601 vel
1594 1568 1806 1611 designandas

1067 1620 1195 1653 visitare
1222 1621 1434 1664 nequiverint,
1460 1626 1493 1653 ut
1518 1621 1676 1654 eiusmodi
1701 1622 1806 1655 visita-

1068 1673 1189 1706 tionem
1203 1674 1414 1707 conl'essarius
1429 1685 1463 1707 ex
1480 1675 1666 1718 approbatis
1683 1685 1738 1707 seu
1753 1685 1806 1718 ap-

1068 1727 1244 1770 probandis
1271 1729 1309 1760 ab
1335 1727 1511 1761 Ordinariis
1533 1728 1566 1760 in
1590 1728 1652 1761 alia
1676 1728 1805 1771 pietatis

1068 1790 1167 1823 opera
1182 1785 1387 1820 commutare,
1403 1782 1453 1813 vel
1471 1780 1503 1813 in
1522 1780 1607 1814 aliud
1626 1781 1804 1824 proximum

1044 1828 1046 1839 '
1068 1838 1194 1875 ternpus
1218 1832 1355 1873 differre,
1383 1844 1483 1877 caque
1505 1833 1672 1876 iniungere
1694 1833 1802 1876 possit,

1068 1897 1147 1930 quae
1162 1885 1219 1929 ipsi
1235 1886 1438 1929 poenitentes
1450 1882 1626 1929 adimplere
1642 1892 1802 1930 poterunt,

1067 1939 1275 1972 concedimus
1303 1938 1453 1971 similiter
1478 1944 1510 1971 et
1538 1939 1758 1982 indulgemus.

1111 1992 1125 2034 ξ
1149 1991 1179 2024 3.
1218 1991 1372 2024 Volumus
1404 1997 1513 2025 alittem
1543 1997 1579 2024 ut
1614 1993 1803 2026 earumdem

1067 2044 1286 2087 praesentium
1312 2044 1489 2077 litterarum
1509 2046 1730 2088 transumptis,
1747 2057 1803 2079 seu

1067 2097 1235 2140 exemplis,
1250 2097 1345 2130 etiam
1359 2097 1537 2140 impressis,
1556 2108 1653 2130 manu
1670 2098 1804 2131 alicuius

1067 2150 1186 2182 notarii
1222 2150 1353 2193 publici·
1380 2151 1575 2193 subscriptis
1590 2177 1597 2190 ,
1630 2156 1662 2183 et
1694 2150 1802 2194 sigillo

1068 2213 1228 2246 personae
1246 2202 1279 2234 in
1298 2202 1517 2235 ecclesiastica
1542 2202 1699 2246 dignitate
1729 2214 1804 2236 con-

1068 2256 1198 2289 stitutae
1219 2256 1360 2296 munitis,
1380 2256 1493 2288 eadem
1515 2267 1648 2299 prorsus
1673 2257 1753 2290 fides
1770 2257 1803 2290 in

1068 2309 1187 2342 iudicio
1206 2314 1237 2341 et
1254 2314 1342 2341 extra
1367 2309 1537 2348 habeatur,
1554 2320 1634 2352 quae
1655 2321 1804 2353 praesen·

1069 2363 1152 2396 tibus
1176 2363 1366 2403 haberetur,
1388 2362 1414 2394 si
1439 2363 1546 2395 forent
1565 2362 1727 2396 exhibitae
1753 2365 1802 2398 vel

1069 2421 1229 2448 ostensae.

1111 2469 1222 2501 Datum
1238 2468 1357 2501 Romae
1371 2460 1457 2511 apud
1471 2468 1502 2501 S.
1522 2469 1662 2510 Petrum,
1678 2470 1736 2502 sub
1751 2480 1803 2502 an-

1068 2522 1143 2554 nulo
1168 2521 1349 2561 piscatoris,
1372 2521 1422 2554 die
1446 2532 1504 2554 r111
1525 2521 1636 2565 aprilis
1653 2532 1802 2562 MDCLxffl,

1067 2574 1271 2618 pontificatus
1288 2574 1391 2607 nostri
1412 2585 1496 2608 anno
1523 2585 1557 2608 11.

1103 2635 1160 2663 Dat.
1179 2635 1221 2662 die
1237 2637 1252 2662 8
1272 2636 1362 2672 aprilis
1386 2636 1463 2669 1569,
1484 2636 1578 2677 pontif·
1600 2644 1671 2677 anno
1691 2643 1721 2663 11.

1709 239 1772 273 783
1818 248 1867 274 An.
1885 248 1912 276 c.
1936 248 2001 276 1069

1851 2000 1998 2027 Transumptiz

1814 2026 1825 2047 fi
1837 2027 1865 2047 les
1882 2027 1958 2047 dauda-
