2247 3208
210 218 263 243 An.
284 217 311 244 C.
329 218 396 243 10OE
442 209 484 241 (Ὅ

234 1171 348 1198 (impositio.

451 266 563 297 Datum
589 264 725 301 Romae,
751 261 836 305 apud
862 261 892 293 S.
921 261 1050 293 lllariam
1077 259 1139 291 Ma-

406 317 529 355 iorem,
557 317 615 347 sub
640 316 759 347 annulo
786 313 979 352 Piscatoris,
1007 312 1058 344 die
1083 322 1140 345 xxx

406 368 529 411 augusti
556 376 697 406 noctxu,
723 365 929 409 pontificatus
954 364 1058 397 nostri
1083 374 1139 396 an-

405 432 447 454 no
471 431 539 453 vui.

440 482 496 508 Dat.
513 481 556 508 die
574 480 607 508 30
626 481 729 516 augusti
749 480 824 515 1669,
841 479 938 515 pontif.
956 487 1026 506 anno
1042 485 1098 506 vm.

720 613 820 645 CDlll.

406 694 605 727 Danaorum
626 691 926 725 extraordinarium
945 690 1038 733 requi
1060 689 1139 723 Sici-

450 747 512 778 liae
525 746 594 787 rpyi
607 745 762 777 catholico
779 743 964 787 fitciendum
978 743 1139 774 occasione

448 799 530 831 dotis
567 799 696 840 rapinae
732 797 1024 829 christianissimae
1059 795 1139 828 alioci

448 842 532 894 repis
557 851 683 883 natue&

403 931 570 958 Venerabili
582 930 668 957 fratri
679 929 901 963 archiepiscopo
918 929 1136 960 Panormitano,

596 985 761 1012 Alexander
781 985 859 1017 Papa
879 984 940 1010 VH.

617 1046 802 1073 Venerabilis
814 1046 916 1077 frater,

439 1092 566 1118 salutem
587 1094 618 1117 et
637 1090 830 1123 apostolicam
854 1089 1100 1116 benedictionem.

447 1162 461 1203 ,Q
486 1162 515 1194 t.
542 1161 665 1204 Exponi
692 1161 786 1193 nobis
805 1170 911 1203 nuper
937 1160 1014 1192 fecit
1038 1159 1138 1192 caris-

404 1216 505 1248 simus
528 1216 559 1247 in
577 1214 706 1247 Christo
724 1214 810 1247 silius
835 1218 950 1246 noster
966 1213 1136 1256 Philippus

403 1268 634 1311 Hispaniarum
656 1276 711 1298 rex
729 1266 922 1306 catholicus,
942 1266 1029 1308 quod
1048 1265 1136 1308 (eum

404 1321 513 1353 dilecti
545 1320 601 1353 tilii
635 1325 699 1352 tres
725 1319 894 1354 hominum
926 1323 1051 1358 status,
1078 1329 1136 1351 seu

404 1374 465 1406 tria
486 1373 629 1411 brachia,
648 1372 917 1411 ecclesiasticum,
942 1370 1082 1404 militare
1104 1376 1136 1403 et

404 1427 586 1459 demaniale
598 1430 792 1468 nuncupata,
806 1425 897 1465 regni
909 1424 1036 1457 Siciliae
1052 1425 1137 1457 ultra

403 1479 553 1521 pharum⁷
573 1479 665 1510 euius
687 1478 756 1521 ipse
776 1478 946 1521 Philippus
965 1478 1062 1509 etiam
1081 1487 1135 1509 rex

404 1532 522 1569 existit,
549 1532 587 1563 de
614 1541 724 1563 mense
751 1531 858 1563 martii
884 1539 1001 1563 MDCLXI
1028 1531 1135 1563 eidem

403 1585 556 1627 Philippo
582 1584 664 1626 regi,
692 1584 864 1616 occasione
896 1584 981 1616 dotis
1007 1583 1137 1616 carissi-

404 1647 474 1669 mae
500 1637 532 1669 in
558 1636 685 1669 Christo
712 1636 795 1669 tiliae
817 1637 933 1669 Mariae
960 1637 1135 1669 Tlicresiae

404 1691 601 1722 Francorum
614 1690 745 1732 reginae
764 1690 1070 1729 christianissimae,
1089 1690 1137 1733 ip-

405 1743 472 1775 sius
491 1743 631 1785 Philippi
650 1743 735 1785 regis
749 1748 856 1783 natae,
877 1743 1065 1775 donativum
1084 1753 1137 1775 ex-

405 1796 655 1828 traordinarium
669 1796 902 1839 quinquaginta
914 1797 1051 1829 millium
1065 1807 1137 1828 scu-

406 1853 533 1887 torum,
567 1850 664 1881 certis
699 1849 795 1881 modo
829 1854 861 1881 et
886 1849 990 1882 forma
1015 1860 1051 1881 ac
1076 1859 1136 1892 pro

406 1901 466 1933 hae
486 1902 555 1934 vice
581 1902 745 1934 dumtaxat
771 1902 982 1944 exigendum,
1010 1902 1138 1934 obtule-

406 1954 483 1997 rint)
496 1955 700 1987 venerabiles
719 1955 969 1998 archiepiscopi,
990 1955 1136 1998 episcopi

406 2011 438 2038 et
459 2007 714 2039 archimandrita
732 2013 760 2040 et
788 2008 868 2042 aliae
894 2008 1136 2041 ecclesiastieae

406 2069 567 2101 personae
591 2060 666 2092 dieti
685 2061 776 2102 regni
796 2067 917 2093 certam
941 2067 1054 2101 ratam,
1072 2071 1137 2093 non

407 2111 618 2143 excedentem
650 2117 771 2144 sextam
802 2118 927 2155 partem
953 2113 1139 2156 praedit-to·

407 2174 478 2195 rum
520 2165 756 2207 quinquaginta
794 2166 931 2198 millium
969 2172 1137 2199 scutorum

408 2218 638 2249 solvendorum
676 2222 708 2249 ut
742 2218 986 2261 praemittitur,
1020 2225 1137 2263 sponte

408 2272 465 2301 sua
483 2270 513 2301 in
530 2271 652 2302 eisdem
668 2271 819 2310 comitiis,
835 2272 1011 2305 accedente
1030 2278 1137 2305 tamen

408 2322 446 2354 ad
473 2323 534 2354 hoe
560 2328 672 2355 nostro
694 2328 725 2354 et.
749 2322 840 2356 Sedis
859 2325 1065 2367 Apostolieae
1084 2327 1139 2358 he-

408 2376 584 2418 neplacito,
612 2378 839 2418 persolverere
866 2378 1079 2417 obtulerunt,
1106 2384 1139 2411 et

408 2429 516 2461 forsan
544 2429 639 2460 etiam
667 2431 908 2472 persolverunt.

451 2481 465 2520 ξ
491 2480 520 2512 ΕΣ.
548 2481 624 2513 Cum
651 2486 771 2521 (uitem,
793 2483 876 2514 sieut
901 2484 1013 2516 eadent
1040 2495 1138 2528 expo-

451 2514 461 2522 L

444 2596 453 2622 1
478 2595 513 2622 Ex
535 2596 640 2630 Rvgest.
664 2595 688 2622 in
709 2596 809 2623 Secret.
832 2596 907 2623 Brev.

985 212 1163 237 ttt‘tttntt'u
1187 211 1339 236 nomxrat

1174 259 1250 291 sitio
1287 259 1530 302 subiungebat,
1566 269 1603 292 ex
1639 270 1677 293 eo
1711 258 1908 303 praesertim

1173 312 1261 354 quod
1280 322 1340 355 per
1361 312 1582 345 Lateranense
1608 313 1782 346 concilium
1800 312 1909 345 novis-

1173 364 1253 397 sime
1280 365 1496 405 celebratum,
1524 365 1736 409 diversasque
1762 366 1839 398 alias
1858 376 1909 398 ca-

1174 417 1307 450 nonicas
1333 418 1532 457 sanctiones,
1552 419 1612 450 snb
1634 418 1732 451 certis
1758 418 1907 451 censuris

1173 474 1206 501 et
1229 470 1346 512 poenis
1372 474 1526 502 caveatur
1551 480 1720 513 expresse,
1742 480 1783 503 ne
1801 481 1906 513 regeS,

1172 521 1340 566 principes
1367 528 1399 555 et
1424 523 1476 555 alii
1502 527 1692 565 potentatus
1717 523 1756 555 ab
1781 524 1909 556 archie-

1172 573 1331 617 piscopis,
1359 575 1548 618 episeopis,
1576 575 1749 607 abbatibus
1781 580 1812 607 et
1836 575 1907 608 aliis

1174 627 1324 669 personis
1346 628 1590 667 ecelesiasticis,
1612 628 1709 660 etiam
1727 632 1843 670 sponte
1862 628 1908 660 of-

1173 679 1368 720 ferentibus,
1395 681 1537 723 aliquam
1574 681 1787 724 pecuniarum
1822 691 1909 713 sum-

1172 742 1255 764 mam
1268 732 1335 765 sive
1349 733 1601 766 subventionem
1618 734 1789 777 recipiant,
1801 734 1907 767 dictus

1172 783 1343 828 Philippus
1370 796 1424 818 rex
1451 797 1487 818 ae
1513 787 1583 819 eius
1610 787 1702 829 regni
1735 787 1823 820 illius
1850 787 1908 819 mi-

1172 838 1265 869 nistri
1292 838 1455 879 dubitent,
1480 844 1582 872 ratam
1607 840 1806 883 praedictam
1833 845 1906 873 ante

1173 890 1342 924 olitentum
1360 892 1603 935 beneplacitum
1622 893 1838 936 apostolicum
1858 904 1908 926 re-

1172 943 1349 985 cipiendo,
1384 955 1540 978 censuras
1575 950 1607 978 et
1637 956 1761 988 poenas
1794 946 1908 978 huius-

1173 996 1260 1028 modi
1292 996 1463 1030 incurrere
1498 1003 1530 1030 et
1563 998 1672 1031 forsan
1704 998 1905 1038 incurrisse;

1172 1049 1332 1092 nobisque
1351 1056 1527 1093 propterea
1545 1051 1646 1083 dietus
1665 1050 1833 1094 Philippus
1852 1061 1906 1083 rex

1174 1101 1340 1134 humiliter
1357 1102 1534 1146 supplicari
1557 1103 1678 1143 fecerit,
1700 1113 1761 1146 pro
1780 1113 1855 1136 suae
1877 1109 1910 1135 et

1173 1154 1333 1187 dictorum
1349 1155 1572 1188 ministrorum
1588 1155 1808 1188 eonscientiae
1820 1155 1908 1199 quie-

1172 1213 1218 1248 te,
1239 1213 1398 1251 quatenus
1417 1202 1607 1252 praemissis
1627 1216 1771 1242 nestram
1794 1214 1825 1242 et
1850 1210 1908 1241 hu-

1172 1261 1221 1293 ius
1246 1267 1375 1294 sanetae
1400 1262 1491 1295 Sedis
1515 1262 1739 1295 auctoritatem
1764 1262 1908 1306 interpo-

1172 1325 1250 1347 nere
1276 1315 1506 1357 dignaremur:

1215 1368 1230 1411 g
1262 1367 1293 1401 3.
1327 1368 1391 1401 Nos
1428 1369 1548 1411 igitur,
1582 1368 1726 1401 eiusdem
1763 1369 1905 1412 Philippi

1172 1422 1257 1464 regis
1283 1421 1365 1454 votis
1392 1423 1452 1454 hae
1478 1423 1508 1454 in
1535 1433 1569 1455 re
1604 1422 1826 1455 favorabiliter
1851 1433 1907 1454 an-

1171 1484 1270 1507 nuere
1296 1476 1458 1513 volentes,
1486 1475 1673 1508 huiusmodi
1699 1475 1908 1518 supplicatio-

1171 1528 1264 1560 nibus
1303 1528 1469 1567 inclinati‚
1507 1528 1701 1561 fraternitati
1739 1533 1810 1561 tuae
1848 1539 1907 1571 per

1171 1587 1362 1625 praesentes
1388 1581 1619 1614 committimus
1645 1587 1676 1614 et
1700 1581 1904 1622 mandamus,

1170 1640 1222 1675 ut,
1248 1634 1387 1667 eonstito
1420 1634 1477 1666 tibi
1509 1644 1569 1677 per
1600 1634 1761 1676 legitimas
1787 1635 1907 1677 proba-

1172 1688 1275 1720 tiones
1302 1688 1339 1719 de
1365 1692 1522 1730 expresso
1541 1687 1672 1720 maioris
1698 1687 1798 1730 partis
1815 1687 1904 1727 cleri,

1172 1752 1228 1774 seu
1253 1740 1591 1784 archiepiscoporum,
1618 1741 1852 1784 episcoporum
1876 1747 1908 1773 et

1171 1795 1306 1827 aliarum
1350 1805 1565 1837 personarum
1610 1793 1906 1827 ecclesiasticarum

1172 1847 1369 1879 secularium
1395 1852 1427 1879 et
1451 1847 1592 1879 cuiusvis
1622 1846 1751 1879 Ordinis
1778 1847 1906 1889 regula-

1172 1899 1256 1932 rium
1278 1900 1352 1932 dicti
1378 1900 1470 1942 regni
1495 1910 1668 1939 consensu,
1688 1905 1720 1932 et
1744 1900 1830 1943 quod
1856 1910 1906 1932 re-

1172 1953 1249 1996 liqui
1282 1953 1331 1985 vel
1365 1953 1511 1996 reliquae
1544 1963 1705 1996 personae
1732 1963 1797 1985 non
1831 1963 1906 1986 con-

1172 2006 1350 2038 sentientes
1371 2006 1475 2039 vocati
1497 2011 1528 2038 et
1552 2011 1682 2039 vocatae
1702 2006 1830 2045 suerint,
1850 2006 1906 2038 ob-

1172 2058 1283 2091 lationi
1310 2064 1342 2091 et
1365 2059 1577 2101 promissioni
1602 2069 1730 2091 necnon
1752 2058 1904 2090 solutioni

1172 2122 1232 2155 per
1252 2111 1529 2154 archiepiscopos,
1553 2111 1727 2154 episcopos
1746 2116 1777 2143 et
1799 2111 1906 2143 archi-

1172 2164 1366 2197 mandritam
1395 2170 1427 2197 et
1453 2164 1531 2196 alias
1564 2174 1722 2207 personas
1752 2163 1905 2196 eeclesia-

1173 2218 1268 2251 sticas
1295 2218 1396 2257 factis,
1422 2228 1482 2261 pro
1507 2218 1568 2250 hae
1592 2218 1661 2250 viee
1684 2223 1820 2257 tantum,
1848 2227 1905 2249 no-

1173 2277 1271 2304 stram
1298 2277 1330 2303 et
1352 2271 1443 2304 Sedis
1468 2270 1653 2313 praedictae
1679 2271 1904 2303 auctoritatem

1172 2324 1282 2367 rigore
1298 2324 1519 2368 praesentium
1534 2324 1733 2367 interponas,
1750 2323 1903 2367 ipsosque

1172 2378 1451 2421 archiepiscopos,
1473 2377 1647 2420 episcopos
1674 2383 1705 2409 et
1729 2377 1807 2410 alias
1829 2387 1905 2420 per-

1172 2441 1268 2463 sonas
1295 2431 1500 2470 huiusmodi,
1527 2430 1652 2463 etiamsi
1679 2431 1742 2463 sint
1770 2430 1809 2462 de
1839 2429 1903 2462 illis

1172 2494 1253 2527 quae
1278 2494 1338 2527 pro
1364 2484 1481 2516 minori
1500 2483 1579 2516 cleri
1600 2488 1691 2526 parte
1714 2482 1902 2526 praemissis

1171 2547 1237 2570 non
1262 2537 1510 2576 consenserint,
1537 2537 1576 2569 ad
1601 2548 1639 2569 ea
1665 2542 1771 2569 tamen
1797 2535 1902 2569 vocati

1171 2596 1202 2623 et
1218 2595 1349 2623 vocatae
1370 2590 1498 2630 fuerint,
1516 2590 1555 2623 ad
1573 2589 1768 2623 solutionem
1790 2599 1904 2623 eorum

1927 209 1977 235 Λη.
1998 209 2027 234 C.
2047 207 2112 235 16(ss

1962 1379 2013 1404 {lugi
2033 1380 2106 1400 catho-

1922 1407 1962 1426 1ιι-ιι
1991 1409 2107 1426 durmin-1.

1923 1436 1962 1453 teni
2006 1434 2103 1452 Cum-enti!

1921 1459 2060 1484 couinpeltoniti
2077 1460 2104 1478 ad

1922 1486 2045 1505 mitilianum
2062 1491 2104 1510 upi-

1921 1519 1936 1530 ς,
1946 1518 1956 1530 n
1974 1518 1996 1531 ns
2042 1512 2105 1531 auus-

1923 1545 1970 1564 que.
