2247 3208
154 230 205 256 An.
226 229 254 255 C.
275 228 341 255 ¹068

186 713 335 739 Transnmpio·

153 743 199 760 rum
214 740 273 761 fidei.

184 1929 304 1951 Exordium.

189 2353 301 2374 Damnatio
324 2355 346 2374 ut

162 2379 183 2401 Iu
199 2381 292 2401 rubrica.

973 220 1115 249 crssitssx‘s
1140 226 1168 249 lx
1194 226 1241 248 rr.
1284 228 1291 234 ’-

350 275 450 315 modi,
478 285 514 308 ac
538 275 563 306 si
589 275 627 307 de
652 275 751 306 verbo
778 274 815 306 ad
841 273 974 305 verbum
999 273 1085 305 inse-

345 333 515 367 rerentur,
553 327 785 370 praesentibus
822 337 881 370 pro
918 327 1014 369 plene
1054 331 1086 358 et

345 381 544 415 sufficienter
568 380 729 424 expressis
756 385 788 413 et
812 379 942 412 insertis
961 379 1085 412 liaben-

346 439 394 467 tes
411 460 418 474 ,
445 433 509 466 illis
535 432 614 466 alias
640 433 672 465 in
704 443 764 465 suo
787 433 906 465 robore
932 441 1085 475 perman-

346 487 445 528 suris,
472 487 512 520 ad
537 487 797 530 praemissorum
824 484 989 525 ell'eetuni,
1024 485 1084 517 liac

346 541 413 573 vice
447 540 625 579 dumtaxat,
653 539 843 583 specialiter
867 543 899 571 et.
929 548 1083 581 expresse

347 594 568 636 derogamus;
600 593 788 635 ceterisque
814 591 988 624 contrariis
1015 591 1085 633 qui-

346 647 566 690 buscuinque.

391 701 406 743 g
421 699 451 732 7.
468 699 620 732 Volumus
630 703 735 731 autem
748 703 782 730 ut
796 697 979 730 earumdem
993 707 1086 739 prae-

348 752 489 785 sentium
529 752 708 785 litterarum
754 750 962 793 transumptis
977 777 984 789 ,
1029 760 1084 782 seu

348 797 516 849 exempliS,
531 804 627 837 etiam
645 803 821 846 impressis,
836 813 931 835 manu
953 802 1086 835 alieuius

347 857 465 891 notarii
501 857 623 900 publici
660 856 875 899 subscriptis,
912 860 943 888 et
978 855 1085 898 sigillo

347 920 507 955 personae
531 910 564 942 in
591 909 807 942 ecclesiastica
832 908 988 951 dignitate
1010 919 1087 941 con-

347 964 479 997 stitutae
510 963 666 1003 munitis,
701 963 813 996 eadem
856 963 978 1005 ubique
1006 961 1085 994 sides

347 1017 378 1049 in
398 1016 515 1050 iudicio
530 1021 561 1049 et
574 1021 662 1049 extra
677 1015 878 1056 adhibeatur,
901 1026 980 1058 qnae
995 1025 1088 1058 prae-

348 1070 496 1103 sentibus
511 1069 732 1109 adhiberetur,
756 1069 782 1101 si
804 1069 911 1102 sorent
924 1068 1086 1101 exhibitae

348 1124 397 1157 vel
423 1128 585 1156 ostensae.

392 1176 508 1209 Datum
541 1175 674 1216 Romae,
702 1176 786 1218 apud
811 1175 842 1208 S.
870 1176 1009 1213 Petrum,
1028 1175 1086 1207 sub

349 1230 470 1262 annulo
480 1229 669 1268 piscatoris,
686 1228 736 1261 die
746 1239 777 1261 xi
790 1228 901 1272 aprilis
912 1237 1086 1267 neeman,

349 1282 558 1326 pontificatus
575 1281 679 1314 nostri
691 1291 779 1314 anno
798 1292 820 1314 1.

383 1345 445 1371 Dat.
465 1343 509 1371 die
524 1344 554 1371 11
578 1343 670 1379 aprilis
692 1343 769 1376 1668,
786 1343 881 1378 pontif.
899 1351 970 1370 anno
985 1349 1003 1370 1.

672 1486 772 1520 LVIII.

349 1568 525 1601 Damnatio
561 1572 589 1601 et
615 1567 795 1611 prohibitio
826 1567 904 1600 libri
933 1567 1089 1600 versionis

395 1620 537 1663 qallicae
566 1620 651 1653 Novi
691 1621 888 1653 Testamenti
923 1621 1089 1654 Montibus

393 1673 590 1706 Hannoniae
605 1677 633 1706 et
653 1673 808 1716 Lnydum'
821 1674 868 1717 (ut
883 1673 1088 1717 inscribitur)

394 1727 544 1770 impressi
553 1726 574 1759 ¹.

572 1807 705 1834 Clemens
725 1807 805 1841 Papa
824 1807 871 1840 IX,

489 1851 525 1878 ad
545 1851 678 1879 futuram
700 1852 746 1879 rei
770 1852 953 1880 memoriam.

396 1922 545 1956 Debitum
570 1923 743 1966 pastoralis
769 1922 874 1963 officii,
902 1934 965 1966 quo
985 1923 1093 1956 Eccle-

353 1976 419 2009 siae
443 1976 629 2009 Catholicae
666 1987 725 2020 per
759 1977 947 2009 universum
978 1978 1090 2010 orbem

352 2028 487 2062 diffusae
528 2029 677 2072 regimini
726 2029 831 2062 divina
877 2030 1089 2073 dispositione

352 2082 588 2126 praesidemus,
607 2082 706 2125 exigit
728 2088 763 2115 ut
787 2093 893 2116 sacras
914 2084 1091 2127 scripturas

353 2135 386 2168 in
412 2137 449 2168 ea
474 2136 632 2179 puritate,
659 2135 691 2168 in
718 2147 780 2179 qua
804 2147 863 2179 per
894 2142 940 2168 tot
964 2137 1092 2169 saecula

355 2188 477 2231 ingenti
505 2188 632 2221 divinae
657 2189 811 2222 bonitatis
835 2189 993 2222 beneficio
1019 2199 1094 2222 con-

355 2246 498 2274 servatae
512 2240 652 2281 suerinff,
668 2242 809 2275 illibatas
823 2243 994 2282 custodire,
1007 2243 1093 2275 omni

355 2293 461 2326 studio
479 2299 576 2337 atque
594 2295 759 2337 vigilantia
776 2301 970 2338 satagamus.

399 2347 414 2389 g
439 2346 469 2379 1.
497 2346 575 2379 Cum
600 2347 724 2390 itaque,
749 2348 830 2381 sicut
854 2349 893 2381 ad
919 2359 1012 2381 aures
1039 2359 1095 2382 no-

356 2405 438 2432 stras
463 2399 632 2444 pervenit,
658 2400 742 2433 liber
771 2401 900 2444 quidam
936 2401 1094 2435 versionis

356 2453 491 2496 gallicae
508 2453 585 2487 Novi
603 2453 810 2493 Testamenti,
836 2455 885 2487 cui
911 2454 1021 2487 titulus
1048 2461 1097 2487 est

355 2506 400 2539 Le
409 2506 442 2540 N
442 2516 564 2539 ouveau
580 2505 606 2539 T
605 2510 758 2539 estament
768 2506 804 2540 de
817 2507 930 2540 Nostro
939 2507 1097 2551 Seiqneur

394 2578 405 2603 1
428 2576 466 2603 Ex
486 2576 593 2612 Regest.
615 2577 642 2603 in
662 2576 762 2604 Secret.
785 2577 862 2604 Brev.

392 2621 410 2648 2
428 2621 525 2658 Aptius
540 2622 598 2658 Iege
613 2623 732 2657 fuerunt
751 2623 786 2657 (a.
803 2623 852 2656 T.).

443 2676 522 2704 Ball,
543 2676 626 2704 Rom.
649 2691 681 2696 —
705 2677 762 2706 t'ol.
784 2676 877 2704 XVII.
1021 2677 1055 2705 83

1127 273 1219 304 vans
1246 272 1372 310 Christ,
1401 271 1526 304 traduit
1551 281 1587 304 en
1613 273 1757 314 fransms
1782 274 1864 305 ¹<elon

1120 324 1273 358 'sedition
1298 324 1428 367 rulyate
1451 335 1524 357 avec
1549 325 1592 358 les
1616 325 1798 368 differentes
1823 327 1866 358 du

1126 388 1217 421 9rec,
1244 378 1403 411 Montibus
1441 379 1629 412 Hannoniae
1657 384 1685 411 et
1719 379 1865 421 Lugduni

1128 431 1189 473 (ut
1212 431 1424 474 inscribitur)
1451 432 1532 475 typis
1568 433 1745 476 impressus
1771 444 1805 465 ac
1834 434 1866 465 in

1128 484 1233 516 lucem
1252 483 1357 516 editus
1376 484 1490 517 suerit:
1516 496 1586 523 nos,
1613 486 1731 518 librum
1760 486 1868 518 liuius-

1127 537 1213 569 modi
1247 537 1412 570 nonnullis
1445 538 1684 571 venerabilibus
1716 540 1866 571 sratrilnts

1128 589 1247 622 nostris
1271 589 1302 622 S.
1335 590 1371 622 R.
1402 590 1436 622 E.
1465 591 1703 629 cardinalitas,
1730 592 1865 635 aliisque

1128 642 1203 674 viris
1236 642 1377 685 pietate,
1404 643 1550 675 doctrina
1582 650 1675 687 atque
1709 645 1867 688 sapientia

1128 695 1378 738 praestantibus,
1400 701 1538 737 mature,
1560 704 1711 740 quantum
1731 699 1776 730 rei
1801 710 1866 741 ‹gra-

1129 748 1207 780 vitas
1228 749 1373 791 postulat
1383 746 1400 788 ¹,
1424 749 1662 782 discutiendum
1684 756 1780 793 atquc
1795 762 1867 783 exa-

1128 802 1317 835 minandum
1331 802 1571 842 commisimus3
1589 814 1726 846 quorum
1742 810 1867 837 senten-

1130 855 1182 887 tiis
1207 855 1332 895 auditis,
1353 861 1449 898 atque
1471 856 1696 895 consideratis,
1716 858 1867 890 cumdem

1130 908 1248 941 librum
1262 908 1421 941 versionis
1433 909 1565 951 gallicae
1580 909 1657 942 Novi
1672 909 1867 943 Testamenti

1130 966 1165 993 ut
1189 972 1288 1004 supra
1313 966 1344 993 et
1364 962 1557 1004 ubicumque
1586 962 1780 1005 impressum
1801 964 1866 995 sive

1130 1015 1343 1058 imposterum
1367 1014 1618 1058 imprimendum
1640 1020 1800 1059 tamquam
1825 1022 1869 1049 te-

1130 1068 1315 1108 merarium,
1331 1069 1530 1109 damnosum,
1550 1079 1566 1100 a
1584 1070 1711 1111 vulgata
1726 1069 1867 1102 editione

1131 1121 1296 1164 praedicta
1321 1120 1512 1161 difformem,
1531 1127 1562 1154 et
1581 1121 1775 1155 offendicula
1793 1122 1868 1155 sim-

1131 1175 1262 1218 plicium
1279 1175 1509 1214 continentem,
1529 1175 1717 1208 auctoritate
1739 1182 1869 1219 aposto-

1131 1229 1198 1267 lica,
1227 1234 1340 1261 tenore
1365 1228 1597 1271 praesentium,
1621 1230 1810 1262 damnamus
1837 1235 1869 1262 et

1130 1281 1356 1325 prohibemus,
1383 1282 1425 1314 ita
1450 1287 1485 1313 ut.
1513 1292 1606 1314 nemo
1632 1282 1785 1326 deinceps
1816 1294 1869 1315 cu-

1131 1335 1321 1377 iuscumque
1339 1335 1457 1376 gradus
1473 1339 1505 1367 et
1529 1335 1724 1367 conditionis
1744 1335 1866 1373 existat,

1109 1429 1110 1432 Ἴ
1132 1388 1227 1421 etiam
1252 1387 1383 1431 speciali
1409 1393 1441 1419 et
1464 1388 1696 1430 specialissima
1722 1391 1798 1421 nota
1823 1389 1869 1421 di-

1132 1452 1221 1483 gnus,
1248 1441 1307 1473 sub
1332 1442 1439 1484 poena
1464 1441 1805 1474 excommunicationis
1825 1443 1870 1473 la-

1133 1500 1180 1526 tae
1207 1493 1386 1527 sententiae
1404 1493 1475 1536 ipso
1494 1493 1576 1526 sacto
1594 1493 1817 1533 incurrendae,
1837 1494 1869 1526 it-

1133 1549 1197 1581 lum
1223 1548 1351 1590 legere,
1378 1547 1539 1587 retinere,
1565 1548 1706 1580 vendere
1732 1552 1787 1579 aut.
1812 1547 1870 1579 im-

1133 1601 1273 1643 primere
1298 1601 1347 1633 vel
1374 1600 1515 1643 imprimi
1541 1601 1645 1633 facere
1679 1601 1795 1633 audeat
1819 1602 1869 1633 vol

1134 1660 1336 1699 praesumat,
1362 1655 1429 1693 sed,
1449 1655 1509 1687 sub
1528 1655 1641 1687 eadem
1666 1657 1781 1698 poena,
1801 1655 1871 1697 qui-

1134 1718 1271 1751 cumque
1296 1707 1387 1740 illum
1414 1708 1543 1747 habent,
1572 1709 1718 1740 locorum
1743 1706 1873 1740 Ordina-

1135 1761 1190 1793 riis
1228 1772 1284 1793 seu
1324 1760 1598 1804 inquisitoribus,
1633 1761 1737 1793 statim
1774 1765 1872 1803 atque

1135 1815 1315 1858 praesentis
1336 1814 1569 1857 prohibitionis
1587 1813 1733 1846 notitiam
1752 1813 1873 1845 habue-

1136 1869 1209 1907 rint,
1233 1867 1387 1900 exhibere
1414 1872 1597 1900 teneantur.
1622 1867 1655 1899 In
1674 1866 1872 1899 contrarium

1135 1921 1327 1954 facientibus
1352 1932 1416 1954 non
1442 1920 1646 1954 obstantibus
1668 1920 1871 1963 quibuscum-

1136 1986 1211 2018 que.

1179 2029 1193 2071 ξ
1218 2027 1248 2060 Q.
1277 2027 1316 2060 [t
1340 2032 1447 2060 autem
1465 2032 1656 2070 praesentes
1681 2027 1807 2059 litterae
1833 2027 1871 2059 ad
1910 2034 1968 2053 ww
1986 2034 2067 2074 ‘⁷10an

1884 2062 1984 2080 tutionem
2017 2068 2025 2078 n
2035 2067 2055 2079 in

1136 2082 1280 2115 omnium
1306 2081 1451 2114 notitiam
1470 2081 1595 2113 facilius
1617 2081 1796 2117 deveniant,
1820 2091 1873 2112 vo·
1884 2087 1927 2107 dat-

1136 2138 1242 2169 lunius
1265 2141 1297 2168 et
1321 2134 1510 2167 auctoritate
1536 2134 1702 2177 praedicta
1728 2134 1875 2166 decerni-

1137 2199 1209 2221 mus
1234 2188 1306 2221 illas
1333 2187 1372 2220 ad
1401 2188 1506 2219 valvas
1537 2186 1691 2219 basilicae
1717 2186 1874 2229 Principis

1138 2242 1366 2286 Apostolorum
1385 2246 1416 2273 et
1442 2241 1653 2273 cancellariae
1674 2240 1874 2283 apostolicae

1138 2305 1174 2327 ac
1198 2295 1230 2326 in
1256 2294 1322 2326 acie
1347 2293 1455 2336 Campi
1491 2293 1607 2326 Florae
1642 2293 1681 2326 de
1708 2293 1791 2325 L'rbe
1817 2303 1876 2336 per

1139 2348 1279 2390 aliquem
1297 2357 1334 2379 ex
1355 2347 1542 2379 cursoribus
1562 2347 1682 2379 nostris
1702 2346 1874 2389 publicari,

1139 2411 1174 2433 ac
1198 2401 1327 2433 illarum
1349 2401 1497 2442 exempla
1516 2399 1637 2432 ibidem
1664 2400 1756 2432 affixa
1781 2399 1879 2431 relin-

1140 2454 1212 2497 qui,
1235 2454 1384 2496 illasque,
1409 2453 1453 2485 sic
1478 2453 1678 2496 publicatas,
1706 2463 1818 2485 omnes
1846 2458 1878 2485 et

1140 2508 1286 2550 singulos
1311 2516 1389 2549 quos
1414 2512 1624 2545 concernunt,
1645 2506 1676 2538 in
1702 2506 1791 2539 Italia
1809 2506 1878 2549 qui-

1141 2561 1213 2594 dem
1245 2566 1319 2603 post
1346 2570 1510 2600 mensem,
1538 2565 1626 2592 extra
1655 2559 1776 2592 Italiam
1802 2570 1876 2591 vero

1178 2623 1187 2649 1
1206 2623 1307 2650 Forsan
1323 2621 1464 2658 tegendum
1479 2622 1643 2657 postulabat
1660 2622 1696 2656 (n.
1711 2623 1759 2655 T.).

1761 216 1825 248 (3727
1874 224 1920 249 An.
1940 224 1965 248 c-
1993 225 2056 251 tons
