2247 3208
183 227 237 253 An.
259 223 375 252 (1.1663
420 213 484 247 156

383 271 502 305 lemnia
535 268 695 301 celebrata
722 264 859 304 suerint,
884 263 1004 305 pariter
1029 261 1112 293 cele-

382 323 467 356 brari
494 320 722 365 permittimus,

425 377 439 419 g
465 376 495 407 li.
517 375 585 407 Non
603 371 809 405 obstantibus
828 368 1110 402 constitutionibus

382 435 413 461 et
436 426 693 460 ordinationibus
713 423 907 467 apostolicis,
923 432 959 454 ac
974 420 1112 454 decretis

380 491 478 524 super
502 490 566 512 non
587 479 675 511 cultu
698 476 809 517 editis,
832 475 1018 517 ceterisque
1036 483 1113 506 con-

380 533 487 565 trariis
514 531 791 575 quibuscumque.

421 585 435 627 g
466 585 496 617 5.
522 584 677 617 Volumus
710 587 820 614 autem
849 585 886 613 ut
922 578 1111 612 earumdem

377 637 602 682 praesentium
643 636 827 669 litterarum
867 631 1082 674 transumptis
1102 658 1110 671 ,

378 701 435 723 seu
455 689 622 732 exemplis,
638 688 735 721 etiam
752 686 934 730 impressis,
948 694 1047 717 manu
1064 694 1113 716 se-

376 742 505 775 cretarii
531 741 716 784 praedictae
750 738 1012 782 congregationis
1044 745 1112 768 car-

376 795 532 827 dinalium
569 793 666 827 saeris
703 792 818 825 ritibus
854 789 1110 834 praepositorum

375 847 580 890 subscriptis,
598 852 627 879 et
654 846 761 888 sigillo
783 844 937 888 praefecti
963 843 1110 875 eiusdem

375 899 637 942 congregationis
662 898 806 938 munitis,
830 897 943 930 eadem
972 905 1109 939 prorsus

374 952 455 985 fides
472 953 510 984 ali»
525 952 672 984 omnibus
686 957 717 984 et
730 951 851 993 ubique
867 949 974 981 tamin
988 947 1109 979 iudicio

376 1016 470 1048 quam
497 1010 587 1037 extra
612 1004 820 1042 adhibeatur,
840 1013 923 1045 quae
951 1010 1110 1044 praesen·

374 1059 461 1090 tibus
487 1058 566 1100 ipsis
593 1058 818 1095 adhiberetur,
840 1055 866 1087 si
890 1055 998 1087 forent
1020 1053 1110 1086 exhi-

373 1111 460 1142 bitae
485 1111 536 1142 vel
563 1115 728 1142 ostensae.

417 1163 531 1195 Datum
550 1162 682 1202 Romae,
703 1161 789 1205 apud
814 1160 844 1193 S.
864 1160 996 1192 Mariam
1011 1158 1110 1191 Maio-

373 1226 463 1255 rem,
490 1216 550 1248 sub
583 1216 705 1248 annulo
736 1214 932 1253 Piscatoris,
968 1213 1019 1245 die
1044 1222 1108 1245 xvn

373 1269 485 1311 aprilis
503 1278 658 1309 1100111111,
687 1266 897 1311 pontificatus
922 1265 1026 1298 nostri
1053 1275 1109 1297 an-

372 1332 415 1354 no
441 1333 481 1354 ix.

409 1383 466 1410 Dat.
485 1383 528 1411 die
544 1384 574 1410 17
591 1383 684 1418 aprilis
700 1382 777 1415 1663,
794 1381 890 1418 pontif.
907 1389 977 1409 anno
993 1389 1031 1408 ix.

203 390 318 411 Contrariis
329 389 364 410 de-

183 420 252 442 rogat.

220 598 363 622 'stamnum

181 625 250 645 danda
266 623 323 643 111105.

647 1525 829 1558 CDXXXIV.

372 1606 546 1649 Depulalio
569 1605 736 1638 reverendi
757 1605 863 1648 patris
877 1604 1002 1637 domini
1021 1604 1104 1637 Ras-

414 1660 494 1702 pom‘
511 1659 547 1691 in
563 1659 721 1691 nuncium
744 1657 1047 1690 eoelraorclinaritm
1065 1657 1108 1689 ad

415 1723 514 1754 reyes,
539 1711 738 1754 respublicas
769 1715 797 1743 el
818 1710 982 1752 principes
1006 1710 1108 1742 chris-

418 1765 523 1796 tic-neos
547 1774 773 1807 quoscumque,
787 1763 828 1795 ad
844 1774 982 1806 quorum
997 1773 1107 1806 reyna,

416 1817 574 1856 dominia,
589 1816 726 1848 ditiones
739 1823 767 1849 et
782 1816 987 1859 principatus
1000 1817 1107 1858 ipsum

415 1869 578 1902 declinare
601 1870 772 1912 conliyerit
800 1880 859 1911 pro
883 1869 1033 1912 {serendis
1057 1880 1107 1901 ar-

415 1922 489 1955 duis
518 1922 658 1965 neyocz'is
691 1922 722 1954 S.
753 1922 844 1955 Sedis
871 1922 1105 1965 Apmtolicae'.

370 2003 484 2029 Dilecto
504 2002 565 2029 filio
588 2002 731 2036 magistro
752 2002 870 2029 Caesari
891 2002 1035 2035 Basponio
1048 2024 1055 2035 ,
1076 2003 1106 2029 in

407 2045 533 2079 utraque
553 2045 709 2079 signatura
724 2042 827 2072 nostra
842 2046 1053 2080 referendario,
1071 2046 1106 2072 ad

406 2097 505 2123 reqes,
517 2090 703 2122 respublicas
716 2093 745 2116 et.
755 2090 904 2123 principes
925 2091 1106 2118 christianos

407 2140 612 2167 quoscumque
640 2137 741 2161 nostro
763 2137 793 2161 et
811 2134 1000 2168 Apostolicae
1021 2134 1105 2161 Sedis

406 2185 526 2211 nunclo,

555 2232 719 2259 Alexander
748 2233 827 2266 Papa
858 2232 920 2259 vu.

643 2303 758 2330 Dilecta
778 2303 833 2336 fili,

412 2348 541 2374 salutem
557 2350 588 2374 et.
602 2347 796 2380 apostolicam
811 2347 1061 2374 benedictionem.

198 2433 341 2455 Prooemium.
414 2427 428 2469 ξ
454 2427 485 2459 1.
518 2427 597 2460 Cum
622 2438 701 2467 nos,
730 2437 789 2470 pro
821 2427 972 2469 gerendis
998 2426 1105 2458 arduis

370 2481 490 2513 nostris
511 2486 543 2513 et
560 2480 651 2513 Sedis
671 2481 878 2523 Apostolicae
896 2479 1043 2522 negotii5‚
1065 2479 1104 2512 de

408 2596 419 2620 1
442 2594 478 2621 Ex
500 2595 604 2630 Regest.
626 2595 653 2621 in
674 2595 746 2621 Secr.
769 2593 845 2621 Brev.

954 213 1134 238 BULLARIUM
1158 211 1309 235 Romnum

1135 260 1256 302 aliquo
1282 259 1366 298 viro,
1393 258 1555 301 sapientia
1585 263 1617 290 et
1641 258 1765 290 meritis
1788 267 1882 300 prae-

1145 318 1257 350 stante,
1284 316 1396 344 nostro
1415 317 1446 343 et
1472 311 1615 343 eiusdem
1642 310 1732 343 Sedis
1757 310 1879 343 nuncio

1147 364 1408 397 extraordinario
1434 364 1473 396 ad
1500 374 1600 406 reges
1622 364 1825 407 respublicas
1850 368 1882 395 et

1146 417 1312 460 principes
1331 415 1528 449 christianos
1544 426 1765 459 quoscumque
1783 416 1881 449 desti-

1147 471 1254 503 nando
1280 474 1404 502 mature
1431 469 1702 509 deliberaremus,
1728 474 1760 501 tu
1784 469 1880 501 nobis

1146 522 1330 562 occurristi,
1357 522 1417 561 cui,
1437 521 1477 554 ob
1499 526 1675 564 spectatam
1700 522 1810 554 multis
1830 531 1881 554 re-

1146 585 1218 607 rum
1244 575 1475 618 experimentis
1507 573 1623 613 sidem,
1650 584 1687 606 ac
1717 584 1795 616 erga
1818 584 1878 606 nos

1147 633 1179 660 et
1204 628 1322 660 dictam
1348 627 1463 660 Sedem
1488 627 1710 666 devotionem,
1739 627 1881 669 singula-

1146 691 1280 724 remque
1296 680 1532 721 dexteritatem,
1551 679 1757 722 prudentiam
1777 684 1809 711 et
1823 678 1881 711 do-

1146 734 1301 773 ctrinam,
1327 733 1470 776 aliasque
1504 732 1637 765 eximias
1665 731 1763 764 animi
1788 732 1880 764 dotes

1146 791 1177 818 et
1201 786 1347 826 virtutes,
1367 786 1482 829 quibus
1508 791 1538 818 te
1556 785 1780 828 multipliciter
1803 784 1880 816 insi-

1146 839 1269 880 gnitum
1290 849 1357 871 esse
1375 838 1531 878 novimus,
1551 838 1614 870 hoc
1640 847 1754 869 munus
1780 837 1880 879 potis-

1145 891 1263 923 simum
1284 891 1564 923 demandaremus.

1189 944 1203 985 §
1228 943 1258 975 02.
1286 943 1370 975 Motu
1388 943 1497 986 itaque
1522 943 1667 986 proprio,
1687 953 1723 975 ac
1737 953 1774 975 ex
1792 945 1878 975 certa

1144 995 1279 1027 scientia
1292 1002 1323 1028 et
1338 998 1464 1028 matura
1484 996 1720 1028 deliberatione
1745 996 1878 1036 nostris,

1145 1048 1248 1090 deque
1267 1049 1463 1091 apostolicae
1480 1049 1649 1092 potestatis
1665 1049 1877 1092 plenitudine,

1144 1105 1174 1132 te
1199 1101 1284 1143 apud
1309 1111 1421 1133 omnes
1445 1106 1477 1133 et
1500 1100 1644 1143 singulos
1668 1111 1771 1144 reges,
1803 1111 1880 1134 nec-

1144 1163 1208 1186 non
1226 1153 1428 1196 respublicas
1444 1159 1476 1185 et
1491 1153 1657 1197 principes
1683 1154 1879 1187 christianos

1144 1216 1373 1249 quoscumque,
1389 1207 1428 1239 ad
1446 1217 1582 1250 quorum
1600 1217 1711 1249 regna,
1726 1207 1876 1247 dominia,

1144 1258 1284 1292 ditiones
1301 1264 1331 1291 et
1347 1259 1549 1302 principatus
1566 1265 1597 1292 te
1623 1259 1788 1292 declinare
1803 1270 1878 1292 con-

1144 1312 1271 1354 tigerit,
1305 1317 1451 1344 nostrum
1485 1316 1517 1344 et
1547 1312 1753 1355 Apostolicae
1785 1312 1876 1346 Sedis

1143 1364 1306 1407 praefatae
1322 1364 1475 1397 nuncium
1491 1365 1792 1405 extraordinarium,
1806 1375 1878 1398 oum

1143 1418 1348 1451 facultatibus
1381 1419 1419 1451 ad
1450 1418 1483 1450 id
1507 1418 1620 1461 quovis
1644 1419 1741 1451 modo
1765 1428 1878 1451 neces-

1143 1471 1235 1503 sariis
1251 1476 1283 1504 et
1299 1470 1496 1514 opportunis,
1512 1471 1552 1503 ad
1576 1476 1723 1503 nostrum
1748 1475 1779 1503 et
1796 1470 1878 1504 eius-

1143 1525 1215 1558 dem
1245 1525 1335 1558 Sedis
1366 1525 1626 1568 beneplacitum,
1654 1530 1763 1558 tenore
1788 1535 1880 1567 prae-

1142 1578 1290 1618 sentium,
1314 1578 1459 1618 facimus,
1487 1577 1710 1610 constituimus
1730 1583 1761 1609 et
1781 1577 1879 1620 depu-

1143 1636 1255 1663 tamus.
1287 1630 1322 1663 ln
1360 1631 1557 1663 eontrarium
1589 1630 1778 1663 facientibus
1811 1639 1877 1662 non

1142 1685 1346 1718 obstantibus
1371 1684 1639 1728 quibuscumque.

1185 1737 1200 1779 ξ
1224 1736 1256 1770 3.
1273 1736 1421 1770 Ceterum
1445 1742 1475 1769 te
1496 1737 1529 1768 in
1547 1736 1683 1770 Domino
1709 1736 1877 1769 hortamur

1142 1796 1176 1822 ut
1199 1800 1313 1822 munus
1336 1789 1399 1822 iam
1417 1789 1536 1822 dietum
1553 1789 1652 1822 alacri
1677 1789 1786 1821 animo
1811 1799 1878 1821 sus-

1142 1843 1274 1886 cipiens,
1296 1842 1373 1875 illud
1395 1843 1435 1875 ad
1454 1843 1510 1875 Dei
1533 1842 1667 1885 gloriam
1688 1847 1720 1875 et
1732 1842 1763 1875 S.
1783 1841 1820 1874 R.
1839 1841 1874 1874 E.

1141 1895 1366 1928 exaltationem
1391 1906 1427 1927 ac
1452 1888 1631 1928 catholicae
1655 1893 1729 1927 fidei
1754 1905 1872 1938 propa-

1141 1949 1304 1991 gationem
1329 1948 1375 1981 sio
1400 1959 1515 1991 gerere
1542 1949 1682 1987 studeas,
1698 1953 1733 1980 ut
1757 1953 1790 1980 tu
1807 1948 1877 1990 qui-

1141 2003 1213 2035 dem
1238 2003 1277 2034 de
1303 2002 1480 2045 praeclaris
1494 2002 1591 2043 gestis
1608 2002 1669 2033 tuis
1693 2012 1757 2034 non
1772 2002 1876 2033 solum

1140 2055 1226 2097 apud
1240 2065 1353 2087 omnes
1370 2053 1683 2086 commendationem
1701 2059 1733 2085 et
1749 2053 1876 2086 laudem

1140 2107 1172 2139 in
1198 2108 1304 2147 terris,
1323 2107 1377 2139 sed
1404 2107 1436 2138 in
1460 2106 1574 2150 primis
1591 2117 1607 2138 a
1624 2106 1786 2138 bonorum
1800 2116 1876 2148 ope-

1140 2171 1212 2192 rum
1227 2159 1420 2192 retributore
1438 2158 1616 2202 praemium
1634 2158 1666 2189 in
1688 2158 1786 2191 caelis
1802 2168 1877 2190 con-

1139 2212 1230 2256 sequi
1246 2212 1415 2252 merearis‚
1437 2222 1495 2244 nos
1520 2220 1595 2243 vero
1621 2216 1650 2242 te
1674 2210 1756 2242 votis
1777 2221 1813 2242 ac
1837 2210 1876 2242 de

1141 2271 1169 2298 te
1195 2265 1409 2308 expectationi
1441 2264 1558 2297 nostris
1589 2263 1786 2306 respondere
1811 2263 1877 2295 lae-

1139 2324 1254 2356 temur.

1182 2372 1298 2404 Datum
1322 2371 1462 2412 Romae,
1490 2370 1575 2414 apud
1600 2370 1630 2403 S.
1658 2369 1788 2403 Mariam
1813 2368 1876 2402 Ma-

1138 2424 1255 2464 iorem,
1283 2425 1342 2456 sub
1368 2424 1488 2456 annulo
1513 2423 1708 2463 piscatoris,
1735 2422 1786 2455 die
1811 2431 1874 2454 xxn

1139 2476 1251 2520 aprilis
1272 2486 1425 2518 1100111111,
1450 2476 1659 2520 pontificatus
1684 2475 1787 2508 nostri
1819 2484 1876 2506 an-

1139 2540 1181 2562 no
1207 2540 1247 2563 ix.

1174 2592 1231 2619 Dat.
1247 2592 1282 2619 2⁴2
1296 2592 1389 2627 aprilis
1407 2592 1484 2628 1663,
1499 2591 1595 2627 pontif.
1613 2599 1684 2619 anuo
1700 2597 1734 2617 lx.

1891 207 1944 234 An.
1964 206 1993 234 C.
2009 206 2077 234 1663

1920 952 2012 978 nepum
2023 954 2043 972 ut
2056 951 2077 973 in

1893 978 1938 1000 rubi
1945 980 1986 999 ica.

1918 1739 2025 1762 noriano.
