2247 3208
213 206 263 230 An.
283 206 310 230 c.
335 203 399 231 1567
446 193 509 226 57ss

235 370 336 394 vroepit-it
349 376 397 389 eon-

213 399 230 416 tr
250 403 258 415 r
275 402 320 416 isus
345 396 398 416 sutu-

212 429 249 444 1¹2.

278 1581 339 1601 Plura
365 1570 406 1601 aldi

223 1609 304 1628 statuit.

410 257 549 284 terarum
575 249 659 281 eirea
683 247 813 280 eosdem
836 245 1017 277 visitatores
1042 242 1146 285 dispo-

410 304 538 335 sitione.

455 356 468 397 ξ
494 354 524 386 5.
546 353 585 385 Ut
605 357 710 384 antem
729 350 832 383 omnis
858 348 1097 382 controversiae
1116 352 1147 379 et

411 406 628 441 contentionis
648 405 773 438 occasio
799 405 882 436 inter
902 402 1087 446 praedictos
1106 401 1146 433 vi·

411 461 564 495 sitatores
583 464 614 491 et
631 463 776 491 rectores
809 468 864 489 seu
891 455 1078 499 superiores
1100 464 1146 486 ort

411 512 553 545 dinarios
568 511 771 543 immediatos
796 510 938 548 tollatur,
953 506 1146 550 supradictis

410 565 527 598 litteris
553 563 767 604 inhaerendo,
794 562 904 595 stricte
931 560 1145 604 prohibemus

409 628 449 650 ne
475 622 583 649 rector
600 627 657 649 seu
682 615 832 659 superior
857 614 1061 646 immediatus
1079 613 1146 645 ullo

408 680 550 713 unquam
572 674 726 711 tempore,
746 668 878 707 directe,
904 668 953 700 vel
978 666 1146 705 indirecte,

411 722 568 766 privative
594 723 644 754 vel
670 721 871 769 cumulative,
898 730 952 752 scu
978 720 1057 752 alias
1076 729 1148 762 quo-

412 776 593 818 modolibet
625 785 696 807 sese
729 775 878 817 ingerere
904 778 1091 816 praesumat,
1116 772 1149 804 in

410 829 592 862 iisitatione
607 833 660 861 aut
674 828 735 860 alia
752 827 862 870 quavis
877 826 1050 866 functione,
1065 836 1147 867 quae

411 884 450 915 ad
476 881 638 925 peculiare
664 881 804 914 officium
824 879 997 912 visitatoris
1023 889 1149 911 monas-

412 933 567 966 teriorum
594 931 780 964 huiusmodi
807 935 951 973 speet.et;
975 940 1053 962 neve
1072 928 1148 962 dicti

410 986 594 1018 visitatores
620 985 652 1017 in
679 983 895 1017 functionibus
921 993 1001 1025 quae
1027 992 1150 1014 memo-

411 1039 490 1072 ratis
517 1038 699 1071 rectoribus
721 1048 777 1069 seu
795 1036 1016 1079 superioribus
1041 1035 1151 1067 imme-

412 1093 505 1125 diatis
538 1091 747 1135 peculiariter
778 1090 949 1122 attributae
985 1094 1085 1128 sunt,
1120 1094 1151 1120 et

412 1146 445 1178 in
459 1144 668 1188 praeinsertis
685 1144 800 1176 litteris
818 1143 914 1176 latius
933 1141 1149 1181 eontinentur,

412 1209 445 1231 se
473 1199 633 1230 ullatenus
659 1198 826 1239 ingerant,
859 1196 955 1228 etiam
992 1196 1025 1227 in
1057 1205 1150 1227 cursu

413 1251 626 1289 visitationis,
654 1251 713 1282 nisi
740 1251 771 1282 in
797 1249 923 1282 casibus
949 1248 981 1280 in
1006 1245 1173 1291 supradi-'

413 1304 471 1336 ctis
490 1303 661 1336 Alexandri
682 1309 712 1335 et
729 1303 865 1335 aliorum
882 1303 1151 1345 pradecessorum

415 1361 600 1389 nostrorum
625 1356 740 1388 litteris
760 1365 914 1397 expresse
933 1353 1101 1392 contentis,
1122 1358 1153 1385 et

415 1410 447 1442 in
473 1409 511 1441 iis
537 1409 569 1441 in
596 1409 710 1451 quibus
728 1408 826 1440 iidem
851 1407 1035 1450 superiores
1061 1416 1154 1438 exee-

417 1463 533 1495 derent
570 1467 622 1494 aut
653 1461 814 1494 concessis
846 1459 906 1493 sibi
947 1459 1151 1492 facultatibus

417 1517 640 1548 abuterentur.

463 1569 476 1611 ξ
501 1568 531 1601 6.
559 1568 741 1601 Statuentes
766 1567 886 1610 pariter
911 1572 943 1599 et
967 1566 1153 1599 ordinantes

418 1629 453 1655 ut
477 1622 509 1654 in
529 1621 616 1655 omni
642 1621 800 1654 electione
826 1626 988 1653 rectorum
1019 1630 1076 1652 seu
1105 1630 1155 1651 su-

419 1675 584 1718 periorum
621 1674 882 1706 immediatorum
926 1672 1154 1714 cuiuscumque

419 1727 615 1767 monasterii,
639 1732 764 1770 praeter
781 1726 965 1769 priorissam
985 1736 1041 1758 :eu
1062 1735 1157 1767 supe-

420 1781 586 1814 riorissam
622 1791 704 1823 quae
737 1781 775 1812 ad
807 1780 893 1812 hunc
929 1778 1075 1811 effectum
1101 1779 1158 1811 du-

419 1834 513 1878 plicis
539 1834 603 1866 voti
629 1832 850 1876 praerogativa
876 1831 1040 1874 gaudebit,
1068 1841 1158 1874 supe-

420 1886 586 1920 riorissam
612 1892 641 1918 et
659 1886 816 1918 moniales
836 1885 1058 1927 depositarias,
1079 1884 1158 1916 duae

421 1941 504 1972 aliae
531 1940 699 1979 moniales,
725 1950 783 1981 per
808 1937 958 1980 suffragia
983 1936 1160 1970 eommuni-

421 1993 494 2026 tatis
520 1993 749 2035 cuiuseumque
774 1991 961 2024 monasterii
980 1990 1159 2032 eligendae,

423 2047 550 2090 possint
574 2052 605 2079 et
630 2047 768 2079 debeant
784 2051 891 2077 votum
917 2050 949 2077 et
973 2043 1160 2086 suffragium
1181 2046 1183 2084 ᾗ

425 2100 482 2132 seri
494 2110 522 2132 e.
540 2100 719 2137 Praeterea,
738 2109 820 2139 cum,
836 2099 918 2130 sicut
934 2097 1054 2140 pariter
1075 2106 1163 2128 acee-

426 2152 540 2195 pimus,
561 2163 673 2185 omnes
690 2152 881 2193 etsingulae
906 2150 1081 2192 priorissae
1107 2159 1162 2180 seu

429 2205 664 2248 superiorissae
691 2210 720 2237 et
745 2205 903 2237 moniales
928 2203 1072 2235 omnium
1096 2212 1163 2234 mo-

427 2258 639 2290 nasteriorum
655 2257 727 2290 dieti
747 2257 874 2289 Ordinis
894 2257 924 2288 in
950 2266 1052 2298 regno
1070 2255 1164 2287 Fran-

428 2312 496 2344 ciae
515 2311 762 2354 consistentium
777 2311 908 2353 plenam
934 2314 965 2341 et
990 2309 1164 2352 perfectam

429 2363 621 2407 supradietis
640 2363 812 2395 Alexandri
831 2361 1094 2405 praedecessoris
1114 2361 1164 2393 die

429 2427 452 2450 11
479 2416 619 2449 octobris
658 2426 776 2448 MDtlth
806 2420 838 2447 et
862 2415 912 2447 die
938 2425 994 2447 x111
1031 2413 1165 2446 ianuarii

430 2474 463 2501 et
494 2479 523 2501 xi
558 2468 669 2511 aprilis
711 2478 835 2500 necnon
876 2467 1085 2510 praeinsertis
1114 2466 1165 2498 die

377 2546 380 2549 -
430 2532 500 2555 xxvi
527 2521 720 2564 septembris
739 2531 855 2553 noemi
882 2520 1060 2563 respective
1086 2529 1167 2552 ema-

434 2575 518 2607 natis
534 2574 648 2606 litteris
664 2574 879 2606 obedientiam
900 2573 1118 2612 exhibuerint,
1129 2572 1167 2603 ab

985 196 1160 219 Bt'LLAiut'M
1186 194 1336 217 ROMAM‘M

1187 241 1309 273 eisdem
1335 242 1484 274 omnibus
1520 247 1552 274 et
1587 243 1721 285 singulis
1758 245 1923 287 priorissis

1188 304 1243 326 seu
1265 294 1491 336 superiorissis
1516 300 1547 327 et
1570 297 1764 330 monialibus
1795 309 1923 332 omnem

1188 351 1220 379 et
1244 357 1478 389 quamcumque
1503 347 1751 390 inhabilitatem,
1770 362 1863 393 quarn
1883 353 1924 384 ob

1189 399 1380 441 denegatam
1420 399 1513 432 dictis
1553 400 1668 433 litteris
1706 402 1925 436 obedientiam

1188 452 1361 485 incurrisse
1379 453 1547 495 praetendi
1572 459 1715 496 possent,
1734 457 1923 489 auctoritate

1167 541 1169 552 Ι
1189 509 1219 536 et
1238 509 1348 537 tenore
1366 504 1549 547 praedictis,
1566 506 1789 548 abstergimus,
1807 518 1925 551 easque

1191 562 1222 589 ct
1232 567 1341 589 earum
1354 557 1532 599 quamlibet
1548 558 1587 589 ab
1601 558 1803 591 inhabilitate
1817 560 1928 593 liuius-

1190 609 1278 642 modi
1297 609 1438 642 totaliter
1455 610 1640 651 liberamus,
1660 621 1696 643 ac
1713 611 1784 644 illas
1808 613 1846 645 ad
1866 623 1928 645 om-

1190 663 1241 695 nia
1263 663 1337 695 dicti
1364 663 1492 696 Ordinis
1517 664 1624 696 munia
1649 669 1679 696 et
1707 665 1811 697 officia
1835 666 1928 698 reha-

1190 716 1363 755 bilitamus,
1397 727 1523 749 necnon
1549 716 1696 749 omnibus
1732 723 1763 750 et
1793 717 1927 760 singulis

1191 774 1388 812 perpetuum
1414 780 1511 812 super
1529 769 1579 801 his
1599 769 1764 802 silentium
1788 770 1928 813 imponi-

1192 832 1272 862 mus,
1289 827 1321 853 et
1338 832 1376 854 ne
1392 822 1493 854 dictae
1508 822 1745 854 inobedientiae
1759 828 1929 864 praetexffu

1192 875 1361 917 quisquam
1377 875 1507 907 easdem
1526 874 1695 917 priorissas
1712 884 1768 907 seu
1785 875 1929 918 superio-

1193 927 1290 959 rissas
1303 932 1334 958 et
1344 927 1500 960 moniales
1510 927 1693 969 inquietare
1712 933 1743 960 et
1757 929 1929 960 molestare

1193 989 1325 1021 quoquo
1339 980 1434 1011 modo
1451 977 1680 1021 praesumant¹‚
1694 990 1846 1022 expresse
1860 990 1930 1022 pro-

1194 1031 1355 1072 hibemus,
1383 1032 1573 1063 mandantes
1598 1031 1730 1074 insuper
1755 1037 1787 1064 et
1810 1032 1930 1075 praeci-

1193 1085 1319 1128 pientes
1346 1084 1511 1125 omnibus,
1539 1089 1569 1116 et
1593 1084 1828 1127 superioribus,
1855 1085 1931 1117 visi-

1194 1138 1360 1177 tatoribus,
1379 1137 1546 1180 priorissis
1568 1148 1626 1169 seu
1644 1137 1877 1180 superiorissis,
1900 1143 1933 1170 et

1193 1190 1388 1223 monialibus
1421 1190 1692 1223 monasteriorum
1725 1190 1928 1230 huiusmodi,

1195 1244 1252 1276 sub
1270 1243 1614 1276 excomnutriit-ationis
1636 1254 1672 1276 ac
1689 1243 1932 1276 inobedientiae

1195 1297 1425 1339 etprivationis
1445 1297 1623 1329 officiorum
1633 1296 1747 1339 poenis
1765 1306 1803 1328 eo
1818 1296 1889 1339 ipso
1907 1296 1932 1328 si

1196 1350 1461 1382 contravenerint
1478 1350 1597 1392 absque
1623 1349 1685 1381 alia
1709 1349 1931 1381 declaratione

1197 1403 1408 1441 incurrendis,
1436 1408 1470 1434 ut
1495 1402 1718 1445 praesentibus
1743 1402 1862 1434 nostris
1883 1402 1934 1434 lit-

1198 1457 1273 1489 teris
1291 1456 1490 1499 singulisque
1516 1456 1548 1488 in
1578 1456 1624 1488 eis
1645 1455 1804 1488 contentis
1828 1465 1934 1498 prom-

1197 1516 1249 1554 pte
1276 1515 1307 1542 et
1332 1510 1398 1543 sine
1425 1511 1490 1542 ulla
1515 1509 1722 1553 oppositione
1748 1510 1799 1542 vel
1824 1514 1933 1551 prote-

1198 1564 1334 1596 statione
1352 1563 1520 1603 obediant,
1542 1562 1700 1606 alioquin,
1719 1562 1745 1595 si
1762 1561 1936 1603 contigerit

1199 1617 1300 1659 (quod
1326 1627 1391 1648 non
1417 1621 1465 1648 est
1496 1616 1708 1658 credendum)
1734 1614 1872 1658 aliquam
1897 1625 1935 1646 ex

1199 1670 1292 1702 dietis
1318 1669 1480 1712 prierissis
1495 1680 1550 1701 seu
1576 1668 1803 1711 supcriorissis
1823 1672 1854 1699 et
1871 1677 1937 1699 mo-

1199 1722 1337 1755 nialibus
1356 1722 1595 1755 inobedientem
1614 1721 1696 1759 fieri,
1717 1721 1772 1754 illa
1797 1720 1830 1752 in
1854 1720 1938 1763 prio-

1201 1776 1313 1808 rissam
1339 1775 1572 1817 cuiuscumque
1604 1786 1639 1807 ex
1673 1774 1846 1817 praedictis
1871 1784 1938 1806 mo-

1201 1828 1351 1860 nasteriis
1376 1828 1451 1870 eligi
1476 1829 1524 1860 vel
1550 1827 1675 1866 assumi,
1695 1832 1750 1859 aut
1773 1826 1864 1870 prius
1879 1827 1939 1858 ele-

1202 1888 1251 1915 cta
1264 1883 1313 1914 vel
1327 1886 1490 1923 assumpta
1501 1880 1684 1914 confirmari
1694 1881 1783 1913 nullo
1794 1890 1939 1923 unquam

1203 1940 1348 1978 tempore
1374 1934 1485 1977 possit.

1248 1989 1261 2030 ,ξ
1287 1987 1316 2020 7.
1345 1988 1389 2019 Ae
1413 1987 1623 2019 decernentes
1656 1985 1779 2029 pariter
1812 1985 1940 2017 easdem

1203 2045 1388 2084 praesentes
1419 2040 1540 2072 litteras
1575 2044 1606 2071 et
1641 2039 1674 2071 in
1710 2038 1756 2070 eis
1788 2043 1941 2070 contenta

1205 2104 1440 2136 (piaecumque,
1458 2093 1554 2125 etiam
1573 2103 1610 2124 ex
1626 2102 1664 2124 eo
1684 2091 1771 2134 quod
1797 2090 1942 2133 quicum-

1206 2157 1268 2189 que
1287 2147 1319 2179 in
1340 2146 1527 2189 praemissis
1549 2156 1606 2177 seu
1625 2155 1737 2177 eorum
1763 2144 1872 2186 aliquo
1893 2143 1942 2175 ius

1205 2201 1256 2232 vel
1282 2200 1441 2232 interesse
1461 2199 1621 2231 babentes
1640 2208 1696 2230 seu
1722 2198 1843 2229 habere
1863 2207 1943 2240 quo-

1205 2253 1251 2285 vis
1285 2253 1382 2285 modo
1413 2252 1685 2295 praetendentes,
1712 2250 1944 2292 cuiuscumque

1207 2311 1321 2344 status,
1347 2306 1479 2347 gradus,
1503 2304 1639 2344 ordinis,
1667 2302 1943 2347 praeeminentiae

1209 2364 1241 2391 et
1266 2358 1441 2400 dignitatis,
1469 2368 1525 2389 seu
1551 2357 1629 2389 alias
1662 2355 1812 2399 specifica
1838 2360 1870 2387 et
1895 2354 1944 2386 in-

1209 2411 1339 2444 dividua
1377 2410 1541 2443 mentione
1574 2409 1662 2452 digni
1696 2409 1854 2447 existant,
1881 2407 1945 2439 illis

1209 2476 1273 2497 non
1299 2464 1547 2503 consenserint,
1574 2474 1634 2495 nec
1658 2462 1696 2494 ad
1723 2472 1760 2494 ea
1784 2461 1887 2494 vocati
1915 2466 1947 2492 et

1248 2536 1257 2560 1
1280 2533 1326 2560 Vel
1347 2533 1452 2567 legend.
1472 2534 1640 2567 praesumat
1656 2531 1695 2557 vel
1713 2533 1791 2557 antea
1805 2530 1944 2565 quiquam

1210 2587 1257 2614 pro
1278 2579 1431 2613 quisquam
1454 2576 1594 2611 legendum
1616 2577 1706 2611 nim).

1921 201 1970 224 An.
1992 200 2021 224 G.
2031 199 2102 226 ,1:367

1964 2017 1966 2019 .
1978 1990 2090 2011 Decretum
2108 1991 2135 2011 ir·

1952 2019 2024 2037 silaus.
