2247 3208
170 218 222 246 An.
243 218 273 246 C.
291 217 359 246 1663
404 209 468 244 202

197 277 313 307 Expositio.

211 2328 353 2355 supplicatio.

410 267 424 309 ἓ
443 266 473 298 1.
493 264 614 308 Exponi
632 260 805 306 siquidem⁴
824 260 917 294 nobis
934 267 1038 302 nuper
1054 258 1100 290 fe-

367 324 479 352 cerunt
503 316 610 350 dilecti
643 315 699 348 filii
733 313 932 356 Theophilus
957 310 1101 344 Chairier

367 377 481 409 custos
502 379 538 402 ac
563 378 674 401 omnes
692 367 815 405 fratres,
833 372 894 398 tam
915 363 1100 407 superiores

367 434 461 467 quam
486 421 667 459 inferiores,
686 419 850 452 custodiae
872 418 924 451 SS.
941 417 1102 450 Trinitatis

366 476 498 509 fratrum
528 474 684 506 Minorum
713 472 841 505 Ordinis
873 471 973 504 sancti
1005 470 1102 503 Fran-

367 528 442 560 cisci
474 527 730 560 Recollectorum
763 529 1038 567 nuncupatorum,
1072 527 1104 554 et

366 578 558 623 praesertim
576 577 712 611 loannes
733 577 877 619 Baptista
898 575 1030 615 Baudin,
1050 584 1103 607 eo-

367 643 438 667 rum
463 630 613 675 specialis
640 631 700 663 hac
724 630 757 662 in
783 634 872 672 parte
898 631 1100 671 procurator,

369 686 466 729 quod,
491 694 549 727 pro
573 682 803 716 reformatione
829 680 1012 725 provinciae
1037 690 1104 712 ma-

368 738 446 771 ioris
479 737 635 770 Turoniae
674 737 807 768 fratrum
840 734 996 769 Minorum
1028 731 1103 767 dicti

369 791 507 830 Ordinis,
523 790 632 831 vigore
647 788 859 832 quarumdam
879 785 980 819 felicis
998 795 1105 818 recor-

371 844 509 878 dationis
534 842 653 876 Urbani
675 842 780 884 Papae
813 840 877 873 VIII
912 838 1104 882 praedeces-

372 898 453 930 soris
479 895 582 929 nostri
607 895 640 927 in
665 894 763 927 simili
790 894 891 926 forma
916 891 1025 925 Brevis
1053 891 1104 924 lit—

371 955 515 983 terarum
545 949 596 981 die
636 958 693 981 xxx
724 945 851 988 augusti
887 954 1035 983 MDCXLu,
1069 953 1105 976 ac

372 1004 423 1037 die
448 1013 511 1036 xx11
529 1001 665 1034 ianuarii
687 1006 719 1032 et
735 1009 797 1032 xxn
813 998 924 1041 aprilis
945 1006 1102 1037 MDGxLssl,

371 1066 497 1088 necnon
531 1054 581 1087 die
619 1063 643 1086 11
683 1051 788 1085 martii
822 1060 960 1084 nincxmv
996 1059 1106 1092 respe-

372 1108 453 1141 ctive
474 1106 707 1149 expeditarum,
728 1103 812 1136 dicta
835 1101 993 1142 custodia,
1020 1101 1106 1133 iuxta

372 1160 527 1204 quasdam
542 1157 737 1193 recolendae
758 1155 935 1188 memoriae
959 1155 1106 1188 Clemen-

372 1214 411 1247 tis
449 1213 553 1255 Papae
586 1210 649 1243 VIII
688 1208 952 1253 praedecessoris
986 1208 1107 1250 pariter

372 1265 474 1299 nostri
508 1265 649 1303 litteras,
675 1262 708 1294 in
741 1261 880 1305 capitulo
916 1260 1106 1304 provinciali

374 1318 520 1351 eiusdem
558 1315 742 1359 provinciae
780 1315 831 1347 die
868 1324 939 1347 xxix
979 1313 1107 1355 augusti

372 1380 517 1405 MDCXLIII
543 1368 709 1401 Rhedonis
735 1367 897 1400 celebrato
922 1377 981 1409 per
1011 1376 1108 1399 vene-

373 1424 508 1457 rabilem
536 1424 666 1455 fratrem
688 1421 861 1454 Henricum
884 1426 959 1452 tunc
983 1420 1109 1463 episco-

374 1488 450 1520 pum
475 1477 739 1513 Rhedonensem,
754 1473 967 1517 apostolicum
992 1473 1052 1505 hac
1075 1472 1108 1504 in

374 1541 410 1563 re
435 1529 704 1567 commissarium,
731 1532 840 1560 erecta
865 1531 896 1559 et
920 1526 1109 1559 confirmata

376 1583 456 1621 suit,
490 1581 601 1623 illique
635 1591 690 1612 sex
724 1584 925 1619 conventus,
959 1578 1111 1611 videlicet

376 1633 622 1672 Rhedonensis,
650 1631 861 1672 Venetensis,
889 1631 1110 1674 Corizopiten-

377 1688 433 1727 sis,
453 1685 666 1725 Vastinensis,
687 1683 923 1717 Iniicastrensis
942 1688 974 1716 et
993 1682 1110 1716 Castri-

376 1738 614 1782 reginaldensis
641 1737 796 1780 assignati
826 1737 967 1769 suerunt.
994 1736 1110 1769 Verum

377 1791 590 1825 nihilominus
633 1791 748 1823 fratres
786 1789 888 1822 dictae
924 1789 1110 1832 provinciae

378 1845 510 1878 maioris
535 1844 694 1876 Turoniae
713 1842 759 1875 sic
776 1848 916 1876 erectam
940 1847 972 1874 et
996 1841 1113 1875 confir-

378 1905 495 1931 matam
521 1897 711 1930 auctoritate
733 1896 912 1939 apostolica
931 1895 1111 1929 custodiam

378 1951 583 1990 huiusmodi,
611 1951 676 1983 imo
702 1955 735 1982 et
759 1949 798 1982 ab
822 1949 902 1992 ipsis
932 1954 1109 1992 receptam,

378 2005 539 2037 laudatam
573 2008 605 2036 et
635 2003 847 2046 approbatam
880 2002 941 2035 sub
970 2001 1111 2045 propriis

379 2057 619 2101 chirographis,
638 2062 770 2099 propter
795 2057 952 2099 quasdam
978 2055 1113 2088 difficul-

379 2115 470 2149 tates,
488 2110 587 2142 tribus
603 2109 814 2142 conventibus
828 2108 1112 2153 principalioribus

379 2163 598 2206 privaverunt,
617 2162 710 2204 eique
729 2167 793 2194 tres
819 2161 1020 2205 supradictos
1037 2172 1113 2194 con-

379 2221 492 2248 ventus
508 2215 761 2247 Rhedonensem
776 2214 907 2254 scilicet,
922 2215 1113 2247 Venetinen-

380 2279 447 2301 sem
473 2273 505 2300 et
529 2267 807 2309 Corizopitensem
828 2268 905 2300 dare
923 2268 1110 2300 noluerunt.

423 2322 437 2364 ἓ
455 2320 485 2352 Q.
502 2320 578 2352 Cum
595 2325 709 2359 autem,
725 2319 807 2352 sicut
821 2321 934 2353 eadem
953 2319 1112 2363 expositio

381 2375 427 2406 sul
444 2373 615 2415 iungebat,
652 2372 715 2404 iam
745 2373 834 2405 nulla
865 2373 1007 2416 supersit
1038 2383 1111 2416 spes

380 2427 532 2460 fratribus
559 2425 750 2458 Reformatis
782 2426 939 2459 intentam
970 2427 1008 2458 ab
1033 2425 1112 2469 ipsis

380 2478 647 2512 reformationem
668 2477 700 2509 in
717 2477 819 2510 dictos
837 2483 902 2511 tres
924 2482 1110 2517 conventus,

380 2532 444 2566 imo
468 2531 500 2563 in
528 2536 626 2563 totam
650 2530 848 2574 provinciam
873 2529 1111 2570 introducendi,

418 2595 427 2621 1
446 2593 561 2620 Similem
574 2592 632 2619 vide
643 2599 723 2628 supra
738 2600 797 2627 pag.
819 2592 864 2619 145
879 2600 896 2619 a
912 2595 939 2619 et
953 2599 1009 2628 seq.
1021 2592 1111 2625 (axin).

944 210 1124 236 BULLARIUM
1147 208 1299 233 ROMANUM

1142 260 1278 299 propter
1301 255 1444 287 rationes
1471 254 1545 287 alibi
1571 254 1696 294 allatas,
1722 258 1755 286 et
1769 257 1872 285 tantas

1142 307 1347 341 difficultates
1373 307 1413 339 de
1439 306 1490 339 die
1516 305 1548 338 in
1568 305 1653 339 diem
1679 305 1781 348 magis
1806 315 1875 337 cre-

1143 366 1281 399 scentes,
1307 359 1454 403 quinimo
1478 369 1539 391 nec
1563 357 1695 401 pacifice
1721 358 1753 390 in
1772 358 1874 391 tribus

1144 412 1368 451 conventibus,
1391 412 1445 455 qui
1472 411 1518 444 eis
1536 415 1720 454 supersunt,
1736 411 1874 451 vivendi,

1144 465 1206 498 nisi
1231 477 1248 498 a
1273 465 1355 499 dicta
1379 464 1547 508 provincia
1566 464 1696 496 maioris
1715 463 1875 496 Turoni-ae

1144 518 1278 551 omnino
1310 522 1527 560 separentur,
1554 523 1620 549 tum
1645 521 1781 559 propter
1811 516 1876 549 exi-

1145 572 1299 614 guitatem
1324 571 1495 613 ipsorum,
1521 574 1590 601 tum
1616 574 1751 612 propter
1775 579 1878 612 penu—

1145 624 1225 656 riam
1250 624 1398 656 locorum
1430 628 1461 655 et
1492 622 1644 654 iniuriam
1670 627 1876 664 temporum:

1145 676 1238 710 nobis
1263 681 1439 719 propterea
1457 674 1533 708 dicti
1551 679 1753 718 exponentes
1771 674 1878 707 humi-

1145 728 1220 761 liter
1259 727 1436 771 supplicari
1477 728 1628 760 fecerunt
1666 733 1701 759 ut
1740 726 1801 759 sibi
1838 726 1877 759 de

1145 781 1253 814 medio
1277 785 1463 824 opportuno
1488 780 1635 822 regulam
1657 790 1747 811 suam
1764 779 1803 812 ad
1828 779 1880 812 lit·

1145 840 1248 867 teram
1288 832 1482 866 observandi
1522 832 1609 864 iuxta
1640 832 1879 875 praescriptum

1146 887 1363 930 praefatarum
1405 885 1580 918 Clementis
1613 884 1878 927 praedecessoris

1147 939 1335 978 litterarum,
1361 937 1479 980 quibus
1500 947 1613 977 omnes
1626 942 1658 969 et
1673 937 1789 979 singuli
1804 937 1880 969 sub-

1147 991 1360 1034 scripserunt,
1374 990 1558 1033 providere,
1575 994 1606 1022 et
1622 990 1660 1022 ad
1679 990 1765 1022 hunc
1781 989 1880 1023 finem

1148 1044 1233 1087 (cum
1268 1043 1329 1076 soli
1362 1043 1478 1074 fratres
1503 1042 1680 1075 Recollecti
1712 1042 1745 1074 in
1780 1042 1882 1075 Gallia

1148 1098 1208 1131 sub
1230 1096 1322 1129 dictis
1348 1095 1524 1129 Clementis
1546 1095 1813 1139 praedecessoris
1831 1095 1882 1129 lit-

1149 1150 1225 1183 teris
1245 1150 1391 1191 regulam
1410 1149 1554 1191 servent)
1569 1147 1659 1191 ipsis,
1673 1153 1718 1187 ut,
1733 1151 1797 1181 una
1810 1159 1882 1181 cum

1148 1202 1324 1247 praedictis
1350 1202 1417 1234 suis
1437 1201 1538 1234 tribus
1560 1201 1786 1241 conventibus,
1806 1201 1883 1235 vici-

1148 1256 1232 1289 niori
1269 1260 1321 1288 aut
1354 1253 1569 1288 commodiori
1602 1254 1790 1298 provinciae
1821 1255 1884 1288 sra-

1149 1314 1234 1342 trum
1253 1308 1513 1340 Recollectorum
1538 1316 1597 1340 seu
1621 1307 1884 1341 Reformatorum

1148 1362 1182 1394 in
1206 1361 1324 1401 Gallia,
1350 1371 1469 1404 nempe
1495 1360 1683 1404 provinciae
1709 1360 1740 1393 S.
1767 1361 1884 1394 Mariae

1149 1414 1366 1457 Magdatenae,
1393 1423 1486 1456 quae,
1503 1418 1668 1446 annuente
1684 1413 1803 1446 dilecto
1817 1413 1883 1447 filio

1150 1467 1300 1501 ministro
1326 1465 1471 1509 generali
1498 1466 1575 1499 dicti
1600 1466 1738 1507 Ordinis,
1760 1476 1816 1499 eos
1833 1476 1885 1499 re-

1150 1520 1260 1564 cipere
1291 1525 1403 1563 parata
1428 1525 1491 1561 est,
1518 1524 1644 1553 servato
1676 1524 1782 1552 tamen
1813 1519 1884 1552 iure

1150 1574 1422 1617 uniuscuiusque,
1446 1573 1532 1606 uniri
1559 1578 1591 1606 et
1612 1572 1816 1616 incorporari
1836 1583 1886 1606 va-

1151 1628 1239 1660 leant
1251 1625 1522 1670 permittere‚et¹,
1537 1626 1575 1659 ad
1590 1625 1673 1658 hanc
1685 1625 1840 1658 unionem
1854 1630 1887 1658 et

1151 1680 1454 1724 incorporationem
1478 1679 1729 1723 perficiendam,
1755 1680 1885 1722 plenam

1151 1738 1348 1777 potestatem
1383 1732 1605 1766 commissario
1636 1742 1696 1775 per
1732 1732 1885 1765 eumdem

1152 1786 1338 1820 ministrum
1363 1787 1550 1829 generalem
1569 1785 1755 1829 deputando
1772 1795 1887 1818 conce-

1153 1840 1231 1873 dere
1256 1840 1295 1873 de
1321 1839 1522 1882 benignitate
1540 1838 1719 1882 apostolica
1736 1838 1887 1881 dignare-

1153 1903 1237 1933 mur,
1248 1892 1293 1925 ita
1303 1890 1518 1935 ut‚persecta‘²
1531 1902 1548 1924 a
1562 1891 1647 1924 dicto
1662 1891 1886 1925 commissario

1151 1945 1273 1981 unione
1299 1956 1357 1978 seu
1381 1944 1646 1988 incorporatione
1671 1944 1885 1984 huiusmodi,

1154 1998 1301 2032 minister
1325 1997 1534 2042 provincialis
1564 1997 1667 2030 dictae
1700 1997 1886 2041 provinciae

1154 2052 1184 2085 S.
1212 2051 1327 2084 Mariae
1352 2051 1559 2093 Magdalenae
1591 2050 1793 2093 supradictos
1819 2055 1885 2082 tres

1154 2109 1330 2138 conventus
1357 2108 1389 2136 et
1412 2104 1527 2135 fratres
1560 2112 1674 2135 omnes
1703 2102 1735 2134 in
1761 2101 1806 2134 eis
1833 2102 1887 2134 de-

1155 2162 1288 2200 gentes,
1321 2156 1405 2188 sicut
1437 2156 1517 2188 alios
1550 2155 1664 2187 fratres
1697 2155 1886 2198 provinciae

1155 2208 1352 2249 huiusmodi,
1372 2209 1403 2241 in
1424 2214 1590 2252 posterum
1611 2207 1742 2241 visitare
1761 2213 1793 2240 et
1816 2218 1887 2241 cor-

1154 2262 1270 2305 rigere,
1297 2272 1332 2294 ac
1357 2262 1395 2293 de
1420 2261 1484 2293 illis
1511 2261 1594 2293 sicut
1619 2261 1657 2293 de
1683 2260 1753 2293 aliis
1779 2261 1888 2304 dispo-

1154 2326 1232 2349 nere
1254 2315 1370 2358 possit,
1390 2314 1527 2347 maxime
1545 2325 1627 2354 cum,
1643 2319 1781 2358 propter
1805 2315 1888 2348 hanc

1155 2369 1309 2402 unionem
1327 2379 1385 2401 seu
1403 2368 1715 2411 incorporationem,
1731 2379 1791 2401 nec
1805 2368 1888 2401 dicta

1155 2422 1310 2462 custodia,
1337 2432 1398 2454 nec
1422 2422 1588 2465 provincia
1610 2421 1775 2465 praedicta
1800 2421 1887 2464 quic-

1155 2486 1252 2519 quam
1277 2485 1375 2518 super
1398 2475 1469 2508 aliis
1484 2480 1682 2508 memoratae
1699 2474 1886 2518 provinciae

1191 2547 1200 2572 1
1218 2545 1437 2572 Coniunctionern
1453 2549 1478 2572 et
1494 2554 1542 2572 nos
1553 2545 1677 2572 addimus
1691 2546 1731 2577 (n.
1748 2545 1796 2576 τ.).

1188 2591 1206 2618 2
1224 2590 1290 2618 Male
1306 2591 1348 2619 ed,
1360 2590 1531 2618 Main.habet
1545 2590 1587 2619 ica
1602 2599 1632 2618 re
1646 2591 1775 2626 perfecta
1790 2588 1885 2625 (mr.)-

1884 205 1932 231 An.
1948 203 1976 230 C.
1999 203 2065 230 ¹663
