2247 3208
201 299 214 320 Γ·

275 286 303 313 C.
324 286 391 314 1609

439 277 502 310 754

400 389 538 422 centiam
563 393 594 420 et
619 387 802 419 facultatem
826 384 1003 427 apostolica
1028 388 1137 415 aucto-

401 443 493 474 ritate
538 446 647 472 tenore
690 437 909 481 praesentium
952 436 1159 479 respective=

400 493 608 527 concedimus
635 497 666 523 et
691 491 912 534 impartimur,
929 490 1043 523 missas
1063 500 1137 532 quo-

401 558 462 590 que
488 557 546 589 per
565 546 677 577 horam
695 549 767 576 ante
786 554 936 576 auroram
950 543 1011 586 ipsi
1028 548 1136 585 patres

401 598 566 632 Societatis
593 597 757 630 celebrare
773 596 908 639 possint,
928 606 964 628 ac
981 606 1053 628 cum
1069 595 1135 628 suis

401 651 611 694 regularibus,
638 655 673 681 ut
697 650 735 682 ad
753 659 860 682 sacros
883 649 978 682 etiam
1004 650 1137 692 presby-

402 710 520 737 teratus
546 703 674 736 ordines
700 713 758 745 per
783 712 903 734 annum
932 707 1006 734 ante
1035 701 1137 743 legiti-

399 767 481 789 mam
498 761 637 788 aetatem
655 755 840 798 promoveri
855 755 990 798 possint,
1007 754 1137 797 dispen-

399 819 470 841 sare
497 810 643 848 valeant,
671 806 817 839 similiter
849 807 1072 839 concedimus.
1100 806 1137 838 Et

399 863 542 904 insuper,
571 861 644 904 quia
662 872 677 892 a
699 860 862 893 nonnullis
884 860 1063 892 dubitatum
1079 870 1136 892 seu

400 914 592 947 haesitatum
619 913 678 945 suit
703 923 742 944 an
768 922 880 944 omnes
906 911 1078 954 indigenae
1103 912 1136 944 il-

398 968 503 1000 larum
535 965 708 1008 regionum
741 963 869 997 oriundi
904 969 936 996 et
972 965 1136 997 naturales

399 1025 431 1053 ct
454 1019 704 1051 christianorum
730 1017 956 1060 indigenarum
976 1017 1072 1050 etiam
1085 1018 1137 1050 ba-

399 1072 589 1116 ptizatorum
616 1071 673 1103 lilii
699 1070 793 1103 etiam
811 1070 843 1102 in
863 1079 975 1102 eorum
1001 1070 1137 1102 infantia

398 1124 550 1167 baptizati
577 1124 646 1155 iure
685 1123 840 1166 neophyti
874 1122 1034 1165 appellari
1062 1133 1137 1166 pos-

399 1178 480 1210 sint:
508 1176 627 1209 idcirco
645 1182 757 1209 tenore
779 1176 966 1208 earumdem
984 1186 1137 1218 praesen-

399 1230 477 1262 tiuni
505 1229 707 1262 decernimus
737 1234 769 1261 et
793 1229 993 1262 declaramus
1024 1239 1135 1262 omnes

399 1283 555 1316 oriundos
589 1292 644 1315 seu
678 1283 840 1314 naturales
880 1282 1137 1324 supradictarum

389 1336 541 1377 ,omnium
560 1341 621 1368 tani
639 1335 844 1368 orientalium
870 1346 964 1378 quam
990 1335 1139 1368 occiden-

399 1389 510 1421 talium
537 1388 697 1431 partium,
731 1388 794 1421 imo
821 1388 944 1420 etiamsi
970 1388 1137 1431 xEtliiopes

400 1442 558 1484 Angulani
585 1442 635 1474 vel
661 1441 846 1484 quarumvis
872 1441 1007 1474 aliarum
1036 1447 1138 1475 trans-

400 1495 597 1527 n‘iarinarum
623 1494 814 1536 regionum,
840 1494 964 1527 etiamsi
991 1495 1138 1528 christia-

401 1558 513 1580 norum
539 1546 596 1579 filii
623 1552 655 1580 et
680 1547 713 1579 in
738 1547 872 1580 infantia
896 1548 1065 1591 baptizati,
1090 1550 1138 1582 vel

402 1601 497 1633 etiam
517 1600 600 1633 inter
619 1611 651 1633 se
668 1601 717 1633 vel
737 1611 808 1633 cum
822 1601 998 1644 Europaeis
1016 1601 1139 1635 mixtim

400 1653 563 1697 progeniti
577 1653 648 1693 sint,
668 1654 706 1686 ad
717 1654 935 1686 concessionis
954 1654 1138 1688 huiusmodi

403 1706 568 1746 effectum,
596 1717 664 1738 esse
698 1707 892 1751 etintelligi
916 1707 1035 1740 debere
1060 1719 1139 1742 neo-

402 1760 532 1802 phytos·
562 1759 731 1802 dictosque
756 1760 965 1803 presbyteros
990 1772 1063 1793 cum
1086 1762 1140 1794 hu-

404 1813 505 1845 iusmo
542 1839 549 1851 ‚
575 1818 610 1844 ut
628 1814 676 1846 vel
694 1813 900 1846 matrimonio
921 1814 1072 1857 coniungi
1091 1816 1139 1848 vel

405 1866 435 1897 in
461 1866 523 1898 iam
548 1870 714 1899 contracto
736 1877 903 1899 remanere
922 1868 1055 1910 possint,
1074 1869 1139 1902 sive

404 1928 515 1950 eorum
540 1919 619 1951 alter
645 1924 767 1951 tantum
791 1920 855 1953 sive
877 1920 973 1953 etiam
1004 1926 1139 1965 uterque

404 1970 478 2003 inde
505 1971 661 2004 oriundus
677 1983 712 2005 ac
726 1972 860 2015 proprie
881 1973 1034 2015 indigena
1051 1973 1091 2006 sit
1108 1974 1140 2006 in

406 2024 495 2065 locis,
522 2029 553 2057 et
577 2025 654 2057 alias
682 2030 717 2057 ut
745 2036 849 2069 supra,
876 2026 910 2058 in
936 2027 1142 2069 quibuscum-

406 2088 466 2120 que
492 2078 780 2120 consanguinitatis
806 2080 855 2112 vel
881 2079 1043 2112 affinitatis
1073 2090 1142 2122 gra-

406 2130 498 2163 dibus
520 2131 587 2164 iure
613 2132 720 2164 divino
752 2137 787 2164 ut
821 2143 917 2176 supra
941 2143 1006 2166 non
1031 2134 1141 2177 prohi-

405 2183 499 2223 bitis,
526 2184 630 2227 primo
657 2190 810 2228 excepto,
837 2191 868 2218 et
892 2186 971 2219 alias
998 2192 1033 2218 ut
1053 2197 1142 2230 prae-

407 2235 523 2277 fertur,
550 2237 648 2278 gratis
673 2243 797 2277 tamen,
824 2238 1014 2281 dispensare
1046 2250 1141 2282 posse

406 2289 611 2321 concedimus
630 2295 661 2322 et
680 2290 896 2333 indulgemus.
924 2291 1005 2330 Quin
1030 2292 1138 2333 etiam,

407 2340 482 2383 quia
507 2341 544 2373 de
570 2342 694 2375 mixtim
719 2345 910 2386 progenitis,
930 2356 1012 2388 quos
1032 2346 1141 2378 mesti-

406 2403 455 2424 sos
481 2399 602 2433 vocant,
629 2396 729 2428 maius
752 2397 886 2430 dubium
915 2408 983 2431 esse
1016 2399 1141 2441 accepi-

407 2456 485 2485 mus,
501 2456 570 2478 cum
586 2447 706 2480 eisdem
724 2450 872 2490 mestisis,
890 2460 969 2493 quos
995 2450 1141 2484 similiter

407 2499 446 2532 ad
472 2499 559 2531 hunc
584 2500 730 2534 ellectum
755 2504 936 2547 neophytos
957 2505 1139 2538 censendos

408 2563 475 2586 esse
501 2554 716 2596 decernimus,
743 2556 776 2588 in
801 2557 953 2599 gradibus
980 2564 1011 2591 et
1033 2559 1141 2592 matri-

408 2605 522 2638 moniis
549 2608 719 2640 conlractis
747 2614 777 2641 et
794 2610 1027 2644 contrahendis
1045 2622 1140 2655 prae-

409 2659 510 2700 dictis,
537 2660 633 2703 gratis
660 2666 777 2703 tamen,
804 2663 979 2698 dummodo
1004 2675 1071 2699 non
1095 2665 1140 2699 ita

978 282 1157 307 numanum
1181 280 1332 305 Romnum

401 335 490 368 eialis
530 333 678 377 personis
717 331 822 374 dignis
862 330 1062 363 concedendi
1100 329 1159 362 Ιί-Ἰ

1182 328 1275 362 facile
1300 329 1332 362 id
1358 328 1431 368 fiat,
1464 328 1672 372 dispensare,
1704 329 1914 374 eisdemque¹

1180 382 1376 425 presbyteris
1403 382 1588 415 facultatem
1609 382 1750 426 desuper
1770 384 1914 417 concedi-

1180 446 1248 467 mus
1273 440 1502 478 opportunam.

1226 489 1240 531 ἓ
1264 488 1295 522 3.
1331 488 1547 521 Decernentes
1577 490 1779 534 presbyteros
1811 489 1913 523 dictae

1180 541 1347 575 Societatis
1366 552 1460 584 super
1476 541 1671 585 praemissis,
1690 547 1721 574 et
1740 543 1811 575 aliis
1830 543 1915 576 iuxta

1181 595 1350 627 facultates
1376 593 1558 637 praedictas
1584 600 1616 627 et
1639 595 1767 627 illarum
1791 595 1915 637 vigore,

1180 650 1305 680 servata
1332 652 1437 680 tamen
1464 647 1591 680 illarum
1617 648 1730 688 forma,
1756 659 1917 692 exequen-

1181 700 1240 740 dis,
1267 711 1304 733 ex
1331 701 1443 744 quovis
1463 701 1526 734 alio
1544 706 1710 744 praetextu
1731 702 1780 734 vel
1798 699 1916 744 'quovis

1180 755 1288 786 colore
1313 764 1372 797 per
1397 764 1619 797 quoscumque
1637 754 1698 787 loci
1719 754 1915 795 Ordinarios·‚

1179 817 1235 839 seu
1260 806 1340 840 alios
1366 806 1551 849 superiores
1569 812 1600 839 et
1618 806 1738 839 iudices
1765 807 1918 840 ecclesia-

1180 860 1276 893 sticos
1301 865 1332 892 et
1356 861 1536 893 saeculares
1552 887 1560 900 ,
1591 859 1701 902 quavis
1726 860 1916 894 auctoritate

1180 913 1361 955 fungentes,
1388 913 1562 951 molestari,
1582 914 1763 956 perturbari
1788 915 1838 947 vel
1869 914 1918 947 in-

1180 965 1319 1008 quietari
1333 966 1515 998 nullatenus
1528 976 1640 1008 posse3
1656 966 1765 1009 sicque
1779 966 1811 999 in
1825 977 1918 1010 prae-

1179 1019 1283 1051 missis
1315 1028 1373 1062 per
1389 1027 1608 1062 quoscumque
1635 1019 1770 1060 iudices,
1794 1020 1920 1053 sublata

1180 1073 1226 1105 eis
1251 1078 1283 1106 et
1308 1083 1421 1106 eorum
1447 1073 1579 1105 cuilibet
1613 1073 1722 1115 quavis
1756 1073 1848 1106 aliter
1872 1074 1920 1106 iu-

1180 1125 1310 1158 dicandi
1331 1130 1363 1159 et
1387 1125 1622 1169 interpretandi
1644 1126 1793 1158 facultate
1812 1131 1844 1158 ct
1868 1137 1921 1159 au-

1180 1179 1339 1219 ctoritate,
1366 1179 1501 1212 iudicari
1520 1184 1551 1211 et
1575 1178 1703 1211 definiri
1729 1179 1858 1219 debere,
1885 1190 1923 1212 ao

1181 1233 1309 1265 irritum
1337 1238 1369 1266 et
1401 1232 1497 1265 inane
1522 1232 1549 1264 si
1574 1242 1665 1264 secus
1701 1242 1799 1276 super
1824 1232 1874 1265 his
1902 1243 1921 1265 a

1181 1296 1351 1329 quoquam,
1368 1285 1478 1328 quavis
1496 1284 1693 1325 auctoritate,
1711 1285 1852 1318 scienter
1868 1286 1917 1318 vel

1180 1339 1381 1381 ignoranter,
1409 1338 1580 1380 eontigerit
1605 1338 1765 1370 attentari.

1227 1392 1241 1435 ξ
1265 1391 1297 1424 li.
1324 1391 1393 1424 Non
1418 1391 1622 1423 obstantibus
1650 1390 1855 1433 praemissis,
1882 1401 1918 1423 ac

1181 1445 1345 1487 quibusvis
1376 1443 1661 1476 constitutionibus
1687 1448 1717 1476 et
1742 1443 1919 1476 ordinatio-

1182 1498 1278 1530 nibus
1304 1496 1499 1540 apostolicis,
1519 1506 1566 1536 ae,
1583 1502 1742 1539 quatenus
1767 1507 1850 1540 opus
1867 1496 1917 1536 sit,

1183 1553 1292 1584 nostra
1317 1551 1356 1583 de
1380 1560 1446 1582 non
1467 1549 1683 1582 concedendis
1707 1549 1919 1591 indulgentiis

1183 1604 1221 1637 ad
1240 1603 1349 1643 instar,
1365 1602 1490 1636 statutis
1506 1607 1537 1635 et
1553 1601 1856 1642 consuetudinibus,
1869 1613 1921 1635 ce-

1183 1656 1324 1699 terisque
1349 1655 1520 1688 contrariis
1538 1655 1807 1699 quibuscumque.
1831 1655 1921 1689 Prae-

1183 1708 1328 1741 sentibus
1348 1709 1387 1741 ad
1407 1708 1519 1750 viginti
1535 1718 1648 1749 annos,
1667 1719 1685 1740 a
1700 1708 1920 1741 fine-aliorum

1183 1762 1295 1804 viginti
1321 1771 1480 1794 annorum
1497 1761 1537 1794 ad
1554 1771 1635 1804 quos
1653 1761 1774 1793 similes
1799 1761 1920 1803 gratiae

1184 1828 1201 1849 a
1222 1816 1324 1849 felicis
1343 1815 1579 1849 recordationis
1596 1814 1785 1848 Innocentio
1798 1814 1883 1859 Papa
1896 1815 1921 1848 X

1184 1869 1437 1912 praedecessore
1458 1874 1569 1902 nostro
1587 1878 1764 1901 concessae
1790 1868 1922 1900 suerunt

1184 1923 1395 1962 inchoandos,
1418 1926 1541 1954 tantum
1566 1921 1719 1954 valituris.

1228 1976 1344 2008 Datum
1368 1976 1509 2015 Romae,
1533 1975 1620 2018 apud
1646 1974 1677 2007 S.
1708 1974 1839 2007 Mariam
1864 1974 1921 2007 Ma-

1185 2029 1307 2069 iorem,
1335 2029 1395 2062 sub
1423 2029 1544 2061 annulo
1576 2027 1762 2067 piscatoris,
1783 2027 1834 2060 die
1863 2038 1921 2062 vm

1185 2081 1320 2121 ianuarii
1355 2080 1534 2120 iinctx1x2,
1569 2079 1780 2124 pontificatus
1813 2079 1920 2112 nostri

1185 2145 1270 2167 anno
1296 2145 1331 2168 11.
1834 2138 1837 2140 '

1220 2196 1277 2224 Dat.
1299 2196 1342 2224 die
1361 2196 1377 2223 8
1396 2195 1510 2224 ianuarii
1531 2195 1607 2229 1669,
1628 2203 1697 2222 anno
1718 2201 1746 2222 11.

1506 2363 1594 2397 XCII.

1186 2452 1395 2495 Confirmatio
1408 2457 1606 2486 statutorum
1617 2463 1676 2496 pro
1689 2452 1779 2496 felici
1791 2452 1922 2496 reqimi-

1228 2517 1266 2539 ne
1295 2498 1465 2550 hospitalis
1491 2517 1674 2550 pauperum
1701 2510 1918 2549 septuayenoe

1227 2560 1353 2592 riorum
1377 2560 1416 2592 ab
1440 2559 1803 2602 arcltc'confralernilale
1820 2558 1852 2592 S.
1874 2558 1922 2591 Io-

1219 2632 1229 2656 1
1250 2629 1340 2657 Potius
1356 2630 1414 2665 lege
1430 2630 1537 2656 eisdem
1553 2630 1592 2663 (n.
1608 2632 1655 2661 τ,).

1216 2674 1233 2702 2
1247 2674 1314 2702 Male
1329 2674 1394 2702 edit.
1411 2674 1489 2702 Maia.
1507 2674 1591 2701 habet
1609 2682 1657 2701 αη.
1678 2673 1746 2700 1668
1767 2677 1803 2700 (a.
1820 2672 1869 2709 τ.).

1917 283 1968 310 An.
1988 284 2017 311 C.
2041 284 2107 311 1669

1925 501 2036 532 Clanis-ulae
2047 508 2108 528 prae-

1924 531 2049 549 serralii'ae.

1996 1400 2112 1421 Contrariis

1928 1427 2024 1452 dei-ngat.
