2247 3208
210 243 260 269 An.
277 241 305 269 6.
329 241 397 269 1668
442 230 507 265 634

243 1723 318 1743 Annuit
339 1723 392 1743 Pou-

209 1750 258 1769 tis‹·x
288 1752 350 1774 prout
373 1755 392 1769 111

209 1778 304 1797 rubuit-a.

404 286 563 331 impositis
580 290 611 318 et
628 283 737 319 auctis
753 280 969 319 contribuere,
983 288 1019 312 ac
1036 279 1140 321 gabel-

404 343 449 373 1615
467 350 523 371 5611
544 338 623 370 515115
643 336 831 379 praedictas,
850 334 936 365 iuxta
957 332 1139 364 litterarum

404 397 588 425 nostrarum
612 390 645 421 in
672 389 774 421 formu
794 386 901 420 Brevis
926 395 1025 428 super
1049 394 1140 427 prae-

404 445 487 477 dicta
527 442 657 475 licentia
688 451 743 473 seu
776 438 1011 482 approbatione
1044 446 1140 479 expe-

403 496 594 529 mendarum
620 495 764 532 sormam,
787 491 1017 525 continentiam
1044 494 1075 521 et
1095 495 1140 521 te—

402 559 524 587 norem,
543 548 731 590 persolvere
750 546 923 583 deberent;
943 543 1062 576 idcirco
1081 552 1139 585 pro

402 607 494 645 parte
512 601 658 633 eiusdem
683 598 858 631 maiestatis
876 603 947 630 tuae
968 597 1062 629 nobis
1081 596 1141 627 suit

402 655 571 688 humiliter
595 653 809 696 supplicatum
826 662 885 695 pro
903 650 1138 694 approbatione

404 708 514 741 oneris
538 706 636 745 cleri,
663 705 872 739 ecclesiarum
889 732 896 745 ‚
927 705 1139 746 locorumque

401 760 531 803 piorum
555 764 587 792 et
611 768 825 801 personarum
849 756 1140 789 ecclesiasticarum

402 814 441 846 ad
455 812 729 845 contribuendum
742 811 776 843 in
794 810 959 853 praedicto
974 808 1138 848 sexennio,

403 864 591 907 incipiendo
628 875 645 896 a
680 863 847 906 praedicto
880 872 989 894 mense
1015 860 1139 903 angusti

401 917 559 950 currentis
586 916 661 948 anni
687 925 851 949 ninchvni
883 921 915 946 et
937 919 972 946 ut
996 913 1141 955 sequitur

402 981 504 1013 usque
537 971 577 1003 ad
602 979 744 1002 mensem
772 969 898 1011 augusti
924 977 1081 1001 nocuum
1106 967 1141 999 fi-

402 1023 531 1062 niendo,
548 1023 581 1055 in
597 1022 769 1065 praedictis
787 1021 858 1054 sisis
877 1025 908 1053 et
925 1020 1061 1063 gabellis
1078 1019 1141 1052 iam

401 1081 436 1108 ut
471 1076 654 1118 praefertur
688 1074 852 1117 impositis
887 1078 919 1106 et
951 1073 1049 1106 auctis
1080 1083 1139 1115 pro

401 1128 563 1161 solutione
578 1128 819 1170 praedictorum
832 1127 1012 1160 millionum
1029 1126 1141 1158 decem

402 1186 434 1213 et
459 1191 572 1214 11016111
598 1191 668 1212 611111
694 1170 826 1212 dir'nidio
862 1179 996 1212 ulterius
1022 1178 1141 1210 millio-

402 1234 463 1273 nis,
491 1238 611 1265 attento
637 1234 734 1275 quod,
748 1238 783 1264 ut
805 1232 953 1264 maiestas
978 1237 1031 1264 tua
1054 1241 1142 1264 asse-

402 1285 467 1325 rit,
494 1290 606 1327 agatur
631 1285 670 1317 de
695 1285 857 1318 communi
894 1284 1084 1317 defensione
1110 1289 1141 1316 et

402 1339 561 1371 interesse
588 1345 651 1371 tum
676 1339 832 1372 lautorum
858 1348 955 1381 quam
981 1337 1069 1377 cleri,
1090 1347 1141 1369 66-

403 1391 582 1431 clesiarum,
609 1393 754 1425 locorum
778 1392 905 1434 piorum
931 1396 962 1423 et
986 1400 1141 1434 personu-

402 1454 474 1476 rum
498 1444 789 1477 ecclesiasticarum
821 1444 1062 1486 praedictorum
1091 1453 1141 1475 re-

403 1508 548 1539 gnorum,
569 1498 722 1540 qnodque
739 1498 904 1529 facultates
926 1496 1083 1529 laicorum
1101 1496 1140 1528 ad

402 1560 559 1582 summam
598 1551 796 1593 praedictum
832 1549 1066 1582 conficiendam
1103 1552 1141 1582 ed

403 1614 466 1646 qua
490 1604 621 1646 expedit
644 1603 807 1636 celeritate
832 1604 913 1635 inira
940 1608 1063 1645 tempus
1084 1613 1141 1645 op-

402 1661 576 1699 portunum
603 1666 666 1689 non
691 1657 885 1688 sufficerent.

447 1709 461 1751 ἓ
486 1708 516 1741 ⁶2.
545 1708 607 1741 Nos
630 1708 737 1751 igitur,
756 1709 877 1741 nedum
903 1713 1085 1751 promptam
1110 1713 1142 1740 et

404 1762 640 1804 obsequentem
665 1763 854 1794 corumdem
885 1762 1041 1794 laieorum
1067 1761 1141 1793 sub-

404 1814 542 1847 ditorum
569 1820 693 1847 tuorum
718 1824 793 1856 erga
812 1820 841 1846 te
855 1814 1063 1853 oblatiffliem,
1084 1814 1140 1846 sed

404 1867 500 1900 etiam
520 1867 694 1899 maiestatis
717 1872 787 1899 tuae
810 1878 885 1910 erga
910 1867 1007 1900 iidem
1030 1867 1141 1899 catho-

402 1920 497 1953 licam
516 1920 620 1953 zelum
635 1921 910 1959 commendantes,
928 1920 1011 1952 etad
1029 1920 1142 1962 ingen-

405 1979 453 2006 tes
469 1979 624 2016 sumptus,
636 1973 752 2016 quibus
766 1973 915 2006 initiestas
930 1978 982 2005 tun
995 1978 1141 2014 gravatur

405 2028 447 2059 ob
485 2026 612 2059 assidua
643 2036 726 2068 quae
756 2036 815 2068 pro
846 2025 1033 2058 defensione
1066 2025 1140 2060 fidei

406 2079 584 2112 catholicae
619 2084 809 2121 tuorumque
832 2089 1007 2120 regnorum
1032 2083 1063 2111 et
1087 2078 1142 2110 do-

405 2132 580 2164 miniorum
604 2132 720 2173 iugiter
744 2131 775 2163 in
797 2131 943 2174 pluribus
965 2131 1054 2164 orbis
1071 2141 1142 2174 par-

406 2185 492 2217 tibus
516 2184 650 2217 sustinet
667 2185 762 2223 bella,
784 2189 938 2226 paternae
965 2183 1141 2226 dirigentes

406 2237 677 2270 considerationis
701 2236 861 2274 intuitum,
888 2241 977 2268 motu
994 2235 1139 2278 proprio,

406 2296 437 2323 et
462 2301 497 2322 cx
523 2292 609 2322 cert&
634 2289 767 2322 scicntia
788 2295 819 2322 et
835 2291 959 2321 maturet
984 2288 1142 2321 delibera-

406 2343 493 2376 tione
520 2343 648 2382 nostris‚
676 2344 779 2385 deque
809 2342 1009 2385 apostolicae
1034 2346 1143 2383 potes-

406 2396 482 2428 tatis
514 2394 736 2438 plenitudine,
765 2396 912 2427 volentes
944 2394 1143 2426 maiestatem

407 2455 495 2482 tuam
520 2449 627 2480 favore
653 2447 806 2490 prosequi
833 2447 987 2489 gratioso,
1010 2447 1141 2485 clerum,

408 2512 584 2545 omnesque
622 2506 654 2533 et
690 2501 832 2542 singulas
865 2500 1015 2533 eeclesias
1031 2526 1038 2540 ‚
1075 2500 1144 2531 loca

408 2556 481 2601 pia,
508 2565 725 2599 personasque
751 2554 980 2586 ecclesiasticas
1006 2557 1070 2585 tam
1096 2563 1144 2584 se-

411 2611 535 2644 culi-„res
556 2619 650 2653 quum
668 2607 805 2639 cuiusvis
823 2606 958 2646 Ordinis,
976 2605 1073 2638 etiam
1090 2615 1144 2637 ex-

985 231 1164 256 BULLARIUM
1189 229 1340 254 ROMANUM

1184 277 1308 320 empti,
1336 276 1432 309 etiam
1464 276 1633 310 Societatis
1660 277 1730 311 lesu
1746 304 1753 317 ‚
1779 282 1810 310 et
1835 277 1919 320 Apo-

1184 329 1317 363 stolicae
1334 329 1407 362 Sedi
1429 330 1615 362 immediate
1629 330 1777 370 subiecti,
1796 331 1919 372 regula-

1182 393 1243 421 res,
1265 393 1390 415 necnon
1414 382 1613 415 monasteria
1632 382 1798 425 utriusque
1816 393 1917 422 sexus,

1183 440 1360 468 conventus
1386 440 1417 467 et
1443 436 1589 476 collegia,
1618 446 1654 468 ac
1678 436 1816 478 capitula
1842 447 1920 479 qua-

1183 497 1394 530 rumcumque
1420 487 1631 520 ecclesiarum
1665 498 1838 530 regnorum
1863 488 1919 521 Ca-

1183 541 1294 573 stellae
1327 545 1358 572 et
1383 540 1533 582 Legionis
1559 540 1800 582 praedictorum
1826 551 1861 573 ac
1886 541 1919 574 in

1184 593 1306 625 eisdem
1331 593 1439 634 regnis
1465 598 1704 625 commorantes
1729 597 1761 625 et
1785 603 1920 626 commo·

1182 645 1295 685 rantia,
1311 650 1342 678 et
1366 645 1545 689 respective
1571 645 1784 678 consistentes
1802 650 1833 678 et
1848 656 1920 678 con-

1183 698 1338 737 sistentia,
1354 698 1392 730 ad
1409 698 1644 730 conserendum
1663 702 1694 730 et
1711 697 1920 730 contribuen-

1184 751 1258 783 dum
1284 761 1342 793 pro
1361 760 1471 782 eorum
1489 751 1556 782 rate
1581 750 1621 782 ad
1641 749 1744 782 instar
1761 750 1920 783 laicorum

1182 802 1215 835 in
1242 803 1333 835 dictis
1359 802 1492 845 gabellis
1518 813 1574 835 seu
1604 802 1674 835 sisis
1701 803 1807 846 quoad
1832 813 1920 846 prae-

1184 855 1300 888 dictam
1325 866 1482 888 summam
1502 856 1666 888 dumtaxat
1684 857 1796 889 decem
1814 861 1846 888 et
1862 866 1920 889 no-

1182 918 1252 939 vem
1290 907 1474 940 millionum
1508 918 1579 940 cum
1615 908 1748 941 dimidio
1787 908 1918 941 alterius

1183 960 1340 992 millionis
1366 961 1604 1002 praedictorum
1621 967 1769 994 monetae
1786 961 1918 995 illorum

1183 1023 1379 1055 regnorum,
1407 1014 1570 1046 mediante
1603 1014 1726 1060 scilicet
1757 1015 1919 1048 solutione

1183 1066 1421 1108 praedicturum
1442 1066 1641 1107 gabellarum
1658 1077 1714 1099 seu
1733 1067 1869 1099 sisarum
1885 1067 1920 1100 in

1183 1119 1349 1161 praedictat
1382 1118 1561 1161 quantitate
1596 1124 1718 1151 tantum
1755 1125 1787 1152 et
1821 1130 1920 1163 super

1183 1172 1359 1215 praedictis
1385 1182 1493 1204 rerum
1513 1171 1680 1215 speciebus
1705 1173 1870 1205 dumtaxat
1885 1173 1919 1205 in

1184 1225 1275 1258 dictis
1294 1224 1402 1267 regnis
1421 1225 1614 1267 colligendis
1636 1230 1668 1257 et
1691 1226 1917 1258 consumendis

1182 1284 1217 1311 ut
1242 1279 1424 1322 praefertur
1440 1278 1666 1321 impositarum
1686 1278 1823 1311 durante
1848 1289 1919 1312 sex-

1183 1331 1280 1363 ennio
1302 1331 1464 1363 dumtaxat
1487 1342 1504 1363 a
1528 1331 1695 1373 praedicto
1723 1341 1836 1364 mense
1865 1342 1919 1364 au-

1183 1383 1265 1426 gusti
1291 1384 1449 1416 currentis
1475 1384 1549 1416 anni
1574 1390 1804 1424 MDCva111‚ut
1827 1393 1920 1427 prae-

1182 1436 1328 1475 mittitur,
1344 1436 1531 1479 incipiendo
1550 1442 1582 1468 et
1595 1442 1630 1468 ut
1645 1436 1787 1479 sequitur
1805 1436 1920 1469 sinien-

1183 1490 1233 1530 do,
1254 1495 1285 1522 et
1301 1501 1364 1523 non
1384 1491 1475 1529 ultra,
1496 1490 1597 1522 teneri
1616 1495 1648 1522 et
1671 1490 1830 1531 obligatos
1848 1500 1919 1522 esse

1183 1543 1262 1585 (non
1282 1548 1387 1575 tumen
1405 1543 1510 1585 quoad
1531 1543 1712 1585 praedictus
1729 1553 1835 1575 rerum
1853 1553 1920 1585 spe-

1183 1595 1256 1635 cies,
1284 1605 1361 1637 quas
1386 1596 1502 1635 clerus,
1524 1595 1678 1628 ecelesiae
1707 1595 1841 1638 locaque
1867 1595 1920 1638 pia

1183 1648 1358 1691 praedicta,
1369 1654 1399 1680 et
1413 1658 1573 1691 personae
1585 1648 1821 1680 ecclesiasticae
1833 1658 1920 1691 prae-

1184 1703 1287 1735 dictae
1314 1713 1350 1734 ex
1376 1702 1518 1744 propriis
1541 1701 1677 1734 terrenis
1706 1712 1761 1733 seu
1787 1701 1920 1733 decimis

1184 1762 1215 1788 et
1229 1755 1299 1788 aliis
1315 1755 1572 1797 quibuscumque
1586 1754 1764 1786 redditibus
1779 1754 1918 1797 propriis

1183 1819 1242 1851 per
1266 1818 1300 1840 se
1325 1809 1375 1840 vel
1400 1807 1493 1847 alios,
1513 1807 1607 1840 etiam
1625 1807 1816 1839 affictum-ios
1834 1817 1920 1846 suos,

1184 1861 1232 1893 vel
1258 1860 1354 1893 etiam
1379 1870 1416 1892 ex
1441 1859 1666 1902 eleemosynis,
1685 1859 1750 1891 sivc
1771 1858 1918 1898 ostiatim,

1184 1914 1247 1946 sive
1273 1914 1335 1946 alio
1362 1913 1474 1956 quovis
1498 1912 1593 1945 modo
1618 1922 1676 1955 pro
1702 1918 1848 1954 tempore
1868 1912 1921 1944 da-

1184 1966 1223 1998 tis
1253 1971 1285 1998 ct
1310 1965 1468 2008 erogatis,
1495 1975 1531 1996 ac
1555 1965 1631 2007 ipsis
1658 1964 1792 2003 traditis,
1819 1963 1922 2007 perci-

1184 2019 1288 2062 piunt,
1307 2024 1339 2051 et
1358 2029 1415 2061 pro
1442 2018 1549 2050 divino
1575 2021 1672 2057 cultu,
1691 2028 1747 2049 seu
1766 2016 1917 2059 propriis,

1183 2073 1233 2104 vel
1258 2071 1452 2104 familiarum
1478 2080 1607 2103 suarum
1627 2071 1748 2109 usibus,
1766 2069 1854 2101 iuxta
1874 2074 1920 2102 ta-

1184 2124 1358 2164 xationem,
1378 2124 1433 2156 ubi
1450 2133 1548 2166 super
1565 2122 1614 2155 1115
1631 2128 1737 2166 partes
1754 2122 1920 2155 discordes

1185 2177 1312 2218 suerint,
1339 2177 1377 2209 ad
1404 2175 1588 2209 instantium
1609 2175 1781 2208 cuiuslibet
1796 2185 1918 2215 earum,

1185 2230 1334 2273 expensis
1356 2236 1459 2262 tamen
1474 2239 1645 2273 perperam
1662 2228 1919 2268 contradicentis,

1185 2295 1244 2327 per
1258 2283 1442 2317 Ordinarios
1456 2284 1599 2316 locorum
1616 2282 1847 2315 ecclesiasticos
1863 2291 1920 2314 seu

1185 2338 1224 2369 ab
1242 2336 1286 2369 eis
1307 2336 1477 2379 deputatos
1502 2335 1688 2374 faciendam,
1714 2338 1919 2373 consumunt,

1185 2401 1243 2432 pro
1262 2390 1377 2433 quibus
1397 2388 1529 2421 omnino
1554 2388 1713 2420 immunes
1729 2391 1761 2419 et
1780 2385 1920 2428 exempti

1186 2443 1271 2486 sint),
1287 2447 1333 2484 et,
1351 2444 1460 2485 elapso
1477 2441 1641 2485 praedicto
1666 2439 1832 2478 sexennio,
1850 2449 1922 2470 exa-

1187 2497 1250 2529 ctio
1274 2500 1422 2538 respectu
1448 2493 1739 2528 ecclesiasticorum
1763 2495 1867 2524 cesset
1891 2496 1923 2523 et

1187 2550 1369 2582 nullatenus
1406 2547 1517 2591 quovis
1548 2550 1714 2590 praetextu
1746 2546 1794 2578 vel
1827 2546 1923 2577 eausa

1187 2602 1366 2635 continuari
1384 2601 1491 2644 possit,
1510 2599 1634 2633 etiamsi
1657 2598 1784 2642 integra
1800 2606 1923 2630 summa

1924 228 1974 254 An.
1991 228 2021 255 C.
2043 226 2111 255 1668
