2247 3208
211 238 296 267 Amo
332 238 396 265 ¹668
443 230 507 263 670

408 350 592 382 regnorum,
607 339 842 381 provinciarum
857 344 888 371 et
900 338 1005 379 Urbis,
1022 350 1057 371 ac
1071 339 1142 372 alia-

359 395 363 398 '
410 404 476 424 rum
502 393 663 424 civitatum
700 397 732 425 et
761 393 908 425 locorum
938 403 973 424 ac
998 400 1166 424 camerae}

409 446 656 490 praedictorum,
683 447 778 479 etiam
803 447 982 480 iuramento
998 473 1005 486 ‚
1030 447 1166 480 confir-⁴

408 499 548 531 matione
575 499 761 542 apostolica,
781 501 830 532 vel
856 499 965 542 quavis
991 499 1143 532 firmitate

408 552 470 584 alia
495 552 663 592 roboratis,
691 552 817 584 statutis
847 557 878 584 et
903 552 1145 585 consuetudini-

407 605 489 643 bus,
517 605 769 644 stabilimentis‚
795 605 905 638 usibus
931 611 963 637 et
994 605 1118 637 naturis
1135 632 1142 645 ,

407 658 530 690 etiamsi
558 658 595 690 de
616 658 680 690 illis
705 658 881 697 servandis,
900 663 932 690 et
953 668 1016 691 uon
1042 658 1144 701 impe-

407 710 528 742 trandis
554 710 669 742 litteris
686 710 873 753 apostolicis
890 716 1001 743 contra
1019 721 1064 750 ea,
1084 721 1145 743 nec
1164 718 1166 728 ·’

406 762 501 795 etiam
534 762 572 794 ab
605 763 668 795 alio
688 763 743 804 ⁸vel
776 763 846 795 aliis
877 763 1055 806 impetratis
1091 768 1145 795 ant

405 815 484 853 alias
500 815 746 857 quomodolibet
763 816 927 848 concessis
945 816 1073 855 utendo,
1089 826 1144 848 vos

405 877 466 910 per
490 878 543 899 vos
576 868 625 900 vel
651 873 877 910 procuratores
904 873 1025 900 vestros
1051 878 1142 910 prae·

406 919 551 952 stiteritis
576 920 685 952 forsan
711 920 866 952 hactenus
892 921 940 952 vel
967 930 1021 952 vos
1047 919 1143 963 impo-

406 978 527 1004 sterum
545 978 713 1016 praestare
723 972 897 1015 contigerit
912 972 1140 1013 iuramentum,

407 1025 583 1067 privilegiis
617 1036 743 1068 quoque
762 1053 769 1064 ‚
794 1025 928 1058 indultis
964 1030 996 1057 et
1026 1026 1142 1058 litteris

407 1078 608 1120 apostolicis,
626 1077 718 1110 dictis
739 1078 896 1117 ecclesiis,
922 1079 1143 1118 monasteriis,

406 1130 575 1163 ordinibus
608 1136 640 1163 et
675 1130 916 1173 hospitalibus,
947 1131 1142 1174 illorumque

407 1183 624 1225 praesulibus,
650 1193 705 1215 seu
732 1183 916 1216 oratoribus
944 1190 974 1216 et
999 1184 1144 1227 superio-

406 1235 496 1268 ribus
523 1246 557 1268 ac
581 1236 750 1279 magistris,
765 1236 1042 1279 praeceptoribus,
1063 1237 1144 1279 prio-

406 1288 507 1328 ribus,
525 1288 681 1321 militibus
701 1289 797 1321 etiam
818 1289 964 1328 antianis,
986 1288 1142 1331 capitulis,

407 1341 629 1381 conventibus,
650 1341 833 1374 civitatibus
851 1347 882 1374 et
902 1342 991 1381 locis,
1011 1342 1144 1385 aliisque

407 1394 599 1436 praedictis,
632 1394 763 1427 illorum
795 1394 1075 1427 communitatibus
1114 1400 1145 1427 et

409 1444 680 1484 universitatibus,
706 1445 841 1487 aliisque
867 1446 1026 1488 personis,
1049 1446 1144 1478 etiam

408 1497 680 1540 particularibus,
708 1508 834 1530 necnon
866 1499 1142 1542 archiepiscopis.

409 1551 570 1594 episcopis
596 1556 628 1583 et
652 1551 721 1583 aliis
748 1551 936 1591 Ordinariis,
964 1552 1059 1584 etiam
1085 1552 1146 1584 eis-

410 1604 482 1636 dem
508 1603 744 1644 cardinalibus,
772 1614 806 1636 ac
833 1604 936 1636 dictae
967 1605 1074 1638 curiae
1101 1606 1146 1638 ot*-

408 1657 576 1697 ficialibus,
595 1656 793 1700 illorumque
809 1657 968 1700 collegiis,
990 1669 1027 1690 ac
1048 1658 1144 1690 etiam

409 1709 615 1748 decimarum,
641 1710 865 1752 pedagiorum,
892 1710 1093 1752 gabellarum
1117 1716 1147 1743 ct

409 1772 546 1795 onerum
577 1762 778 1794 exactoribus
813 1768 841 1794 et
880 1763 1145 1805 appaltatoribus,

410 1821 442 1848 et
467 1815 603 1848 aliorum
627 1825 762 1847 onerum
787 1815 1060 1858 redemptoribus,
1088 1817 1146 1849 sub

410 1869 668 1912 quibuscumque
694 1868 860 1901 tenoribus
895 1874 926 1901 et
961 1870 1085 1910 formis,
1112 1881 1146 1902 ac

410 1932 482 1954 cum
500 1922 665 1964 quibusvis
685 1922 781 1955 etiam
799 1922 1079 1964 derogatoriarum
1097 1924 1147 1955 de-

410 1974 594 2017 rogatoriis‚
622 1974 757 2017 aliisque
785 1975 1017 2007 efficacioribus
1047 1981 1079 2008 et
1103 1975 1149 2008 in-

411 2028 514 2060 solitis
540 2028 706 2067 clausulis,
733 2038 768 2060 ac
795 2028 996 2060 irritantibus
1023 2035 1054 2061 et
1079 2029 1148 2062 aliis

412 2080 560 2120 decretis,
580 2091 638 2124 per
652 2091 874 2123 quoscumque
892 2081 1053 2114 Romanos
1072 2082 1149 2115 Pon-

412 2133 512 2166 tifices
537 2134 805 2176 praedecessores
830 2140 968 2174 nostros,
995 2145 1031 2167 ac
1055 2135 1149 2167 etiam

412 2196 471 2219 nos
498 2191 529 2219 et
553 2186 668 2218 Sedem
694 2187 902 2229 praedictam,
928 2187 1020 2219 etiam
1047 2188 1150 2220 consi-

413 2238 595 2280 storialiter,
611 2250 647 2271 ac
666 2240 704 2272 de
731 2241 919 2273 eorumdem
940 2241 1150 2273 cardinalium

413 2292 568 2331 consilio,
595 2293 688 2325 etiam
725 2304 783 2336 per
818 2294 948 2326 modum
979 2294 1087 2326 statuti
1119 2299 1151 2327 et

413 2345 651 2378 constitutionis
677 2351 922 2389 perpetuorum,
945 2358 980 2379 ac
1005 2342 1093 2380 motu
1119 2353 1153 2380 et

414 2397 548 2429 scientia
565 2398 733 2439 similibus,
755 2400 858 2442 deque
880 2401 1076 2443 apostolicae
1095 2411 1152 2443 po-

415 2450 538 2482 testatis
563 2451 841 2493 plenitudinc,⁴vel
867 2453 905 2485 ad
932 2453 1148 2496 imperatoris,

413 2513 538 2545 regum,
564 2504 759 2546 reginarum,
781 2506 906 2545 ducum,
929 2507 1151 2539 marchionum

415 2561 443 2588 ct
462 2557 596 2590 aliorum
614 2558 798 2601 principum
824 2559 1018 2601 instantiam,
1041 2571 1097 2593 seu
1117 2560 1154 2592 il-

415 2611 519 2643 lorum
544 2610 826 2653 contemplatione,
846 2610 877 2643 in
899 2622 1018 2653 genere
1044 2613 1094 2645 vel
1119 2613 1151 2645 in

991 240 1169 263 autrannus
1195 240 1346 263 nomxrn

409 287 532 329 giorum
566 292 597 319 et
629 286 807 319 officiorum
832 286 934 319 dictae
960 287 1090 325 curiae,
1113 293 1166 319 et*

1187 286 1302 328 specie,
1321 297 1358 319 ac
1377 287 1455 320 alias
1481 288 1735 330 quomodolibet,
1754 288 1849 322 etiam
1867 286 1920 321 ite-

1187 339 1264 371 ratis
1289 339 1409 373 vicibus
1446 342 1626 383 concessis,
1653 342 1776 375 etiamsi
1809 342 1842 374 in
1874 341 1919 374 eis

1187 402 1223 423 ac
1247 393 1387 425 statutis
1421 398 1453 425 et
1484 393 1711 427 stabilimentis
1747 394 1920 438 praedictis

1936 238 2026 265 And).
2051 232 2129 265 ¹688·

1187 450 1334 477 caveatur
1359 456 1511 488 expresse
1537 447 1585 479 vel
1612 446 1705 479 tacite
1723 447 1807 489 quod
1827 446 1939 479 Urbis.

1187 497 1248 530 nisi
1274 498 1459 540 originariis
1485 499 1609 532 civibus
1640 499 1782 532 romanis
1812 510 1848 532 ac
1877 499 1920 531 ci-

1188 550 1273 583 vium
1291 552 1479 584 eorumdem
1496 551 1568 585 siliis
1587 552 1804 591 conserantur,
1820 553 1921 595 quod-

1188 614 1248 645 que
1277 604 1510 637 nonnullarum
1528 604 1738 638 ecclesiarum
1762 604 1921 637 beneficia

1187 656 1248 690 nisi
1277 667 1336 700 per
1360 668 1516 700 personas
1549 658 1690 691 illustres
1713 658 1762 690 vel
1795 657 1919 690 nobiles

1188 720 1223 741 ac
1240 709 1336 742 etiam
1350 710 1545 752 originarios
1563 710 1647 743 cives
1665 714 1721 742 aut
1736 710 1813 742 alias
1833 715 1920 742 certo

1187 762 1284 794 modo
1309 762 1342 794 in
1370 762 1434 795 illis
1461 773 1612 806 expresse
1639 762 1838 806 qualificatos
1865 763 1920 795 ob-

1188 813 1285 847 tineri
1310 825 1375 847 non
1401 815 1533 858 possint,
1558 821 1590 848 et
1615 816 1696 849 nulli
1723 815 1807 848 cives
1828 814 1923 849 Urbis

1187 878 1224 900 ac
1248 867 1426 908 civitatum,
1454 869 1669 911 oppidorum,
1696 873 1855 901 terrarum
1890 874 1923 901 et

1187 922 1334 953 locorum
1358 921 1541 954 huiusmodi
1560 922 1695 961 admitti,
1712 932 1767 954 seu
1791 922 1923 955 illorum

1188 973 1365 1016 privilegiis
1387 974 1433 1006 uti
1458 974 1593 1017 possint,
1618 973 1680 1007 nisi
1705 974 1793 1017 prius
1818 975 1851 1007 in
1876 975 1924 1007 di-

1187 1026 1247 1059 ctis
1272 1026 1464 1066 civitatibus,
1491 1027 1640 1070 oppidis,
1668 1028 1764 1059 terris
1788 1032 1821 1059 et
1844 1026 1924 1060 locis

1187 1089 1245 1121 per
1278 1085 1401 1111 certum
1437 1084 1564 1122 tempus
1599 1078 1835 1119 habitaverint,
1867 1089 1922 1111 seu

1188 1132 1285 1164 etiam
1310 1131 1342 1163 in
1367 1131 1431 1164 illis
1463 1131 1549 1164 bona
1580 1131 1676 1164 etiam
1708 1131 1837 1164 stabilia
1862 1131 1926 1163 sor-

1187 1193 1241 1215 san
1262 1184 1300 1216 ad
1322 1189 1446 1216 certum
1464 1184 1606 1217 valorem
1626 1183 1833 1216 ascendentia
1850 1193 1926 1226 pos-

1188 1236 1343 1275 sederint,
1370 1237 1520 1279 quodque
1546 1235 1787 1279 praeceptoriae
1813 1241 1845 1268 et
1864 1235 1925 1268 alia

1187 1289 1344 1321 beneficia
1374 1300 1596 1332 quaecumque
1630 1289 1706 1322 dicti
1740 1288 1922 1332 hospitalis,

1189 1348 1250 1375 tam
1276 1353 1313 1375 ex
1339 1343 1407 1375 eius
1432 1342 1654 1383 institutione,
1682 1353 1775 1385 quam
1800 1353 1837 1375 ex
1862 1347 1926 1374 sta-

1165 1438 1167 1444 !
1188 1395 1429 1428 bilimcntorum
1444 1395 1685 1438 praedictorum
1700 1395 1923 1438 dispositione,

1188 1448 1400 1492 pensionibus
1427 1448 1551 1481 clericis
1577 1448 1775 1480 secularibus
1801 1454 1832 1480 et
1855 1447 1924 1480 aliis

1187 1501 1338 1544 personis
1356 1501 1450 1534 etiam
1471 1501 1648 1544 apostolica
1665 1501 1856 1533 anctoritate
1874 1510 1924 1533 re-

1189 1554 1357 1587 servandis
1379 1554 1501 1596 gravari
1527 1565 1592 1587 non
1617 1553 1751 1596 possint,
1772 1553 1923 1596 quodque

1189 1607 1416 1640 stabilimentis
1449 1612 1479 1639 et
1509 1606 1687 1650 privilegiis
1723 1605 1921 1649 praedictis,

1190 1661 1285 1693 etiam
1309 1661 1417 1703 vigore
1436 1660 1610 1703 implicitae
1637 1659 1860 1702 derogationis
1882 1659 1926 1691 la-

1192 1714 1313 1746 tissime
1346 1714 1588 1752 extendendae,
1616 1712 1712 1745 etiam
1744 1723 1802 1755 per
1833 1722 1926 1755 quas·

1190 1777 1325 1809 cumque
1350 1766 1473 1799 litteras
1504 1766 1708 1809 apostolicas,
1736 1770 1767 1797 et
1797 1764 1925 1808 quasvis

1191 1820 1286 1852 etiam
1313 1819 1591 1861 derogatoriarum
1616 1818 1853 1860 derogatorias,
1880 1817 1926 1849 es-

1191 1872 1355 1905 sicaciores
1374 1878 1405 1904 et
1426 1871 1572 1904 insolitas
1591 1872 1759 1909 clausulas,
1779 1869 1926 1912 derogari

1191 1936 1257 1958 non
1291 1925 1409 1969 possit,
1443 1935 1501 1957 nec
1533 1925 1726 1966 derogatum
1757 1929 1927 1956 censeatur

1191 1979 1252 2011 nisi
1268 1979 1437 2021 derogatio
1453 1978 1637 2011 huiusmodi
1658 1978 1697 2011 de
1711 1977 1848 2010 consilio
1867 1987 1928 2009 car-

1193 2032 1347 2065 dinalium
1366 2032 1553 2064 eorumdem
1577 2031 1639 2070 siat,
1659 2036 1690 2063 et
1715 2036 1780 2062 tum
1800 2030 1929 2062 demum

1193 2085 1336 2127 magistri
1371 2091 1402 2118 et
1426 2089 1603 2117 conventus
1628 2084 1865 2127 praedictorum
1890 2083 1928 2115 ad

1193 2139 1225 2171 id
1251 2139 1382 2171 accedat
1399 2132 1558 2177 assensus,
1577 2137 1704 2180 sintque
1730 2137 1856 2169 litterae
1875 2136 1930 2168 de-

1194 2191 1373 2233 rogationis
1400 2190 1583 2223 huiusmodi
1610 2189 1705 2222 etiam
1733 2200 1790 2232 per
1811 2188 1929 2221 dictum

1194 2243 1385 2286 magistrum
1410 2243 1617 2286 subscriptae,
1645 2253 1680 2274 ac
1708 2242 1755 2274 illi
1781 2247 1814 2274 et
1836 2251 1931 2284 prae—

1196 2296 1260 2329 t'ato
1285 2296 1481 2335 conventui,
1508 2306 1568 2338 per
1593 2295 1733 2328 diversas
1764 2294 1797 2326 in
1827 2294 1929 2326 forma

1195 2349 1303 2381 Brevis
1333 2353 1386 2381 aut
1411 2348 1488 2381 alias
1509 2348 1632 2381 litteras
1655 2347 1788 2381 diversis
1808 2352 1930 2389 tempo-

1195 2401 1284 2433 ribus
1300 2412 1372 2433 cum
1389 2401 1484 2434 certis
1501 2400 1681 2433 intervallis
1699 2404 1928 2443 praesentatas,

1195 2454 1372 2494 intimatae,
1400 2460 1431 2486 et
1456 2465 1520 2487 non
1546 2454 1632 2493 alias,
1652 2464 1711 2485 nec
1736 2450 1798 2485 alio
1824 2451 1931 2489 modo,

1196 2512 1227 2539 et
1255 2516 1383 2550 semper
1416 2506 1448 2539 in
1479 2507 1628 2539 omnibus
1660 2515 1741 2548 quae
1773 2504 1820 2536 sic
1854 2503 1932 2536 [ient

1197 2560 1293 2592 etiam
1311 2560 1348 2592 de
1370 2559 1466 2591 simili
1492 2558 1629 2592 consilio
1647 2556 1866 2599 derogationis
1891 2556 1930 2588 sit

1197 2613 1344 2655 apposita
1365 2613 1508 2646 clausula
1528 2611 1614 2655 quod
1634 2611 1762 2643 illorum
1783 2608 1934 2642 effectum
