2247 3208
115 251 165 277 An.
182 251 212 278 C.
232 250 299 278 1662

163 1423 291 1450 Supra-tiela

107 1467 111 1471 .
157 1460 168 1471 d
243 1461 247 1470 ῑ
284 1462 290 1466 “

108 1481 137 1496 «ιο
148 1477 226 1506 >suturis
239 1480 290 1498 trin-

107 1505 193 1528 pnnlms
210 1505 289 1524 servari

132 1848 243 1869 (lu-utinm!
253 1850 288 1869 di·-

105 1879 184 1895 erctum
219 1876 287 1897 Ponti-

907 247 1094 271 ALEMNDER
1118 248 1162 270 vll
1189 248 1236 271 PP.

316 308 386 331 rem
414 298 636 338 reformatum,
660 298 710 331 vel
732 298 816 341 apud
843 297 975 330 fratrem
998 295 1049 335 N.,

312 362 411 385 unum
438 362 475 385 ex
501 351 580 396 ipsis
606 351 768 394 religiosis
795 350 985 384 cedentibus
1011 350 1050 382 ad

313 405 376 439 hoc
407 416 424 438 a
456 404 620 449 superiori
645 405 823 438 reformato
849 404 888 437 de
911 403 1048 436 aliorum

312 468 477 492 consensu
502 459 663 499 electum;
690 457 733 490 ita
758 463 866 491 tamen
883 462 925 496 ut,
946 455 971 489 si
992 455 1049 489 ali-

312 511 382 556 quis
398 522 436 546 ex
460 512 637 556 praedictis
656 511 820 554 religiosis
842 509 1048 554 superiorem

311 565 453 610 aliquem
485 576 523 599 ex
555 564 673 598 Ordine
700 564 861 597 invenerit
886 563 939 607 qui
974 573 1047 596 eum

311 619 343 652 in
369 629 427 653 suo
452 618 653 653 monasterio
687 617 858 650 admittere
885 616 980 657 velit,
1007 616 1065 649 adi

311 672 399 713 illud,
419 683 456 706 ex
471 670 716 716 dispensatione
736 671 774 703 ad
794 671 879 703 hunc
898 669 1047 702 effectum

310 725 510 770 generaliter
523 726 680 758 concessa
697 735 715 757 a
728 723 859 757 Summo
878 722 1044 763 Pondfice,

309 778 450 822 migrare
465 777 595 822 poterit,
611 783 642 810 et
662 776 757 810 huius
775 776 883 820 portio
902 787 1046 819 congrua

308 832 515 876 persolvetur
538 829 701 875 superiori
728 829 781 874 qui
807 840 879 862 eum
907 829 1046 862 admise-

308 884 361 918 rit.
395 884 517 928 Hisque
542 883 629 917 inter
661 888 772 927 patres
805 882 850 916 sic
875 882 1042 923 stabilitis,

308 937 467 981 praedicti
485 947 599 971 omnes
614 935 761 980 religiosi
786 936 995 969 declararunt
1015 940 1046 968 et

309 991 477 1024 declarant
501 1001 535 1024 se
570 990 688 1024 cedere
722 989 871 1023 omnibus
897 988 962 1022 suis
998 988 1045 1021 iu-

308 1043 397 1077 ribus
415 1043 447 1077 in
466 1044 529 1077 hoc
547 1043 747 1077 monasterio
774 1043 813 1076 ad
829 1042 886 1075 Dei
908 1042 1044 1085 gloriam

309 1101 341 1129 et
364 1096 404 1130 ad
430 1097 589 1140 regularis
616 1095 842 1129 observantiae
868 1095 1045 1129 restitutio-

309 1160 383 1183 nem
402 1150 433 1183 in
453 1150 595 1183 savorem
610 1155 741 1184 nostrae
757 1149 943 1193 praedictae
958 1160 1045 1182 eom-

308 1202 471 1235 munitatis
491 1202 613 1246 antiqui
634 1202 771 1245 rigoris;
794 1212 919 1245 nosque
944 1212 1043 1245 posse

307 1254 421 1296 libere,
448 1255 577 1299 quando
596 1255 799 1288 commodum
824 1254 918 1287 nobis
934 1254 1041 1294 suerit,

306 1307 553 1351 possessionem
567 1318 685 1351 capere
704 1306 862 1340 eiusmodi
880 1313 1043 1341 monaste-

307 1360 356 1393 rii.
377 1361 454 1394 Acta
474 1360 507 1393 in
520 1360 721 1393 monasterio
738 1359 786 1400 N.,
806 1360 988 1401 die...,etc.
1010 1373 1040 1392 τ».

350 1411 434 1451 Quae
461 1413 569 1446 omnia
586 1413 700 1446 eadem
721 1424 813 1446 sacra
830 1412 1041 1456 congregatio

306 1466 420 1500 suturis
442 1472 565 1500 tantum
579 1466 781 1510 temporibus
801 1466 970 1500 observari
988 1476 1043 1498 vo-

305 1519 371 1561 luit,
387 1520 430 1553 ita
443 1526 478 1553 ut
494 1519 576 1553 nihil
597 1520 672 1553 inde
693 1520 931 1564 deduci-possit
948 1531 1042 1564 prae-

305 1573 413 1607 iudicii
435 1574 590 1607 adversus
616 1573 882 1609 reformationem
900 1574 939 1607 ad
957 1574 1042 1607 lianc

304 1637 407 1672 usque
434 1627 519 1661 diem
542 1638 604 1671 per
628 1627 756 1660 diversa
777 1627 905 1661 Ordinis
931 1638 1042 1661 mona-

304 1681 404 1714 steria
429 1681 658 1715 introductam.

347 1734 461 1768 Datum
479 1734 610 1775 Romae,
630 1734 681 1768 die
699 1745 744 1768 v11
761 1735 835 1768 maii
854 1745 998 1769 iinctxu.

480 1788 514 1821 P.
537 1788 714 1829 Facmsns,
741 1788 937 1821 secretarius
964 1801 994 1821 n.

348 1841 362 1884 ἓ
379 1840 410 1873 ⁶2.
430 1841 506 1875 Cum
524 1846 642 1881 autem,
660 1841 743 1873 sicut
759 1841 868 1874 dilecti
887 1840 943 1874 filii
964 1852 1041 1885 pro-

304 1899 473 1927 curatores
495 1900 559 1927 tam
587 1893 716 1926 Ordinis
744 1905 839 1937 quam
864 1895 1041 1927 communi—

304 1946 376 1979 tatis
409 1946 532 1990 antiqui
572 1947 690 1990 rigoris
729 1947 913 1979 huiusmodi
946 1947 1040 1980 nobis

303 1999 442 2033 subinde
473 2000 593 2043 exponi
627 2000 795 2040 fecerunt,
827 2000 889 2044 ipsi
922 2000 1041 2033 dictum

304 2053 480 2093 decretum,
496 2063 557 2096 pro
572 2051 709 2085 firmiori
727 2053 813 2086 illius
832 2053 1041 2086 subsistentia

303 2111 336 2138 et
348 2105 588 2146 observatione,
605 2106 805 2150 apostolicae
822 2105 1041 2139 confirmatio-

303 2158 353 2191 nis
378 2164 510 2192 nostrae
536 2159 718 2202 patrocinio
745 2159 937 2192 communiri
956 2170 1041 2192 sum-

303 2222 440 2256 mopere
454 2211 664 2245 desiderent:
684 2223 754 2253 nos‚
777 2213 954 2256 specialem
975 2212 1038 2245 illis

305 2273 441 2308 gratiam
458 2266 566 2299 faeere
580 2267 738 2307 volentes,
758 2275 918 2310 personas
937 2277 953 2298 a
972 2266 1041 2309 qui-

304 2319 413 2352 busvis
439 2319 792 2360 excommunicationis,
812 2319 1038 2364 suspensionis

305 2378 337 2406 et
360 2372 533 2413 interdicti,
554 2373 692 2417 aliisque
718 2373 951 2406 ecclesiasticis
967 2384 1040 2406 sen-

305 2426 583 2467 tentiis,censuris
610 2431 642 2459 et
665 2427 791 2470 poenis,
807 2438 824 2459 a
841 2427 909 2460 iure
935 2428 986 2460 vel
1001 2428 1039 2460 ab

1086 301 1117 327 et
1135 296 1299 328 absolutas
1318 295 1385 328 sore
1406 299 1587 333 censentes,
1607 292 1819 337 supplicatio-

1067 348 1178 381 ‘nibus
1211 359 1323 381 eorum
1349 347 1479 380 nomine
1507 346 1601 380 nobis
1627 355 1727 390 super
1755 345 1818 379 hoc

1084 402 1251 434 humiliter
1274 401 1435 445 pcrrectis
1462 400 1625 441 inclinati,
1652 400 1818 433 decretum

1082 454 1332 498 praeinsertum,
1358 454 1530 487 autoritate
1556 453 1745 497 apostolica,
1773 458 1819 486 te-

1082 517 1162 540 nore
1188 506 1423 551 praesentimu,
1450 505 1677 539 confirmamus
1703 512 1736 539 et
1761 517 1818 549 ap-

1080 560 1268 603 probamus,
1279 559 1390 603 illique
1405 559 1601 592 inviolabilis
1618 558 1816 602 apostolicae

1081 612 1240 646 firmitatis
1267 613 1368 645 rtbur
1393 611 1571 651 adiicimus‚
1591 622 1628 645 ac
1654 623 1767 646 omnes
1786 617 1818 645 et

1081 666 1227 709 singulos
1253 665 1331 698 iuris
1357 671 1387 698 et
1414 665 1486 698 sacti
1513 664 1658 698 desectus
1676 692 1683 705 ‚
1710 665 1737 698 si
1763 665 1816 709 qui

1081 720 1224 763 desuper
1264 718 1512 763 quomodolibet
1554 718 1813 759 intervenerint,

1080 773 1284 816 supplemus.

1123 826 1137 870 ἓ
1160 826 1192 860 3.
1220 826 1441 860 Decet-nentes
1464 826 1597 859 easdem
1621 831 1813 869 praesentes

1079 880 1203 913 litteras
1230 885 1261 912 et
1286 880 1454 913 decretum
1472 878 1714 922 praeinsertum
1731 888 1815 912 sem-

1079 943 1139 977 per
1162 932 1263 973 firma,
1281 932 1387 966 valida
1412 938 1443 965 et
1464 931 1608 965 efficacia
1625 931 1764 964 existere
1783 936 1815 964 et

1080 987 1158 1027 sore,
1185 996 1327 1030 suosque
1353 984 1520 1030 plenarios
1546 990 1578 1018 et
1601 985 1747 1028 integros
1769 985 1814 1018 es-

1079 1040 1180 1073 fectus
1207 1039 1316 1072 sortiri
1343 1044 1375 1072 et
1398 1038 1566 1079 obtinere,
1604 1049 1641 1071 ac
1666 1037 1746 1079 illis,
1773 1037 1813 1071 ad

1079 1104 1159 1136 quos
1194 1097 1320 1136 spectat
1350 1097 1381 1124 et
1410 1102 1470 1135 pro
1493 1097 1639 1135 tempore
1668 1090 1813 1135 quando-

1079 1156 1214 1189 cumque
1232 1144 1404 1188 spectabit,
1424 1144 1613 1188 plenissime
1633 1143 1810 1187 suffragari,

1079 1204 1110 1231 et
1134 1199 1172 1231 ab
1198 1198 1262 1231 illis
1289 1197 1471 1242 respective
1498 1197 1731 1231 inviolabiliter
1756 1199 1812 1231 ob-

1078 1251 1214 1292 servari,
1238 1251 1347 1294 sicque
1374 1251 1405 1284 in
1430 1251 1620 1294 praemissis
1639 1261 1699 1295 per
1716 1261 1813 1294 quos-

1078 1315 1213 1348 cumque
1232 1304 1356 1337 iudices
1375 1303 1560 1337 ordinarios
1582 1309 1614 1336 et
1630 1304 1811 1346 delegatos,

1077 1358 1173 1391 etiam
1198 1368 1367 1391 causarum
1392 1356 1502 1401 palatii
1527 1356 1700 1401 apostolici
1725 1356 1814 1390 audi-

1077 1417 1184 1451 tores,
1219 1410 1354 1443 iudicari
1385 1415 1417 1442 et
1449 1409 1577 1442 definiri
1607 1409 1746 1450 debere,
1778 1420 1815 1442 ac

1076 1464 1201 1497 irritum
1226 1470 1258 1497 et
1281 1464 1376 1496 inane
1410 1463 1435 1496 si
1461 1474 1555 1496 secus
1586 1473 1686 1507 super
1720 1462 1772 1495 his
1797 1473 1814 1495 a

1077 1529 1255 1562 quoquam,
1282 1517 1394 1561 quavis
1427 1516 1635 1556 auctoritate,
1670 1516 1814 1549 scienter

1076 1574 1126 1606 vel
1153 1572 1354 1615 ignoranter,
1382 1571 1557 1614 contigerit
1581 1570 1744 1603 attentari.

1120 1626 1134 1669 ξ
1158 1626 1189 1658 4.
1209 1625 1279 1658 Non
1301 1625 1505 1658 obstantibus
1525 1623 1812 1657 constitutionibus

1076 1685 1108 1713 et
1137 1678 1398 1712 ordinationibus
1431 1676 1620 1721 apostolicis
1644 1703 1652 1718 ,
1683 1687 1812 1710 necnon

1076 1733 1297 1777 praefatorum
1335 1731 1464 1765 Ordinis
1498 1742 1535 1764 ac
1571 1730 1811 1764 reformationis

1076 1797 1133 1819 scu
1158 1785 1422 1829 congregationis
1443 1789 1475 1817 et
1491 1783 1739 1824 communitatis,
1758 1793 1813 1816 eo-

1075 1850 1210 1883 rumque
1222 1838 1498 1872 monasteriorum
1510 1836 1707 1881 quorumvis,
1717 1837 1811 1870 etiam

1075 1893 1268 1933 iuramento,
1288 1890 1537 1925 confirmatione
1552 1890 1742 1933 apostolica,
1760 1890 1811 1923 vel

1076 1946 1186 1989 quavis
1212 1945 1361 1978 firmitate
1388 1944 1449 1977 alia
1475 1943 1656 1984 roboratis,
1683 1943 1809 1976 statutis

1076 2006 1107 2032 et
1131 1997 1432 2038 consuetudinilms,
1458 1996 1640 2040 privilegiis
1666 2007 1809 2040 quoque,

1075 2052 1207 2085 indultis
1226 2058 1258 2085 et
1273 2051 1390 2084 litteris
1411 2049 1600 2094 apostolicis
1626 2049 1658 2082 in
1682 2055 1811 2083 contra-

1075 2107 1158 2139 rium
1183 2105 1441 2150 praemissorum
1462 2103 1709 2148 quomodolibet
1732 2114 1810 2137 con-

1075 2159 1186 2199 cessis,
1209 2158 1408 2192 confirmatis
1435 2163 1466 2191 et
1490 2157 1669 2198 innovatis;
1693 2156 1808 2201 quibus

1075 2212 1224 2246 omnibus
1260 2217 1292 2245 et
1323 2211 1480 2255 singulis,
1510 2211 1642 2244 illorum
1676 2215 1808 2243 tenores

1074 2265 1302 2310 praesentibus
1335 2276 1395 2309 pro
1428 2265 1525 2308 plene
1551 2269 1583 2297 et
1610 2263 1811 2297 sufficienter

1075 2318 1238 2364 expressis
1254 2329 1290 2352 ac
1304 2319 1343 2352 de
1357 2319 1458 2352 verbo
1473 2319 1512 2351 ad
1527 2318 1661 2351 verbum
1678 2317 1809 2350 inserus

1074 2374 1244 2413 habentes,
1271 2372 1334 2406 illis
1360 2371 1439 2405 alias
1464 2371 1496 2404 in
1519 2382 1577 2404 suo
1599 2372 1718 2404 robore
1735 2381 1811 2414 per-

1073 2426 1251 2467 mansuris,
1285 2426 1325 2459 ad
1357 2425 1614 2469 praemissorum
1646 2423 1808 2464 effectum,

305 2479 448 2520 homine,
464 2480 574 2524 quavis
592 2480 765 2514 occasione
779 2482 830 2514 vel
843 2482 939 2514 eausa
956 2481 1038 2521 latis,
1075 2481 1135 2513 hac
1148 2480 1217 2513 vice
1236 2480 1408 2519 dumtaxat,
1421 2479 1609 2521 specialiter
1626 2483 1658 2510 et
1678 2487 1810 2521 expres-

304 2533 330 2565 si
356 2533 471 2577 quibus
493 2534 740 2577 quomodolibet
764 2534 949 2574 innodatae,
975 2534 1040 2568 exi-

304 2591 402 2626 stunt,
418 2586 458 2620 ad
475 2585 625 2620 ess'ectum
638 2586 860 2630 praesentium
878 2587 1041 2620 dumtaxat

304 2639 579 2683 consequendum,
599 2640 715 2673 harum
729 2639 814 2673 serie
830 2640 1037 2674 absolventes

1074 2544 1108 2566 se
1123 2534 1336 2575 derogamus,
1353 2531 1536 2574 ceterisque
1554 2529 1725 2564 contrariis
1740 2529 1809 2573 qui-

1073 2586 1285 2629 buscurnque.

1117 2639 1131 2682 ξ
1163 2639 1192 2671 5.
1228 2638 1379 2672 Volumus
1411 2643 1518 2671 autem
1553 2642 1587 2669 ut
1621 2636 1806 2669 earumdem

1753 235 1796 267 45
1842 243 1930 270 ΑΜ).
1955 241 2023 269 ¹c62

1857 834 1976 856 ctam-naa.

1828 1630 1936 1652 Contraria
1950 1631 2012 1653 tun-t.

1861 2626 2004 2651 'l'i-ansumptii

1821 2653 1878 2674 credi
1894 2653 1985 2673 mandat.
