2247 3208
119 212 213 239 An.C.
237 211 305 240 1665

311 261 404 304 rique
422 265 516 304 atque
537 271 612 301 eren
635 261 763 294 fratrem
780 267 926 294 nostrum
951 263 1052 295 clun-i-

313 314 378 353 tati,
395 315 448 357 qui
464 314 497 347 in
518 325 619 357 agone
634 315 744 348 mortis
762 315 884 358 positus
901 316 945 348 sic
963 316 1051 348 brevi

311 372 457 410 tempore
481 367 644 400 sistendus
664 374 710 400 est
729 374 801 401 ante
826 369 967 401 tribunal
983 369 1049 408 Dei,

312 420 497 453 redditurus
517 422 675 455 rationem
700 422 796 455 etiam
821 422 1052 455 levissimarum

314 474 410 507 totius
433 475 516 507 vitae
542 475 793 518 cogitationum,
820 475 1051 517 auditurnsque

313 529 504 561 sententiam
526 534 674 562 aeternae
693 529 755 561 sive
782 528 965 561 salvationis
986 527 1050 559 sive

314 580 527 614 damnationis
538 582 637 624 (quod
650 582 795 614 ultimum
809 581 892 613 Deus
906 581 1050 623 avertat),

315 640 409 677 atque
435 645 474 667 eo
500 635 595 668 modo
622 635 651 668 id
679 635 806 674 sacient,
834 633 994 676 quomodo
1018 644 1052 665 u-

314 687 515 730 nusquisque
548 687 688 720 adiuvari
722 698 754 719 se
789 687 821 719 in
854 686 964 719 mortis
990 687 1052 719 hoc

314 740 400 772 volet
424 741 572 772 articulo.

121 801 303 849 ὼεηποτῂέ111141ε
361 792 437 824 XIII.
458 793 570 825 Statim
588 798 684 836 atque
702 793 856 836 placitum
873 793 938 826 Deo
958 793 1053 825 suerit

121 860 164 893 1¹⁹³
204 855 304 899 111-11191111
316 856 428 878 vocare
454 846 491 878 ud
517 856 549 878 Se
576 847 716 889 aliquem
734 857 770 879 ex
790 847 949 887 fratribus,
971 846 1053 879 Obe-

119 883 438 943 iffimfffissiqnpissfdientia
462 909 575 932 omnes
598 899 676 931 alios
701 900 856 932 certiores
882 900 984 939 saciat,
1015 900 1053 932 ad

120 939 270 953 ¹⁰¹¹¹⁴⁴⁴¹'¹'‘¹‘'
316 951 378 983 lioc
402 956 437 983 ut
462 958 580 994 quanto
606 952 699 985 citius
725 953 875 985 defuncto
894 963 987 996 opem
1010 953 1054 985 sc-

315 1009 388 1036 rant
412 1005 529 1045 missis,
556 1005 791 1048 indulgentiis,
823 1006 1051 1049 eleemosynis,

314 1057 627 1098 mortificationibus,
641 1064 714 1098 etc„
730 1059 947 1101 extendetque
962 1070 1055 1091 unus-

316 1111 450 1154 quisque
482 1117 603 1153 quanto
635 1112 737 1154 magis
772 1112 875 1154 possit
900 1113 1052 1155 pietatem

316 1174 415 1203 suam,
429 1163 536 1196 sciens
551 1164 616 1197 Deo
629 1164 770 1197 futurum
781 1164 812 1196 id
824 1170 949 1207 gratum
963 1157 1053 1198 ratde

316 1223 347 1249 et
371 1222 548 1259 acceptum,
575 1217 807 1260 debitoresque
829 1227 888 1250 nos
908 1228 978 1250 esse
998 1218 1055 1250 sra—

316 1270 418 1302 tribus
445 1270 605 1302 defunctis
623 1269 851 1312 suffragiorum
870 1271 1054 1304 huiusmodi

317 1328 348 1355 et
373 1322 550 1355 charitatis.
578 1321 698 1355 Offerat
712 1323 933 1366 unusquisque
953 1329 984 1356 et.
1001 1334 1056 1367 ap-

316 1375 414 1418 plicet
444 1375 483 1407 iis
520 1375 675 1418 quidquid
714 1375 772 1407 sibi
805 1386 822 1407 a
854 1375 974 1418 pietate
1001 1378 1056 1409 51151

317 1429 472 1461 dictatum
501 1429 646 1469 venerit,
679 1439 739 1471 per
770 1439 884 1462 manus
916 1430 1055 1472 Virginis

316 1482 485 1524 Deiparae,
508 1481 777 1525 consignabitque
796 1482 974 1515 secretario
991 1483 1057 1526 pri-

316 1537 367 1567 ma
388 1545 514 1578 quaque
537 1534 587 1567 die
614 1535 744 1567 scholae
770 1535 924 1575 chartam,
942 1535 975 1567 in
994 1546 1056 1579 qua

317 1587 348 1620 id
373 1589 548 1628 notaverit,
578 1588 742 1631 quomodo
767 1589 799 1620 in
825 1589 928 1632 capite
952 1600 982 1622 xl
1012 1589 1058 1622 di-

317 1647 404 1674 ctum
429 1642 498 1674 suit.

361 1695 504 1728 Cadaver
529 1705 642 1728 omnes
670 1696 784 1728 fratres
806 1695 1056 1737 comitabuntur,

318 1748 529 1791 exequiisque
555 1748 623 1781 eius
648 1749 835 1781 intererunt
860 1751 897 1781 ea
917 1760 988 1782 cum
1008 1750 1058 1782 de-

317 1801 448 1833 votione
479 1807 509 1833 et
534 1801 702 1841 modestia,
721 1812 803 1844 quae
829 1802 913 1834 inter
938 1802 1056 1835 Christi

319 1854 497 1897 discipulos
524 1854 619 1886 alicui
646 1865 758 1887 eorum
782 1855 934 1888 defuneto
959 1856 1059 1888 debe-

319 1912 382 1939 tur.

364 1960 433 1992 Fiet
458 1959 533 1992 inde
553 1960 735 1993 communio
756 1961 920 2003 generalis
936 1961 968 1993 in
990 1972 1059 1994 ora-

318 2013 402 2046 torio
422 2041 429 2053 ,
464 2012 708 2056 celebrabitque
750 2022 810 2056 pro
849 2014 917 2046 eius
955 2015 1059 2047 anima

319 2067 449 2099 missam
464 2066 687 2098 defunctorum
704 2066 909 2107 Obedientia,
929 2068 1060 2100 fratres-

321 2130 381 2163 que
413 2128 526 2152 omnes
560 2119 736 2162 diligenter
767 2120 987 2162 procurabunt
1012 2120 1060 2152 in-

324 2173 456 2205 tendere
492 2172 588 2204 animi
621 2172 826 2205 devotionem
851 2178 883 2205 et
907 2173 1061 2215 pietatem

323 2235 386 2267 quo
411 2225 513 2267 magis
549 2225 806 2258 misericordiam
833 2231 865 2258 et
888 2225 1062 2258 beatitudi-

321 2286 396 2308 nem
411 2275 536 2308 animae
551 2276 603 2308 isti
621 2287 638 2308 a
651 2276 716 2309 Deo
735 2276 906 2319 impetrare
920 2278 1058 2310 valeant.

365 2327 397 2360 Si
422 2328 536 2360 fratres
563 2333 651 2361 extra
670 2329 752 2361 1111110
770 2329 890 2361 curiam
910 2329 1060 2371 obierint,

322 2382 542 2414 celebrabitur
558 2382 667 2421 missa,
685 2383 846 2424 generalis¹
865 2383 1060 2424 communio,

323 2439 356 2467 et
379 2445 477 2478 supra
501 2440 628 2467 narrata
654 2435 774 2467 oblatio
800 2435 865 2479 liet.

366 2487 442 2519 XIV.
460 2488 555 2520 Actus
581 2493 613 2520 et
636 2488 738 2521 forma
762 2488 843 2520 vitae
863 2489 894 2520 in
912 2489 1062 2521 fratribus

323 2540 454 2573 omnino
471 2541 671 2584 respondere
690 2541 784 2574 debet
801 2541 929 2574 scholae
948 2542 1062 2575 doctri-

323 2602 382 2624 nae
402 2598 433 2625 et
454 2593 636 2627 exercitiis:
654 2604 728 2626 vere
749 2594 835 2626 enirn
853 2595 1012 2637 professio
1030 2600 1061 2627 et

151 2491 220 2512 cim
235 2490 288 2512 XIV.

126 2517 271 2538 Deexercittis
280 2523 312 2538 ex-

126 2547 159 2566 tra
171 2544 272 2565 scholam.

904 213 1092 239 ALEXANDER
1116 214 1160 238 vn
1186 215 1234 237 ΙΨ.

1094 262 1310 304 obligationes
1336 261 1565 305 discipulorum
1593 261 1709 294 Christi
1736 261 1835 294 actio-

1094 325 1168 347 nem
1203 325 1330 347 omnem
1363 314 1437 346 huie
1468 315 1558 347 titulo
1587 315 1690 347 minus
1721 325 1836 348 conre-

1094 367 1237 399 nientem
1259 378 1276 399 a
1293 378 1326 399 se
1345 368 1523 410 expellunt:
1544 367 1723 410 quinimmo
1749 368 1835 400 hune

1095 420 1214 452 debent
1238 419 1363 452 vii-tutis
1388 420 1541 462 operibus
1566 420 1788 463 comprobare.

1137 473 1278 515 Diligent
1302 483 1334 505 se
1359 475 1434 505 vera
1464 473 1631 513 charitate,
1656 479 1832 516 mutuoque

1082 526 1153 567 ,sibi
1179 525 1437 565 auxiliabuntur,
1465 531 1528 558 tam
1553 526 1585 558 in
1611 527 1834 569 spiritualibus

1095 590 1189 621 quam
1221 579 1254 611 in
1287 578 1530 621 corporalibus:
1557 579 1599 611 In
1632 579 1688 611 hoc
1715 590 1830 622 cayno-

1093 636 1178 664 scene
1203 642 1329 671 omnes,
1356 631 1443 675 quod
1470 631 1627 674 ‹le'srv'puli
1651 633 1714 664 mci
1738 632 1831 671 estis,

1093 684 1362 718 si.‹lz‘lcctioncm
1398 683 1577 717 lzabmrieis
1614 685 1655 717 cul
1695 685 1833 717 invicem

1095 738 1212 780 (lom,
1239 739 1323 781 xm).

1139 790 1314 833 Praecipua
1341 801 1452 823 eorum
1478 801 1556 822 eura
1581 801 1652 823 esse
1679 791 1776 823 debet
1791 791 1836 823 vi-

1097 848 1146 875 tae
1179 843 1294 875 iustam
1319 843 1445 886 sibique
1472 843 1604 876 omnino
1637 844 1835 876 conformem

1096 896 1257 929 rationem
1283 896 1474 939 praefigere,
1493 896 1624 938 Deoque
1645 896 1718 939 plus
1741 907 1834 939 quam

1096 949 1221 981 mundo
1243 948 1362 980 vivere.

1140 1001 1230 1033 Iuvat
1253 1007 1339 1034 certe
1365 1002 1540 1044 plurimum
1562 1001 1778 1043 obligationes
1804 1007 1835 1034 et

1097 1054 1249 1087 exercitia
1274 1054 1464 1095 devotionis,
1479 1060 1513 1086 ut
1531 1060 1617 1087 recte
1636 1055 1837 1098 adimplean-

1098 1114 1158 1148 tur,
1175 1108 1332 1151 temporis
1358 1108 1544 1140 distributio
1572 1119 1643 1140 cum
1669 1108 1782 1140 ordine
1805 1113 1837 1140 et

1098 1164 1262 1193 mensura:
1288 1161 1371 1193 sicut
1396 1172 1411 1193 e
1438 1161 1598 1194 contrario
1624 1161 1654 1193 id
1674 1161 1765 1193 facile
1784 1161 1837 1193 de-

1098 1214 1252 1257 perditur,
1273 1214 1429 1256 deestque
1452 1215 1548 1246 rebus
1567 1215 1669 1257 magis
1689 1224 1837 1246 neccssa-

1098 1267 1162 1306 riis,
1179 1278 1251 1298 cum
1272 1278 1336 1299 non
1349 1267 1525 1300 ordinatur.
1553 1267 1725 1310 Perpensis
1745 1278 1837 1299 unus-

1098 1321 1233 1363 quisque
1260 1326 1361 1352 status
1396 1321 1443 1352 sui
1477 1321 1753 1363 obligationibus,
1780 1330 1838 1352 ne—

1099 1374 1194 1416 gotiis
1221 1374 1478 1414 occurrentibus,
1498 1380 1593 1417 atque
1619 1374 1658 1406 iis
1676 1384 1756 1417 quac
1777 1384 1836 1416 pro

1099 1427 1302 1461 inserviendo
1327 1428 1392 1460 Deo
1413 1428 1516 1460 facere
1539 1427 1681 1470 cupiunt,
1700 1437 1839 1470 propor-

1099 1481 1297 1515 1111113111111011
1311 1481 1407 1513 horus
1425 1481 1629 1521 distribuent,
1645 1486 1838 1523 tempusque

1077 1535 1184 1567 (inter
1208 1545 1245 1566 ea
1270 1534 1378 1567 onmia
1400 1544 1482 1577 quac
1509 1534 1635 1576 agenda
1660 1539 1734 1565 sunt
1755 1543 1839 1565 com-

1099 1588 1232 1624 modum
1251 1587 1395 1622 divident
1419 1598 1491 1619 cum
1508 1586 1645 1619 consilio
1671 1586 1773 1629 patris
1790 1586 1839 1618 5111

1099 1640 1297 1684 spiritualis,
1323 1640 1587 1683 contendentque
1623 1645 1772 1672 accurate
1807 1639 1837 1671 id

1100 1694 1295 1734 observare,
1335 1699 1492 1737 quatenus
1529 1692 1669 1735 negotiis
1705 1692 1840 1734 insuper

1100 1748 1304 1780 venientibus
1322 1758 1388 1780 non
1413 1747 1640 1790 impedientur,
1660 1755 1840 1789 procuren-

1101 1812 1162 1844 que
1182 1807 1217 1833 ut
1233 1807 1361 1844 tempus
1379 1800 1448 1841 sibi,
1469 1800 1508 1832 iis
1528 1801 1566 1833 de
1584 1800 1687 1832 causis
1713 1799 1841 1832 subtra-

1100 1860 1187 1887 ctum
1212 1846 1391 1886 minoribus
1421 1853 1676 1896 obligationibus
1707 1852 1839 1894 Deoque

1100 1907 1204 1939 minus
1231 1907 1363 1950 gratis,¹
1390 1907 1485 1939 desit.

1144 1961 1234 1993 Mane
1259 1959 1514 2002 uniuscuiusque
1548 1959 1612 1991 diei
1643 1958 1841 1992 ordinabunt

1101 2013 1306 2056 dirigentque
1325 2023 1437 2045 omnes
1455 2023 1527 2044 suas
1552 2011 1705 2051 actiones,
1721 2011 1842 2053 cogita-

1103 2066 1217 2104 tiones,
1242 2066 1340 2097 verba
1365 2070 1395 2097 et
1421 2075 1519 2108 opera
1544 2065 1582 2097 ad
1608 2064 1764 2096 maiorem
1784 2062 1841 2096 Dei

1103 2118 1253 2161 gloriam,
1271 2123 1302 2150 ct
1317 2128 1381 2160 quo
1400 2117 1501 2160 magis
1520 2117 1547 2150 ei
1563 2116 1713 2155 serviant,
1728 2116 1842 2159 implo-

1102 2178 1209 2204 rantes
1234 2182 1250 2204 a
1275 2172 1339 2204 Deo
1364 2171 1518 2213 gratimn,
1544 2174 1841 2213 utsquaecumque

1103 2230 1290 2268 operantur,
1316 2234 1353 2257 ea
1377 2224 1486 2257 omnia
1512 2224 1628 2256 divinis
1657 2223 1725 2255 eius
1741 2223 1844 2255 oculis

1104 2280 1267 2321 placeant3
1284 2277 1528 2319 orationemque
1544 2277 1718 2309 mentalem
1737 2286 1842 2318 quam-

1104 2330 1262 2374 prolixam
1288 2335 1453 2373 poterunt,
1477 2334 1532 2361 aut
1556 2329 1580 2361 51
1598 2329 1658 2361 hac
1677 2329 1756 2361 hora
1777 2338 1843 2361 non

1105 2389 1266 2427 poterunt,
1284 2383 1347 2415 alia
1364 2382 1583 2415 commodiore
1602 2381 1782 2421 habebunt,
1801 2392 1844 2413 sa-

1106 2447 1195 2469 crum
1210 2436 1354 2469 »andlent
1379 2446 1481 2478 aeque
1508 2441 1627 2467 attente
1656 2446 1691 2467 ac
1716 2435 1842 2474 devote,

1105 2489 1187 2521 acin
1201 2489 1319 2527 50110111,
1339 2489 1517 2531 eademque
1540 2488 1726 2525 devotione,
1747 2497 1846 2530 quan-

1107 2547 1172 2574 tum
1198 2552 1257 2585 per
1281 2547 1382 2574 status
1408 2541 1637 2584 occupationes
1661 2540 1700 2573 iis
1724 2540 1844 2580 licebit,

1143 2605 1148 2628 1
1176 2602 1287 2629 Videtur
1302 2602 1397 2629 det-sse
1416 2612 1469 2628 uon
1488 2603 1529 2635 (n.
1548 2602 1596 2635 T..)

1724 202 1788 237 3⁷49
1835 211 1884 239 An.
1903 211 1930 238 c.
1954 211 2021 237 1005
