2247 3208
212 206 260 232 Αη,
283 206 312 234 c.
329 205 396 232 1687
443 196 506 229 5532>

239 948 333 969 Pontifex
345 953 394 968 con—

211 975 393 995 ''innah-iocretum

212 1005 233 1022 ul
249 1008 318 1026 snprssf

230 2077 233 2078 V
244 2050 356 2070 Decretum
374 2050 400 2069 itv

217 2079 290 2098 filans.

404 265 452 293 va,
480 255 510 286 in
537 252 703 296 praedicto
729 251 869 294 capitulo
892 250 1081 293 provinciali
1106 250 1139 282 in

405 307 577 338 discretum
604 305 641 336 ad
668 304 753 336 idem
779 303 953 345 capitulum
986 303 1137 345 generale

403 360 551 395 electum,
579 358 608 389 in
637 357 751 389 eodeni
776 361 938 399 tamquam
964 356 1139 388 discretum

403 412 440 444 ad
468 411 634 443 serendum
660 415 768 442 votum
789 409 1023 442 admittendum
1049 418 1136 441 esse:

404 469 436 495 ot
465 463 508 495 ita
542 462 744 495 decernimus
777 467 809 494 et
839 462 1045 498 mandamus,
1073 470 1138 492 non

404 516 506 547 solum
527 515 703 558 praedicto.
724 524 835 547 verum
856 514 950 546 etiarn
972 513 1058 545 omni
1077 512 1139 544 alio

404 567 529 600 meliori
554 567 663 599 modo.
691 567 804 598 Datum
829 566 966 603 Romae,
994 565 1044 597 die
1069 574 1139 597 xxi'l

405 619 478 651 maii
506 629 670 652 iinctxvn.
698 619 720 650 Ι.
748 619 783 651 Β.
824 618 998 651 cardinalis
1023 617 1140 649 Pallet-

406 677 465 709 tus,
490 676 656 714 protector
680 681 715 703 ac
734 681 866 714 praeses
881 676 912 703 et
929 671 1095 712 delegatus
1111 680 1138 708 »3

448 723 607 756 praedicti
638 734 714 756 vero
746 728 945 766 exponentes
976 723 1140 755 decretum

406 776 590 809 huiusmodi
612 786 669 819 pro
686 775 819 808 firmiori
837 775 922 807 illius
932 773 1141 807 subsistentia

404 829 599 872 apostolicae
617 828 872 870 confirmationis
890 832 1018 859 nostrae
1035 832 1142 868 patro-

405 881 490 913 cinio
508 881 697 914 communiri
712 890 919 921 summopere
939 878 1141 911 desiderent:

449 936 463 978 ξ
485 935 515 967 .3.
531 935 606 973 Nos,
625 934 796 977 specialem
814 933 890 975 ipsis
905 931 1140 974 exponentibus

406 987 540 1029 gratiam
554 988 658 1019 lacere
669 987 822 1022 volentes,
833 991 860 1017 ct
882 995 992 1017 eorum
1007 984 1143 1026 singula-

405 1051 456 1073 res
481 1050 639 1083 personas
662 1050 679 1071 a
700 1038 864 1081 quibusvis
890 1036 1142 1069 excommunica-

406 1093 515 1131 tionis,
541 1090 764 1134 suspensionis
791 1096 823 1121 et
848 1089 1031 1127 interdicti,
1059 1089 1142 1121 aliis-

407 1156 469 1189 que
492 1144 720 1177 ess-‹zlesiastieis
743 1143 926 1178 sententiis
948 1142 1096 1174 censuris
1113 1146 1144 1173 et

405 1198 531 1241 poenis,
566 1208 582 1229 a
615 1197 683 1228 iure
709 1197 758 1228 vel
785 1197 823 1228 ab
850 1195 995 1234 homine,
1030 1194 1142 1237 quavis

406 1250 577 1282 occasione
603 1250 651 1281 vel
670 1250 767 1281 causa
784 1248 868 1285 latis,
886 1248 911 1279 si
931 1247 1048 1290 quibus
1065 1257 1144 1289 quo-

406 1302 587 1335 modolibet
614 1301 786 1333 innodatae
813 1301 977 1339 existunt,
1004 1300 1043 1332 ad
1069 1299 1167 1332 efl'e-‚

407 1361 494 1388 ctum
519 1355 739 1397 praesentium
758 1354 923 1386 dumtaxat
943 1362 1145 1395 consequen-

408 1408 493 1445 dum,
522 1407 636 1438 harum
662 1406 746 1438 serie
772 1406 978 1438 absolventes
1000 1410 1031 1437 et
1055 1405 1145 1436 abso-

408 1460 512 1494 lutas¹
538 1461 606 1492 sore.
639 1463 822 1495 censentes,
849 1457 1144 1500 supplicationibus

410 1523 522 1545 eorum
547 1512 677 1544 nomine
704 1511 797 1543 nobis
816 1520 916 1553 super
933 1510 996 1542 hoc
1017 1509 1146 1542 humili-

407 1571 457 1598 ter
497 1565 656 1608 porrectis
699 1564 867 1603 inclinati,
905 1563 1144 1606 praeinsertum

407 1618 579 1651 memorali
597 1617 895 1659 IoannisBaptistae
915 1615 1060 1659 episcopi
1077 1626 1146 1648 car-

407 1670 523 1704 dinalis
549 1676 579 1702 et
596 1670 800 1712 protectoris
818 1670 994 1706 decretum,
1010 1668 1147 1701 auctori-

408 1729 471 1756 tate
486 1723 674 1766 apostolica,
695 1729 806 1755 tenore
824 1722 1053 1765 praesentium,
1072 1732 1147 1755 con-

406 1776 572 1809 firmanius
591 1782 623 1808 et
640 1776 865 1818 approbamus,
884 1775 995 1817 illique
1014 1774 1147 1807 inviola-

406 1827 1143 1872 bilisapostolicaefirmitatisroburndiicimus,

408 1893 443 1914 ac
461 1893 573 1915 omues
593 1888 622 1914 et
637 1882 782 1923 singulos
804 1881 882 1913 iuris
909 1886 941 1913 et
965 1881 1038 1913 sacti
1060 1881 1147 1913 defe-

408 1941 485 1974 ctus,
508 1935 534 1966 si
554 1935 605 1977 qui
626 1935 765 1976 desuper
786 1933 1032 1976 quomodolibet
1049 1933 1147 1965 inter-

410 1988 568 2027 venerint,
588 1988 791 2029 supplemus.

460 2041 474 2082 ᾖ
510 2040 541 2071 li.
579 2040 796 2071 Decernentes
836 2039 920 2082 ipsas
958 2044 1145 2082 praesentes

412 2094 532 2125 litteras¹
559 2092 665 2124 firmas
683 2119 689 2126 .
710 2091 831 2124 validas
851 2097 882 2124 et
914 2091 1056 2124 efficaces
1082 2092 1148 2124 exi-

413 2151 498 2177 stere
525 2150 556 2177 et
582 2146 660 2184 sore,
686 2156 825 2187 suosque
850 2145 1012 2188 plenarios
1046 2150 1078 2177 et
1101 2145 1148 2177 in-

414 2204 520 2241 tegros
545 2198 676 2231 effectus
708 2198 816 2231 sortiri
852 2203 883 2231 et
914 2198 1078 2238 obtinere,
1112 2208 1147 2230 ac

413 2251 484 2289 illis,
507 2252 545 2284 ad
567 2262 646 2293 quos
673 2256 795 2294 spectat
830 2257 861 2284 et
893 2251 1079 2294 spectabit,
1114 2250 1146 2283 in

413 2304 553 2336 futurum
589 2304 777 2347 plenissime
814 2303 1003 2347 suil'ragari,
1032 2304 1145 2347 sicque

413 2357 446 2388 in
472 2358 658 2399 praemissis
683 2368 743 2400 per
768 2368 994 2400 quoscumque
1019 2358 1146 2390 iudices

416 2409 600 2441 ordinarios
634 2415 666 2441 et
691 2411 878 2451 delegatos,
905 2410 1002 2442 etiam
1035 2421 1148 2442 causa-

416 2473 486 2494 rurn
514 2462 625 2503 palatii
657 2463 827 2503 apostoli&
854 2462 1040 2502 auditores,
1067 2462 1149 2495 iudi-

417 2515 483 2548 cari
501 2520 529 2545 ct
561 2514 687 2545 deliniri
717 2515 861 2551 ‹lctwi-v,
889 2527 923 2547 ac
954 2516 1081 2548 irritum
1117 2520 1149 2548 et

457 2578 464 2601 1
488 2574 535 2601 Ed.
554 2574 633 2600 Main.
652 2574 715 2609 legit
730 2575 870 2601 absolutos
885 2578 924 2609 (n.
941 2578 989 2609 T.).

985 203 1165 227 ernanum
1187 202 1338 227 ROMANL'M

1181 250 1277 282 inane
1315 250 1340 281 si
1375 260 1470 282 secus
1496 250 1595 293 super
1620 251 1670 282 liis
1696 261 1713 282 a
1739 259 1913 293 quoquam,

1182 302 1294 345 quavis
1310 301 1517 341 auctoritate,
1538 303 1682 336 scienter
1703 303 1914 345 velignoran-

1183 359 1244 394 ter,
1266 354 1441 396 contigerit
1461 354 1626 386 attentari.

1927 201 1973 228 Αη.
1990 200 2018 228 C.
2042 201 2107 229 1667

1225 408 1240 450 {3
1265 406 1295 439 5.
1322 406 1390 439 Non
1415 407 1616 439 obstantibus
1633 407 1915 441 constitutionibus
1941 417 2108 441 οωψιῑοεω,

1183 465 1214 492 et
1239 459 1498 491 ordinationibus
1532 459 1715 500 apostolicis
1733 486 1741 500 ,
1768 471 1914 500 necnon,

1183 517 1340 553 qnatenus
1358 522 1438 554 opus
1459 512 1509 551 sit,
1526 512 1653 544 Ordinis
1686 518 1717 545 et
1733 513 1916 556 provinciae

1183 564 1382 602 huiusmodi,
1409 564 1504 596 etiam
1528 564 1721 605 iuramento,
1752 564 1918 597 confirma-

1183 616 1268 649 tione
1286 617 1471 660 apostolica,
1485 612 1534 649 rel
1549 617 1658 659 quavis
1684 616 1831 650 firmitate
1857 618 1918 650 alia

1182 669 1362 709 roboratis,
1388 669 1511 701 statutis
1545 675 1576 701 et
1608 669 1917 709 consuetudinibus,

1183 721 1357 763 privilegiis
1394 732 1541 764 quoque,
1579 721 1711 754 indultis
1744 727 1775 754 et
1805 721 1918 755 litteris

1183 774 1366 816 apostolicis
1391 773 1424 805 in
1448 774 1643 806 contrarium
1668 774 1917 816 praemissorum

1926 446 2045 465 uariorum.

1183 826 1429 868 quomodolibet
1454 826 1640 865 concessis,
1668 826 1864 859 confirmatis
1887 832 1919 858 et
1950 866 1953 868 q

1185 878 1359 917 innovatis3
1382 878 1500 920 quibus
1519 879 1671 911 omnibus
1701 884 1734 911 ct
1762 879 1917 921 singulis,

1184 931 1316 962 illorum
1343 936 1470 963 tenores
1489 931 1713 973 praesentibus
1738 941 1796 974 pro
1823 933 1917 974 plene

1186 983 1423 1016 etsusticientcr
1436 983 1595 1026 expressis
1609 988 1638 1016 et
1658 983 1696 1015 ad
1714 984 1847 1016 verbum
1871 984 1919 1016 in-

1185 1036 1278 1069 sertis
1292 1037 1465 1076 habentes⁷
1481 1037 1546 1069 illis
1557 1037 1636 1069 alias
1663 1037 1695 1069 in
1713 1047 1772 1069 suo
1798 1038 1918 1070 robore

1185 1089 1422 1132 permansuris,
1436 1090 1475 1121 ad
1490 1089 1747 1132 praemissorum
1758 1089 1918 1129 effectum,

1189 1144 1246 1174 bac
1263 1142 1329 1175 vice
1351 1142 1522 1181 dumtaxat,
1550 1142 1732 1184 specialiter
1750 1147 1780 1175 et
1796 1152 1921 1185 expres-

1186 1206 1218 1227 se
1234 1196 1447 1237 derogainus3
1462 1195 1648 1237 ceterisque
1667 1195 1840 1227 contrariis
1855 1195 1921 1238 qui-

1187 1249 1403 1290 buscumque.

1230 1301 1343 1332 Datum
1368 1301 1502 1339 Romae,
1525 1300 1608 1342 apud
1627 1300 1658 1333 S.
1678 1300 1807 1332 Mariam
1825 1300 1922 1333 Maio-

1187 1363 1267 1393 rem,
1285 1355 1343 1385 sub
1365 1355 1486 1386 annulo
1509 1353 1694 1393 Piscatoris‚
1713 1353 1764 1385 die
1780 1363 1810 1386 xi
1827 1363 1922 1395 augu·

1188 1407 1225 1438 sti
1250 1417 1412 1444 iinctxvn,
1430 1405 1637 1448 pontificatus
1662 1406 1762 1437 nostri
1785 1416 1871 1436 anno
1899 1416 1919 1440 ι,

1222 1468 1282 1494 Dat.
1303 1467 1346 1494 die
1362 1468 1391 1494 11
1415 1467 1519 1502 augusti
1541 1467 1618 1499 1667,
1635 1465 1730 1502 pontif.
1747 1473 1817 1492 anno
1833 1471 1849 1491 1.

1533 1608 1580 1640 VI.

1191 1687 1280 1728 Quod
1297 1689 1428 1720 alimini
1442 1687 1613 1720 seminarii
1624 1685 1785 1730 pontificii
1799 1686 1923 1718 Brnns-

1232 1741 1345 1784 beryto*
1369 1742 1403 1773 in
1430 1741 1568 1773 prussia
1595 1739 1637 1772 ad
1666 1739 1799 1772 titulum
1832 1738 1923 1781 suffi-

1232 1794 1342 1826 cientis
1361 1794 1576 1832 litteraturae,
1604 1797 1633 1825 et
1657 1792 1776 1835 absque
1795 1800 1924 1823 suorum

1234 1847 1488 1880 Ordinariorum
1504 1846 1711 1885 dimissoriis,
1730 1855 1767 1877 ac
1783 1854 1848 1876 non
1865 1853 1927 1876 sei·-

1233 1901 1315 1933 vatis
1335 1900 1529 1939 interstitiis,
1545 1898 1728 1942 promoveri
1742 1898 1878 1941 possint.

1410 1978 1542 2004 Clemens
1563 1978 1641 2010 Papa
1661 1977 1708 2009 lx,

1327 2023 1363 2049 ad
1383 2023 1516 2049 futuram
1538 2021 1583 2048 rei
1607 2021 1790 2048 memoriam.

1234 2094 1248 2136 ᾗ
1273 2093 1304 2125 i.
1331 2093 1470 2125 Dilectos
1496 2091 1578 2125 filios
1597 2092 1743 2124 alumnos
1762 2090 1925 2123 seminarii

1191 2145 1347 2188 pontificii
1374 2144 1597 2186 Brunsbergae
1627 2143 1660 2176 in
1696 2143 1824 2175 Prussia
1855 2152 1927 2185 spe-

1191 2198 1325 2231 cialibus
1363 2197 1525 2230 savoribus
1558 2202 1589 2229 et
1620 2196 1730 2239 gratiis
1770 2196 1926 2241 prosequi

1191 2251 1348 2288 volentes,
1376 2260 1553 2292 eorumque
1572 2250 1752 2292 singulares
1770 2259 1926 2292 personas

1191 2314 1207 2335 a
1222 2302 1387 2347 quibusvis
1411 2302 1768 2342 excoin1minicationis‚
1792 2312 1928 2344 suspen-

1192 2356 1293 2389 sionis
1319 2361 1351 2388 et
1376 2355 1552 2392 interdicti,
1575 2355 1713 2398 aliisque
1735 2354 1928 2387 ecclesiasti-

1191 2409 1235 2441 cis
1258 2408 1440 2446 sententiis,
1461 2408 1608 2440 censuris
1626 2412 1657 2440 et
1674 2407 1803 2450 poenis,
1823 2417 1840 2439 a
1857 2406 1925 2439 iure

1192 2463 1240 2494 vel
1274 2462 1313 2494 ab
1348 2461 1502 2499 bomine,
1533 2460 1645 2503 quavis
1677 2459 1846 2493 occasione
1875 2460 1926 2492 vel

1192 2518 1285 2548 causa
1302 2515 1382 2553 latis,
1410 2514 1435 2545 si
1467 2514 1581 2556 quibus
1607 2513 1857 2556 quomodolibet
1880 2513 1929 2545 in-

1192 2568 1330 2601 nodatae
1348 2567 1504 2606 existunt,
1535 2567 1574 2598 ad
1603 2565 1752 2599 ellectum
1773 2576 1926 2609 praesen·

1962 2097 2096 2119 procamium
