2247 3208
126 204 174 231 An.
193 204 222 231 C.
244 203 311 232 ¹665

193 265 306 285 Confirmat

122 292 218 312 Pontifex
241 295 263 312 ut
285 292 306 311 in

121 319 214 339 rubrica.

134 2221 246 2244 neci-etum
265 2223 292 2244 ir·

107 2252 180 2270 ruam.

917 201 948 223 At
960 200 1104 223 Exffibssn
1130 201 1171 224 i'tl
1199 201 1246 224 PP-

360 250 375 294 ᾗ
399 249 430 283 2.
457 249 535 282 Cum
560 254 679 289 autem,
706 248 789 282 sieut
814 249 927 282 eaden]
958 259 1055 291 expo-

316 303 389 337 sitio
413 302 638 345 subiungebat,
662 307 860 335 memoratus
878 301 1055 335 Ferdinan-

316 357 374 390 dus
400 356 573 399 episcopus
597 360 752 388 statutum
779 355 971 393 huiusmodi,
989 365 1053 397 quo

315 409 438 443 firmius
474 409 653 449 subsistat,
685 409 908 451 stabiliorique
941 408 1052 450 vigore

314 468 486 507 perennet,
504 461 699 506 apostolicae
725 460 978 494 confirmationis
995 470 1052 492 no-

315 521 400 549 strae
425 514 605 559 patrocinio
631 514 822 548 communiri
844 522 1050 555 summopere

316 568 501 602 desideret:
528 576 596 608 nos,
622 567 786 601 laudabile
815 567 915 610 ipsius
940 565 1051 599 Ferdi-

312 622 411 655 nandi
437 622 581 666 episcopi
598 621 630 653 in
650 621 779 653 tuendis
799 620 954 652 ecclesiae
973 630 1048 652 suae

313 674 438 707 iuribus
468 673 610 706 studium
643 673 817 716 plurimum
848 672 879 704 in
912 672 1048 706 Domino

311 726 585 764 commendantes,
605 735 745 768 eumque
771 724 922 768 specialis
939 725 1047 758 savore
1067 720 1069 762 ζ

312 779 433 822 gratiae
458 777 612 822 prosequi
636 779 795 817 volentes,
817 783 850 810 et
873 789 890 810 a
915 778 1048 821 quibus-

309 832 355 865 vis
382 831 740 872 excommunicationis,
767 831 991 874 suspensionis
1017 837 1049 864 et

310 885 485 925 interdicti,
505 884 643 927 aliisque
665 883 893 917 ecelesiasticis
918 888 1047 916 senten-

310 937 382 977 tiis,
409 937 555 970 censuris
580 943 612 970 et
634 937 769 981 poenis,
796 948 813 969 a
837 937 906 969 iure
933 937 982 970 vel
1008 937 1046 969 ab

309 991 450 1031 homine,
478 992 589 1034 quavis
615 991 785 1024 occasione
807 992 857 1024 vel
882 994 978 1024 causa
1001 992 1046 1024 la-

308 1044 358 1085 tis,
391 1044 416 1077 si
442 1044 559 1088 quibus
595 1044 842 1088 quomodolibet
871 1044 1044 1077 innodatus

308 1097 438 1137 existit,
463 1098 503 1131 ad
529 1097 677 1131 effectum
706 1098 929 1141 praesentium
955 1098 1045 1130 dutu-

308 1155 393 1183 taxat
417 1150 708 1193 consequendum,
736 1150 849 1183 barum
881 1150 964 1183 serie
990 1150 1045 1182 ab·

307 1204 471 1236 solventes
497 1209 529 1236 et
553 1204 739 1236 absolutum
765 1203 834 1236 sore
861 1208 1042 1242 censentes,

307 1256 600 1300 supplicationibus
625 1257 695 1290 eius
721 1257 852 1290 nomine
878 1257 972 1290 nobis
994 1268 1045 1289 su-

307 1319 366 1351 pet·
390 1310 453 1343 hoc
485 1310 650 1343 humiliter
682 1310 842 1354 porrectis
874 1310 1042 1349 inclinati,

307 1369 461 1397 statutum
490 1364 692 1406 praefatum,
728 1369 957 1406 etnanatasque
990 1364 1044 1397 de-

306 1427 407 1460 super
430 1417 555 1450 litteras
580 1417 816 1460 praeinsertas,
843 1428 914 1450 cum
940 1417 1043 1450 omni-

305 1471 364 1503 bus
390 1475 423 1504 et
446 1471 582 1513 singulis
606 1470 770 1503 contentis
785 1470 817 1503 in
835 1470 911 1511 illis,
935 1476 1043 1503 aucto·-

306 1523 401 1557 ritate
434 1524 628 1567 apostolica,
662 1529 775 1557 tenore
800 1524 1039 1567 praesentium,

304 1582 466 1621 perpetuo
492 1576 720 1610 confirmamus
747 1582 780 1610 et
804 1578 1040 1621 approbamus,

304 1630 433 1674 illisque
458 1630 653 1664 inviolabilis
670 1631 867 1673 apostolicae
883 1630 1042 1663 firmitatis

303 1684 405 1717 robur
430 1684 605 1724 adiieimus,
632 1695 669 1718 ac
698 1695 812 1718 omnes
839 1689 871 1717 et
895 1685 1040 1727 singulos

305 1737 383 1770 iuris
409 1742 442 1770 et
467 1737 539 1770 sacti
564 1748 600 1771 ae
625 1737 867 1771 solemnitatum
892 1749 1043 1781 quarum-

304 1800 441 1834 cumque
472 1790 504 1823 in
538 1791 697 1824 similibus
732 1791 837 1824 forsan
875 1791 971 1824 etiam
1002 1792 1041 1824 de

303 1844 497 1878 necessitate
523 1845 800 1878 observandarum
825 1844 986 1884 desectus,
1014 1845 1039 1877 si

304 1897 358 1941 qui
378 1898 411 1930 in
429 1897 615 1941 praemissis
632 1899 682 1931 vel
701 1908 813 1931 eorum
831 1898 937 1940 aliquo
954 1897 1041 1941 prin-

304 1950 454 1994 cipaliter
478 1953 528 1985 vel
554 1952 736 1985 accessorie
766 1956 820 1984 aut
851 1951 929 1984 alias
961 1961 1040 1994 quo-

303 2004 485 2037 modolibet
520 2004 777 2045 intervenerint,
809 2014 867 2037 seu
902 2004 1041 2037 interve-

302 2057 392 2091 nisse
410 2057 484 2098 dici,
496 2058 624 2091 censeri
641 2059 691 2090 vel
708 2058 878 2101 praetendi
896 2063 1038 2101 possent,

302 2111 492 2154 supplemus
523 2116 555 2143 et
579 2121 752 2151 sanamus,
781 2122 817 2143 ac
851 2111 983 2154 penitus
1009 2117 1041 2143 et

302 2163 411 2196 omnia
436 2164 579 2197 tollimus
605 2168 637 2197 et
660 2165 840 2197 abolemus.

346 2216 404 2260 §3-
420 2217 641 2250 Decernentes
657 2218 789 2251 easdem
802 2223 993 2261 praesentes
1005 2229 1041 2251 ac

303 2270 520 2314 praeinsertas
534 2271 658 2304 litteras
672 2281 802 2314 semper
819 2270 939 2312 firmas,
965 2272 1040 2305 vali-

288 2323 359 2355 .das
377 2328 409 2355 et
424 2322 572 2356 efficaces
590 2323 728 2356 existere
747 2329 779 2356 et
798 2323 877 2364 fore,
898 2335 1038 2368 suosque

301 2376 467 2419 plenarios
494 2382 526 2409 et
549 2376 692 2419 integros
719 2375 850 2409 effeetus
873 2378 982 2410 sortiri
1009 2383 1040 2411 et

300 2429 463 2470 obtinere,
480 2440 515 2463 ac
530 2429 608 2469 illis,
626 2430 666 2462 ad
692 2440 771 2473 quos
794 2435 920 2473 spectat
934 2436 965 2463 et
981 2441 1039 2474 pro

300 2487 447 2526 tempore
458 2484 726 2528 quandocumque
745 2484 915 2527 spectabit,
931 2484 963 2516 in
977 2494 1039 2517 om-

300 2536 393 2569 nibus
419 2542 449 2569 et
480 2547 539 2580 per
567 2537 674 2570 omnia
705 2537 894 2580 plenissime
927 2535 1038 2569 suffra—

300 2589 378 2632 gari,
400 2594 430 2622 et
448 2590 487 2623 ab
512 2590 576 2623 illis
600 2591 776 2634 respective
802 2589 1036 2635 inviolabiliter

1097 241 1275 287 observari,
1288 247 1398 292 sicque
1412 252 1517 282 etnon
1532 250 1626 283 aliter
1640 250 1670 283 in
1684 251 1832 294 praemis-

1096 300 1140 333 sis
1162 311 1220 344 per
1244 312 1462 345 quoscumque
1496 303 1618 336 iudices
1651 304 1833 337 ordinarios

1096 358 1125 385 et
1142 354 1321 396 delegatos,
1338 355 1433 387 etiam
1450 366 1620 388 causarum
1635 357 1744 400 palatii
1762 368 1834 402 apo-

1095 407 1200 439 stolici
1227 407 1404 448 auditores,
1425 420 1460 442 ae
1478 409 1508 441 S..
1529 410 1565 442 R.
1586 410 1620 443 E.
1641 411 1831 450 cardinales,

1095 459 1192 492 etiam
1219 460 1258 492 de
1284 461 1383 493 latere
1410 462 1533 503 legatos
1566 468 1595 495 et
1626 464 1832 506 Apostolicae

1094 512 1185 545 Sedis
1210 513 1359 553 nuncios,
1378 514 1502 547 sublata
1520 516 1566 547 eis
1588 521 1620 548 et.
1637 527 1751 550 eorum
1770 518 1831 551 cui-

1094 565 1192 605 libet,
1219 566 1330 608 quavis
1362 567 1457 599 aliter
1489 567 1650 601 iudicandi
1677 574 1708 602 et
1732 570 1831 603 inter-

1094 618 1241 661 pretandi
1259 619 1409 652 facultate
1428 625 1460 652 et
1476 621 1676 662 auctoritate,
1697 622 1829 656 iudicari

1092 676 1124 703 et
1150 671 1277 705 deliniri
1303 673 1437 712 debere,
1464 684 1500 706 ac
1524 674 1647 708 irritum
1673 681 1705 708 et
1732 677 1827 710 inane

1091 724 1116 757 si
1142 736 1234 757 secus
1261 736 1359 769 super
1383 726 1433 759 his
1459 738 1477 759 a
1502 738 1676 771 quoquam,
1715 730 1826 773 quavis

1090 778 1290 819 auctoritate,
1304 779 1446 812 scienter
1464 781 1512 813 vel
1539 779 1738 823 ignoranter,
1755 792 1829 815 con-

1091 831 1198 874 tigerit
1223 832 1386 865 attentari.

1133 885 1147 927 g
1172 884 1203 916 4.
1231 884 1300 917 Non
1330 885 1532 918 obstantibus
1558 888 1763 930 apostolicis,
1791 899 1827 921 ac

1089 937 1120 969 in
1161 937 1395 971 universalibus
1434 939 1755 983 provincialibusque
1795 946 1828 973 et

1089 991 1296 1034 synodalibus
1321 991 1466 1025 conciliis
1486 993 1592 1033 editis,
1617 994 1826 1036 generalibus

1088 1045 1136 1077 vel
1162 1044 1366 1087 specialibus,
1389 1046 1670 1079 constitutionibus
1688 1051 1718 1079 et
1742 1047 1828 1080 ordi-

1088 1097 1284 1135 nationibus,
1317 1108 1456 1138 necnon,
1484 1104 1642 1142 quatenus
1662 1110 1742 1143 opus
1767 1100 1824 1141 sit,

1088 1149 1190 1183 dietae
1217 1151 1377 1183 ecclesiae
1413 1152 1694 1193 paderbonensis,
1729 1153 1824 1186 etiam

1087 1202 1279 1244 iuramento,
1306 1204 1548 1236 eontirn‘iatione
1570 1205 1756 1248 apostolica,
1775 1207 1823 1239 vel

1086 1257 1196 1299 quavis
1218 1257 1367 1289 tirmitate
1386 1258 1446 1290 alia
1466 1258 1634 1298 roboratis,
1653 1260 1777 1292 statutis
1794 1265 1823 1292 et

1086 1309 1383 1349 consuetudinibus,
1395 1310 1491 1343 etiam
1502 1311 1822 1352 iminemorabilibus,

1086 1362 1260 1405 privilegiis
1285 1373 1424 1406 quoque,
1452 1364 1585 1396 indultis
1602 1369 1632 1396 et
1654 1364 1768 1398 litteris
1793 1376 1824 1397 a-

1085 1415 1249 1458 postolicis
1267 1415 1372 1448 eidem
1398 1416 1566 1457 ecclesiae,
1587 1417 1719 1460 eiusque
1737 1418 1824 1462 capi-

1086 1470 1161 1509 tulo,
1178 1475 1209 1502 et
1222 1469 1372 1513 personis
1390 1470 1600 1513 quibuslibet,
1617 1472 1675 1505 sub
1690 1472 1823 1514 quibus-

1085 1533 1223 1566 cumque
1249 1523 1424 1556 verborum
1450 1524 1619 1556 tenoribus
1642 1529 1673 1556 et
1698 1524 1822 1565 formis,

1084 1587 1121 1609 ac
1144 1587 1217 1608 euin
1243 1576 1410 1619 quibusvis
1429 1577 1525 1609 etiam
1542 1577 1822 1620 derogatoriarum

1085 1629 1315 1672 derogatoriis,
1343 1629 1482 1672 aliisque
1508 1629 1755 1671 efficacioribus,
1778 1632 1823 1663 es-

1084 1682 1283 1716 licacissiniis
1318 1689 1350 1715 et
1381 1683 1521 1716 insolitis
1547 1684 1723 1725 clausulis,
1750 1685 1822 1717 irri-

1086 1737 1293 1779 tantibusque
1320 1742 1352 1768 et
1375 1736 1445 1768 aliis
1465 1736 1616 1776 decretis,
1642 1737 1675 1769 in
1701 1747 1820 1780 genere

1083 1791 1132 1823 vel
1158 1790 1190 1822 in
1215 1789 1335 1833 specie,
1363 1800 1398 1822 ae
1424 1789 1520 1822 etiam
1539 1790 1820 1830 consistorialiter,

1083 1848 1137 1875 aut
1168 1843 1247 1876 alias
1280 1843 1536 1886 quomodolibet,
1562 1844 1594 1875 in
1621 1844 1821 1877 contrarium

1083 1895 1341 1939 praemissorum
1366 1896 1545 1935 concessis,
1573 1897 1761 1939 approbatis
1789 1902 1822 1930 et

1083 1948 1258 1988 innovatis,
1289 1947 1405 1990 quibus
1430 1949 1582 1980 omnibus
1608 1953 1639 1981 et
1668 1949 1818 1992 singulis,

1083 2002 1209 2035 etiamsi
1235 1997 1294 2045 pro
1320 2002 1450 2034 illorum
1486 2002 1658 2035 sufficienti
1684 2003 1822 2046 deroga-

1084 2056 1171 2088 tione
1198 2057 1236 2088 de
1263 2056 1326 2089 illis
1353 2066 1530 2099 eorumque
1554 2057 1627 2089 totis
1649 2056 1820 2090 tenoribus

1083 2109 1244 2152 specialis,
1271 2108 1441 2152 specifica,
1469 2119 1623 2152 expressa
1648 2114 1680 2142 et
1704 2108 1820 2142 indivi-

1082 2162 1152 2201 dua,
1180 2173 1216 2195 ac
1242 2162 1280 2194 de
1306 2163 1404 2194 verbo
1429 2162 1467 2194 ad
1493 2162 1648 2202 verbum,
1675 2173 1740 2195 non
1766 2173 1820 2194 au-

1083 2221 1147 2248 tem
1172 2226 1231 2259 per
1259 2216 1420 2248 clausulas
1453 2216 1624 2258 generales
1650 2216 1735 2249 idem
1762 2216 1820 2248 im-

1082 2272 1266 2312 portantes,
1294 2267 1416 2301 mentio
1443 2278 1499 2301 seu
1525 2269 1654 2312 quaevis
1680 2268 1742 2301 alia
1767 2279 1820 2301 ex-

1082 2322 1207 2365 pressio
1233 2321 1384 2354 babenda
1409 2326 1462 2353 aut
1487 2321 1596 2365 aliqua
1621 2322 1682 2355 alia
1709 2322 1819 2365 exqui-

1082 2375 1141 2407 sita
1159 2375 1261 2408 forma
1287 2375 1325 2407 ad
1351 2375 1415 2407 hoc
1436 2375 1596 2407 servanda
1615 2376 1707 2416 soret,
1729 2380 1820 2408 teno-

1082 2440 1133 2461 res
1159 2428 1356 2469 huiusmodi,
1383 2438 1419 2461 ac
1443 2428 1469 2461 si
1496 2429 1534 2461 de
1559 2429 1659 2462 verbo
1685 2429 1724 2461 ad
1749 2438 1820 2462 ver-

1081 2482 1170 2522 bum,
1196 2482 1277 2514 nihil
1302 2481 1433 2525 penitus
1460 2481 1590 2520 omisso,
1606 2487 1639 2514 et
1661 2482 1764 2515 forma
1784 2482 1817 2514 in

1081 2536 1151 2568 aliis
1179 2535 1295 2567 tradita
1313 2535 1491 2575 observata,
1513 2535 1772 2578 exprimerentur
1788 2541 1819 2567 et

1081 2589 1317 2629 insererentur,
1337 2589 1562 2633 praesentibus
1581 2599 1640 2633 pro
1666 2589 1761 2633 plene
1787 2592 1820 2622 et

1740 193 1804 227 375
1851 203 1938 230 Aac.
1963 204 2028 231 tsffi

1907 900 2022 921 Contrariis

1839 927 1934 953 derogat*
