2247 3208
146 228 196 256 An,
220 228 247 254 C.
269 227 334 254 1669

969 231 1111 256 crexit-:NS
1136 231 1166 254 tx
1191 231 1238 256 PP.

341 277 431 317 tuitu,
457 278 632 322 specialem
659 279 704 312 eis
728 278 863 322 gratiam
890 279 993 313 facere
1026 291 1077 313 vo-

339 332 450 371 lentes,
477 337 506 364 et
533 338 647 366 eorum
673 333 852 376 singulares
877 344 1035 377 personas
1061 345 1078 366 a

341 384 506 428 quibusvis
525 387 879 426 excommunicationis,
894 388 1078 431 suspensio-

339 437 388 470 nis
415 443 445 471 et
471 438 648 479 interdicti,
674 439 812 483 aliisque
846 440 1076 473 ecclesiasticis

339 491 519 532 sententiis,
546 493 691 525 censuris
708 498 740 525 et
758 492 921 536 poeiiis,ia
939 493 1008 526 iure
1028 495 1076 526 rel

339 545 378 578 ab
405 545 546 585 homine,
574 546 684 589 quavis
710 546 878 579 occasione
904 547 952 579 vel
983 550 1077 579 causa

337 597 417 638 latis,
437 597 462 630 si
488 598 604 642 quibus
629 599 877 642 quodomolibet
901 599 1075 633 innodatae

337 651 486 691 existunt,
512 652 550 684 ad
577 651 724 684 effectum
746 652 966 695 praesentium
988 653 1076 685 duni-

339 709 421 736 taxat
437 704 716 747 consequendum,
735 704 848 737 harum
865 705 948 738 serie
970 705 1076 739 absol-

336 762 447 789 ventes
474 763 505 789 et
529 757 695 789 absolutas
722 756 788 790 sore
806 763 987 798 censentes,
1007 769 1075 802 sup-

337 809 568 853 plicationibus
584 820 696 843 eorum
714 811 846 843 nomine
865 811 959 844 nobis
977 822 1075 855 super

338 863 400 895 lioc
426 862 591 896 humiliter
607 863 768 907 porrectis
782 863 940 905 inclinati,
959 876 1076 908 perpe-

336 920 423 948 tuam
442 916 711 960 suppressionem
732 921 765 950 et
781 917 1011 950 extinctionem
1033 918 1075 951 di-

336 969 377 1000 cti
403 968 517 1002 Montis
543 969 676 1013 antiqui,
701 980 737 1002 ac
760 969 847 1003 illius
872 971 944 1003 loco
966 977 996 1004 et
1014 981 1074 1014 pro

335 1022 404 1054 eius
424 1021 618 1055 extinctione
633 1023 832 1056 erectionem
851 1030 882 1056 et
900 1024 1075 1057 institutio-

335 1085 408 1109 nem
427 1075 500 1108 novi
518 1075 633 1108 Montis
651 1076 963 1119 quadringentorum
984 1079 1075 1121 quin-

335 1130 489 1174 quaginta
507 1136 579 1163 octo
600 1131 747 1163 locorum
768 1141 840 1164 cum
862 1131 964 1164 tribus
983 1143 1075 1175 quar‘

335 1183 375 1216 tis
400 1183 545 1226 partibus
577 1184 708 1217 alterius
733 1184 797 1217 loci
823 1185 1030 1226 huiusmodi,
1058 1197 1075 1218 a
1097 1182 1098 1194 ¹

334 1235 520 1269 memoratis
545 1237 781 1280 exponentibus
800 1237 899 1270 factas
921 1243 956 1270 ut
985 1249 1075 1281 prae-

336 1289 447 1329 fertur,
462 1289 707 1333 confectumque
723 1290 864 1334 desuper
881 1291 1075 1324 instrumen-

335 1347 402 1374 tum
425 1342 674 1385 praeinsertum‚
694 1354 765 1375 cum
786 1343 936 1375 omnibus
955 1349 986 1377 et
1009 1345 1074 1376 sin-

333 1395 418 1437 gulis
435 1395 467 1427 in
485 1405 522 1427 eo
541 1396 715 1435 contentis,
737 1396 924 1429 auctoritate
949 1404 1075 1440 aposto-

333 1448 394 1480 tica
408 1447 635 1481 confirmamus
653 1454 684 1481 et
701 1449 928 1492 approbamus,
945 1450 1073 1493 illisque
1095 1490 1097 1496 χ

333 1500 527 1535 inviolabilis
558 1501 754 1545 apostolicae
783 1501 943 1536 firmitatis
974 1504 1075 1537 robur

334 1553 512 1595 adiicimus,
539 1565 575 1587 ac
605 1565 718 1588 omnes
755 1560 787 1588 ct
819 1555 963 1599 singulos
995 1557 1073 1590 iuris

333 1613 365 1640 et
383 1607 464 1648 sacti,
483 1618 518 1640 ac
532 1608 773 1642 solemnitatum
787 1620 1071 1654 quarumcumque,

333 1665 396 1693 tam
412 1671 447 1694 ex
465 1660 544 1693 iuris
562 1662 739 1695 communis
757 1668 788 1695 et
806 1663 1073 1697 constitutionum

333 1713 599 1757 apostolicarum,
626 1725 723 1758 quam
749 1726 786 1748 ex
811 1715 886 1748 dicti
919 1717 1069 1759 collegii,

334 1767 512 1801 aliorumve
549 1768 770 1811 qturumlibet
807 1774 1002 1803 statutorum
1043 1777 1073 1804 et

334 1820 622 1861 consuetudinum,
651 1821 747 1854 etiam
772 1821 968 1863 iuramento,
996 1834 1073 1856 con-

332 1872 514 1906 firmatione
540 1874 736 1917 apostolica,
761 1876 811 1909 vel
836 1877 946 1919 quai-is
976 1878 1073 1910 tirmi-

334 1931 399 1959 tate
425 1926 485 1959 alia
509 1927 758 1967 roboratorum,
784 1939 911 1962 necnon
941 1930 1072 1974 privile-

333 1979 459 2022 giorum
484 1981 706 2023 quorumlibet
729 1983 939 2026 praescripto,
958 1994 1013 2016 seu
1033 1985 1071 2017 de

334 2033 426 2076 stylo,
443 2038 474 2066 et
490 2032 570 2066 alifis
588 2034 837 2077 quomodolibet
853 2036 885 2068 in
900 2036 1072 2078 similibus,

333 2085 429 2118 etiam
461 2086 500 2119 de
535 2087 729 2120 necessitate
767 2089 1069 2132 observandarum,

333 2140 452 2173 aliosve
476 2140 640 2184 quoslibet
660 2142 863 2185 quantumvis
885 2154 1019 2185 magnos
1042 2151 1073 2178 ct

334 2193 567 2227 substantiales
601 2205 635 2227 ac
667 2195 816 2238 specifica
840 2198 1003 2230 mentione
1031 2199 1072 2232 di-

334 2256 412 2288 gnos
437 2247 591 2287 desectus,
612 2248 636 2280 si
655 2249 758 2292 quiin
780 2251 967 2293 praemissis
986 2252 1073 2295 prin-

335 2298 485 2342 cipaliter
508 2302 557 2334 vel
583 2302 771 2342 accessorie,
797 2308 853 2335 aut
877 2305 955 2337 alias
987 2317 1068 2348 quo-

333 2352 513 2386 modolibet
526 2353 768 2396 intervenerint,
783 2367 840 2389 seu
857 2357 1071 2393 intervenisse

335 2404 411 2446 diei,
430 2406 555 2439 censeri
579 2409 629 2441 vel
654 2410 822 2452 praetendi
843 2420 984 2455 possent,
1005 2414 1072 2456 ple-

334 2459 468 2493 nissime
494 2460 684 2504 supplemus
709 2469 740 2497 et
764 2474 928 2507 sanamus,
956 2477 991 2498 ac
1015 2478 1072 2510 pe-

333 2512 419 2546 nitus
445 2519 478 2546 et
501 2515 633 2549 omnino
658 2517 802 2551 tollimus
829 2524 860 2552 et
889 2521 1068 2554 abolemus.

1763 223 1826 258 830

1164 280 1180 323 ἓ
1217 279 1249 313 3.
1287 279 1502 314 Decernentes
1542 282 1671 315 easdem
1710 293 1862 326 praesen-

1122 337 1168 365 tes
1199 333 1323 366 litteras
1357 345 1488 377 semper
1520 333 1650 375 tirmas,
1676 336 1797 369 validas
1832 342 1862 370 et

1122 385 1268 419 efficaces
1295 386 1431 420 existere
1457 393 1488 420 et
1513 388 1600 430 fore,
1628 400 1768 433 suosque
1793 391 1861 434 ple-

1121 439 1229 472 narios
1255 446 1286 472 et
1310 439 1454 483 integros
1479 440 1609 475 effectus
1628 442 1738 475 sortiri
1756 449 1787 476 et
1806 444 1861 476 ob-

1121 491 1243 533 tinere,
1271 504 1307 526 ac
1332 494 1409 533 illis,
1437 495 1474 527 ad
1502 506 1582 538 quos
1603 501 1725 539 spectat
1750 501 1781 529 et
1800 507 1859 540 pro

1121 550 1266 587 tempore
1299 547 1477 589 spectabit,
1505 548 1535 580 iu
1563 549 1714 582 omnibus
1745 555 1777 582 et
1801 560 1860 593 per

1119 597 1228 630 omnia
1254 599 1443 641 plenissime
1472 599 1636 643 suffragari
1665 607 1697 635 et
1728 602 1766 634 ab
1793 602 1857 636 illis

1120 651 1297 694 respective
1322 652 1555 687 inviolabiliter
1581 655 1760 696 observari,
1797 656 1858 689 sic·

1119 714 1182 746 que
1203 709 1235 737 et
1248 715 1313 738 non
1331 706 1426 739 aliter
1444 707 1475 739 in
1490 708 1680 750 praemissis
1696 719 1754 752 per
1768 720 1859 752 quos·

1118 767 1255 800 cumque
1273 758 1398 792 iudices
1419 760 1602 793 ordinarios
1622 767 1651 793 et
1669 762 1833 805 delegatos
1850 790 1856 801 ,

1118 809 1214 843 etiam
1239 821 1407 845 causarum
1434 813 1543 855 palatii
1574 815 1742 857 apostolici
1769 816 1858 849 audi-

1120 868 1220 905 tores,
1248 875 1283 897 ac
1308 865 1339 898 S.
1360 865 1396 897 R.
1417 865 1451 898 E.
1481 867 1692 900 camerarium
1723 874 1753 900 et
1777 869 1856 902 alios

1119 917 1308 958 cardinaleS,
1330 929 1459 951 necnon
1477 930 1623 955 camerae
1648 921 1856 964 apostolicae,

1118 970 1348 1013 praesidentes
1374 973 1518 1013 clericos,
1545 973 1779 1008 thesaurarium
1805 986 1858 1018 ge-

1118 1025 1270 1063 neralem,
1306 1020 1587 1066 commissarium,
1617 1027 1762 1070 aliosque
1789 1029 1858 1061 offi-

1118 1075 1215 1108 ciales
1236 1082 1266 1109 et
1286 1077 1458 1116 ministros,
1475 1084 1667 1122 ceterosque
1687 1080 1855 1123 quoslibet,

1118 1140 1321 1174 quacumque
1359 1132 1615 1173 praeeminentia
1640 1138 1671 1164 et
1696 1138 1856 1176 potestate

1118 1184 1289 1226 fungentes
1324 1190 1353 1217 et
1389 1185 1574 1226 suncturos,
1602 1186 1728 1218 sublata
1756 1187 1801 1220 eis
1826 1192 1857 1220 et

1118 1246 1232 1268 eorum
1258 1236 1412 1277 cuilibet,
1434 1238 1547 1280 quavis
1573 1237 1666 1271 aliter
1691 1238 1856 1273 iudicandi

1118 1294 1148 1321 et
1170 1289 1403 1332 interpretandi
1423 1291 1573 1323 lacultate
1600 1297 1631 1323 et
1654 1292 1855 1333 auctoritate,

1117 1341 1250 1374 iudicaii
1268 1348 1298 1374 et
1324 1342 1449 1375 deliniri
1477 1344 1608 1384 debere,
1627 1355 1662 1377 ac
1680 1344 1808 1378 irritum
1826 1351 1857 1378 et

1117 1394 1225 1435 inane,
1247 1395 1403 1439 quidquid
1419 1407 1521 1429 ‘secus
1549 1407 1645 1440 super
1666 1398 1716 1430 liis
1742 1409 1759 1430 a
1777 1409 1856 1442 quc-

1118 1458 1211 1490 quam
1229 1476 1236 1489 ,
1263 1449 1371 1492 quavis
1396 1449 1608 1491 auctoritate,
1642 1450 1782 1484 scienter
1806 1453 1855 1486 vel

1116 1500 1319 1542 ignoranter,
1343 1502 1516 1545 contigerit
1540 1504 1702 1536 attentari.

1160 1554 1174 1597 g
1199 1554 1230 1586 4.
1258 1554 1326 1587 Non
1353 1556 1559 1589 obstantibus
1595 1557 1708 1590 litteris
1734 1558 1854 1590 nostris

1116 1607 1334 1649 praeinsertis,
1355 1618 1401 1648 ac,
1420 1614 1579 1651 quatenus
1596 1620 1677 1653 opus
1695 1610 1744 1651 sit,
1762 1622 1855 1654 prac-

1116 1660 1180 1691 Καὶ
1203 1659 1248 1691 Pii
1267 1660 1303 1692 IV
1323 1662 1584 1703 praedecessoris
1609 1664 1709 1696 nostri
1728 1664 1766 1696 de
1783 1675 1855 1706 gra-

1117 1711 1167 1744 tiis
1194 1713 1428 1757 qualecumque
1466 1716 1624 1748 interesse
1662 1716 1764 1749 dictae
1797 1728 1852 1750 ca-

1116 1775 1223 1797 merae
1243 1766 1517 1800 concernentibus
1534 1768 1567 1800 in
1589 1769 1700 1802 eadem
1725 1772 1855 1803 camera

1116 1818 1202 1851 intra
1234 1824 1358 1852 certum
1393 1825 1468 1853 tunc
1505 1832 1693 1864 expressum
1730 1828 1857 1868 tenipus

1116 1872 1362 1914 praesentandis
1378 1878 1410 1905 et
1424 1873 1650 1916 rcgistrandis,
1662 1876 1704 1908 ita
1718 1882 1752 1908 ut
1768 1888 1857 1920 prae-

1094 1917 1096 1928 *
1116 1931 1224 1958 sentes
1250 1925 1373 1959 litteras
1392 1926 1511 1960 ibidem
1536 1930 1736 1971 praesentari
1763 1936 1794 1963 et
1813 1942 1856 1964 re-

1116 1978 1245 2020 gistrari
1270 1989 1434 2022 nunquam
1466 1991 1596 2014 necesse
1628 1982 1685 2024 sit,
1720 1983 1855 2027 aliisque

1116 2031 1400 2065 constitutionibus
1435 2039 1463 2066 et
1496 2035 1755 2069 ordinationibus
1778 2048 1856 2080 apo-

1117 2085 1250 2126 stolicis,
1266 2097 1394 2119 necnon
1409 2088 1560 2121 omnibus
1580 2095 1610 2121 et
1627 2090 1764 2133 singulis
1782 2091 1855 2131 iltis,

1116 2150 1197 2182 quae
1220 2140 1252 2172 in
1274 2141 1393 2174 eisdem
1413 2141 1529 2175 litteris
1555 2144 1772 2177 concessimus
1790 2156 1855 2178 non

1116 2194 1245 2226 obstare
1266 2221 1273 2234 ,
1303 2195 1485 2239 ceterisque
1518 2198 1690 2232 contrariis
1724 2200 1856 2243 quibus-

1115 2258 1266 2291 cumque.

1159 2301 1271 2334 Datum
1297 2302 1426 2343 Romae,
1452 2304 1537 2347 apud
1565 2303 1597 2337 S.
1629 2305 1761 2339 Mariam
1795 2308 1856 2341 Ma-

1115 2355 1238 2397 iorem,
1273 2357 1330 2390 sub
1366 2360 1488 2392 annulo
1523 2359 1704 2402 piscatoris,
1720 2362 1770 2395 die
1786 2374 1856 2397 xxix

1116 2411 1302 2444 novembris
1331 2421 1490 2454 MDCLx1x,
1516 2414 1722 2456 pontificatus
1751 2416 1854 2450 nostri

1115 2475 1200 2497 anuo
1216 2475 1263 2498 111.

1152 2527 1209 2556 Dat.
1228 2528 1271 2556 die
1287 2529 1319 2557 29
1339 2530 1494 2558 novembris
1516 2531 1595 2566 1669,
1616 2532 1714 2568 pontif.
1731 2541 1800 2560 anno
1815 2539 1853 2560 tu.

867 2620 1314 2639 ersw—

1873 234 1920 260 Λιι.
1943 233 1971 260 C.
1994 233 2058 262 tuot>

1899 295 2012 318 Decretum
2029 296 2058 320 [Α’-

1873 325 1947 344 ritaus.

1933 1573 2050 1597 Deroeatio

1865 1601 2029 1622 canti-stomun
