2247 3208
138 216 205 257 ΓΑΒ.
225 226 254 256 c.
272 227 340 256 1653

196 814 258 835 Fides
273 817 328 835 tran·

145 843 282 866 sumptorum.

939 231 1125 255 ALEXANDER
1149 232 1192 255 Vll
1219 230 1266 255 1³1³.

348 277 381 309 in
414 276 614 310 contrarium
651 279 909 321 praemissorum
947 291 1083 324 quomo-

349 330 474 363 dolibet
499 331 686 370 concessis,
713 333 899 375 approbatis
934 339 965 365 et
990 334 1083 366 inno-

347 383 454 423 vatis3
483 383 601 426 quibus
628 384 780 417 omnibus
806 391 837 417 et
862 386 1016 428 singulis,
1044 387 1083 418 il-

346 435 454 468 lorum
481 441 614 469 tenores
640 438 872 480 praesentibus
898 449 958 481 pro
983 439 1081 481 plene

347 492 379 520 ct
411 488 613 522 sufficienter
646 491 811 533 expressis
842 502 878 524 ac
909 491 947 523 de
980 491 1081 523 verbo

346 540 385 573 ad
411 543 547 574 verbum
573 542 706 576 insertis
726 544 899 583 habentes,
919 544 983 576 illis
1002 544 1080 576 alias

345 592 378 625 in
404 605 464 627 suo
490 596 610 628 robore
640 597 882 638 permansuris,
914 597 953 629 ad
986 607 1082 639 prae-

346 645 522 679 missorum
553 647 713 686 effectum,
733 647 794 680 hac
814 648 884 680 vice
903 648 1080 688 dumtaxat,

345 700 535 742 specialiter
552 705 583 732 et
601 711 756 743 expresse
776 701 1082 744 de1·ogamus;cete-

345 751 455 794 risque
481 753 652 785 contrariis
679 753 953 798 quibuscumque.

389 804 458 847 {4-
494 804 649 837 volumus
682 811 790 838 autem
823 811 857 838 ut
890 807 1079 840 earumdem

344 857 570 899 praesentium
618 858 801 891 litterarum
841 860 1053 903 transumptis
1070 887 1077 900 ,

345 909 442 942 etiam
467 909 645 952 impressis,
672 921 770 943 manu
796 912 933 944 alieuius
959 913 1078 946 notarii

343 962 465 1005 publici
492 963 700 1006 subscriptis,
727 969 759 997 et
783 964 890 1007 sigillo
914 976 1078 1008 personae

342 1014 375 1047 in
417 1015 640 1049 ecclesiastica
680 1017 838 1059 dignitate
880 1019 1078 1052 constitutae

343 1068 488 1109 munitis,
507 1069 620 1102 eadem
639 1080 776 1113 prorsus
796 1070 876 1104 sides
891 1072 1014 1114 ubique
1031 1072 1079 1105 lo-

343 1129 457 1153 corum
483 1127 546 1154 tam
573 1121 605 1154 in
630 1122 751 1156 iudicio
770 1134 867 1166 quam
893 1130 982 1157 extra
999 1124 1078 1158 illud

344 1173 552 1215 adhibeatur,
573 1185 655 1218 quae
674 1175 824 1218 ipsismet
848 1178 1077 1220 praesentibus

343 1226 567 1268 adhiberetur,
594 1227 620 1260 si
646 1228 754 1261 forent
780 1229 946 1263 exhibitae
968 1231 1017 1263 vel
1045 1241 1079 1264 o-

343 1284 486 1312 stensae.

385 1332 500 1365 Datum
517 1333 549 1365 in
569 1333 650 1366 Arce
667 1333 862 1378 Gandulphi,
881 1335 1077 1369 Albanensis

343 1384 503 1419 dioecesis
522 1413 529 1426 ‚
554 1387 612 1419 sub
644 1389 765 1421 annulo
798 1389 974 1422 piscatoris
991 1416 998 1430 ,
1026 1389 1077 1422 die

340 1449 391 1472 inti
409 1438 483 1472 maii
500 1449 656 1481 MDCanJ,
673 1441 881 1485 pontificatus
898 1442 1003 1475 nostri
1022 1452 1078 1475 an-

342 1501 384 1524 no
410 1502 451 1526 rx.

377 1551 436 1580 Dat.
456 1553 500 1581 die
519 1553 548 1580 2¹
573 1554 634 1581 maii
656 1554 733 1590 1663,
754 1555 848 1592 pontif.
870 1563 939 1584 anno
954 1564 991 1583 xx.

616 1726 800 1760 CDxxxtx.

341 1811 489 1846 Decernit
520 1814 711 1847 servandam
743 1826 807 1848 esse
839 1816 875 1848 in
907 1815 1077 1858 provincid

386 1865 595 1898 Maioricensi
620 1866 754 1900 Ordinis
782 1868 948 1900 Minornm
974 1869 1079 1901 suncti

384 1917 556 1951 Francisci
587 1919 624 1952 de
660 1919 868 1953 Observantid
905 1930 1075 1963 nuncupa-

386 1974 492 2003 torum
517 1971 761 2015 dispositionem
791 1973 902 2006 Brevis
928 1973 1075 2008 Clemen-

387 2023 427 2056 tis
455 2023 634 2068 VIIIsuper
659 2025 882 2068 prohibitione
909 2027 1078 2060 erectionis

389 2087 546 2110 novorum
577 2083 786 2111 conventuum
819 2090 879 2122 pro
907 2080 1079 2122 provincid

387 2130 639 2174 Carthayinensi
662 2131 742 2164 dicti
768 2131 903 2165 Ordinis
920 2134 1075 2173 emanati,

385 2187 414 2216 et
429 2183 566 2227 proinde
584 2184 742 2227 fratribus
759 2185 930 2218 cuiuslibet
946 2185 1079 2219 Ordinis

384 2236 642 2271 Mendicantinm
667 2249 823 2273 novorum
850 2244 1075 2280 conventuum,

387 2289 602 2333 hospitiorum
627 2302 681 2324 seu
699 2292 867 2325 domorum
885 2303 1079 2336 permanen-

388 2342 472 2375 tium
495 2343 701 2385 erectionem,
728 2345 847 2389 absque
871 2345 963 2378 Sedis
986 2346 1079 2388 Apo-

386 2395 517 2428 stoliccze
542 2396 687 2437 licemict,
707 2402 820 2431 contra
845 2403 983 2431 tenorem
1000 2398 1080 2431 dicti

386 2449 499 2482 Brevis
531 2455 560 2482 et
589 2450 842 2493 apostolicarum
873 2452 1077 2485 constitutio-

387 2511 478 2541 num,
506 2503 543 2534 in
567 2502 655 2535 diolci
677 2504 848 2546 provincid
871 2504 1079 2538 Maioricensz·

384 2554 535 2597 prohibet
559 2559 587 2588 et
611 2554 806 2589 interdicw.

380 2615 392 2641 1
413 2614 452 2642 Ex
471 2615 581 2650 Regest.
602 2615 630 2643 in
649 2615 750 2644 Secret.
771 2616 849 2645 Brev-

1309 280 1474 307 Alexander
1497 281 1574 314 Papa
1594 281 1657 314 vlt,

1260 324 1295 350 ad
1315 324 1445 351 futuram
1465 325 1508 351 rei
1528 325 1706 352 memoriam.

1160 385 1174 427 ἓ
1199 385 1230 417 1.
1257 385 1379 427 Exponi
1406 387 1500 418 nobis
1534 397 1640 429 nuper
1672 387 1748 420 fecit
1774 388 1853 421 dile-

1116 441 1184 468 ctus
1210 437 1295 469 filius
1314 438 1426 470 Petrus
1446 438 1850 478 Roccius,commissarius

1116 489 1279 531 generalis
1305 490 1411 523 cutiae
1436 490 1564 523 Ordinis
1591 493 1725 525 fratrum
1751 494 1852 527 Mino-

1116 552 1187 573 rum
1225 542 1327 574 sancti
1363 542 1526 575 Francisci
1565 544 1603 576 de
1640 545 1851 579 Observantia

1115 600 1378 636 nuncupatorum
1415 606 1475 638 pro
1512 596 1633 629 familia
1670 599 1850 632 ultramon-

1117 649 1202 686 tana,
1221 648 1309 690 quod
1335 648 1457 680 dudum
1484 649 1585 682 felicis
1613 651 1849 685 recordationis

1115 699 1264 732 Clemens
1284 700 1369 743 Papa
1386 701 1449 733 vul
1467 703 1705 744 praedecessor
1726 710 1848 745 noster,

1115 752 1328 785 considerans
1354 753 1386 785 in
1411 755 1580 797 provincia
1600 755 1849 799 Carthaginensi

1115 804 1190 837 dicti
1211 804 1353 845 Ordinis,
1372 811 1436 839 tam
1457 810 1605 849 angusta,
1631 813 1752 841 tantam
1772 810 1849 842 mul-

1114 858 1287 891 titudinem
1322 865 1543 893 conventuum
1579 863 1779 904 regularium
1805 862 1851 895 di-

1114 921 1285 943 versorum
1310 911 1465 945 Ordinum
1491 914 1640 956 reperiri,
1660 919 1695 946 ut
1712 920 1850 958 propter

1113 964 1363 1006 practensiones
1378 976 1533 998 novarum
1545 967 1773 1000 fundationum
1783 969 1849 1010 plu-

1113 1017 1195 1049 rima
1209 1017 1375 1050 orirentur
1399 1018 1671 1060 inconvenientia,
1688 1020 1849 1053 ordinavit

1113 1079 1153 1101 ne
1179 1070 1211 1101 in
1235 1075 1405 1113 posterum
1431 1071 1594 1105 aedificari
1624 1078 1740 1116 posset
1762 1074 1846 1106 ullus

1113 1128 1293 1155 conventus
1326 1123 1410 1156 intra
1442 1125 1583 1168 spatium
1617 1130 1758 1168 quatuor
1797 1126 1848 1159 vel

1113 1176 1257 1219 quinque
1282 1178 1448 1210 leucarum
1471 1189 1488 1211 a
1512 1178 1575 1210 iam
1601 1179 1734 1219 erectis,
1750 1184 1848 1222 prout

1113 1228 1145 1260 in
1160 1229 1308 1262 eiusdem
1322 1229 1497 1263 Clementis
1518 1230 1786 1274 praedecessoris
1801 1231 1849 1264 lit-

1113 1282 1190 1314 teris
1215 1282 1248 1314 in
1274 1282 1369 1315 simili
1396 1283 1499 1315 forma
1525 1283 1633 1316 Brevis
1659 1284 1711 1316 die
1732 1294 1755 1317 11
1776 1283 1846 1316 iulii

1112 1343 1189 1368 unet
1214 1335 1357 1378 desuper
1381 1336 1541 1379 expeditis
1573 1336 1702 1379 plenius
1729 1336 1848 1370 dicitur

1112 1387 1285 1420 contineri.

1155 1441 1170 1483 ἓ
1194 1440 1224 1473 ⁶2.
1252 1440 1328 1474 Cum
1354 1446 1469 1482 autem,
1496 1442 1579 1475 sicut
1608 1442 1724 1475 eadem
1748 1453 1847 1486 expo-

1112 1493 1186 1526 sitio
1211 1494 1442 1537 subiungebat,
1468 1495 1501 1527 in
1525 1495 1693 1538 provincia
1720 1495 1847 1529 Maiori-

1112 1546 1201 1579 censi
1240 1547 1316 1580 dicti
1351 1547 1479 1580 Ordinis
1521 1548 1655 1581 fratrum
1687 1548 1847 1581 Minorum

1113 1600 1213 1633 sancti
1228 1600 1390 1633 Francisci
1405 1601 1443 1634 de
1458 1600 1669 1634 Observantia
1682 1612 1848 1645 nuncupa-

1112 1658 1216 1687 torum
1241 1655 1355 1687 eadem
1370 1654 1636 1688 inconvenientia
1656 1660 1845 1699 sequantur,

1113 1712 1238 1740 attento
1264 1708 1353 1751 quod
1377 1707 1433 1740 illa
1457 1707 1541 1740 intra
1566 1708 1708 1751 spatium
1730 1708 1847 1741 duode-

1112 1761 1174 1794 cim
1198 1761 1365 1794 leucarum
1390 1760 1605 1804 longitudinis
1632 1766 1663 1794 et
1687 1766 1760 1794 octo
1778 1761 1847 1794 lati-

1112 1813 1233 1845 tudinis
1248 1813 1395 1846 continet
1411 1819 1485 1846 octo
1501 1818 1679 1846 conventus
1698 1814 1845 1846 eiusdem

1111 1865 1240 1899 Ordinis
1255 1867 1413 1899 Minorum
1432 1867 1533 1899 sancti
1551 1866 1712 1899 Francisci
1731 1867 1769 1899 de
1787 1866 1848 1899 Ob-

1113 1919 1286 1959 servantia,
1301 1919 1333 1951 in
1356 1918 1474 1961 quibus
1492 1918 1615 1961 puritas
1636 1919 1768 1961 regulae
1790 1919 1848 1951 ob-

1113 1978 1267 2012 servatur,
1294 1982 1420 2004 necnon
1446 1981 1502 2004 sex
1527 1971 1703 2014 hospitalia
1722 1981 1847 2015 paupe-

1112 2036 1185 2057 rum
1211 2035 1247 2058 ex
1274 2024 1490 2068 eleemosynis
1514 2024 1704 2065 viventium,
1731 2034 1767 2057 ac
1792 2025 1847 2057 de-

1113 2088 1183 2111 cem
1207 2077 1406 2110 monasteria
1429 2077 1631 2118 monialium,
1651 2082 1783 2120 praeter
1806 2077 1847 2110 vi-

1113 2130 1193 2173 ginti
1219 2135 1397 2163 conventus
1424 2130 1629 2162 diversorum
1666 2129 1844 2170 Ordinum,

1113 2194 1253 2227 quorum
1277 2184 1379 2216 maior
1402 2193 1477 2227 pars
1504 2189 1554 2216 est
1577 2183 1842 2223 llIendicantium,

1113 2238 1198 2270 unde
1224 2242 1256 2270 et
1281 2238 1447 2270 seculares
1472 2237 1563 2269 valde
1596 2241 1788 2279 gravantur,
1816 2241 1848 2269 et

1114 2291 1372 2335 quamplurimae
1390 2291 1430 2323 ob
1443 2300 1599 2323 novarum
1618 2289 1846 2322 fundationum

1112 2344 1360 2388 praetensiones
1380 2350 1445 2376 tam
1466 2343 1552 2376 inter
1569 2343 1730 2376 seculares
1749 2353 1846 2385 quam

1112 2398 1198 2430 inter
1211 2398 1380 2440 regulares
1399 2396 1549 2429 oriuntur
1566 2396 1756 2436 discordiae,
1773 2406 1846 2429 curn

1112 2451 1249 2483 maximo
1262 2449 1421 2493 regularis
1437 2449 1627 2492 disciplinae
1642 2449 1844 2489 detrimento,

1112 2515 1148 2537 ac
1184 2504 1280 2537 etiam
1317 2504 1513 2547 populorum
1545 2503 1715 2536 scandalo:
1750 2502 1844 2534 nobis

1112 2562 1289 2600 propterea
1313 2556 1416 2588 dictus
1440 2556 1554 2589 Petrus
1580 2555 1747 2588 humiliter
1771 2564 1845 2597 sup-

1113 2609 1227 2653 plicari
1253 2608 1328 2642 fecit
1351 2614 1387 2641 ut
1403 2609 1435 2641 in
1452 2608 1639 2652 praemissis
1661 2611 1843 2650 opportune

1758 224 1817 258 '171
1868 233 1917 261 An.
1939 232 1968 261 C.
1985 233 2052 262 ¹663

1892 398 2010 425 Expositio.

1888 1451 1975 1473 Molin-
