2247 3208
206 218 256 244 Aa.
272 217 302 245 C.
322 218 387 244 1662

206 904 317 925 Obstantia
328 905 388 925 tullii.

434 210 497 242 ⁶298

399 267 508 299 ηπῶς
535 272 565 299 et
585 267 731 307 integros
753 265 886 298 effectus
904 266 1013 298 sortiri
1032 270 1064 297 et
1082 264 1133 298 ol?-

398 320 513 357 tinere,
540 329 576 350 ac
601 319 675 357 illis,
695 319 734 351 ad
760 329 842 361 quos
868 323 995 361 spectat
1019 323 1051 351 et
1071 329 1132 361 pro

398 377 546 412 tempore
584 371 765 413 spectabit,
792 370 982 413 plenissime
1018 369 1133 403 suffra-

397 423 476 462 gari,
512 427 544 454 et
568 423 607 455 ab
633 423 697 456 illis
731 423 911 466 respective
936 423 1133 456 inviolabili-

396 482 446 507 ter
464 475 654 515 observari,
674 475 786 518 sicque
806 476 838 508 in
857 476 1047 518 praemissis
1073 486 1134 518 per

397 538 620 571 quoscumque
656 527 781 560 iudices
815 528 1001 561 ordinarios
1028 529 1134 561 etde-

396 582 542 623 legatos,
577 580 674 612 etiam
707 591 880 613 causarum
912 580 1023 623 palatii
1056 591 1134 623 apo-

397 632 503 665 stolici
530 631 705 672 auditores,
725 633 861 665 iudicari
880 638 912 665 et
936 632 1064 665 definiri
1084 634 1133 666 de-

397 686 486 723 bere,
506 696 542 718 ac
567 685 696 717 irritum
725 690 757 717 et
784 686 880 718 inane
902 686 927 717 si
959 696 1053 717 secus
1081 696 1134 717 su-

398 748 458 780 per
479 738 529 770 his
555 748 571 770 a
597 747 770 781 quoquam,
790 738 901 781 quavis
925 738 1132 778 auctoritate,

399 791 542 823 scienter
573 792 622 823 vel
649 791 862 834 ignoranter,
885 790 1059 833 contigerit
1089 796 1135 823 at-

399 844 530 876 tentari.

444 896 458 938 ἓ
482 895 512 928 5.
540 895 609 928 Non
627 896 831 929 obstantibus
849 896 1134 929 constitutionibus

400 955 432 981 et
463 948 722 983 ordinationibus
759 949 969 991 apostolicis,
995 959 1134 989 necnon,

400 1005 558 1043 quatenus
591 1011 672 1043 opus
698 1001 747 1039 sit,
774 999 934 1033 dit-‘torum
958 1000 1086 1047 Ordinis
1104 1005 1137 1034 et

399 1053 594 1096 provinciae,
622 1053 729 1086 aliisve
745 1053 919 1096 quibusvis,
941 1053 1037 1085 etiam
1051 1053 1137 1085 iura-

399 1111 533 1145 mento,
571 1105 819 1138 confirmatione
857 1106 1058 1148 apostolica,
1086 1107 1135 1138 vel

399 1158 510 1201 (piaris
530 1158 682 1190 firmitate
708 1158 769 1190 alia
795 1158 978 1197 roboratis,
1010 1158 1136 1191 statutis

400 1215 431 1242 et
456 1210 764 1249 consuetudinibus,
791 1210 970 1254 privilegiis
997 1221 1135 1254 quoque,

399 1263 531 1295 indultis
549 1269 582 1296 et
600 1263 716 1296 litteris
741 1263 929 1306 apostolicis
955 1264 988 1296 in
1010 1268 1138 1296 contra-

400 1316 485 1347 rium
511 1315 771 1358 praemissorum
796 1316 1046 1359 quomodolibet
1066 1327 1138 1349 con-

401 1368 516 1407 cessis,
544 1367 744 1401 confirmatis
767 1373 799 1400 et
817 1368 997 1408 innovatis;
1018 1370 1137 1412 quibus

401 1420 553 1453 omnibus
604 1425 636 1452 et
679 1420 844 1462 singulis,
877 1421 1010 1453 illorum
1045 1426 1139 1454 teno-

402 1483 454 1505 res
487 1473 720 1515 praesentibus
752 1483 812 1516 pro
849 1474 946 1516 plene
984 1478 1017 1506 et
1051 1474 1140 1506 suffi-

402 1525 530 1557 cienter
553 1525 719 1567 expressis
746 1536 782 1557 ac
811 1525 850 1557 de
878 1526 978 1558 verbo
1005 1527 1044 1559 ad
1070 1537 1141 1559 ver-

401 1578 479 1609 bum
496 1577 630 1609 insertis
654 1578 828 1617 habentes,
845 1577 909 1610 illis
927 1579 1006 1611 alias
1025 1579 1056 1611 in
1080 1590 1139 1612 suo

402 1631 522 1662 robore
548 1630 786 1672 permansuris,
814 1631 852 1663 ad
879 1632 1139 1674 praemissorum

403 1683 566 1723 olibetum,
586 1684 647 1715 hac
670 1684 738 1716 vice
758 1684 935 1725 dumtaxat,
950 1685 1141 1728 specialiter

403 1741 435 1767 ct
448 1746 604 1778 expresse
621 1736 832 1778 derogamus3
852 1737 1040 1780 ceterisque
1061 1748 1140 1770 con-

404 1787 512 1819 trariis
540 1787 816 1831 quibuscumque.

447 1840 562 1871 Datum
587 1840 727 1879 Romae,
754 1841 840 1883 apud
865 1841 896 1874 S.
924 1841 1054 1874 Mariam
1080 1843 1141 1876 Ma-

403 1893 519 1933 iorem,
547 1894 607 1925 sub
633 1894 753 1926 annulo
780 1893 968 1933 Piscatoris‚
994 1895 1045 1928 die
1072 1906 1140 1930 xxix

403 1945 471 1977 iulii
489 1955 639 1985 unchiv,
658 1946 867 1989 pontificatus
886 1947 987 1979 nostri
1006 1958 1090 1981 anno
1108 1959 1137 1982 x.

438 2007 496 2034 Dat.
513 2006 555 2034 die
570 2007 603 2034 29
618 2007 677 2034 iulii
694 2007 772 2042 1664,
788 2008 883 2043 pontis.
900 2016 971 2036 anuo
987 2017 1012 2036 x.

657 2176 890 2210 CDLxxxvlll.

404 2263 598 2306 Proroqatio
614 2263 754 2296 subsidii
769 2265 1083 2308 quaclrz'nqentorum
1100 2267 1144 2299 vi-

448 2316 536 2359 qi'ulz'
560 2317 707 2349 millium
736 2317 924 2350 ducatorum
957 2328 1143 2351 annuorum

448 2379 544 2411 super
556 2369 714 2411 fructibus
730 2370 952 2403 ecclesiasticis
975 2371 1143 2403 universa-

448 2432 523 2453 rum
555 2422 799 2466 Hispaniarum
831 2427 859 2455 el
883 2423 1058 2457 Sardiniae
1085 2434 1144 2466 pro

449 2484 521 2516 φερε
545 2474 700 2506 catholico
724 2475 766 2507 ad
789 2474 1083 2519 quinquennium¹.

444 2587 455 2614 1
473 2586 509 2613 Ex
527 2586 633 2622 aegest.
651 2586 677 2613 in
691 2586 792 2614 Secret.
810 2587 886 2615 Brev.

979 218 1158 242 BULLARIUM
1183 218 1334 242 ROMANUM

1194 264 1352 292 Carissimo
1368 265 1398 292 in
1414 265 1529 293 christo
1544 266 1604 293 filio
1623 268 1725 293 nostro
1745 265 1890 300 Philippo,

1306 309 1515 342 Hispaniarum
1534 310 1596 344 regi
1617 310 1777 343 catholico,

1368 359 1532 385 Alexander
1555 359 1633 392 Papa
1653 360 1716 387 vu.

1281 414 1438 442 Carissimo
1453 415 1484 442 in
1500 415 1617 443 Christo
1632 416 1675 443 fili
1693 419 1805 449 noster,

1211 459 1340 486 salutem
1360 462 1391 486 et
1411 459 1606 493 apostolicam
1626 460 1873 488 benedictionem.

1219 530 1233 572 ἓ
1259 530 1289 562 1.
1318 530 1439 572 Magnis
1465 532 1571 563 causis
1601 531 1751 571 adducti,
1778 542 1910 565 conces-

1175 582 1301 616 sionem
1321 583 1457 615 subsidii
1483 584 1579 616 aunui
1597 584 1911 627 quadringentorum

1176 639 1208 667 et
1232 635 1346 677 viginti
1372 635 1509 668 millium
1535 636 1727 669 ducatorum
1745 647 1782 669 ex
1807 637 1912 670 fructi-

1175 689 1236 720 bus
1252 692 1283 720 et
1307 688 1487 721 redditibus
1504 689 1734 722 ecclesiasticis
1749 689 1912 722 civitatum

1177 746 1208 773 et
1234 743 1381 774 locorum
1408 753 1583 784 regnorum
1609 743 1835 776 universarum
1860 745 1914 777 Hi-

1176 794 1364 837 spaniarum
1400 805 1436 826 ac
1470 796 1565 828 etiam
1600 795 1768 829 Sardiniae
1807 798 1912 830 clarae

1177 847 1354 879 memoriae
1387 848 1538 890 Philippo
1563 848 1587 880 II
1617 859 1674 881 avo
1711 854 1764 881 tuo
1800 850 1915 893 Hispa-

1178 900 1304 932 niarum
1331 900 1399 942 regi
1426 901 1588 934 catholico
1623 913 1639 934 a
1673 902 1775 934 felicis
1806 913 1915 935 recor-

1178 952 1320 984 dationis
1335 952 1391 985 Pio
1406 953 1427 983 V
1441 954 1480 985 ad
1491 958 1616 986 certum
1632 959 1707 986 tunc
1723 966 1915 998 expressum

1178 1008 1305 1046 tempus
1331 1004 1456 1042 saetam,
1471 1009 1503 1037 et
1528 1006 1645 1038 deinde
1670 1008 1793 1048 pluries
1819 1009 1915 1040 etiam

1178 1066 1196 1087 a
1221 1055 1376 1098 Gregorio
1402 1057 1481 1096 XIII,
1500 1056 1587 1090 Sixto
1613 1058 1645 1096 V,
1664 1057 1821 1101 Gregorio
1838 1060 1914 1101 ΚΝ,

1179 1107 1343 1140 Clemente
1361 1108 1423 1140 VIII
1449 1120 1486 1141 ac
1511 1109 1610 1143 Haulo
1627 1110 1650 1141 V
1668 1110 1821 1143 Romanis
1839 1112 1918 1145 Pon-

1179 1159 1318 1192 tificibus
1343 1161 1654 1204 praedecessoribus
1672 1163 1793 1201 nostris
1812 1164 1917 1197 eidem

1180 1212 1332 1256 Philippo
1351 1224 1415 1253 avo,
1438 1218 1471 1246 et
1491 1215 1598 1248 clarae
1620 1215 1771 1248 similiter
1801 1226 1918 1249 memo-

1180 1264 1246 1297 riae
1259 1265 1411 1308 Philippo
1426 1264 1478 1298 III¹
1493 1267 1590 1300 etiam
1604 1267 1835 1311 Hispaniarum
1848 1269 1917 1311 regi

1181 1318 1343 1351 catholieo
1369 1317 1532 1361 genitori²
1551 1320 1633 1359 tuis,
1666 1325 1699 1353 et
1723 1332 1741 1354 a
1770 1323 1919 1355 recolen-

1181 1372 1239 1404 dae
1261 1371 1436 1405 memoriae
1460 1373 1591 1406 Urbano
1616 1374 1680 1406 VIII
1706 1379 1738 1407 et
1762 1375 1919 1408 Innocen-

1182 1425 1226 1458 tio
1243 1426 1266 1458 Χ
1287 1426 1439 1459 Romanis
1460 1427 1672 1460 Pontificibus
1690 1429 1919 1471 praedecesso-

1182 1478 1270 1510 ribus
1289 1478 1412 1520 pariter
1429 1479 1558 1518 nostris,
1575 1489 1636 1522 per
1649 1478 1793 1513 diversas
1808 1492 1918 1514 eorum

1182 1531 1374 1573 respective,
1393 1536 1424 1563 et
1441 1532 1634 1574 praesertim
1655 1532 1730 1565 dicti
1746 1533 1918 1567 Clementis

1183 1585 1241 1616 sub
1268 1584 1376 1616 datum
1402 1584 1453 1617 die
1472 1595 1501 1617 ix
1519 1585 1672 1618 februarii
1698 1596 1824 1626 unxcu,
1843 1598 1920 1630 pon-

1182 1635 1321 1668 tificatus
1353 1637 1403 1669 sui
1437 1647 1521 1670 anno
1554 1649 1575 1678 1,
1608 1643 1640 1670 et
1669 1638 1719 1671 die
1749 1649 1813 1673 xvu
1838 1640 1918 1672 iunii

1182 1698 1258 1727 uno,
1277 1689 1484 1731 pontificatus
1499 1690 1576 1723 item
1594 1691 1641 1723 sui
1660 1701 1802 1732 annosx,
1819 1697 1850 1725 et
1868 1693 1919 1725 die

1181 1750 1237 1772 xxx
1254 1742 1395 1774 octobris
1407 1751 1524 1782 nocui,
1539 1743 1748 1786 pontificatus
1767 1744 1920 1778 similiter

1183 1793 1231 1825 sui
1257 1804 1342 1827 anuo
1365 1804 1422 1834 xii,
1450 1805 1485 1827 ac
1509 1795 1586 1829 dicti
1611 1796 1699 1829 Pauli
1725 1797 1784 1829 sub
1809 1798 1919 1830 datum

1183 1846 1235 1878 die
1258 1857 1309 1879 xxi
1334 1846 1413 1879 iunii
1439 1857 1537 1888 MDCV,
1564 1849 1769 1891 pontificatus
1795 1850 1844 1882 sui
1870 1861 1921 1883 an-

1183 1909 1225 1932 no
1247 1910 1268 1938 1,
1295 1903 1327 1932 et
1352 1900 1403 1933 die
1428 1910 1471 1933 vu
1492 1902 1687 1944 septembris
1706 1912 1815 1941 uncxr,
1839 1913 1921 1946 pon-

1184 1951 1323 1984 tificatus
1356 1952 1434 1985 item
1466 1955 1516 1986 sui
1549 1965 1633 1987 anno
1658 1965 1712 1994 vn,
1743 1960 1775 1988 et
1799 1956 1851 1988 die
1874 1966 1920 1990 xii

1183 2005 1369 2038 novembris
1402 2015 1528 2046 iunch,
1554 2007 1761 2050 pontificatus
1797 2009 1921 2051 pariter

1184 2058 1232 2090 sui
1258 2069 1343 2091 anno
1367 2069 1410 2098 XI,
1432 2064 1463 2091 et
1483 2059 1535 2092 die
1553 2070 1603 2093 xxi
1629 2060 1770 2093 octobris
1790 2071 1918 2101 mcxix,

1184 2110 1393 2154 pontificatus
1409 2111 1516 2143 -etiam
1541 2112 1590 2144 sui
1616 2123 1701 2146 anno
1725 2124 1773 2153 xv,
1790 2123 1919 2146 necnon

1184 2162 1320 2206 praefati
1338 2162 1471 2202 Urbani,
1490 2163 1541 2196 die
1558 2174 1630 2197 xxvi
1649 2165 1754 2197 martii
1772 2175 1921 2203 uncxxiv.

1185 2214 1388 2258 pontificatus
1421 2216 1470 2248 sui
1507 2227 1592 2249 anno
1618 2227 1636 2256 1,
1653 2222 1685 2249 et
1709 2217 1760 2250 die
1785 2228 1821 2251 111
1847 2218 1920 2250 maii

1185 2277 1364 2308 mcxxxiv,
1391 2269 1598 2310 pontificatus
1630 2270 1753 2313 pariter
1783 2269 1832 2302 sui
1866 2281 1922 2303 an-

1186 2330 1227 2352 no
1251 2331 1298 2358 xi,
1324 2326 1355 2352 ct
1380 2321 1432 2354 die
1458 2332 1481 2354 11
1505 2321 1584 2354 iunii
1610 2332 1768 2362 nncxxxv,
1795 2323 1923 2366 pontifi-

1186 2376 1274 2405 catus
1304 2372 1383 2405 item
1408 2374 1457 2405 sui
1490 2384 1574 2406 anno
1598 2385 1662 2414 xii,
1687 2379 1719 2407 et
1745 2375 1796 2408 die
1822 2385 1854 2408 ix
1877 2375 1923 2408 ia-

1186 2424 1289 2457 nuarii
1314 2435 1486 2465 uncxxxix,
1512 2426 1720 2469 pontificatus
1751 2427 1847 2459 etiam
1872 2428 1922 2460 sui

1187 2488 1270 2510 anno
1287 2488 1349 2517 xv1,
1372 2489 1407 2511 ac
1428 2478 1504 2510 dicti
1526 2479 1714 2519 Innocentii,
1732 2479 1924 2522 praedeces-

1223 2549 1233 2572 1
1257 2546 1326 2573 Edit.
1348 2547 1426 2574 Main.
1448 2548 1511 2584 legit
1535 2548 1557 2575 V
1574 2552 1610 2583 (n.
1626 2548 1674 2581 T.).

1222 2590 1237 2616 2
1253 2589 1369 2618 Pessime
1385 2590 1448 2618 edit.
1466 2591 1546 2618 Main.
1564 2591 1628 2627 legit
1643 2591 1808 2626 yenilorum
1826 2592 1864 2627 (R.
1882 2594 1920 2636 τ).

1921 218 1973 244 An.
1991 217 2018 244 C.
2038 218 2102 245 ¹664

1948 541 2033 562 Motiva.

2244 578 2247 607 ,—
2241 388 2247 442 ...-..
2240 264 2247 382 .——.....-
2238 135 2247 284 -fflc-
2239 226 2240 229 „
2238 154 2247 185 ἡ
2237 0 2247 144 Ξ,
