2247 3208
178 194 231 222 An.
248 193 276 221 C.
295 193 363 221 1662

333 1056 337 1060 ·
365 1043 457 1077 lectis
483 1042 556 1077 filiis
580 1043 710 1075 maioris
735 1053 771 1075 ac
795 1042 928 1075 aliarum
951 1040 1103 1073 ecclesia-

308 2050 311 2053 “
361 2051 451 2084 11111111
475 2053 577 2084 semel
603 2057 698 2094 atque
723 2051 840 2084 iterum
872 2052 942 2094 piae
976 2062 1099 2084 inemo-

410 186 472 220 240
950 195 1130 218 Buttmann

373 248 460 283 tano,
486 242 701 277 Laurentiano
727 247 759 274 et
776 242 882 275 Trium
907 242 1107 275 Coronarum

372 295 589 329 universitatis
614 294 709 327 studii
743 294 906 337 generalis
936 294 1108 327 Colonien-

372 349 425 389 sis,
452 348 655 392 consilioque
680 348 768 382 illius
795 347 954 382 facultatis
978 358 1015 380 ex
1044 358 1105 391 qua

371 412 510 446 persona
530 401 727 435 nominanda
744 406 840 441 esset,
860 401 1037 444 apostolica
1053 412 1107 434 au-

371 454 516 488 ctoritate
531 454 719 495 indulserat,
738 460 782 495 ut,
796 465 866 488 cum
885 453 1104 498 provisoribus

370 507 515 540 eiusdem
528 508 758 548 universitatis,
770 518 926 551 personas
939 517 1104 540 assumere

370 567 505 606 possent
522 562 553 594 in
572 562 685 595 eadem
707 561 916 594 universitate
931 565 1104 604 promotas,

370 625 406 647 ac
431 614 462 648 in
488 615 626 659 publicis
651 615 769 648 scholis
796 616 942 657 legentes
960 619 991 647 et
1007 615 1106 647 lectu-

369 678 430 708 ras,
456 679 534 712 quas
559 668 619 711 ipsi
644 673 752 701 rector
777 673 807 701 et
833 667 945 701 decani
971 678 1007 700 ac
1033 675 1105 710 pro-

368 721 512 762 visores,
540 721 696 765 praestito
732 722 934 761 iuramento,
960 720 1104 753 unanimi

369 774 506 808 consilio
530 775 616 808 illius
642 775 799 808 facultatis
823 775 854 807 in
878 785 939 817 qua
956 775 1105 816 legerent
1125 800 1128 811 ,

368 829 418 863 vel
444 829 555 871 legere
581 829 750 867 deberent,
779 828 818 861 ad
844 827 875 860 id
901 837 988 860 more
1008 826 1103 859 solito
1125 832 1128 846 '

368 882 556 925 congregati
568 881 585 922 ¹,
612 883 747 916 idoneas
768 887 800 915 et
824 882 1002 914 catholicas
1021 891 1103 920 esse,

368 946 405 969 ae
429 936 469 968 ad
494 936 623 969 laudem
649 941 681 969 et
713 936 849 968 fructum
881 934 1103 967 studiosorum

366 990 514 1034 profiteri
533 1001 638 1033 posse,
656 994 902 1033 cognoscerent,
917 998 1038 1031 casque
1057 988 1103 1021 di-

365 1106 436 1128 rum
463 1095 567 1128 dietae
594 1095 730 1128 civitatis
763 1094 931 1138 capitulis,
957 1094 997 1127 ad
1023 1104 1103 1136 quos

365 1148 612 1181 canonicatuum
638 1154 670 1180 et
693 1148 956 1191 praebendarum
982 1146 1013 1178 in
1040 1146 1103 1179 eis-

365 1201 438 1233 dem
453 1201 599 1234 ecclesiis
613 1201 860 1234 consistentium
875 1200 1016 1241 collatio,
1030 1209 1103 1242 pro-

363 1253 463 1294 visio,
488 1254 733 1297 praesentatio‚
759 1253 895 1293 electio,
923 1252 1099 1292 institutio,

364 1317 421 1338 seu
447 1306 577 1350 quaevis
604 1307 666 1339 alia
692 1306 860 1349 dispositio
887 1305 1124 1349 communiter,

363 1361 413 1393 vel
440 1360 565 1393 divisim
590 1366 643 1393 aut.
667 1361 746 1393 alias
765 1359 1013 1403 quomodolibet
1030 1369 1102 1401 per-

364 1413 494 1454 tineret,
510 1414 612 1446 dietae
630 1414 781 1446 videlicet
798 1412 929 1445 maioris
945 1417 977 1444 et
992 1412 1022 1444 S.
1043 1411 1103 1444 Ge-

363 1466 473 1500 reonis
491 1466 693 1500 Coloniensis
713 1467 751 1499 ad
770 1467 1008 1509 presbyterales
1034 1470 1102 1497 tan-

364 1524 443 1560 tum,
468 1521 506 1552 ad
533 1520 677 1562 reliquos
695 1530 771 1552 vero
789 1519 927 1553 aliarum
949 1518 1101 1551 ecclesia-

363 1584 433 1606 rum
458 1573 698 1616 praedictarum
731 1572 943 1605 canonicatus
970 1577 1001 1604 et
1025 1581 1100 1615 pre-

362 1626 487 1659 bendas
508 1626 561 1670 qui
582 1626 657 1659 inde
679 1626 718 1659 ad
736 1625 914 1658 triennium
932 1630 1008 1657 tunc
1023 1634 1098 1657 ven-

362 1684 469 1712 turum
494 1679 525 1711 in
551 1680 689 1722 singulis
713 1679 841 1719 martii,
875 1678 942 1711 iulii
976 1682 1009 1710 et
1044 1687 1097 1710 no-

361 1733 501 1766 vembris
527 1733 693 1766 mensibus
711 1733 785 1765 Sedi
813 1731 1019 1775 Apostolicae
1040 1742 1100 1775 per

361 1787 558 1820 concordata
595 1786 786 1819 Geri‘naniae
819 1797 889 1818 cum
920 1785 990 1828 ipsa
1015 1785 1098 1818 Sede

362 1840 441 1872 inita
464 1839 636 1872 reservatis
661 1844 836 1879 vacassent,
862 1839 1031 1871 nominare
1047 1850 1084 1871 va

361 1894 468 1926 lerent
502 1893 547 1926 eis
582 1894 621 1926 ad
658 1903 738 1935 quos
776 1893 905 1925 illorum
941 1892 1095 1931 collatio,

362 1946 592 1989 praesentatio,
612 1946 729 1979 electio
749 1950 780 1978 et
797 1945 968 1988 dispositio
987 1946 1100 1978 huius-

361 1999 449 2031 modi
475 2004 649 2041 spectarem
668 2003 699 2031 et
716 1998 833 2031 deinde
859 1998 980 2031 dictum
1000 1998 1100 2031 trien-
1118 2003 1121 2025 ι

361 2105 428 2137 riae
454 2105 527 2137 Pius
544 2105 628 2147 Papa
646 2105 681 2136 lv
699 2110 731 2137 et
747 2105 821 2137 Pius
839 2105 870 2145 V,
891 2105 987 2137 etiam
1006 2116 1100 2148 plaic-

363 2158 557 2190 decessorcs
582 2158 698 2198 nostri,
727 2159 765 2191 ad
792 2158 895 2190 simile
923 2158 1122 2198 trienniunr

362 2216 628 2253 prorogaverant,
655 2216 687 2243 ct
711 2211 872 2243 indultum
898 2211 1096 2254 praedictum

363 2263 460 2296 ctiam
485 2264 524 2296 ad
549 2264 705 2296 maiorem
724 2271 796 2306 post
813 2264 1046 2307 pontificalem,
1067 2269 1098 2296 et
1118 2285 1121 2302 1

361 2316 568 2360 principales,
595 2317 739 2360 aliasque
767 2317 962 2359 dignitates,
987 2327 1098 2360 perso-

361 2374 466 2409 natus,
494 2369 786 2402 administrationes
812 2376 844 2403 et
867 2370 973 2403 officia
999 2370 1097 2403 etiam

362 2427 479 2461 curata,
505 2432 635 2455 necnon
660 2423 794 2456 vicarias
820 2428 852 2456 et
876 2423 1097 2467 cappellanias

360 2481 536 2519 perpetuas
557 2476 688 2509 maioris
706 2482 738 2509 et
758 2478 1004 2519 collegiatarum
1021 2477 1098 2510 alia-

398 2548 407 2572 1
426 2545 494 2573 Male
509 2546 573 2573 edit.
591 2546 672 2574 Maia,
690 2546 755 2582 legit
767 2538 946 2584 'conyreyarz'
965 2556 1013 2583 pro
1029 2556 1097 2576 con-

359 2592 476 2627 9re9alz'
490 2593 527 2627 (fl.
546 2593 593 2628 lu).

1155 195 1306 220 normann

1149 253 1286 286 rumque
1301 243 1509 278 ecclesiarum
1526 244 1776 289 Coloniensium,
1799 258 1883 292 quae

1149 295 1181 328 in
1206 296 1380 339 praedictis
1401 298 1566 332 mensibus
1582 299 1665 332 intra
1682 300 1786 344 ipsum
1805 306 1884 334 tem-

1149 360 1206 392 pus
1220 355 1379 391 vacarent,
1395 351 1640 394 ampliaverant,
1659 358 1691 386 et
1706 354 1881 387 successive

1149 403 1343 436 recolendae
1386 405 1564 437 memoriae
1604 405 1776 449 Gregorius
1820 407 1880 440 Pa-

1148 466 1187 498 pa
1216 455 1298 496 XIII,
1324 456 1471 490 similiter
1494 459 1726 500 praedecessor
1749 465 1882 500 noster,

1149 508 1334 549 triennium,
1350 520 1366 542 a
1381 509 1546 552 praedicto
1557 510 1613 543 Pio
1628 512 1881 554 praedecessore

1148 567 1358 605 prorogatum
1394 564 1444 596 vel
1478 574 1688 605 concessum,
1719 559 1762 597 ⁴ad
1795 566 1881 599 aliud

1148 614 1323 647 triennium
1352 616 1477 658 primo,
1509 621 1540 649 et
1568 616 1687 649 deinde
1718 618 1757 650 ad
1791 618 1883 661 quin-

1148 668 1338 710 quennium,
1350 668 1428 701 alias
1442 668 1528 701 iuxta
1548 669 1684 702 sormam
1702 670 1882 703 litterarum

1147 721 1261 754 indulti
1280 721 1368 755 Pauli
1383 722 1419 754 lv
1437 723 1697 765 praedecessoris
1716 724 1883 766 praedicti,

1148 775 1311 807 dumtaxat
1337 776 1529 808 extenderat
1553 781 1584 807 et
1609 776 1835 819 ampliaverat,
1857 777 1881 809 si

1145 838 1222 860 vero
1241 830 1366 871 lapsum
1386 834 1470 861 esset
1488 839 1605 861 novum
1622 830 1881 872 spunquennium

1147 882 1347 922 huiusmodi,
1375 883 1414 914 ad
1440 883 1503 914 hoc
1528 888 1572 922 ut,
1598 884 1765 925 praedicto
1799 894 1882 916 novo

1146 935 1370 977 quinquennio
1392 935 1542 975 durante,
1562 941 1679 976 rector,
1707 936 1820 969 decani
1847 948 1883 969 ac

1145 987 1331 1030 provisores
1372 987 1529 1030 praedicti
1565 989 1604 1020 ad
1641 989 1882 1032 presbyterales

1144 1040 1274 1072 maioris
1300 1045 1328 1072 et
1355 1040 1386 1072 S.
1415 1039 1571 1072 Gereonis
1595 1045 1731 1081 tantum,
1758 1042 1796 1073 ad
1815 1052 1882 1073 om-

1144 1102 1202 1125 nes
1228 1103 1305 1125 vcro
1331 1093 1412 1125 alios
1438 1093 1641 1136 reliquarum
1668 1094 1881 1126 ecclesiarum

1143 1146 1387 1178 Coloniensium
1402 1146 1613 1179 canonicatus
1631 1151 1662 1178 et
1676 1147 1881 1190 praebendas

1144 1199 1308 1232 dumtaxat
1332 1209 1486 1242 personas
1520 1199 1689 1232 nominare
1723 1205 1880 1243 possent,

1144 1252 1183 1284 de
1208 1262 1291 1284 novo
1313 1257 1529 1293 concesserat,
1546 1258 1578 1285 et
1595 1253 1779 1286 successive
1795 1253 1883 1285 simi-

1143 1305 1182 1338 lis
1202 1305 1377 1338 memoriae
1395 1305 1501 1338 Sixtus
1518 1305 1605 1349 Papa
1621 1306 1654 1346 V,
1673 1306 1770 1339 etiam
1788 1316 1882 1349 prae-

1143 1359 1296 1391 decessor
1307 1364 1426 1398 noster,
1437 1358 1699 1402 quinquennium
1713 1359 1881 1392 abeodem

1142 1411 1300 1454 Gregorio
1336 1412 1593 1454 praedecessore
1619 1412 1734 1445 ultimo
1760 1422 1879 1455 proro-

1142 1470 1250 1507 gatum
1267 1475 1323 1497 seu
1341 1475 1541 1506 concessum,
1556 1466 1595 1498 ad
1614 1465 1880 1509 quadriennium,

1142 1530 1159 1551 a
1196 1518 1258 1550 tine.
1293 1519 1406 1552 ultimo
1443 1519 1609 1562 prorogati
1646 1530 1704 1552 seu
1734 1519 1881 1552 concessi

1143 1573 1357 1616 quinquennii
1386 1573 1572 1606 huiusmodi
1600 1573 1807 1613 incoandum,
1829 1583 1882 1605 ex-

1142 1623 1293 1659 tenderat
1310 1632 1342 1658 et
1357 1626 1581 1669 ampliaverat,
1600 1626 1625 1658 si
1650 1636 1726 1659 vero
1753 1627 1881 1669 lapsum

1142 1685 1228 1712 esset
1252 1690 1371 1712 novum
1397 1679 1650 1722 quadriennium
1678 1679 1877 1720 huiusmodi,

1142 1734 1180 1766 ad
1207 1734 1269 1766 ltoc
1287 1738 1332 1773 ut,
1352 1733 1423 1776 ipso
1450 1733 1596 1772 durante,
1617 1728 1741 1773 rector,
1765 1733 1880 1765 decani

1141 1792 1173 1819 et
1198 1786 1383 1830 provisores
1415 1786 1454 1819 ad
1488 1786 1725 1829 presbyterales
1750 1786 1881 1819 maioris

1142 1845 1173 1873 ct
1196 1840 1227 1873 S.
1255 1839 1422 1879 Gereonis,
1442 1840 1481 1872 ad
1502 1850 1614 1872 omnes
1638 1849 1713 1872 vero
1732 1840 1810 1872 alios
1830 1849 1881 1871 re-

1141 1894 1302 1936 liquarum
1329 1893 1540 1926 ecelesiarum
1564 1892 1808 1926 Coloniensium
1830 1904 1881 1925 ca-

1141 1947 1312 1980 nonicatus
1338 1951 1369 1979 et
1394 1946 1596 1989 praehendas
1621 1946 1798 1986 dumtaxat,
1824 1946 1880 1989 qui

1141 2001 1271 2033 interim
1304 2000 1335 2032 in
1369 2000 1478 2042 aliquo
1511 2011 1549 2032 ex
1580 1999 1683 2031 tribus
1713 1999 1880 2032 mensibus

1140 2053 1315 2097 praedictis
1342 2057 1431 2085 extra
1449 2053 1625 2086 Romanam
1644 2052 1771 2085 Curiam
1788 2061 1880 2085 vaca-

1139 2111 1231 2146 rent,
1256 2112 1288 2138 et
1307 2106 1386 2138 alias
1411 2105 1499 2137 iuxta
1524 2105 1659 2137 formam
1677 2110 1710 2138 et
1731 2110 1879 2138 tenorem

1140 2160 1320 2193 litterarum
1336 2158 1424 2191 Pauli
1443 2159 1702 2202 praedecessoris
1722 2159 1879 2201 praedicti

1141 2218 1265 2245 tantum
1291 2222 1445 2254 personas
1476 2217 1510 2243 ut
1534 2212 1719 2255 praest-rtur
1752 2211 1880 2255 qualifi-

1141 2271 1226 2299 catas
1251 2265 1434 2304 nominare,
1461 2269 1493 2298 et
1517 2264 1579 2297 alia
1602 2265 1634 2297 in
1660 2265 1776 2298 litteris
1801 2266 1878 2298 dicti

1139 2319 1229 2351 Pauli
1254 2318 1291 2350 IV
1317 2318 1574 2360 praedecessoris
1600 2323 1751 2351 contenta
1773 2319 1879 2352 facere

1140 2376 1274 2415 possent
1298 2371 1493 2412 indulserat,
1513 2372 1557 2404 ita
1583 2377 1691 2404 tamen
1708 2377 1743 2404 ut
1768 2382 1880 2414 perso-

1139 2435 1200 2457 nae
1216 2425 1260 2457 sic
1275 2425 1472 2465 iiominataaei’,
1487 2425 1571 2458 intra
1584 2435 1637 2457 sex
1651 2435 1779 2457 menses
1794 2436 1811 2457 a
1825 2424 1878 2458 die

1139 2478 1342 2522 provisionis,
1369 2478 1554 2511 collationis
1580 2488 1636 2511 seu
1661 2477 1795 2511 alterius
1824 2488 1879 2510 eu-

1139 2532 1237 2564 iusvis
1263 2532 1481 2575 dispositionis
1507 2533 1545 2565 de
1566 2532 1658 2565 dictis
1684 2531 1880 2564 canonicati-

1140 2586 1200 2618 bus
1225 2591 1256 2618 et
1281 2586 1475 2630 praebendis
1499 2586 1532 2619 in
1556 2586 1618 2619 vim
1643 2584 1878 2619 nominationis

1893 200 1943 227 An.
1962 200 1989 228 C.
2010 201 2078 230 trel·
