2247 3208
101 209 149 236 An.
166 208 193 236 C.
217 209 284 237 1665

99 768 104 789 Ι
119 741 231 764 0115111111.
241 742 280 762 tol-

107 771 129 788 11.

118 1915 261 1943 supplicatio.

880 211 1067 234 Atssxcxtwtjn
1093 213 1132 235 vit
1161 212 1207 235 Pr,

291 258 412 302 pressis
437 258 703 301 exequutionem,
738 258 821 291 iuxta
847 264 952 291 tamen
979 260 1027 291 de-

291 311 369 344 creti
397 316 428 344 et
460 312 691 345 declarationis
732 312 764 345 in
800 313 1026 356 praesentibus

290 364 407 398 litteris
432 375 657 407 expressorum
676 370 830 405 tenorem,
851 372 879 397 et
904 368 1028 405 servata

290 416 377 456 alias,
397 416 429 449 in
455 416 492 449 iis
518 428 598 460 quae
620 418 846 461 praesentibus
866 429 929 451 non
955 428 1026 450 con-

291 470 473 511 trariantur,
489 471 634 514 priorum
650 471 827 504 litterarum
843 476 1026 504 nostrarum

290 525 412 564 formai,
439 524 658 567 procedendi,
683 525 859 568 apostoliea
888 523 1028 556 auctori-

291 583 366 618 tate,
386 578 686 611 earuimlemtenoro
709 577 939 620 praesentium,
959 577 1027 620 ple-

290 641 374 672 nam,
400 631 536 664 liberam
561 635 590 662 et
617 630 757 672 amplam
782 630 965 662 facultatem
996 634 1027 661 01

291 684 513 716 auctoritatem
533 682 741 715 concedimus
759 687 790 714 01.
810 681 1024 725 impertimur.

334 737 349 779 ξ
373 736 405 770 3.
432 735 501 768 Non
527 734 729 767 obstantibus
760 734 875 767 litteris
909 734 1027 767 nostris

290 789 451 833 praefatis,
478 799 514 820 ac
534 788 684 821 omnibus
710 787 782 827 illis,
811 798 893 831 quae
912 788 944 820 iu
966 788 1027 820 eis-

290 843 363 876 dem
389 841 505 874 litteris
530 841 689 874 voluimus
715 851 778 873 non
805 841 950 881 obstare,
977 852 1027 874 00-

291 895 432 938 terisque
457 894 627 927 contrariis
652 893 921 938 quilnlscumque.

332 948 445 981 Datum
471 947 610 987 Romae,
643 948 726 990 apud
752 947 782 980 S.
811 947 941 980 Mariam
965 947 1027 980 Ma-

289 1001 410 1041 iorem,
442 1001 501 1033 sub
535 1001 656 1033 annulo
690 1000 880 1040 piscatoris,
915 1001 965 1033 die
997 1011 1026 1034 111

289 1055 469 1089 decembris
500 1064 648 1095 nDeva,
684 1053 889 1099 pontificatus
924 1055 1025 1087 nostri

288 1118 373 1141 anno
396 1119 440 1141 x1.

323 1171 385 1199 Dat.
403 1170 473 1199 die9
488 1170 642 1199 decembris
660 1169 737 1205 1665,
754 1170 848 1206 pontif.
867 1179 938 1198 anno
953 1179 988 1198 111.

597 1290 715 1346 nxXx.

287 1393 436 1427 Decernic
459 1394 576 1436 fratres
601 1393 699 1426 laicos
722 1394 908 1437 provinciae
932 1395 1025 1427 Turo-

330 1447 405 1479 m'ae
417 1447 553 1479 maioris
568 1446 603 1479 in
618 1447 730 1480 Gallia
741 1446 875 1490 Ordinis
887 1448 1024 1490 fratrum

329 1499 497 1532 Minorem
507 1499 612 1532 sancti
622 1500 652 1533 F
652 1500 792 1533 rancisci
803 1500 840 1532 de
852 1500 1025 1534 obser-van·

332 1552 378 1585 tic
399 1552 597 1596 professione
613 1553 816 1597 antiquiores
838 1553 1025 1596 praecedere

330 1605 439 1638 debere
469 1606 587 1648 fratres
617 1606 746 1639 clericos
774 1607 913 1640 eiusdem-
943 1618 1020 1650 pro-

329 1658 456 1691 vinciae
482 1659 629 1692 nondum
658 1659 694 1693 in
720 1660 822 1694 sacris
855 1660 1024 1694 ordinibus

330 1712 530 1745 constitutos

479 1792 644 1820 Alexander
662 1793 741 1827 Papa
760 1793 830 1827 vn,

427 1836 469 1863 Ad
489 1836 623 1864 futurum
643 1838 686 1864 rei
706 1838 886 1866 memoriam.

330 1907 345 1951 5
371 1907 401 1940 1.
429 1907 553 1951 Exponi
570 1908 662 1942 nobis
688 1919 791 1952 nuper
808 1910 949 1943 fecerunt
978 1911 1024 1944 di-

286 1961 362 1994 lecti
385 1960 443 1994 filii
468 1961 656 1995 Franciscus
681 1962 850 2005 Pringaulr
866 1969 897 1996 et
914 1964 1024 1997 Petrus

286 2014 425 2054 Gaudee,
446 2014 558 2047 fratres
576 2015 648 2048 laici
666 2016 850 2059 provinciae
867 2017 1024 2051 Turoniae

285 2066 417 2099 maioris
442 2067 475 2099 111
498 2066 601 2100 Gallia
618 2067 747 2101 Ordinis
773 2070 903 2103 fratrum
930 2071 1024 2104 Mino-

285 2129 356 2152 rnm
369 2119 469 2152 sancti
488 2120 648 2153 Francisci
667 2122 706 2154 de
719 2121 926 2167 Observantia
943 2135 1025 2156 nnn-

285 2178 473 2216 cnpatornm
504 2184 654 2217 expresse
686 2175 847 2218 professi,
875 2182 937 2210 tam
967 2188 1023 2211 suo

286 2237 383 2270 quam
400 2227 538 2259 aliorum
555 2227 688 2260 fratrum
708 2228 863 2262 laicorum
882 2231 1024 2264 eiusdem

287 2279 484 2321 provinciae,
501 2290 639 2323 quorum
651 2282 902 2324 procurationes
916 2294 1024 2318 secum

288 2333 485 2373 attulerunt,
517 2333 664 2374 nomine,
698 2335 783 2378 qnod
827 2336 934 2370 dilecti
967 2337 1024 2370 filii

288 2385 485 2428 guardianus
513 2391 543 2418 et
568 2385 682 2419 fratres
701 2387 831 2421 discreti
849 2395 1024 2423 conventus

286 2437 317 2470 S.
333 2437 493 2471 Francisci
511 2438 747 2481 Rhedonensis,
763 2446 874 2474 contra
892 2453 1025 2485 genera-

286 2491 329 2524 lia
363 2490 490 2524 Ordinis
531 2502 567 2525 ac
602 2493 806 2536 particularia
840 2496 1024 2538 provinciae

287 2543 471 2577 huiusmodi
496 2550 628 2586 statuta,
654 2557 780 2580 necnon
809 2553 921 2581 contra
946 2550 1026 2582 anti-

289 2607 385 2641 quam
410 2597 630 2643 hactenusque
657 2599 886 2634 inviolabiliter
914 2603 1025 2636 obser-

1712 203 1774 237 1207

1072 265 1175 292 ratam
1198 259 1466 299 consuetudinem
1488 261 1723 304 provinciarum
1744 261 1810 297 Gal-

1072 312 1132 345 liae
1155 312 1229 345 dieti
1252 312 1387 353 Ordinis,
1405 313 1483 357 ipsis
1498 314 1734 357 exponentibus
1752 324 1810 347 nec

1071 365 1173 397 citatis
1195 376 1254 397 nec
1279 366 1395 399 auditis
1412 394 1419 407 ,
1443 368 1588 410 adeoque
1612 368 1643 399 in
1664 373 1808 411 spretum

1071 417 1160 458 iuris,
1188 429 1292 461 nuper
1313 419 1343 451 in
1371 430 1481 452 eorum
1507 420 1698 453 discretorio
1723 421 1810 455 ordi-

1071 476 1186 503 narunt
1219 471 1305 513 quod
1332 471 1445 503 fratres
1464 473 1572 505 0101101
1599 474 1695 506 sacris
1722 475 1808 507 ordi-

1070 523 1163 555 nibus
1190 524 1332 557 nondum
1358 525 1473 557 initiati
1501 526 1651 558 omnibus
1674 527 1704 559 in
1730 528 1808 560 locis

1071 574 1185 608 fratres
1211 576 1309 609 laicos
1339 577 1433 609 etiam
1460 582 1563 610 aetate
1586 590 1698 621 graves
1725 585 1753 612 et
1776 580 1808 613 111

1070 627 1228 670 religione
1250 630 1706 674 aeprofcssiomieantiquiores
1717 643 1807 675 prae-

1070 680 1243 721 cederent,
1279 682 1330 714 0111
1367 683 1565 717 ordinationi
1603 686 1807 727 postmodum

1069 743 1236 766 assensum
1263 735 1414 777 praebuit
1439 736 1655 770 definitorium
1682 739 1809 781 provin-

1069 787 1136 820 ciae
1154 788 1349 830 praedictae,
1367 789 1497 822 decreto
1513 791 1608 824 etiam
1633 802 1730 835 super
1747 792 1808 825 boc

1069 841 1156 873 edito
1174 841 1206 874 in
1227 848 1387 875 conventu
1413 844 1556 877 Blesensi
1582 845 1632 877 die
1657 856 1719 879 xxn
1736 856 1807 889 sep-

1070 894 1203 927 tembris
1228 905 1386 937 innotxlv,
1413 902 1454 938 01,
1481 898 1567 941 quod
1593 899 1721 941 gravius
1746 904 1805 940 est,

1069 957 1104 979 ae
1118 953 1229 981 contra
1244 949 1290 981 ius
1309 949 1476 993 antiquum
1492 950 1595 983 dictae
1613 951 1805 994 provinciae,

1069 1001 1143 1033 dicti
1177 1008 1378 1045 exponentes
1407 1004 1520 1047 privati
1554 1004 1650 1037 etiam
1676 1005 1804 1038 fuerunt

1071 1065 1144 1088 voce
1171 1055 1270 1087 activa
1295 1061 1326 1088 01
1350 1057 1493 1100 passiva:
1520 1058 1605 1090 unde
1632 1059 1692 1101 ipsi
1717 1070 1735 1091 a
1760 1059 1805 1091 di-

1069 1108 1126 1140 ctis
1144 1109 1380 1151 gravaminilnis
1395 1110 1432 1143 ad
1451 1110 1568 1144 Sedem
1583 1112 1805 1155 Apostolicam

1069 1162 1179 1195 debito
1194 1168 1339 1206 tempore
1354 1167 1567 1208 appellarunt,
1584 1172 1624 1205 et,
1639 1167 1806 1210 denegatis

1069 1226 1085 1247 a
1110 1216 1332 1258 superioribus
1357 1218 1420 1250 suis
1446 1219 1639 1261 apostolicis,
1665 1221 1704 1253 ad
1724 1221 1807 1254 banc

1069 1269 1183 1302 almam
1209 1268 1327 1302 Urbem
1353 1276 1495 1303 nostram
1522 1283 1580 1315 pro
1605 1273 1669 1305 51115
1696 1275 1805 1317 appel-

1067 1321 1240 1355 lationibus
1261 1324 1499 1366 prosequendis
1516 1326 1735 1368 personaliter
1754 1338 1806 1360 ac-

1068 1380 1243 1407 cessemnt.
1272 1376 1375 1414 Quare
1402 1377 1497 1410 iidem
1525 1384 1722 1422 exponentes
1748 1391 1805 1414 no-

1067 1427 1115 1460 bis
1134 1428 1299 1462 lnnniliter
1316 1430 1490 1473 supplicari
1510 1431 1700 1465 fereruntnt
1718 1433 1804 1478 ipsos

1067 1487 1264 1524 exponentes
1295 1483 1325 1516 in
1359 1484 1423 1516 suis
1453 1484 1577 1518 iuribus
1603 1486 1687 1519 circa
1711 1498 1804 1531 prae-

1066 1534 1268 1576 cedentiam,
1302 1546 1429 1570 necnon
1463 1549 1574 1571 vocem
1608 1540 1743 1573 activam
1772 1546 1804 1574 et

1066 1588 1247 1631 passivam,
1273 1594 1446 1634 votumque
1480 1593 1692 1626 consultivum
1717 1605 1803 1627 com-

1066 1643 1153 1684 pleto
1162 1642 1273 1685 quinto
1288 1653 1364 1676 suae
1379 1644 1590 1687 professionis
1607 1657 1700 1687 anno,
1717 1647 1802 1681 iuxta

1066 1698 1183 1727 statuta
1194 1700 1225 1727 et
1237 1697 1504 1730 consuetudinem
1515 1698 1803 1744 luiiusmodi,prae-

1065 1758 1203 1789 servare,
1230 1754 1261 1781 et
1277 1750 1355 1782 alias
1375 1757 1558 1795 opportune
1575 1753 1635 1786 sibi
1661 1754 1692 1786 in
1713 1765 1804 1798 prae-

1067 1802 1171 1834 missis
1196 1803 1367 1846 providere
1387 1805 1425 1837 de
1447 1805 1647 1848 benignitate
1673 1812 1802 1851 apesto-

1067 1855 1126 1887 lica
1151 1855 1370 1898 dignaremur.

1109 1909 1124 1951 g
1142 1908 1172 1940 ἓ.
1188 1908 1250 1941 Nos
1267 1910 1373 1952 igitur,
1394 1911 1480 1954 ipsos
1505 1918 1705 1955 exponentes
1730 1925 1802 1958 spe-

1067 1961 1200 1994 cialibus
1218 1962 1376 1996 favoribus
1397 1969 1424 1996 et
1447 1965 1557 2007 gratiis
1582 1967 1733 2010 prosequi
1750 1979 1803 2001 vo-

1068 2016 1185 2056 lentes,
1212 2020 1243 2048 et
1267 2026 1376 2049 eorum
1402 2018 1581 2060 singulares
1606 2031 1761 2063 personas
1786 2033 1803 2055 a

1067 2069 1228 2112 quibusvis
1251 2071 1600 2113 excommunicationis,
1620 2075 1803 2117 suspensio-

1067 2122 1114 2154 nis
1140 2128 1169 2154 et
1203 2122 1388 2163 interdicti,
1414 2125 1549 2168 aliisque
1579 2127 1803 2161 ecelesiasticis

1067 2175 1242 2217 sententiis,
1268 2178 1410 2210 censuris
1436 2183 1467 2211 et
1492 2180 1615 2223 poenis,
1633 2192 1650 2213 a
1668 2181 1734 2214 iure
1752 2184 1801 2215 vel

1067 2228 1105 2260 ab
1132 2229 1282 2271 bomine,
1309 2231 1417 2274 quavis
1442 2233 1609 2266 occasione
1634 2236 1681 2267 vel
1707 2238 1802 2268 causa

1067 2282 1148 2321 latis,
1168 2282 1193 2314 si
1219 2283 1336 2326 quibus
1363 2287 1611 2328 quomodolibet
1628 2287 1801 2322 innodatae

1067 2335 1218 2375 existunt,
1234 2336 1273 2368 ad
1294 2335 1442 2369 effectum
1463 2340 1685 2381 praesentium
1711 2342 1803 2374 dum-

1067 2394 1151 2421 taxat
1175 2391 1464 2434 consequendum,
1492 2393 1605 2426 harum
1639 2395 1725 2428 serie
1750 2396 1803 2428 ab·

1067 2443 1232 2476 solventes
1257 2449 1289 2476 et
1313 2444 1477 2480 absolutas
1512 2447 1581 2480 fore
1608 2454 1801 2489 censentes,

1067 2497 1250 2531 huiusmodi
1269 2499 1565 2542 supplicationibus
1584 2501 1740 2543 inclinati,
1763 2503 1802 2535 de

1066 2551 1301 2584 venerabilium
1316 2552 1450 2586 fratrum
1464 2560 1652 2587 nostrorum
1671 2561 1802 2588 sanctae

1067 2603 1228 2638 Romanae
1254 2605 1413 2640 Ecclesiae
1439 2608 1649 2642 cardinalium
1665 2610 1801 2653 negotiis

1822 213 1870 240 An.
1886 212 1914 241 C.
1936 214 2005 242 1665

1830 1923 1932 1945 Concedit
1942 1924 1996 1945 Pou-

1814 1951 1871 1971 tifex.
