2247 3208
221 200 270 227 Λιι.
290 200 317 228 C.
338 201 403 228 tect

451 196 491 219 ίῗν)

453 197 513 228 ..Λ

412 304 478 336 riae
508 305 803 345 'l'lwntonicorum,
828 306 858 338 S.
887 307 1014 346 Lazari,
1049 307 1141 339 Tem-

412 357 456 400 pli
490 357 645 389 Dominici
663 384 670 397 ,
701 358 901 402 aliauumque
929 360 1138 400 militiarum,

411 414 657 453 ceterorumque
680 412 824 444 locorum
844 412 971 454 piorum
993 423 1142 455 quorum-

411 473 549 505 cumque
570 463 599 495 in
619 464 770 505 praefatis
788 465 971 507 Ilungariae
990 470 1021 497 et
1038 466 1142 498 Bobe-

410 515 492 547 miae
529 516 637 557 regnis
673 526 708 548 ae
747 518 955 550 arcliiducatu
994 518 1140 550 Austri-ae

409 569 586 611 ceterisque
605 570 788 612 provinciis,
805 571 990 610 ditionibus,
1009 572 1141 604 statibus

411 625 442 652 et
466 621 617 654 dominiis
644 623 867 656 haereditariis
892 624 966 656 dicti
987 624 1140 666 Leopoldi

409 675 494 716 regis
511 674 543 706 in
562 674 756 718 imperatore
774 677 867 709 electi
886 677 1139 716 consistentium,

410 737 468 768 per
493 738 711 771 quoscumque
727 729 1002 773 archiepiscopos,
1021 730 1142 773 episeo-

410 789 480 820 pos,
508 781 686 822 praelatos,
714 782 939 825 praepositos,
974 787 1138 823 ietiztores‚

409 831 628 870 l‘ieneticiatos,
651 834 792 874 abbates,
813 835 948 878 priores,
966 835 1142 870 abbatissas

410 888 442 916 et
466 885 643 928 priorissas,
670 887 817 930 capitula,
843 896 988 919 ccnx‘euu
1005 902 1029 925 s,
1050 899 1142 930 supe-

411 938 520 977 riores,
532 940 718 979 monachos,
731 940 852 977 fratres,
863 940 966 972 cleric«
982 951 996 971 s
1010 946 1041 972 et
1055 951 1142 982 pres-

410 990 538 1032 byteros
563 993 738 1033 regulares,
763 992 857 1024 etiam
876 993 978 1025 dictae
1004 993 1143 1025 Societa-

411 1042 448 1075 tis
473 1043 553 1083 lesu,
569 1045 736 1085 moniales,
751 1045 1035 1081 administratm‘es,
1050 1056 1143 1088 prae-

409 1102 567 1139 ceptores,
593 1107 647 1129 seu
674 1098 977 1137 commendatarios,
998 1098 1141 1141 aliasque

408 1159 565 1191 perse-nas
585 1150 622 1181 ad
650 1160 727 1192 quas
752 1155 883 1193 spectat,
901 1152 1001 1183 semel
1021 1155 1141 1183 tantum

410 1206 440 1234 ct
466 1202 682 1244 quantocitius
717 1201 786 1234 sieri
812 1202 932 1245 poterit
956 1204 1142 1245 persolvent-

410 1254 482 1287 dtmi
503 1260 534 1287 et
550 1256 810 1298 persolvemlan‘i,
826 1255 1015 1288 auctoritate
1034 1258 1141 1288 nostra

409 1308 588 1350 apostolica
608 1307 781 1350 imponatis
800 1313 828 1340 et
850 1307 1007 1349 indicatis,
1027 1308 1141 1351 ipsius-

409 1370 470 1402 que
497 1359 629 1392 subsidii
650 1365 681 1392 et
700 1360 948 1392 contrilnitionis
967 1366 1050 1392 ratas
1069 1370 1142 1403 por-

410 1411 523 1451 tiones,
543 1412 685 1454 singulas
704 1418 734 1444 et
751 1412 878 1454 singula
897 1413 1142 1452 ecclesias‚1no-

410 1464 561 1504 nasteria,
588 1465 738 1506 collegia,
766 1470 936 1508 ceteraque
954 1465 1006 1507 pia
1025 1466 1094 1498 loca
1111 1471 1143 1497 et

409 1516 565 1550 beneficia
589 1518 753 1560 praefata,
780 1528 815 1550 ac
840 1527 950 1550 eorum
981 1518 1139 1560 capitula,

409 1575 597 1611 conventus,
623 1571 795 1613 praelatos,
822 1575 984 1609 rectores,
1006 1570 1142 1603 admini-

409 1628 561 1656 stratores
588 1628 620 1656 et.
642 1633 800 1666 personas
835 1633 1051 1666 quascumque
1076 1633 1143 1655 res-

409 1675 531 1719 pective
556 1675 799 1718 contingentes,
826 1675 1000 1718 assumptis
1035 1680 1141 1708 tamen

409 1734 440 1762 et
463 1728 616 1761 adhibitis
642 1729 680 1761 ad
706 1728 768 1761 lioc
791 1728 953 1772 aliquibus
972 1728 1141 1762 timoratae

408 1782 628 1815 conscientiae
653 1782 728 1814 viris
753 1792 861 1815 earum
891 1792 999 1814 rerum
1029 1782 1141 1825 peritis

987 208 1163 231 Bt‘th'zttt'M
1190 210 1339 233 nommant

413 254 591 285 exercenda
610 253 858 295 possidentium,
882 265 1007 287 necnon
1029 255 1062 287 B.
1082 255 1142 286 Ma-
1161 259 1162 264 ¹

1183 255 1352 288 Societatis
1378 256 1459 295 lesu,
1488 267 1522 288 ac
1541 257 1761 294 ccelesiaruna,
1781 258 1916 300 pasturi-

1184 308 1240 340 bus
1266 308 1418 351 praelatis
1450 309 1514 341 suis
1547 310 1788 351 destitutarum,
1822 321 1915 343 oeco-

1184 361 1287 393 nomis
1312 366 1343 393 et
1367 361 1694 403 administratoribus,
1717 363 1827 396 aliisve
1847 364 1915 407 qni-

1184 413 1331 453 buslibet,
1358 414 1396 445 ad
1424 424 1504 456 quos
1529 419 1650 456 spectat
1675 420 1707 447 et
1731 416 1884 457 spectabit
1905 443 1912 455 ‚

1184 465 1412 508 cuiuscumque
1440 466 1608 509 qualitatis,
1634 472 1743 507 status,
1769 468 1911 505 ordinis,

1184 517 1469 559 praeeminentiae,
1483 518 1678 551 conditionis
1692 524 1723 551 et
1740 520 1914 562 dignitatis,

1184 581 1218 603 ac
1245 582 1447 614 spiocmnque
1474 571 1664 614 privilegio,
1690 573 1888 605 immunitate
1905 602 1912 615 ‚

1184 624 1389 667 exemptione
1426 624 1523 661 reali,
1549 625 1711 667 personali
1749 631 1779 657 et
1802 625 1913 665 mixta,

1184 677 1416 719 quantumlibet
1454 677 1584 720 antiqua
1617 682 1647 709 et
1678 677 1830 720 pacifica,
1857 689 1916 711 nec

1184 740 1324 772 unquam
1350 730 1538 773 interrupta,
1560 735 1587 762 et
1609 730 1756 763 libertate
1782 731 1912 770 suffulti,

1184 792 1239 813 seu
1266 783 1343 815 alias
1370 783 1517 825 specitica
1542 789 1570 815 et
1598 783 1760 816 individua
1778 785 1916 816 mentio-

1184 845 1222 865 ne
1249 840 1277 866 et
1304 835 1513 878 expressione
1541 836 1628 878 digni
1655 836 1800 875 existant,
1828 837 1913 869 omni

1183 892 1214 918 et
1238 897 1437 930 ‹pias-umque
1463 888 1694 930 appellatione,
1715 889 1915 932 exceptione,

1183 940 1434 978 reclamatione,
1469 950 1622 980 recursu,
1660 942 1845 974 executione
1885 947 1916 974 et

1185 992 1446 1033 tergiversatione
1466 993 1598 1025 remotis
1614 999 1644 1025 et
1658 994 1852 1036 postpositis,
1866 997 1916 1026 etl-

1184 1044 1255 1075 dem
1280 1043 1466 1075 auctoritato
1489 1044 1622 1086 exigatis
1641 1051 1671 1076 et
1688 1045 1770 1087 exigi
1789 1045 1914 1085 curetis,

1183 1096 1321 1139 illosque
1348 1101 1377 1128 et
1404 1107 1516 1129 eorum
1543 1097 1733 1139 quemlibet,
1759 1103 1820 1130 tm
1841 1109 1917 1130 eon-

1184 1149 1315 1181 innctim
1341 1160 1433 1191 quam
1459 1149 1606 1189 divisim,
1633 1150 1672 1182 ad
1697 1161 1822 1189 veram,
1847 1162 1916 1183 rea-

1183 1203 1246 1234 lem
1273 1207 1304 1234 et
1328 1203 1485 1235 actualem
1511 1203 1708 1236 solutionem
1727 1204 1915 1246 portionum

1183 1254 1316 1287 subsidii
1337 1260 1368 1287 et
1384 1255 1632 1287 eontributionis
1659 1255 1840 1288 huiusmodi
1860 1266 1915 1288 eos

1184 1308 1361 1350 respective
1387 1308 1587 1350 tangentium
1606 1308 1676 1341 sine
1694 1309 1759 1341 ulla
1772 1311 1861 1341 mora
1875 1309 1918 1341 sa-

1183 1360 1341 1401 eiendam,
1360 1361 1552 1404 opportunis
1578 1361 1655 1393 iuris
1674 1366 1707 1393 et
1722 1361 1793 1393 sacti
1812 1372 1918 1394 reme·

1183 1414 1256 1453 diis,
1278 1419 1309 1446 et
1326 1424 1383 1456 per
1400 1425 1550 1446 censuras
1569 1414 1816 1454 ecclesiasticas,
1833 1414 1918 1447 dicta

1183 1467 1368 1499 auctoritate
1395 1467 1515 1509 cogatis
1541 1473 1574 1500 et
1596 1467 1810 1510 compellatis.

1226 1519 1240 1561 ,ξ
1264 1518 1294 1552 3.
1314 1518 1353 1551 Ut
1377 1524 1484 1551 autem
1503 1519 1684 1551 subsidium
1703 1524 1735 1551 et
1754 1519 1918 1551 contribu-

1185 1572 1226 1604 tio
1245 1572 1441 1611 hniusmodi,
1457 1572 1539 1604 sicut
1552 1571 1780 1614 praemittitur,
1794 1582 1811 1604 a
1824 1571 1916 1604 vobis

1184 1625 1383 1667 imponenda
1419 1629 1449 1656 et
1481 1624 1670 1663 indicenda,
1704 1624 1917 1667 quantocitius

1184 1677 1326 1720 persolvi
1347 1678 1487 1717 valeant,
1507 1677 1609 1717 vobis,
1630 1687 1686 1709 seu
1702 1676 1816 1709 maiori
1835 1677 1917 1720 parti

1183 1734 1325 1761 vestrum
1358 1728 1540 1772 (quatenus
1573 1734 1681 1761 tamen
1713 1739 1730 1761 a
1762 1728 1917 1772 praefatis

1184 1782 1393 1814 contribuere
1419 1781 1611 1813 debentibus
1629 1791 1692 1814 non
1713 1781 1808 1813 suerit
1825 1781 1919 1813 aliter

408 1846 489 1878 quos
525 1836 737 1868 assumendos
773 1840 804 1867 et
835 1835 1039 1868 adhibendos
1071 1846 1142 1868 esse
1162 1848 1166 1879 χ
1183 1845 1242 1878 pro
1258 1835 1322 1866 suis
1336 1834 1545 1877 portionibus
1560 1838 1709 1877 prompte
1726 1834 1918 1877 provisum),

408 1888 612 1927 censueritis,
631 1888 714 1921 dicta
734 1888 923 1921 auctoritate
950 1888 1073 1928 taxetis,
1091 1888 1144 1920 de·
1162 1882 1165 1916 i
1184 1897 1411 1931 quaecumque
1436 1887 1522 1919 bona
1547 1891 1610 1918 tam
1628 1886 1771 1925 mobilia,
1789 1887 1919 1929 suppel-

407 1939 524 1972 siniatis
551 1946 582 1972 et
606 1940 846 1979 determinetis,
872 1951 907 1973 ac
938 1940 1023 1982 ipsas
1056 1946 1142 1973 ratas
1183 1940 1320 1980 lectilia,
1346 1939 1500 1972 utensilia
1525 1944 1556 1971 et
1585 1950 1659 1971 vasa
1690 1949 1789 1971 aurea
1814 1944 1846 1971 et
1869 1950 1920 1971 ar-

407 1992 605 2036 portiones¹,
626 1994 672 2026 sic
698 1999 817 2026 taxatas
844 1999 875 2026 et
900 1994 1140 2034 determinatas,
1162 1993 1164 1997 ’
1184 1999 1312 2036 gentea,
1330 2003 1475 2035 gemmas
1493 1997 1524 2025 et
1540 1991 1668 2026 iocalia¹
1688 2003 1784 2035 quam
1802 2002 1835 2024 se
1854 2002 1921 2024 mo-

407 2055 464 2087 per
481 2045 733 2085 commissz‘nios,
753 2051 932 2083 exactores,
949 2046 1140 2078 collectores
1162 2033 1163 2049 ἵ
1182 2045 1298 2085 ventia,
1325 2055 1360 2077 ac
1385 2045 1581 2083 immobilia,
1603 2044 1698 2076 etiam
1725 2044 1920 2076 iurisdictio-

407 2103 438 2129 et
455 2104 656 2137 executores,
673 2109 689 2130 a
706 2099 796 2131 vobis
814 2098 895 2131 sicut
919 2099 1001 2131 infra
1019 2099 1142 2131 dicetur
1161 2102 1164 2142 i
1183 2097 1269 2129 nalia
1295 2102 1327 2129 et
1351 2097 1489 2129 feudalia
1505 2123 1511 2136 ‚
1540 2106 1668 2129 necnon
1694 2106 1854 2135 canones,
1883 2097 1920 2128 li-

406 2150 650 2183 constituendos
675 2156 706 2183 et
731 2152 944 2194 deputandos,
970 2163 987 2184 a
1013 2151 1142 2194 quibus·
1183 2150 1293 2188 venos,
1320 2159 1447 2189 census,
1475 2149 1620 2180 redditus
1638 2158 1773 2187 annuos,
1797 2149 1918 2181 fructus

406 2202 451 2234 vis
476 2203 740 2246 archiepiscopis,
767 2204 948 2246 episcopis,
974 2203 1138 2246 praelatis,
1160 2212 1163 2247 j
1183 2207 1215 2234 et
1232 2207 1414 2244 proventus,
1431 2201 1574 2234 actiones
1592 2206 1623 2233 et
1640 2202 1718 2242 iura,
1734 2202 1918 2234 cuiuscum-

406 2255 584 2294 abhatibus,
611 2255 784 2298 prioribus,
810 2256 991 2295 abbatissis,
1009 2255 1141 2299 prioris·
1158 2253 1162 2294 ,i
1182 2266 1243 2298 que
1270 2255 1432 2298 qualitatis
1458 2260 1489 2287 et
1513 2260 1659 2295 naturae,
1682 2256 1721 2287 ad
1748 2255 1917 2294 eeclesias,

406 2307 459 2347 sis,
474 2308 681 2350 praepositis,
699 2308 887 2348 rectoribus,
902 2308 1138 2352 superioribus,
1180 2307 1386 2347 monasteria,
1405 2308 1552 2349 collegia,
1572 2313 1760 2348 conventus,
1778 2318 1919 2348 mensas,

405 2359 555 2402 capitulis
570 2386 577 2399 ‚
610 2360 818 2392 conventibus
835 2387 842 2400 ,
872 2359 1074 2393 beneficiatis
1107 2365 1159 2410 et3
1181 2360 1329 2403 capitula,
1356 2361 1538 2402 dignitates,
1565 2361 1670 2394 officia
1690 2366 1721 2394 et
1744 2360 1914 2400 beneficia,

405 2412 555 2454 personis
574 2412 799 2445 ecclesiasticis
825 2412 1024 2445 secularibus
1042 2418 1074 2445 et
1090 2423 1138 2445 rc-
1155 2414 1158 2466 l
1179 2413 1420 2455 praeceptorias
1434 2424 1489 2445 seu
1508 2424 1577 2446 com
1596 2414 1724 2453 nendas,
1741 2414 1917 2456 hospitalia

404 2464 567 2507 gnlaribus
591 2464 757 2508 utriusque
779 2476 884 2505 sexus,
912 2465 1007 2498 etiam
1033 2465 1135 2498 dictae
1178 2470 1210 2497 et
1235 2465 1295 2498 alia
1329 2467 1397 2498 loca
1429 2466 1482 2509 pia
1514 2467 1701 2510 supradicta
1731 2466 1914 2509 respective

437 2579 451 2610 1
467 2578 532 2605 Male
548 2579 590 2604 etl.
609 2578 685 2605 Μαίη.
700 2578 763 2613 legit
775 2582 862 2612 ratem,
874 2579 1022 2613 porciones
1034 2580 1072 2614 (R.
1083 2579 1132 2614 Τ.),
1212 2580 1222 2605 1
1247 2579 1293 2605 Ed.
1310 2579 1388 2606 Main.
1405 2580 1468 2616 legit
1485 2581 1589 2607 localia
1604 2588 1651 2616 pro
1669 2581 1772 2608 focalia
1788 2581 1826 2615 (a.
1842 2580 1890 2614 T.).

1922 211 1968 236 An.
1991 212 2018 237 C.
2042 213 2059 237 t·
2073 212 2106 238 1ἶὶ

1989 1525 2108 1546 Fac-Junci

1928 1552 2027 1573 collatae.
