<?xml version="1.0" encoding="UTF-8"?>
<!DOCTYPE html PUBLIC "-//W3C//DTD XHTML 1.0 Transitional//EN"
    "http://www.w3.org/TR/xhtml1/DTD/xhtml1-transitional.dtd">
<html xmlns="http://www.w3.org/1999/xhtml" xml:lang="en" lang="en">
 <head>
  <title>
</title>
<meta http-equiv="Content-Type" content="text/html;charset=utf-8" />
  <meta name='ocr-system' content='tesseract 3.04.00' />
  <meta name='ocr-capabilities' content='ocr_page ocr_carea ocr_par ocr_line ocrx_word'/>
</head>
<body>
  <div class='ocr_page' id='page_1' title='image "./bullarumdiplomat17cath_0432.png"; bbox 0 0 2247 3208; ppageno 0'>
   <div class='ocr_carea' id='block_1_1' title="bbox 235 201 420 230">
    <p class='ocr_par' dir='ltr' id='par_1_1' title="bbox 235 201 420 230">
     <span class='ocr_line' id='line_1_1' title="bbox 235 201 420 230; baseline 0.005 -1"><span class='ocrx_word' id='word_1_1' title='bbox 235 201 284 230; x_wconf 66' lang='lat' dir='ltr'>An.</span> <span class='ocrx_word' id='word_1_2' title='bbox 303 202 330 229; x_wconf 90' lang='lat' dir='ltr'>C.</span> <span class='ocrx_word' id='word_1_3' title='bbox 351 202 420 230; x_wconf 67' lang='lat'><strong>1665</strong></span> 
     </span>
    </p>
   </div>
   <div class='ocr_carea' id='block_1_2' title="bbox 253 367 340 389">
    <p class='ocr_par' dir='ltr' id='par_1_2' title="bbox 253 367 340 389">
     <span class='ocr_line' id='line_1_2' title="bbox 253 367 340 389; baseline 0 -1"><span class='ocrx_word' id='word_1_4' title='bbox 253 367 340 389; x_wconf 64' lang='lat' dir='ltr'>Metire.</span> 
     </span>
    </p>
   </div>
   <div class='ocr_carea' id='block_1_3' title="bbox 466 194 530 228">
    <p class='ocr_par' dir='ltr' id='par_1_3' title="bbox 466 194 530 228">
     <span class='ocr_line' id='line_1_3' title="bbox 466 194 530 228; baseline -0.016 0"><span class='ocrx_word' id='word_1_5' title='bbox 466 194 530 228; x_wconf 80' lang='lat'>366</span> 
     </span>
    </p>
   </div>
   <div class='ocr_carea' id='block_1_4' title="bbox 1006 204 1359 229">
    <p class='ocr_par' dir='ltr' id='par_1_4' title="bbox 1006 204 1359 229">
     <span class='ocr_line' id='line_1_4' title="bbox 1006 204 1359 229; baseline 0.006 -2"><span class='ocrx_word' id='word_1_6' title='bbox 1006 205 1104 227; x_wconf 63' lang='lat' dir='ltr'>BULLA</span> <span class='ocrx_word' id='word_1_7' title='bbox 1109 205 1160 227; x_wconf 59' lang='lat' dir='ltr'>nrt&lt;</span> <span class='ocrx_word' id='word_1_8' title='bbox 1164 205 1185 227; x_wconf 62' lang='lat' dir='ltr'>{lt</span> <span class='ocrx_word' id='word_1_9' title='bbox 1210 204 1359 229; x_wconf 57' lang='lat' dir='ltr'>ROMANJ&#39;M</span> 
     </span>
    </p>
   </div>
   <div class='ocr_carea' id='block_1_5' title="bbox 423 251 1938 297">
    <p class='ocr_par' dir='ltr' id='par_1_5' title="bbox 423 251 1938 297">
     <span class='ocr_line' id='line_1_5' title="bbox 423 251 1938 297; baseline 0.002 -13"><span class='ocrx_word' id='word_1_10' title='bbox 423 253 511 285; x_wconf 87' lang='lat' dir='ltr'>tione</span> <span class='ocrx_word' id='word_1_11' title='bbox 539 251 697 291; x_wconf 79' lang='lat' dir='ltr'>adbibita,</span> <span class='ocrx_word' id='word_1_12' title='bbox 724 251 944 294; x_wconf 77' lang='lat' dir='ltr'>conspicimus</span> <span class='ocrx_word' id='word_1_13' title='bbox 969 251 1001 283; x_wconf 90' lang='lat' dir='ltr'>in</span> <span class='ocrx_word' id='word_1_14' title='bbox 1026 251 1161 284; x_wconf 91' lang='lat' dir='ltr'>Domino</span> <span class='ocrx_word' id='word_1_15' title='bbox 1182 252 1184 266; x_wconf 86' lang='lat'><strong>¹</strong></span> <span class='ocrx_word' id='word_1_16' title='bbox 1204 262 1359 294; x_wconf 79' lang='lat' dir='ltr'>procures</span> <span class='ocrx_word' id='word_1_17' title='bbox 1395 258 1429 285; x_wconf 86' lang='lat' dir='ltr'>ut</span> <span class='ocrx_word' id='word_1_18' title='bbox 1462 253 1494 286; x_wconf 87' lang='lat' dir='ltr'>in</span> <span class='ocrx_word' id='word_1_19' title='bbox 1528 255 1643 288; x_wconf 89' lang='lat' dir='ltr'>eodem</span> <span class='ocrx_word' id='word_1_20' title='bbox 1675 265 1759 288; x_wconf 87' lang='lat' dir='ltr'>novo</span> <span class='ocrx_word' id='word_1_21' title='bbox 1796 255 1938 297; x_wconf 86' lang='lat' dir='ltr'>capitulo</span> 
     </span>
    </p>
   </div>
   <div class='ocr_carea' id='block_1_6' title="bbox 416 303 1161 1666">
    <p class='ocr_par' dir='ltr' id='par_1_6' title="bbox 424 303 790 346">
     <span class='ocr_line' id='line_1_6' title="bbox 424 303 790 346; baseline -0.003 -10"><span class='ocrx_word' id='word_1_22' title='bbox 424 303 597 336; x_wconf 78' lang='lat' dir='ltr'>salubriter</span> <span class='ocrx_word' id='word_1_23' title='bbox 622 303 790 346; x_wconf 80' lang='lat' dir='ltr'>expedire.</span> 
     </span>
    </p>

    <p class='ocr_par' dir='ltr' id='par_1_7' title="bbox 416 355 1161 1666">
     <span class='ocr_line' id='line_1_7' title="bbox 468 355 1158 400; baseline 0.001 -13"><span class='ocrx_word' id='word_1_24' title='bbox 468 357 483 398; x_wconf 62' lang='grc' dir='ltr'>ἕ</span> <span class='ocrx_word' id='word_1_25' title='bbox 508 356 539 387; x_wconf 80' lang='grc'>1.</span> <span class='ocrx_word' id='word_1_26' title='bbox 567 355 645 388; x_wconf 88' lang='lat' dir='ltr'>Cum</span> <span class='ocrx_word' id='word_1_27' title='bbox 676 356 787 398; x_wconf 86' lang='lat' dir='ltr'>itaque</span> <span class='ocrx_word' id='word_1_28' title='bbox 803 383 810 397; x_wconf 93' lang='lat'>,</span> <span class='ocrx_word' id='word_1_29' title='bbox 847 356 932 389; x_wconf 86' lang='lat' dir='ltr'>sicut</span> <span class='ocrx_word' id='word_1_30' title='bbox 955 356 1158 400; x_wconf 87' lang='lat' dir='ltr'>accepimus,</span> 
     </span>
     <span class='ocr_line' id='line_1_8' title="bbox 423 407 1161 449; baseline 0.003 -9"><span class='ocrx_word' id='word_1_31' title='bbox 423 407 655 441; x_wconf 84' lang='lat' dir='ltr'>christifideles</span> <span class='ocrx_word' id='word_1_32' title='bbox 680 408 838 449; x_wconf 85' lang='lat' dir='ltr'>Rutheni,</span> <span class='ocrx_word' id='word_1_33' title='bbox 864 420 935 441; x_wconf 91' lang='lat' dir='ltr'>cum</span> <span class='ocrx_word' id='word_1_34' title='bbox 966 412 1075 442; x_wconf 74' lang='lat' dir='ltr'>sancta</span> <span class='ocrx_word' id='word_1_35' title='bbox 1099 410 1161 442; x_wconf 86' lang='lat' dir='ltr'>Ro-</span> 
     </span>
     <span class='ocr_line' id='line_1_9' title="bbox 421 461 1161 505; baseline 0.001 -12"><span class='ocrx_word' id='word_1_36' title='bbox 421 463 517 493; x_wconf 80' lang='lat' dir='ltr'>mana</span> <span class='ocrx_word' id='word_1_37' title='bbox 540 461 684 494; x_wconf 77' lang='lat' dir='ltr'>Ecclesia</span> <span class='ocrx_word' id='word_1_38' title='bbox 707 462 798 502; x_wconf 89' lang='lat' dir='ltr'>uniti,</span> <span class='ocrx_word' id='word_1_39' title='bbox 819 462 915 495; x_wconf 88' lang='lat' dir='ltr'>variis</span> <span class='ocrx_word' id='word_1_40' title='bbox 936 462 1077 496; x_wconf 77' lang='lat' dir='ltr'>dissidiis</span> <span class='ocrx_word' id='word_1_41' title='bbox 1096 462 1161 505; x_wconf 79' lang='lat' dir='ltr'>agi-</span> 
     </span>
     <span class='ocr_line' id='line_1_10' title="bbox 422 513 1160 557; baseline 0.003 -12"><span class='ocrx_word' id='word_1_42' title='bbox 422 518 541 553; x_wconf 85' lang='lat' dir='ltr'>tentur,</span> <span class='ocrx_word' id='word_1_43' title='bbox 562 518 595 546; x_wconf 90' lang='lat' dir='ltr'>et</span> <span class='ocrx_word' id='word_1_44' title='bbox 611 513 770 547; x_wconf 89' lang='lat' dir='ltr'>eiusmodi</span> <span class='ocrx_word' id='word_1_45' title='bbox 788 514 1049 547; x_wconf 79' lang='lat' dir='ltr'>dissensionibus</span> <span class='ocrx_word' id='word_1_46' title='bbox 1067 525 1160 557; x_wconf 88' lang='lat' dir='ltr'>prae-</span> 
     </span>
     <span class='ocr_line' id='line_1_11' title="bbox 420 567 1159 611; baseline 0 -12"><span class='ocrx_word' id='word_1_47' title='bbox 420 567 513 611; x_wconf 77' lang='lat' dir='ltr'>cipue</span> <span class='ocrx_word' id='word_1_48' title='bbox 539 577 668 599; x_wconf 87' lang='lat' dir='ltr'>causam</span> <span class='ocrx_word' id='word_1_49' title='bbox 688 567 816 600; x_wconf 78' lang='lat' dir='ltr'>dederit</span> <span class='ocrx_word' id='word_1_50' title='bbox 833 567 1010 600; x_wconf 79' lang='lat' dir='ltr'>celebratio</span> <span class='ocrx_word' id='word_1_51' title='bbox 1024 567 1159 600; x_wconf 89' lang='lat' dir='ltr'>duorum</span> 
     </span>
     <span class='ocr_line' id='line_1_12' title="bbox 420 619 1157 662; baseline 0.001 -11"><span class='ocrx_word' id='word_1_52' title='bbox 420 619 650 662; x_wconf 87' lang='lat' dir='ltr'>capitulorum,</span> <span class='ocrx_word' id='word_1_53' title='bbox 670 619 702 652; x_wconf 90' lang='lat' dir='ltr'>in</span> <span class='ocrx_word' id='word_1_54' title='bbox 720 629 857 662; x_wconf 90' lang='lat' dir='ltr'>quorum</span> <span class='ocrx_word' id='word_1_55' title='bbox 879 631 943 653; x_wconf 90' lang='lat' dir='ltr'>uno</span> <span class='ocrx_word' id='word_1_56' title='bbox 961 620 1157 653; x_wconf 88' lang='lat' dir='ltr'>venerabilis</span> 
     </span>
     <span class='ocr_line' id='line_1_13' title="bbox 420 672 1157 715; baseline 0 -11"><span class='ocrx_word' id='word_1_57' title='bbox 420 672 520 704; x_wconf 89' lang='lat' dir='ltr'>frater</span> <span class='ocrx_word' id='word_1_58' title='bbox 558 672 826 715; x_wconf 81' lang='lat' dir='ltr'>archiepiscopus</span> <span class='ocrx_word' id='word_1_59' title='bbox 865 673 1051 705; x_wconf 85' lang='lat' dir='ltr'>Polocensis</span> <span class='ocrx_word' id='word_1_60' title='bbox 1084 683 1157 705; x_wconf 87' lang='lat' dir='ltr'>cum</span> 
     </span>
     <span class='ocr_line' id='line_1_14' title="bbox 420 724 1159 768; baseline 0.003 -12"><span class='ocrx_word' id='word_1_61' title='bbox 420 724 635 757; x_wconf 81' lang='lat' dir='ltr'>adhaerentia</span> <span class='ocrx_word' id='word_1_62' title='bbox 659 725 871 768; x_wconf 88' lang='lat' dir='ltr'>quorumdam</span> <span class='ocrx_word' id='word_1_63' title='bbox 889 736 1066 768; x_wconf 89' lang='lat' dir='ltr'>paucorum</span> <span class='ocrx_word' id='word_1_64' title='bbox 1085 736 1159 758; x_wconf 90' lang='lat' dir='ltr'>suo-</span> 
     </span>
     <span class='ocr_line' id='line_1_15' title="bbox 419 778 1158 821; baseline 0.003 -12"><span class='ocrx_word' id='word_1_65' title='bbox 419 788 489 810; x_wconf 90' lang='lat' dir='ltr'>rum</span> <span class='ocrx_word' id='word_1_66' title='bbox 514 778 704 821; x_wconf 79' lang='lat' dir='ltr'>sequacium</span> <span class='ocrx_word' id='word_1_67' title='bbox 729 788 763 811; x_wconf 91' lang='lat' dir='ltr'>se</span> <span class='ocrx_word' id='word_1_68' title='bbox 789 778 821 810; x_wconf 91' lang='lat' dir='ltr'>in</span> <span class='ocrx_word' id='word_1_69' title='bbox 846 778 998 811; x_wconf 81' lang='lat' dir='ltr'>abbatem</span> <span class='ocrx_word' id='word_1_70' title='bbox 1023 779 1089 811; x_wconf 87' lang='lat' dir='ltr'>sive</span> <span class='ocrx_word' id='word_1_71' title='bbox 1108 789 1158 810; x_wconf 89' lang='lat' dir='ltr'>su-</span> 
     </span>
     <span class='ocr_line' id='line_1_16' title="bbox 418 830 1158 873; baseline 0 -11"><span class='ocrx_word' id='word_1_72' title='bbox 418 830 586 873; x_wconf 86' lang='lat' dir='ltr'>periorem</span> <span class='ocrx_word' id='word_1_73' title='bbox 612 831 798 873; x_wconf 83' lang='lat' dir='ltr'>generalem</span> <span class='ocrx_word' id='word_1_74' title='bbox 833 831 1067 863; x_wconf 87' lang='lat' dir='ltr'>monachorum</span> <span class='ocrx_word' id='word_1_75' title='bbox 1097 831 1158 862; x_wconf 81' lang='lat' dir='ltr'>Ru-</span> 
     </span>
     <span class='ocr_line' id='line_1_17' title="bbox 420 883 1156 925; baseline 0 -10"><span class='ocrx_word' id='word_1_76' title='bbox 420 883 596 916; x_wconf 87' lang='lat' dir='ltr'>thenorum</span> <span class='ocrx_word' id='word_1_77' title='bbox 630 883 757 915; x_wconf 84' lang='lat' dir='ltr'>Ordinis</span> <span class='ocrx_word' id='word_1_78' title='bbox 787 884 818 916; x_wconf 88' lang='lat' dir='ltr'>S.</span> <span class='ocrx_word' id='word_1_79' title='bbox 853 883 963 916; x_wconf 89' lang='lat' dir='ltr'>Basilii</span> <span class='ocrx_word' id='word_1_80' title='bbox 988 883 1091 925; x_wconf 86' lang='lat' dir='ltr'>Magni</span> <span class='ocrx_word' id='word_1_81' title='bbox 1117 884 1156 916; x_wconf 89' lang='lat' dir='ltr'>ad</span> 
     </span>
     <span class='ocr_line' id='line_1_18' title="bbox 419 935 1156 979; baseline 0.001 -11"><span class='ocrx_word' id='word_1_82' title='bbox 419 935 467 968; x_wconf 86' lang='lat' dir='ltr'>sui</span> <span class='ocrx_word' id='word_1_83' title='bbox 485 937 581 969; x_wconf 88' lang='lat' dir='ltr'>vitam</span> <span class='ocrx_word' id='word_1_84' title='bbox 600 936 692 979; x_wconf 83' lang='lat' dir='ltr'>eligi¹</span> <span class='ocrx_word' id='word_1_85' title='bbox 718 942 896 976; x_wconf 72' lang='lat' dir='ltr'>curaverat,</span> <span class='ocrx_word' id='word_1_86' title='bbox 912 937 944 969; x_wconf 91' lang='lat' dir='ltr'>in</span> <span class='ocrx_word' id='word_1_87' title='bbox 959 938 1062 969; x_wconf 86' lang='lat' dir='ltr'>altero</span> <span class='ocrx_word' id='word_1_88' title='bbox 1079 947 1156 969; x_wconf 86' lang='lat' dir='ltr'>vero</span> 
     </span>
     <span class='ocr_line' id='line_1_19' title="bbox 419 988 1155 1032; baseline 0 -11"><span class='ocrx_word' id='word_1_89' title='bbox 419 989 536 1032; x_wconf 86' lang='lat' dir='ltr'>reliqui</span> <span class='ocrx_word' id='word_1_90' title='bbox 570 988 721 1022; x_wconf 88' lang='lat' dir='ltr'>monachi</span> <span class='ocrx_word' id='word_1_91' title='bbox 760 989 900 1021; x_wconf 86' lang='lat' dir='ltr'>Rutheni</span> <span class='ocrx_word' id='word_1_92' title='bbox 933 988 1155 1021; x_wconf 89' lang='lat' dir='ltr'>venerabilem</span> 
     </span>
     <span class='ocr_line' id='line_1_20' title="bbox 419 1041 1154 1085; baseline 0 -11"><span class='ocrx_word' id='word_1_93' title='bbox 419 1042 516 1075; x_wconf 87' lang='lat' dir='ltr'>etiam</span> <span class='ocrx_word' id='word_1_94' title='bbox 550 1042 682 1074; x_wconf 87' lang='lat' dir='ltr'>fratrem</span> <span class='ocrx_word' id='word_1_95' title='bbox 707 1042 896 1085; x_wconf 88' lang='lat' dir='ltr'>episcopum</span> <span class='ocrx_word' id='word_1_96' title='bbox 928 1041 1154 1074; x_wconf 87' lang='lat' dir='ltr'>Chelmensem</span> 
     </span>
     <span class='ocr_line' id='line_1_21' title="bbox 419 1093 1157 1137; baseline 0 -11"><span class='ocrx_word' id='word_1_97' title='bbox 419 1094 450 1126; x_wconf 92' lang='lat' dir='ltr'>in</span> <span class='ocrx_word' id='word_1_98' title='bbox 477 1104 588 1127; x_wconf 87' lang='lat' dir='ltr'>eorum</span> <span class='ocrx_word' id='word_1_99' title='bbox 609 1093 760 1126; x_wconf 81' lang='lat' dir='ltr'>abbatem</span> <span class='ocrx_word' id='word_1_100' title='bbox 786 1094 850 1126; x_wconf 91' lang='lat' dir='ltr'>sive</span> <span class='ocrx_word' id='word_1_101' title='bbox 874 1094 1077 1137; x_wconf 88' lang='lat' dir='ltr'>superiorem</span> <span class='ocrx_word' id='word_1_102' title='bbox 1104 1104 1157 1136; x_wconf 79' lang='lat' dir='ltr'>ge-</span> 
     </span>
     <span class='ocr_line' id='line_1_22' title="bbox 417 1147 1155 1189; baseline -0.001 -10"><span class='ocrx_word' id='word_1_103' title='bbox 417 1147 565 1179; x_wconf 88' lang='lat' dir='ltr'>neralem</span> <span class='ocrx_word' id='word_1_104' title='bbox 592 1148 782 1189; x_wconf 83' lang='lat' dir='ltr'>elegerant;</span> <span class='ocrx_word' id='word_1_105' title='bbox 817 1151 1016 1179; x_wconf 88' lang='lat' dir='ltr'>memoratus</span> <span class='ocrx_word' id='word_1_106' title='bbox 1049 1152 1155 1179; x_wconf 88' lang='lat' dir='ltr'>autem</span> 
     </span>
     <span class='ocr_line' id='line_1_23' title="bbox 418 1199 1156 1243; baseline -0.001 -11"><span class='ocrx_word' id='word_1_107' title='bbox 418 1200 591 1243; x_wconf 87' lang='lat' dir='ltr'>episcopus</span> <span class='ocrx_word' id='word_1_108' title='bbox 623 1199 827 1232; x_wconf 88' lang='lat' dir='ltr'>Chelmensis</span> <span class='ocrx_word' id='word_1_109' title='bbox 860 1200 945 1243; x_wconf 88' lang='lat' dir='ltr'>apud</span> <span class='ocrx_word' id='word_1_110' title='bbox 978 1209 1156 1242; x_wconf 88' lang='lat' dir='ltr'>congrega-</span> 
     </span>
     <span class='ocr_line' id='line_1_24' title="bbox 418 1252 1156 1286; baseline -0.003 -1"><span class='ocrx_word' id='word_1_111' title='bbox 418 1253 541 1286; x_wconf 82' lang='lat' dir='ltr'>tionem</span> <span class='ocrx_word' id='word_1_112' title='bbox 561 1252 799 1285; x_wconf 87' lang='lat' dir='ltr'>venerabilium</span> <span class='ocrx_word' id='word_1_113' title='bbox 821 1253 956 1285; x_wconf 82' lang='lat' dir='ltr'>fratrum</span> <span class='ocrx_word' id='word_1_114' title='bbox 971 1259 1156 1285; x_wconf 89' lang='lat' dir='ltr'>nostrorum</span> 
     </span>
     <span class='ocr_line' id='line_1_25' title="bbox 418 1305 1154 1347; baseline -0.001 -9"><span class='ocrx_word' id='word_1_115' title='bbox 418 1306 564 1338; x_wconf 88' lang='lat' dir='ltr'>eiusdem</span> <span class='ocrx_word' id='word_1_116' title='bbox 588 1305 618 1338; x_wconf 90' lang='lat' dir='ltr'>S.</span> <span class='ocrx_word' id='word_1_117' title='bbox 646 1305 683 1338; x_wconf 88' lang='lat' dir='ltr'>R.</span> <span class='ocrx_word' id='word_1_118' title='bbox 710 1305 744 1337; x_wconf 91' lang='lat' dir='ltr'>E.</span> <span class='ocrx_word' id='word_1_119' title='bbox 773 1306 986 1338; x_wconf 84' lang='lat' dir='ltr'>cardinalium</span> <span class='ocrx_word' id='word_1_120' title='bbox 1014 1305 1154 1347; x_wconf 83' lang='lat' dir='ltr'>negotiis</span> 
     </span>
     <span class='ocr_line' id='line_1_26' title="bbox 416 1357 1155 1401; baseline -0.001 -11"><span class='ocrx_word' id='word_1_121' title='bbox 416 1358 646 1401; x_wconf 78' lang='lat' dir='ltr'>propagandae</span> <span class='ocrx_word' id='word_1_122' title='bbox 679 1357 753 1390; x_wconf 83' lang='lat' dir='ltr'>fidei</span> <span class='ocrx_word' id='word_1_123' title='bbox 787 1357 1047 1400; x_wconf 84' lang='lat' dir='ltr'>praepositorum</span> <span class='ocrx_word' id='word_1_124' title='bbox 1084 1358 1155 1400; x_wconf 88' lang='lat' dir='ltr'>plu-</span> 
     </span>
     <span class='ocr_line' id='line_1_27' title="bbox 417 1410 1156 1453; baseline -0.001 -10"><span class='ocrx_word' id='word_1_125' title='bbox 417 1411 482 1443; x_wconf 87' lang='lat' dir='ltr'>ries</span> <span class='ocrx_word' id='word_1_126' title='bbox 513 1410 675 1443; x_wconf 85' lang='lat' dir='ltr'>insteterit</span> <span class='ocrx_word' id='word_1_127' title='bbox 705 1416 740 1442; x_wconf 88' lang='lat' dir='ltr'>ut</span> <span class='ocrx_word' id='word_1_128' title='bbox 774 1410 1003 1453; x_wconf 88' lang='lat' dir='ltr'>primodictum</span> <span class='ocrx_word' id='word_1_129' title='bbox 1035 1410 1156 1453; x_wconf 87' lang='lat' dir='ltr'>eapitu-</span> 
     </span>
     <span class='ocr_line' id='line_1_28' title="bbox 417 1463 1154 1506; baseline 0 -11"><span class='ocrx_word' id='word_1_130' title='bbox 417 1464 485 1496; x_wconf 88' lang='lat' dir='ltr'>lum</span> <span class='ocrx_word' id='word_1_131' title='bbox 517 1465 643 1496; x_wconf 89' lang='lat' dir='ltr'>nullum</span> <span class='ocrx_word' id='word_1_132' title='bbox 676 1464 879 1503; x_wconf 78' lang='lat' dir='ltr'>declaretur,</span> <span class='ocrx_word' id='word_1_133' title='bbox 913 1463 1033 1506; x_wconf 84' lang='lat' dir='ltr'>quippe</span> <span class='ocrx_word' id='word_1_134' title='bbox 1067 1463 1154 1506; x_wconf 89' lang='lat' dir='ltr'>quod</span> 
     </span>
     <span class='ocr_line' id='line_1_29' title="bbox 416 1515 1155 1559; baseline 0 -11"><span class='ocrx_word' id='word_1_135' title='bbox 416 1515 598 1559; x_wconf 82' lang='lat' dir='ltr'>legitimum</span> <span class='ocrx_word' id='word_1_136' title='bbox 637 1526 708 1549; x_wconf 87' lang='lat' dir='ltr'>esse</span> <span class='ocrx_word' id='word_1_137' title='bbox 749 1526 814 1548; x_wconf 87' lang='lat' dir='ltr'>non</span> <span class='ocrx_word' id='word_1_138' title='bbox 855 1521 983 1559; x_wconf 87' lang='lat' dir='ltr'>poterat</span> <span class='ocrx_word' id='word_1_139' title='bbox 1018 1522 1155 1559; x_wconf 86' lang='lat' dir='ltr'>propter</span> 
     </span>
     <span class='ocr_line' id='line_1_30' title="bbox 417 1569 1155 1612; baseline -0.001 -10"><span class='ocrx_word' id='word_1_140' title='bbox 417 1569 583 1602; x_wconf 86' lang='lat' dir='ltr'>defectum</span> <span class='ocrx_word' id='word_1_141' title='bbox 605 1569 808 1602; x_wconf 78' lang='lat' dir='ltr'>auctoritatis</span> <span class='ocrx_word' id='word_1_142' title='bbox 826 1580 887 1612; x_wconf 87' lang='lat' dir='ltr'>qua</span> <span class='ocrx_word' id='word_1_143' title='bbox 906 1569 1009 1601; x_wconf 86' lang='lat' dir='ltr'>dictus</span> <span class='ocrx_word' id='word_1_144' title='bbox 1029 1569 1155 1601; x_wconf 87' lang='lat' dir='ltr'>archie-</span> 
     </span>
     <span class='ocr_line' id='line_1_31' title="bbox 416 1622 1013 1666; baseline -0.003 -10"><span class='ocrx_word' id='word_1_145' title='bbox 416 1622 571 1666; x_wconf 87' lang='lat' dir='ltr'>piscopus</span> <span class='ocrx_word' id='word_1_146' title='bbox 597 1623 741 1655; x_wconf 83' lang='lat' dir='ltr'>caruisse</span> <span class='ocrx_word' id='word_1_147' title='bbox 767 1622 1013 1666; x_wconf 80' lang='lat' dir='ltr'>reperiebatur:</span> 
     </span>
    </p>
   </div>
   <div class='ocr_carea' id='block_1_7' title="bbox 292 1675 1155 1718">
    <p class='ocr_par' dir='ltr' id='par_1_8' title="bbox 292 1675 1155 1718">
     <span class='ocr_line' id='line_1_32' title="bbox 292 1675 1155 1718; baseline 0.001 -12"><span class='ocrx_word' id='word_1_148' title='bbox 292 1684 418 1706; x_wconf 63' lang='lat' dir='ltr'>emman·</span> <span class='ocrx_word' id='word_1_149' title='bbox 460 1676 541 1708; x_wconf 87' lang='lat' dir='ltr'>Hinc</span> <span class='ocrx_word' id='word_1_150' title='bbox 566 1681 614 1708; x_wconf 91' lang='lat' dir='ltr'>est</span> <span class='ocrx_word' id='word_1_151' title='bbox 637 1676 723 1718; x_wconf 86' lang='lat' dir='ltr'>quod</span> <span class='ocrx_word' id='word_1_152' title='bbox 748 1686 816 1715; x_wconf 85' lang='lat' dir='ltr'>nos,</span> <span class='ocrx_word' id='word_1_153' title='bbox 833 1675 993 1708; x_wconf 88' lang='lat' dir='ltr'>eiusmodi</span> <span class='ocrx_word' id='word_1_154' title='bbox 1013 1675 1155 1708; x_wconf 81' lang='lat' dir='ltr'>dissidiis</span> 
     </span>
    </p>
   </div>
   <div class='ocr_carea' id='block_1_8' title="bbox 222 1712 406 1732">
    <p class='ocr_par' dir='ltr' id='par_1_9' title="bbox 222 1712 406 1732">
     <span class='ocr_line' id='line_1_33' title="bbox 222 1712 406 1732; baseline -0.005 0"><span class='ocrx_word' id='word_1_155' title='bbox 222 1712 300 1732; x_wconf 81' lang='lat' dir='ltr'>nuncio</span> <span class='ocrx_word' id='word_1_156' title='bbox 324 1714 347 1731; x_wconf 82' lang='lat' dir='ltr'>ut</span> <span class='ocrx_word' id='word_1_157' title='bbox 370 1717 406 1731; x_wconf 84' lang='lat' dir='ltr'>no-</span> 
     </span>
    </p>
   </div>
   <div class='ocr_carea' id='block_1_9' title="bbox 223 1729 1156 1772">
    <p class='ocr_par' dir='ltr' id='par_1_10' title="bbox 223 1729 1156 1772">
     <span class='ocr_line' id='line_1_34' title="bbox 223 1729 1156 1772; baseline -0.003 -9"><span class='ocrx_word' id='word_1_158' title='bbox 223 1744 270 1758; x_wconf 75' lang='lat' dir='ltr'>vum</span> <span class='ocrx_word' id='word_1_159' title='bbox 290 1737 405 1763; x_wconf 69' lang='lat' dir='ltr'>capitulum</span> <span class='ocrx_word' id='word_1_160' title='bbox 418 1734 450 1762; x_wconf 88' lang='lat' dir='ltr'>et</span> <span class='ocrx_word' id='word_1_161' title='bbox 463 1729 722 1762; x_wconf 79' lang='lat' dir='ltr'>dissensionibus</span> <span class='ocrx_word' id='word_1_162' title='bbox 736 1729 916 1761; x_wconf 86' lang='lat' dir='ltr'>remedium</span> <span class='ocrx_word' id='word_1_163' title='bbox 931 1734 1087 1772; x_wconf 87' lang='lat' dir='ltr'>quantum</span> <span class='ocrx_word' id='word_1_164' title='bbox 1099 1739 1156 1761; x_wconf 93' lang='lat' dir='ltr'>no-</span> 
     </span>
    </p>
   </div>
   <div class='ocr_carea' id='block_1_10' title="bbox 222 1767 333 1785">
    <p class='ocr_par' dir='ltr' id='par_1_11' title="bbox 222 1767 333 1785">
     <span class='ocr_line' id='line_1_35' title="bbox 222 1767 333 1785; baseline -0.009 0"><span class='ocrx_word' id='word_1_165' title='bbox 222 1767 333 1785; x_wconf 62' lang='lat' dir='ltr'>COUVOCOI.</span> 
     </span>
    </p>
   </div>
   <div class='ocr_carea' id='block_1_11' title="bbox 416 1782 1158 2345">
    <p class='ocr_par' dir='ltr' id='par_1_12' title="bbox 416 1782 1158 2345">
     <span class='ocr_line' id='line_1_36' title="bbox 416 1782 1154 1824; baseline -0.003 -8"><span class='ocrx_word' id='word_1_166' title='bbox 416 1783 466 1816; x_wconf 89' lang='lat' dir='ltr'>bis</span> <span class='ocrx_word' id='word_1_167' title='bbox 492 1793 529 1816; x_wconf 84' lang='lat' dir='ltr'>ex</span> <span class='ocrx_word' id='word_1_168' title='bbox 554 1783 618 1815; x_wconf 89' lang='lat' dir='ltr'>alto</span> <span class='ocrx_word' id='word_1_169' title='bbox 644 1782 835 1815; x_wconf 84' lang='lat' dir='ltr'>conceditur</span> <span class='ocrx_word' id='word_1_170' title='bbox 859 1782 1030 1821; x_wconf 83' lang='lat' dir='ltr'>adhibere,</span> <span class='ocrx_word' id='word_1_171' title='bbox 1055 1786 1154 1824; x_wconf 85' lang='lat' dir='ltr'>utque</span> 
     </span>
     <span class='ocr_line' id='line_1_37' title="bbox 416 1834 1155 1878; baseline -0.003 -10"><span class='ocrx_word' id='word_1_172' title='bbox 416 1835 568 1868; x_wconf 87' lang='lat' dir='ltr'>monachi</span> <span class='ocrx_word' id='word_1_173' title='bbox 594 1835 730 1878; x_wconf 88' lang='lat' dir='ltr'>praefati</span> <span class='ocrx_word' id='word_1_174' title='bbox 751 1834 880 1867; x_wconf 85' lang='lat' dir='ltr'>solliciti</span> <span class='ocrx_word' id='word_1_175' title='bbox 906 1839 1040 1867; x_wconf 87' lang='lat' dir='ltr'>servent</span> <span class='ocrx_word' id='word_1_176' title='bbox 1062 1834 1155 1867; x_wconf 90' lang='lat' dir='ltr'>unio-</span> 
     </span>
     <span class='ocr_line' id='line_1_38' title="bbox 417 1888 1155 1932; baseline -0.001 -11"><span class='ocrx_word' id='word_1_177' title='bbox 417 1899 494 1922; x_wconf 86' lang='lat' dir='ltr'>nem</span> <span class='ocrx_word' id='word_1_178' title='bbox 519 1888 649 1932; x_wconf 88' lang='lat' dir='ltr'>spiritus</span> <span class='ocrx_word' id='word_1_179' title='bbox 674 1888 706 1920; x_wconf 92' lang='lat' dir='ltr'>in</span> <span class='ocrx_word' id='word_1_180' title='bbox 731 1888 861 1921; x_wconf 84' lang='lat' dir='ltr'>vinculo</span> <span class='ocrx_word' id='word_1_181' title='bbox 875 1888 963 1931; x_wconf 86' lang='lat' dir='ltr'>pacis</span> <span class='ocrx_word' id='word_1_182' title='bbox 980 1888 1155 1930; x_wconf 89' lang='lat' dir='ltr'>providere</span> 
     </span>
     <span class='ocr_line' id='line_1_39' title="bbox 417 1940 1153 1984; baseline -0.001 -10"><span class='ocrx_word' id='word_1_183' title='bbox 417 1940 606 1984; x_wconf 82' lang='lat' dir='ltr'>cupientes,</span> <span class='ocrx_word' id='word_1_184' title='bbox 632 1952 668 1974; x_wconf 90' lang='lat' dir='ltr'>ac</span> <span class='ocrx_word' id='word_1_185' title='bbox 693 1941 731 1974; x_wconf 90' lang='lat' dir='ltr'>de</span> <span class='ocrx_word' id='word_1_186' title='bbox 759 1944 811 1974; x_wconf 76' lang='lat' dir='ltr'>tua</span> <span class='ocrx_word' id='word_1_187' title='bbox 834 1940 897 1973; x_wconf 85' lang='lat' dir='ltr'>fide</span> <span class='ocrx_word' id='word_1_188' title='bbox 913 1968 920 1981; x_wconf 94' lang='lat'>,</span> <span class='ocrx_word' id='word_1_189' title='bbox 959 1941 1153 1983; x_wconf 77' lang='lat' dir='ltr'>prudentia,</span> 
     </span>
     <span class='ocr_line' id='line_1_40' title="bbox 419 1993 1154 2037; baseline 0 -11"><span class='ocrx_word' id='word_1_190' title='bbox 419 1995 595 2033; x_wconf 83' lang='lat' dir='ltr'>charitate,</span> <span class='ocrx_word' id='word_1_191' title='bbox 624 1994 809 2037; x_wconf 81' lang='lat' dir='ltr'>integritate</span> <span class='ocrx_word' id='word_1_192' title='bbox 835 1999 867 2027; x_wconf 89' lang='lat' dir='ltr'>et</span> <span class='ocrx_word' id='word_1_193' title='bbox 891 1993 1060 2036; x_wconf 72' lang='lat' dir='ltr'>religionis</span> <span class='ocrx_word' id='word_1_194' title='bbox 1084 1995 1154 2026; x_wconf 92' lang='lat' dir='ltr'>zelo</span> 
     </span>
     <span class='ocr_line' id='line_1_41' title="bbox 418 2046 1156 2090; baseline 0 -11"><span class='ocrx_word' id='word_1_195' title='bbox 418 2047 592 2090; x_wconf 84' lang='lat' dir='ltr'>plurimum</span> <span class='ocrx_word' id='word_1_196' title='bbox 616 2047 648 2080; x_wconf 91' lang='lat' dir='ltr'>in</span> <span class='ocrx_word' id='word_1_197' title='bbox 673 2047 810 2080; x_wconf 87' lang='lat' dir='ltr'>Domino</span> <span class='ocrx_word' id='word_1_198' title='bbox 842 2046 971 2088; x_wconf 80' lang='lat' dir='ltr'>confisi,</span> <span class='ocrx_word' id='word_1_199' title='bbox 998 2048 1036 2079; x_wconf 88' lang='lat' dir='ltr'>de</span> <span class='ocrx_word' id='word_1_200' title='bbox 1062 2057 1156 2090; x_wconf 89' lang='lat' dir='ltr'>prae-</span> 
     </span>
     <span class='ocr_line' id='line_1_42' title="bbox 419 2099 1157 2140; baseline 0 -8"><span class='ocrx_word' id='word_1_201' title='bbox 419 2099 559 2132; x_wconf 86' lang='lat' dir='ltr'>fatorum</span> <span class='ocrx_word' id='word_1_202' title='bbox 595 2100 807 2133; x_wconf 88' lang='lat' dir='ltr'>cardinalium</span> <span class='ocrx_word' id='word_1_203' title='bbox 847 2100 1004 2140; x_wconf 89' lang='lat' dir='ltr'>consilio,</span> <span class='ocrx_word' id='word_1_204' title='bbox 1037 2099 1157 2132; x_wconf 86' lang='lat' dir='ltr'>discre-</span> 
     </span>
     <span class='ocr_line' id='line_1_43' title="bbox 419 2153 1156 2197; baseline -0.001 -12"><span class='ocrx_word' id='word_1_205' title='bbox 419 2153 499 2186; x_wconf 87' lang='lat' dir='ltr'>tioni</span> <span class='ocrx_word' id='word_1_206' title='bbox 524 2158 597 2186; x_wconf 90' lang='lat' dir='ltr'>tuae</span> <span class='ocrx_word' id='word_1_207' title='bbox 622 2164 681 2197; x_wconf 89' lang='lat' dir='ltr'>per</span> <span class='ocrx_word' id='word_1_208' title='bbox 705 2159 894 2197; x_wconf 84' lang='lat' dir='ltr'>praesentes</span> <span class='ocrx_word' id='word_1_209' title='bbox 927 2153 1156 2186; x_wconf 83' lang='lat' dir='ltr'>committimus</span> 
     </span>
     <span class='ocr_line' id='line_1_44' title="bbox 421 2206 1157 2247; baseline -0.001 -8"><span class='ocrx_word' id='word_1_210' title='bbox 421 2212 454 2239; x_wconf 88' lang='lat' dir='ltr'>et</span> <span class='ocrx_word' id='word_1_211' title='bbox 477 2207 679 2247; x_wconf 78' lang='lat' dir='ltr'>mandamus,</span> <span class='ocrx_word' id='word_1_212' title='bbox 696 2213 739 2247; x_wconf 83' lang='lat' dir='ltr'>ut,</span> <span class='ocrx_word' id='word_1_213' title='bbox 760 2207 891 2239; x_wconf 86' lang='lat' dir='ltr'>minime</span> <span class='ocrx_word' id='word_1_214' title='bbox 915 2206 1045 2239; x_wconf 87' lang='lat' dir='ltr'>attentis</span> <span class='ocrx_word' id='word_1_215' title='bbox 1064 2206 1157 2239; x_wconf 89' lang='lat' dir='ltr'>dictis</span> 
     </span>
     <span class='ocr_line' id='line_1_45' title="bbox 421 2259 1158 2303; baseline 0 -12"><span class='ocrx_word' id='word_1_216' title='bbox 421 2259 546 2292; x_wconf 86' lang='lat' dir='ltr'>duobus</span> <span class='ocrx_word' id='word_1_217' title='bbox 572 2259 741 2303; x_wconf 90' lang='lat' dir='ltr'>capitulis,</span> <span class='ocrx_word' id='word_1_218' title='bbox 767 2270 885 2293; x_wconf 78' lang='lat' dir='ltr'>novum</span> <span class='ocrx_word' id='word_1_219' title='bbox 911 2260 1087 2302; x_wconf 81' lang='lat' dir='ltr'>capitulum</span> <span class='ocrx_word' id='word_1_220' title='bbox 1112 2259 1158 2291; x_wconf 89' lang='lat' dir='ltr'>di-</span> 
     </span>
     <span class='ocr_line' id='line_1_46' title="bbox 421 2312 1157 2345; baseline -0.001 -1"><span class='ocrx_word' id='word_1_221' title='bbox 421 2316 545 2345; x_wconf 75' lang='lat' dir='ltr'>ctomun</span> <span class='ocrx_word' id='word_1_222' title='bbox 578 2313 813 2345; x_wconf 89' lang='lat' dir='ltr'>monachorum</span> <span class='ocrx_word' id='word_1_223' title='bbox 843 2312 1071 2344; x_wconf 85' lang='lat' dir='ltr'>Ruthenorum</span> <span class='ocrx_word' id='word_1_224' title='bbox 1103 2321 1157 2343; x_wconf 89' lang='lat' dir='ltr'>au-</span> 
     </span>
    </p>
   </div>
   <div class='ocr_carea' id='block_1_12' title="bbox 422 2365 1179 2408">
    <p class='ocr_par' dir='ltr' id='par_1_13' title="bbox 422 2365 1179 2408">
     <span class='ocr_line' id='line_1_47' title="bbox 422 2365 1179 2408; baseline 0 -12"><span class='ocrx_word' id='word_1_225' title='bbox 422 2365 571 2397; x_wconf 86' lang='lat' dir='ltr'>ctoritate</span> <span class='ocrx_word' id='word_1_226' title='bbox 597 2367 708 2398; x_wconf 77' lang='lat' dir='ltr'>nostra</span> <span class='ocrx_word' id='word_1_227' title='bbox 733 2365 911 2408; x_wconf 75' lang='lat' dir='ltr'>apostolica</span> <span class='ocrx_word' id='word_1_228' title='bbox 940 2374 1100 2397; x_wconf 87' lang='lat' dir='ltr'>convoces</span> <span class='ocrx_word' id='word_1_229' title='bbox 1126 2368 1179 2407; x_wconf 82' lang='lat' dir='ltr'>et¹</span> 
     </span>
    </p>
   </div>
   <div class='ocr_carea' id='block_1_13' title="bbox 422 2417 1158 2513">
    <p class='ocr_par' dir='ltr' id='par_1_14' title="bbox 422 2417 1158 2513">
     <span class='ocr_line' id='line_1_48' title="bbox 422 2417 1158 2461; baseline 0 -13"><span class='ocrx_word' id='word_1_230' title='bbox 422 2417 576 2450; x_wconf 83' lang='lat' dir='ltr'>canonice</span> <span class='ocrx_word' id='word_1_231' title='bbox 601 2418 793 2461; x_wconf 76' lang='lat' dir='ltr'>congregari</span> <span class='ocrx_word' id='word_1_232' title='bbox 818 2428 930 2457; x_wconf 85' lang='lat' dir='ltr'>cures,</span> <span class='ocrx_word' id='word_1_233' title='bbox 962 2417 1075 2460; x_wconf 87' lang='lat' dir='ltr'>illique</span> <span class='ocrx_word' id='word_1_234' title='bbox 1106 2418 1158 2449; x_wconf 77' lang='lat' dir='ltr'>ea-</span> 
     </span>
     <span class='ocr_line' id='line_1_49' title="bbox 423 2469 1156 2513; baseline 0.003 -12"><span class='ocrx_word' id='word_1_235' title='bbox 423 2469 497 2502; x_wconf 89' lang='lat' dir='ltr'>dem</span> <span class='ocrx_word' id='word_1_236' title='bbox 522 2471 712 2503; x_wconf 87' lang='lat' dir='ltr'>auctoritate</span> <span class='ocrx_word' id='word_1_237' title='bbox 739 2471 946 2513; x_wconf 79' lang='lat' dir='ltr'>praesideas,</span> <span class='ocrx_word' id='word_1_238' title='bbox 978 2481 1014 2503; x_wconf 84' lang='lat' dir='ltr'>ac</span> <span class='ocrx_word' id='word_1_239' title='bbox 1042 2470 1156 2503; x_wconf 88' lang='lat' dir='ltr'>sedulo</span> 
     </span>
    </p>
   </div>
   <div class='ocr_carea' id='block_1_14' title="bbox 462 2583 923 2619">
    <p class='ocr_par' dir='ltr' id='par_1_15' title="bbox 462 2583 923 2619">
     <span class='ocr_line' id='line_1_50' title="bbox 462 2583 923 2619; baseline -0.004 -8"><span class='ocrx_word' id='word_1_240' title='bbox 462 2585 471 2611; x_wconf 80' lang='lat'>1</span> <span class='ocrx_word' id='word_1_241' title='bbox 497 2583 544 2611; x_wconf 76' lang='lat' dir='ltr'>Ed.</span> <span class='ocrx_word' id='word_1_242' title='bbox 562 2584 637 2611; x_wconf 82' lang='lat' dir='ltr'>Maia.</span> <span class='ocrx_word' id='word_1_243' title='bbox 655 2583 717 2619; x_wconf 69' lang='lat' dir='ltr'>legit</span> <span class='ocrx_word' id='word_1_244' title='bbox 734 2584 805 2618; x_wconf 68' lang='lat' dir='ltr'>eleyi</span> <span class='ocrx_word' id='word_1_245' title='bbox 823 2591 857 2619; x_wconf 51' lang='lat' dir='ltr'>¹¹a.</span> <span class='ocrx_word' id='word_1_246' title='bbox 875 2584 923 2619; x_wconf 88' lang='lat' dir='ltr'>T.).</span> 
     </span>
    </p>
   </div>
   <div class='ocr_carea' id='block_1_15' title="bbox 1175 630 1183 2390">
    <p class='ocr_par' dir='ltr' id='par_1_16' title="bbox 1175 630 1183 2390">
     <span class='ocr_line' id='line_1_51' title="bbox 1175 630 1183 2390; baseline 0 0"><span class='ocrx_word' id='word_1_247' title='bbox 1175 630 1183 2390; x_wconf 95' lang='lat' dir='ltr'> </span> 
     </span>
    </p>
   </div>
   <div class='ocr_carea' id='block_1_16' title="bbox 1197 305 1938 1666">
    <p class='ocr_par' dir='ltr' id='par_1_17' title="bbox 1197 305 1938 1498">
     <span class='ocr_line' id='line_1_52' title="bbox 1205 305 1938 350; baseline 0.005 -14"><span class='ocrx_word' id='word_1_248' title='bbox 1205 305 1319 337; x_wconf 90' lang='lat' dir='ltr'>electio</span> <span class='ocrx_word' id='word_1_249' title='bbox 1345 305 1470 338; x_wconf 89' lang='lat' dir='ltr'>abbatis</span> <span class='ocrx_word' id='word_1_250' title='bbox 1494 317 1550 339; x_wconf 88' lang='lat' dir='ltr'>seu</span> <span class='ocrx_word' id='word_1_251' title='bbox 1575 308 1752 350; x_wconf 80' lang='lat' dir='ltr'>superiori-s</span> <span class='ocrx_word' id='word_1_252' title='bbox 1777 308 1938 350; x_wconf 84' lang='lat' dir='ltr'>generalis</span> 
     </span>
     <span class='ocr_line' id='line_1_53' title="bbox 1203 359 1937 405; baseline 0.005 -15"><span class='ocrx_word' id='word_1_253' title='bbox 1203 359 1440 391; x_wconf 87' lang='lat' dir='ltr'>monachorum</span> <span class='ocrx_word' id='word_1_254' title='bbox 1472 360 1692 402; x_wconf 88' lang='lat' dir='ltr'>praefatorum</span> <span class='ocrx_word' id='word_1_255' title='bbox 1724 362 1763 393; x_wconf 92' lang='lat' dir='ltr'>de</span> <span class='ocrx_word' id='word_1_256' title='bbox 1799 364 1937 405; x_wconf 79' lang='lat' dir='ltr'>persona</span> 
     </span>
     <span class='ocr_line' id='line_1_54' title="bbox 1203 411 1935 457; baseline 0.005 -14"><span class='ocrx_word' id='word_1_257' title='bbox 1203 411 1339 444; x_wconf 86' lang='lat' dir='ltr'>alieuius</span> <span class='ocrx_word' id='word_1_258' title='bbox 1357 413 1509 445; x_wconf 87' lang='lat' dir='ltr'>monachi</span> <span class='ocrx_word' id='word_1_259' title='bbox 1528 423 1679 456; x_wconf 76' lang='lat' dir='ltr'>expresse</span> <span class='ocrx_word' id='word_1_260' title='bbox 1697 415 1838 457; x_wconf 85' lang='lat' dir='ltr'>professi</span> <span class='ocrx_word' id='word_1_261' title='bbox 1859 415 1935 447; x_wconf 88' lang='lat' dir='ltr'>dicti</span> 
     </span>
     <span class='ocr_line' id='line_1_55' title="bbox 1202 463 1936 510; baseline 0.005 -14"><span class='ocrx_word' id='word_1_262' title='bbox 1202 463 1345 503; x_wconf 82' lang='lat' dir='ltr'>Ordinis,</span> <span class='ocrx_word' id='word_1_263' title='bbox 1375 465 1429 507; x_wconf 90' lang='lat' dir='ltr'>qui</span> <span class='ocrx_word' id='word_1_264' title='bbox 1460 465 1591 508; x_wconf 88' lang='lat' dir='ltr'>utrique</span> <span class='ocrx_word' id='word_1_265' title='bbox 1616 466 1754 509; x_wconf 88' lang='lat' dir='ltr'>partium</span> <span class='ocrx_word' id='word_1_266' title='bbox 1779 473 1936 510; x_wconf 89' lang='lat' dir='ltr'>quantum</span> 
     </span>
     <span class='ocr_line' id='line_1_56' title="bbox 1201 516 1938 562; baseline 0.007 -14"><span class='ocrx_word' id='word_1_267' title='bbox 1201 516 1270 548; x_wconf 81' lang='lat' dir='ltr'>fieri</span> <span class='ocrx_word' id='word_1_268' title='bbox 1295 517 1416 559; x_wconf 89' lang='lat' dir='ltr'>poterit</span> <span class='ocrx_word' id='word_1_269' title='bbox 1432 517 1538 551; x_wconf 89' lang='lat' dir='ltr'>minus</span> <span class='ocrx_word' id='word_1_270' title='bbox 1555 523 1732 561; x_wconf 90' lang='lat' dir='ltr'>suspectus,</span> <span class='ocrx_word' id='word_1_271' title='bbox 1752 519 1854 562; x_wconf 89' lang='lat' dir='ltr'>iisque</span> <span class='ocrx_word' id='word_1_272' title='bbox 1871 531 1938 554; x_wconf 93' lang='lat' dir='ltr'>mo-</span> 
     </span>
     <span class='ocr_line' id='line_1_57' title="bbox 1201 569 1935 613; baseline 0.007 -13"><span class='ocrx_word' id='word_1_273' title='bbox 1201 569 1302 608; x_wconf 90' lang='lat' dir='ltr'>ribus,</span> <span class='ocrx_word' id='word_1_274' title='bbox 1326 569 1530 611; x_wconf 81' lang='lat' dir='ltr'>discretione,</span> <span class='ocrx_word' id='word_1_275' title='bbox 1554 571 1736 613; x_wconf 76' lang='lat' dir='ltr'>prudentia,</span> <span class='ocrx_word' id='word_1_276' title='bbox 1768 572 1935 613; x_wconf 83' lang='lat' dir='ltr'>charitate,</span> 
     </span>
     <span class='ocr_line' id='line_1_58' title="bbox 1201 622 1936 667; baseline 0.005 -13"><span class='ocrx_word' id='word_1_277' title='bbox 1201 631 1236 654; x_wconf 88' lang='lat' dir='ltr'>ac</span> <span class='ocrx_word' id='word_1_278' title='bbox 1260 622 1348 665; x_wconf 90' lang='lat' dir='ltr'>pacis</span> <span class='ocrx_word' id='word_1_279' title='bbox 1374 627 1405 654; x_wconf 86' lang='lat' dir='ltr'>et</span> <span class='ocrx_word' id='word_1_280' title='bbox 1429 623 1597 666; x_wconf 82' lang='lat' dir='ltr'>religionis</span> <span class='ocrx_word' id='word_1_281' title='bbox 1621 624 1688 656; x_wconf 87' lang='lat' dir='ltr'>zelo</span> <span class='ocrx_word' id='word_1_282' title='bbox 1706 624 1870 667; x_wconf 89' lang='lat' dir='ltr'>praeditus</span> <span class='ocrx_word' id='word_1_283' title='bbox 1886 625 1936 666; x_wconf 89' lang='lat' dir='ltr'>sit,</span> 
     </span>
     <span class='ocr_line' id='line_1_59' title="bbox 1200 675 1938 716; baseline 0.005 -10"><span class='ocrx_word' id='word_1_284' title='bbox 1200 679 1235 706; x_wconf 88' lang='lat' dir='ltr'>ut</span> <span class='ocrx_word' id='word_1_285' title='bbox 1270 675 1308 707; x_wconf 91' lang='lat' dir='ltr'>ad</span> <span class='ocrx_word' id='word_1_286' title='bbox 1342 675 1602 709; x_wconf 87' lang='lat' dir='ltr'>reconciliandos</span> <span class='ocrx_word' id='word_1_287' title='bbox 1633 677 1766 716; x_wconf 87' lang='lat' dir='ltr'>animos,</span> <span class='ocrx_word' id='word_1_288' title='bbox 1803 687 1938 710; x_wconf 87' lang='lat' dir='ltr'>concor-</span> 
     </span>
     <span class='ocr_line' id='line_1_60' title="bbox 1201 727 1936 771; baseline 0.003 -11"><span class='ocrx_word' id='word_1_289' title='bbox 1201 727 1351 771; x_wconf 91' lang='lat' dir='ltr'>diamque</span> <span class='ocrx_word' id='word_1_290' title='bbox 1371 733 1524 771; x_wconf 89' lang='lat' dir='ltr'>quantum</span> <span class='ocrx_word' id='word_1_291' title='bbox 1542 729 1649 761; x_wconf 86' lang='lat' dir='ltr'>divina</span> <span class='ocrx_word' id='word_1_292' title='bbox 1664 730 1792 763; x_wconf 66' lang='lat' dir='ltr'>bonitas</span> <span class='ocrx_word' id='word_1_293' title='bbox 1811 730 1936 763; x_wconf 86' lang='lat' dir='ltr'>dederit</span> 
     </span>
     <span class='ocr_line' id='line_1_61' title="bbox 1199 780 1935 825; baseline 0.003 -13"><span class='ocrx_word' id='word_1_294' title='bbox 1199 780 1431 813; x_wconf 85' lang='lat' dir='ltr'>restituendam</span> <span class='ocrx_word' id='word_1_295' title='bbox 1464 786 1495 813; x_wconf 91' lang='lat' dir='ltr'>et</span> <span class='ocrx_word' id='word_1_296' title='bbox 1527 781 1819 814; x_wconf 90' lang='lat' dir='ltr'>constabiliendam</span> <span class='ocrx_word' id='word_1_297' title='bbox 1842 787 1935 825; x_wconf 89' lang='lat' dir='ltr'>aptus</span> 
     </span>
     <span class='ocr_line' id='line_1_62' title="bbox 1200 832 1936 877; baseline 0.003 -13"><span class='ocrx_word' id='word_1_298' title='bbox 1200 832 1380 872; x_wconf 86' lang='lat' dir='ltr'>habeatur,</span> <span class='ocrx_word' id='word_1_299' title='bbox 1407 832 1476 873; x_wconf 84' lang='lat' dir='ltr'>fiat;</span> <span class='ocrx_word' id='word_1_300' title='bbox 1503 843 1561 866; x_wconf 88' lang='lat' dir='ltr'>nos</span> <span class='ocrx_word' id='word_1_301' title='bbox 1587 834 1673 866; x_wconf 90' lang='lat' dir='ltr'>enim</span> <span class='ocrx_word' id='word_1_302' title='bbox 1699 839 1727 866; x_wconf 91' lang='lat' dir='ltr'>te</span> <span class='ocrx_word' id='word_1_303' title='bbox 1753 834 1826 867; x_wconf 88' lang='lat' dir='ltr'>novi</span> <span class='ocrx_word' id='word_1_304' title='bbox 1851 834 1936 877; x_wconf 90' lang='lat' dir='ltr'>eapi-</span> 
     </span>
     <span class='ocr_line' id='line_1_63' title="bbox 1199 885 1936 930; baseline 0.005 -14"><span class='ocrx_word' id='word_1_305' title='bbox 1199 885 1257 917; x_wconf 89' lang='lat' dir='ltr'>tuli</span> <span class='ocrx_word' id='word_1_306' title='bbox 1296 885 1481 918; x_wconf 88' lang='lat' dir='ltr'>huiusmodi</span> <span class='ocrx_word' id='word_1_307' title='bbox 1514 892 1626 919; x_wconf 91' lang='lat' dir='ltr'>nostro</span> <span class='ocrx_word' id='word_1_308' title='bbox 1666 892 1698 919; x_wconf 89' lang='lat' dir='ltr'>et</span> <span class='ocrx_word' id='word_1_309' title='bbox 1730 887 1936 930; x_wconf 89' lang='lat' dir='ltr'>Apostolicae</span> 
     </span>
     <span class='ocr_line' id='line_1_64' title="bbox 1199 938 1938 981; baseline 0.004 -12"><span class='ocrx_word' id='word_1_310' title='bbox 1199 938 1289 970; x_wconf 86' lang='lat' dir='ltr'>Sedis</span> <span class='ocrx_word' id='word_1_311' title='bbox 1316 939 1445 971; x_wconf 90' lang='lat' dir='ltr'>nomine</span> <span class='ocrx_word' id='word_1_312' title='bbox 1471 940 1719 981; x_wconf 88' lang='lat' dir='ltr'>praesidentem,</span> <span class='ocrx_word' id='word_1_313' title='bbox 1739 951 1811 972; x_wconf 88' lang='lat' dir='ltr'>cum</span> <span class='ocrx_word' id='word_1_314' title='bbox 1828 946 1938 973; x_wconf 87' lang='lat' dir='ltr'>aueto-</span> 
     </span>
     <span class='ocr_line' id='line_1_65' title="bbox 1198 990 1936 1031; baseline 0.004 -9"><span class='ocrx_word' id='word_1_315' title='bbox 1198 990 1305 1030; x_wconf 86' lang='lat' dir='ltr'>ritate,</span> <span class='ocrx_word' id='word_1_316' title='bbox 1333 991 1549 1030; x_wconf 88' lang='lat' dir='ltr'>facultatibus,</span> <span class='ocrx_word' id='word_1_317' title='bbox 1575 991 1809 1031; x_wconf 86' lang='lat' dir='ltr'>iurisdictione,</span> <span class='ocrx_word' id='word_1_318' title='bbox 1833 993 1936 1025; x_wconf 88' lang='lat' dir='ltr'>hono-</span> 
     </span>
     <span class='ocr_line' id='line_1_66' title="bbox 1198 1038 1937 1087; baseline 0.003 -13"><span class='ocrx_word' id='word_1_319' title='bbox 1198 1038 1288 1075; x_wconf 82' lang='lat' dir='ltr'>ribus</span> <span class='ocrx_word' id='word_1_320' title='bbox 1315 1048 1347 1075; x_wconf 93' lang='lat' dir='ltr'>et</span> <span class='ocrx_word' id='word_1_321' title='bbox 1370 1043 1524 1076; x_wconf 87' lang='lat' dir='ltr'>oneribus</span> <span class='ocrx_word' id='word_1_322' title='bbox 1541 1043 1698 1076; x_wconf 77' lang='lat' dir='ltr'>simssibus</span> <span class='ocrx_word' id='word_1_323' title='bbox 1723 1044 1937 1087; x_wconf 89' lang='lat' dir='ltr'>praesidenti-</span> 
     </span>
     <span class='ocr_line' id='line_1_67' title="bbox 1198 1095 1936 1136; baseline 0.004 -10"><span class='ocrx_word' id='word_1_324' title='bbox 1198 1095 1259 1127; x_wconf 90' lang='lat' dir='ltr'>bus</span> <span class='ocrx_word' id='word_1_325' title='bbox 1289 1101 1320 1127; x_wconf 90' lang='lat' dir='ltr'>et</span> <span class='ocrx_word' id='word_1_326' title='bbox 1351 1095 1421 1128; x_wconf 88' lang='lat' dir='ltr'>aliis</span> <span class='ocrx_word' id='word_1_327' title='bbox 1456 1095 1558 1128; x_wconf 89' lang='lat' dir='ltr'>solitis</span> <span class='ocrx_word' id='word_1_328' title='bbox 1589 1101 1619 1128; x_wconf 87' lang='lat' dir='ltr'>et</span> <span class='ocrx_word' id='word_1_329' title='bbox 1644 1096 1824 1136; x_wconf 87' lang='lat' dir='ltr'>consuetis,</span> <span class='ocrx_word' id='word_1_330' title='bbox 1851 1096 1936 1129; x_wconf 81' lang='lat' dir='ltr'>dicta</span> 
     </span>
     <span class='ocr_line' id='line_1_68' title="bbox 1199 1149 1936 1190; baseline 0.001 -10"><span class='ocrx_word' id='word_1_331' title='bbox 1199 1149 1388 1181; x_wconf 85' lang='lat' dir='ltr'>auctoritate</span> <span class='ocrx_word' id='word_1_332' title='bbox 1414 1149 1528 1181; x_wconf 86' lang='lat' dir='ltr'>harum</span> <span class='ocrx_word' id='word_1_333' title='bbox 1554 1149 1636 1181; x_wconf 90' lang='lat' dir='ltr'>serie</span> <span class='ocrx_word' id='word_1_334' title='bbox 1671 1149 1826 1190; x_wconf 87' lang='lat' dir='ltr'>facimus,</span> <span class='ocrx_word' id='word_1_335' title='bbox 1859 1159 1936 1181; x_wconf 92' lang='lat' dir='ltr'>con-</span> 
     </span>
     <span class='ocr_line' id='line_1_69' title="bbox 1198 1201 1936 1244; baseline 0.001 -12"><span class='ocrx_word' id='word_1_336' title='bbox 1198 1201 1358 1233; x_wconf 88' lang='lat' dir='ltr'>stituimus</span> <span class='ocrx_word' id='word_1_337' title='bbox 1385 1207 1416 1233; x_wconf 88' lang='lat' dir='ltr'>et</span> <span class='ocrx_word' id='word_1_338' title='bbox 1440 1201 1655 1244; x_wconf 86' lang='lat' dir='ltr'>deputamus,</span> <span class='ocrx_word' id='word_1_339' title='bbox 1687 1201 1810 1244; x_wconf 86' lang='lat' dir='ltr'>tibique</span> <span class='ocrx_word' id='word_1_340' title='bbox 1841 1211 1936 1244; x_wconf 89' lang='lat' dir='ltr'>quas-</span> 
     </span>
     <span class='ocr_line' id='line_1_70' title="bbox 1198 1254 1935 1297; baseline 0.001 -12"><span class='ocrx_word' id='word_1_341' title='bbox 1198 1263 1336 1296; x_wconf 88' lang='lat' dir='ltr'>cumque</span> <span class='ocrx_word' id='word_1_342' title='bbox 1361 1254 1558 1286; x_wconf 86' lang='lat' dir='ltr'>necessarias</span> <span class='ocrx_word' id='word_1_343' title='bbox 1595 1259 1626 1287; x_wconf 90' lang='lat' dir='ltr'>et</span> <span class='ocrx_word' id='word_1_344' title='bbox 1661 1259 1861 1297; x_wconf 89' lang='lat' dir='ltr'>opportunas</span> <span class='ocrx_word' id='word_1_345' title='bbox 1896 1254 1935 1286; x_wconf 91' lang='lat' dir='ltr'>ad</span> 
     </span>
     <span class='ocr_line' id='line_1_71' title="bbox 1198 1305 1936 1348; baseline 0.003 -11"><span class='ocrx_word' id='word_1_346' title='bbox 1198 1305 1373 1348; x_wconf 86' lang='lat' dir='ltr'>praemissa</span> <span class='ocrx_word' id='word_1_347' title='bbox 1404 1306 1571 1339; x_wconf 84' lang='lat' dir='ltr'>facultates</span> <span class='ocrx_word' id='word_1_348' title='bbox 1606 1306 1777 1339; x_wconf 87' lang='lat' dir='ltr'>tribuimus</span> <span class='ocrx_word' id='word_1_349' title='bbox 1810 1312 1842 1339; x_wconf 89' lang='lat' dir='ltr'>et</span> <span class='ocrx_word' id='word_1_350' title='bbox 1877 1307 1936 1339; x_wconf 89' lang='lat' dir='ltr'>im-</span> 
     </span>
     <span class='ocr_line' id='line_1_72' title="bbox 1197 1359 1936 1403; baseline 0.001 -12"><span class='ocrx_word' id='word_1_351' title='bbox 1197 1359 1366 1401; x_wconf 84' lang='lat' dir='ltr'>pertimur;</span> <span class='ocrx_word' id='word_1_352' title='bbox 1393 1360 1479 1391; x_wconf 78' lang='lat' dir='ltr'>salva</span> <span class='ocrx_word' id='word_1_353' title='bbox 1504 1364 1609 1391; x_wconf 90' lang='lat' dir='ltr'>tamen</span> <span class='ocrx_word' id='word_1_354' title='bbox 1620 1370 1762 1403; x_wconf 87' lang='lat' dir='ltr'>.semper</span> <span class='ocrx_word' id='word_1_355' title='bbox 1786 1359 1819 1392; x_wconf 88' lang='lat' dir='ltr'>in</span> <span class='ocrx_word' id='word_1_356' title='bbox 1844 1370 1936 1403; x_wconf 89' lang='lat' dir='ltr'>prae-</span> 
     </span>
     <span class='ocr_line' id='line_1_73' title="bbox 1197 1412 1936 1456; baseline 0.001 -12"><span class='ocrx_word' id='word_1_357' title='bbox 1197 1413 1301 1445; x_wconf 83' lang='lat' dir='ltr'>missis</span> <span class='ocrx_word' id='word_1_358' title='bbox 1326 1412 1515 1446; x_wconf 87' lang='lat' dir='ltr'>auctoritate</span> <span class='ocrx_word' id='word_1_359' title='bbox 1547 1413 1810 1455; x_wconf 86' lang='lat' dir='ltr'>congregationis</span> <span class='ocrx_word' id='word_1_360' title='bbox 1842 1423 1936 1456; x_wconf 89' lang='lat' dir='ltr'>prae-</span> 
     </span>
     <span class='ocr_line' id='line_1_74' title="bbox 1199 1465 1587 1498; baseline 0 -1"><span class='ocrx_word' id='word_1_361' title='bbox 1199 1466 1338 1498; x_wconf 88' lang='lat' dir='ltr'>fatorum</span> <span class='ocrx_word' id='word_1_362' title='bbox 1364 1465 1587 1498; x_wconf 85' lang='lat' dir='ltr'>cardinalium.</span> 
     </span>
    </p>

    <p class='ocr_par' dir='ltr' id='par_1_18' title="bbox 1198 1518 1936 1666">
     <span class='ocr_line' id='line_1_75' title="bbox 1242 1518 1936 1551; baseline -0.001 0"><span class='ocrx_word' id='word_1_363' title='bbox 1242 1518 1389 1551; x_wconf 86' lang='lat' dir='ltr'>Ceterum</span> <span class='ocrx_word' id='word_1_364' title='bbox 1427 1523 1455 1551; x_wconf 86' lang='lat' dir='ltr'>te</span> <span class='ocrx_word' id='word_1_365' title='bbox 1489 1518 1520 1550; x_wconf 90' lang='lat' dir='ltr'>in</span> <span class='ocrx_word' id='word_1_366' title='bbox 1551 1518 1686 1551; x_wconf 89' lang='lat' dir='ltr'>Domino</span> <span class='ocrx_word' id='word_1_367' title='bbox 1712 1519 1880 1551; x_wconf 86' lang='lat' dir='ltr'>hortamur</span> <span class='ocrx_word' id='word_1_368' title='bbox 1904 1523 1936 1551; x_wconf 89' lang='lat' dir='ltr'>et</span> 
     </span>
     <span class='ocr_line' id='line_1_76' title="bbox 1198 1571 1934 1614; baseline 0.001 -12"><span class='ocrx_word' id='word_1_369' title='bbox 1198 1581 1366 1604; x_wconf 85' lang='lat' dir='ltr'>monemus</span> <span class='ocrx_word' id='word_1_370' title='bbox 1399 1577 1434 1603; x_wconf 87' lang='lat' dir='ltr'>ut</span> <span class='ocrx_word' id='word_1_371' title='bbox 1466 1581 1584 1604; x_wconf 90' lang='lat' dir='ltr'>novum</span> <span class='ocrx_word' id='word_1_372' title='bbox 1616 1571 1791 1614; x_wconf 88' lang='lat' dir='ltr'>capitulum</span> <span class='ocrx_word' id='word_1_373' title='bbox 1823 1571 1934 1603; x_wconf 89' lang='lat' dir='ltr'>huius-</span> 
     </span>
     <span class='ocr_line' id='line_1_77' title="bbox 1198 1622 1931 1666; baseline 0 -11"><span class='ocrx_word' id='word_1_374' title='bbox 1198 1623 1284 1655; x_wconf 88' lang='lat' dir='ltr'>modi</span> <span class='ocrx_word' id='word_1_375' title='bbox 1309 1622 1448 1655; x_wconf 81' lang='lat' dir='ltr'>fideliter</span> <span class='ocrx_word' id='word_1_376' title='bbox 1472 1634 1596 1666; x_wconf 82' lang='lat' dir='ltr'>regere,</span> <span class='ocrx_word' id='word_1_377' title='bbox 1615 1634 1651 1655; x_wconf 83' lang='lat' dir='ltr'>ac</span> <span class='ocrx_word' id='word_1_378' title='bbox 1675 1623 1707 1655; x_wconf 90' lang='lat' dir='ltr'>in</span> <span class='ocrx_word' id='word_1_379' title='bbox 1733 1623 1789 1656; x_wconf 91' lang='lat' dir='ltr'>illo</span> <span class='ocrx_word' id='word_1_380' title='bbox 1815 1623 1931 1663; x_wconf 89' lang='lat' dir='ltr'>omnia,</span> 
     </span>
    </p>
   </div>
   <div class='ocr_carea' id='block_1_17' title="bbox 1945 205 2131 232">
    <p class='ocr_par' dir='ltr' id='par_1_19' title="bbox 1945 205 2131 232">
     <span class='ocr_line' id='line_1_78' title="bbox 1945 205 2131 232; baseline 0.005 -1"><span class='ocrx_word' id='word_1_381' title='bbox 1945 207 1994 231; x_wconf 75' lang='lat' dir='ltr'>An.</span> <span class='ocrx_word' id='word_1_382' title='bbox 2010 205 2038 231; x_wconf 89' lang='lat' dir='ltr'>C.</span> <span class='ocrx_word' id='word_1_383' title='bbox 2059 205 2131 232; x_wconf 68' lang='grc' dir='ltr'>16(ὶῖτ</span> 
     </span>
    </p>
   </div>
   <div class='ocr_carea' id='block_1_18' title="bbox 1198 1676 1944 1720">
    <p class='ocr_par' dir='ltr' id='par_1_20' title="bbox 1198 1676 1944 1720">
     <span class='ocr_line' id='line_1_79' title="bbox 1198 1676 1944 1720; baseline 0 -12"><span class='ocrx_word' id='word_1_384' title='bbox 1198 1687 1280 1719; x_wconf 87' lang='lat' dir='ltr'>quae</span> <span class='ocrx_word' id='word_1_385' title='bbox 1306 1676 1344 1708; x_wconf 88' lang='lat' dir='ltr'>ad</span> <span class='ocrx_word' id='word_1_386' title='bbox 1368 1687 1562 1720; x_wconf 88' lang='lat' dir='ltr'>prosperum</span> <span class='ocrx_word' id='word_1_387' title='bbox 1585 1676 1743 1709; x_wconf 84' lang='lat' dir='ltr'>dictorum</span> <span class='ocrx_word' id='word_1_388' title='bbox 1761 1676 1944 1709; x_wconf 76' lang='lat' dir='ltr'>monacho-‘</span> 
     </span>
    </p>
   </div>
   <div class='ocr_carea' id='block_1_19' title="bbox 1197 1727 1936 2300">
    <p class='ocr_par' dir='ltr' id='par_1_21' title="bbox 1197 1727 1934 1868">
     <span class='ocr_line' id='line_1_80' title="bbox 1197 1727 1934 1772; baseline -0.001 -11"><span class='ocrx_word' id='word_1_389' title='bbox 1197 1740 1269 1761; x_wconf 87' lang='lat' dir='ltr'>rum</span> <span class='ocrx_word' id='word_1_390' title='bbox 1292 1727 1518 1762; x_wconf 84' lang='lat' dir='ltr'>Ruthenorum</span> <span class='ocrx_word' id='word_1_391' title='bbox 1531 1729 1677 1771; x_wconf 77' lang='lat' dir='ltr'>regimen</span> <span class='ocrx_word' id='word_1_392' title='bbox 1694 1734 1726 1761; x_wconf 91' lang='lat' dir='ltr'>et</span> <span class='ocrx_word' id='word_1_393' title='bbox 1743 1729 1934 1772; x_wconf 86' lang='lat' dir='ltr'>gubernium</span> 
     </span>
     <span class='ocr_line' id='line_1_81' title="bbox 1198 1781 1933 1825; baseline -0.003 -10"><span class='ocrx_word' id='word_1_394' title='bbox 1198 1783 1382 1825; x_wconf 89' lang='lat' dir='ltr'>pertinent,</span> <span class='ocrx_word' id='word_1_395' title='bbox 1409 1782 1540 1815; x_wconf 87' lang='lat' dir='ltr'>decerni</span> <span class='ocrx_word' id='word_1_396' title='bbox 1556 1810 1563 1823; x_wconf 97' lang='lat'>,</span> <span class='ocrx_word' id='word_1_397' title='bbox 1598 1782 1695 1815; x_wconf 86' lang='lat' dir='ltr'>statui</span> <span class='ocrx_word' id='word_1_398' title='bbox 1727 1787 1759 1815; x_wconf 86' lang='lat' dir='ltr'>et</span> <span class='ocrx_word' id='word_1_399' title='bbox 1790 1781 1933 1815; x_wconf 90' lang='lat' dir='ltr'>ordinari</span> 
     </span>
     <span class='ocr_line' id='line_1_82' title="bbox 1198 1834 1478 1868; baseline -0.004 -1"><span class='ocrx_word' id='word_1_400' title='bbox 1198 1845 1291 1867; x_wconf 87' lang='lat' dir='ltr'>cures</span> <span class='ocrx_word' id='word_1_401' title='bbox 1316 1840 1347 1867; x_wconf 90' lang='lat' dir='ltr'>et</span> <span class='ocrx_word' id='word_1_402' title='bbox 1371 1834 1478 1868; x_wconf 89' lang='lat' dir='ltr'>facias.</span> 
     </span>
    </p>

    <p class='ocr_par' dir='ltr' id='par_1_22' title="bbox 1197 1887 1936 2300">
     <span class='ocr_line' id='line_1_83' title="bbox 1242 1887 1935 1932; baseline -0.001 -11"><span class='ocrx_word' id='word_1_403' title='bbox 1242 1887 1297 1930; x_wconf 59' lang='grc' dir='ltr'>ἕῧ.</span> <span class='ocrx_word' id='word_1_404' title='bbox 1307 1887 1494 1920; x_wconf 80' lang='lat' dir='ltr'>Mandantes</span> <span class='ocrx_word' id='word_1_405' title='bbox 1505 1893 1679 1932; x_wconf 86' lang='lat' dir='ltr'>propterea</span> <span class='ocrx_word' id='word_1_406' title='bbox 1692 1888 1725 1921; x_wconf 91' lang='lat' dir='ltr'>in</span> <span class='ocrx_word' id='word_1_407' title='bbox 1735 1888 1852 1920; x_wconf 86' lang='lat' dir='ltr'>virtute</span> <span class='ocrx_word' id='word_1_408' title='bbox 1863 1898 1935 1920; x_wconf 88' lang='lat' dir='ltr'>san-</span> 
     </span>
     <span class='ocr_line' id='line_1_84' title="bbox 1198 1940 1934 1973; baseline -0.003 0"><span class='ocrx_word' id='word_1_409' title='bbox 1198 1945 1266 1973; x_wconf 83' lang='lat' dir='ltr'>ctae</span> <span class='ocrx_word' id='word_1_410' title='bbox 1283 1940 1486 1973; x_wconf 89' lang='lat' dir='ltr'>obedientiae</span> <span class='ocrx_word' id='word_1_411' title='bbox 1505 1940 1629 1973; x_wconf 84' lang='lat' dir='ltr'>dilectis</span> <span class='ocrx_word' id='word_1_412' title='bbox 1650 1940 1723 1973; x_wconf 83' lang='lat' dir='ltr'>filiis</span> <span class='ocrx_word' id='word_1_413' title='bbox 1746 1940 1934 1973; x_wconf 88' lang='lat' dir='ltr'>eorumdem</span> 
     </span>
     <span class='ocr_line' id='line_1_85' title="bbox 1197 1994 1934 2037; baseline -0.001 -11"><span class='ocrx_word' id='word_1_414' title='bbox 1197 1994 1432 2027; x_wconf 81' lang='lat' dir='ltr'>monachorum</span> <span class='ocrx_word' id='word_1_415' title='bbox 1468 1994 1689 2037; x_wconf 88' lang='lat' dir='ltr'>superioribus</span> <span class='ocrx_word' id='word_1_416' title='bbox 1729 2003 1934 2036; x_wconf 91' lang='lat' dir='ltr'>quocumque</span> 
     </span>
     <span class='ocr_line' id='line_1_86' title="bbox 1198 2046 1933 2090; baseline -0.001 -11"><span class='ocrx_word' id='word_1_417' title='bbox 1198 2047 1330 2080; x_wconf 89' lang='lat' dir='ltr'>nomine</span> <span class='ocrx_word' id='word_1_418' title='bbox 1344 2047 1545 2089; x_wconf 88' lang='lat' dir='ltr'>nuncupatis,</span> <span class='ocrx_word' id='word_1_419' title='bbox 1564 2047 1743 2090; x_wconf 86' lang='lat' dir='ltr'>ceterisque</span> <span class='ocrx_word' id='word_1_420' title='bbox 1757 2046 1933 2086; x_wconf 89' lang='lat' dir='ltr'>monachis,</span> 
     </span>
     <span class='ocr_line' id='line_1_87' title="bbox 1199 2099 1933 2143; baseline -0.001 -11"><span class='ocrx_word' id='word_1_421' title='bbox 1199 2105 1230 2133; x_wconf 90' lang='lat' dir='ltr'>et</span> <span class='ocrx_word' id='word_1_422' title='bbox 1250 2099 1434 2143; x_wconf 86' lang='lat' dir='ltr'>specialiter</span> <span class='ocrx_word' id='word_1_423' title='bbox 1452 2099 1616 2132; x_wconf 90' lang='lat' dir='ltr'>vocalibus</span> <span class='ocrx_word' id='word_1_424' title='bbox 1636 2099 1670 2132; x_wconf 87' lang='lat' dir='ltr'>in</span> <span class='ocrx_word' id='word_1_425' title='bbox 1690 2099 1833 2143; x_wconf 88' lang='lat' dir='ltr'>praefato</span> <span class='ocrx_word' id='word_1_426' title='bbox 1851 2109 1933 2132; x_wconf 86' lang='lat' dir='ltr'>novo</span> 
     </span>
     <span class='ocr_line' id='line_1_88' title="bbox 1199 2152 1935 2196; baseline -0.001 -11"><span class='ocrx_word' id='word_1_427' title='bbox 1199 2153 1341 2196; x_wconf 87' lang='lat' dir='ltr'>capitulo</span> <span class='ocrx_word' id='word_1_428' title='bbox 1366 2153 1612 2195; x_wconf 80' lang='lat' dir='ltr'>congregandis,</span> <span class='ocrx_word' id='word_1_429' title='bbox 1630 2152 1766 2195; x_wconf 87' lang='lat' dir='ltr'>aliisque</span> <span class='ocrx_word' id='word_1_430' title='bbox 1791 2152 1830 2185; x_wconf 91' lang='lat' dir='ltr'>ad</span> <span class='ocrx_word' id='word_1_431' title='bbox 1856 2162 1935 2195; x_wconf 90' lang='lat' dir='ltr'>quos</span> 
     </span>
     <span class='ocr_line' id='line_1_89' title="bbox 1199 2205 1936 2248; baseline -0.001 -11"><span class='ocrx_word' id='word_1_432' title='bbox 1199 2205 1349 2248; x_wconf 85' lang='lat' dir='ltr'>pertinet,</span> <span class='ocrx_word' id='word_1_433' title='bbox 1366 2210 1401 2237; x_wconf 86' lang='lat' dir='ltr'>ut</span> <span class='ocrx_word' id='word_1_434' title='bbox 1418 2210 1447 2237; x_wconf 88' lang='lat' dir='ltr'>te</span> <span class='ocrx_word' id='word_1_435' title='bbox 1465 2205 1610 2238; x_wconf 84' lang='lat' dir='ltr'>eiusdem</span> <span class='ocrx_word' id='word_1_436' title='bbox 1627 2205 1757 2248; x_wconf 86' lang='lat' dir='ltr'>capituli</span> <span class='ocrx_word' id='word_1_437' title='bbox 1776 2209 1887 2238; x_wconf 89' lang='lat' dir='ltr'>nostro</span> <span class='ocrx_word' id='word_1_438' title='bbox 1905 2209 1936 2239; x_wconf 83' lang='lat' dir='ltr'>et</span> 
     </span>
     <span class='ocr_line' id='line_1_90' title="bbox 1199 2256 1935 2300; baseline 0 -9"><span class='ocrx_word' id='word_1_439' title='bbox 1199 2258 1301 2291; x_wconf 88' lang='lat' dir='ltr'>dictae</span> <span class='ocrx_word' id='word_1_440' title='bbox 1322 2256 1412 2291; x_wconf 88' lang='lat' dir='ltr'>Sedis</span> <span class='ocrx_word' id='word_1_441' title='bbox 1437 2258 1566 2290; x_wconf 88' lang='lat' dir='ltr'>nomine</span> <span class='ocrx_word' id='word_1_442' title='bbox 1593 2258 1831 2300; x_wconf 89' lang='lat' dir='ltr'>praesidentem</span> <span class='ocrx_word' id='word_1_443' title='bbox 1848 2268 1935 2291; x_wconf 91' lang='lat' dir='ltr'>reve-</span> 
     </span>
    </p>
   </div>
   <div class='ocr_carea' id='block_1_20' title="bbox 1177 2310 1932 2354">
    <p class='ocr_par' dir='ltr' id='par_1_23' title="bbox 1177 2310 1932 2354">
     <span class='ocr_line' id='line_1_91' title="bbox 1177 2310 1932 2354; baseline -0.001 -11"><span class='ocrx_word' id='word_1_444' title='bbox 1177 2316 1308 2344; x_wconf 72' lang='lat' dir='ltr'>&#39;renter</span> <span class='ocrx_word' id='word_1_445' title='bbox 1332 2311 1518 2353; x_wconf 87' lang='lat' dir='ltr'>suscipiant,</span> <span class='ocrx_word' id='word_1_446' title='bbox 1546 2310 1666 2353; x_wconf 88' lang='lat' dir='ltr'>tibique</span> <span class='ocrx_word' id='word_1_447' title='bbox 1692 2311 1723 2343; x_wconf 91' lang='lat' dir='ltr'>in</span> <span class='ocrx_word' id='word_1_448' title='bbox 1749 2310 1932 2354; x_wconf 86' lang='lat' dir='ltr'>praemissis</span> 
     </span>
    </p>
   </div>
   <div class='ocr_carea' id='block_1_21' title="bbox 1198 2364 1936 2618">
    <p class='ocr_par' dir='ltr' id='par_1_24' title="bbox 1198 2364 1936 2618">
     <span class='ocr_line' id='line_1_92' title="bbox 1198 2364 1934 2407; baseline -0.001 -11"><span class='ocrx_word' id='word_1_449' title='bbox 1198 2369 1343 2407; x_wconf 89' lang='lat' dir='ltr'>pareant,</span> <span class='ocrx_word' id='word_1_450' title='bbox 1362 2364 1515 2396; x_wconf 88' lang='lat' dir='ltr'>obediant</span> <span class='ocrx_word' id='word_1_451' title='bbox 1533 2369 1564 2396; x_wconf 88' lang='lat' dir='ltr'>et</span> <span class='ocrx_word' id='word_1_452' title='bbox 1584 2364 1741 2404; x_wconf 83' lang='lat' dir='ltr'>assistant,</span> <span class='ocrx_word' id='word_1_453' title='bbox 1761 2374 1796 2396; x_wconf 86' lang='lat' dir='ltr'>ae</span> <span class='ocrx_word' id='word_1_454' title='bbox 1816 2368 1868 2396; x_wconf 88' lang='lat' dir='ltr'>tua</span> <span class='ocrx_word' id='word_1_455' title='bbox 1887 2373 1934 2395; x_wconf 88' lang='lat' dir='ltr'>sa-</span> 
     </span>
     <span class='ocr_line' id='line_1_93' title="bbox 1199 2416 1936 2449; baseline -0.001 -1"><span class='ocrx_word' id='word_1_456' title='bbox 1199 2416 1304 2449; x_wconf 88' lang='lat' dir='ltr'>lubria</span> <span class='ocrx_word' id='word_1_457' title='bbox 1327 2417 1450 2449; x_wconf 87' lang='lat' dir='ltr'>monita</span> <span class='ocrx_word' id='word_1_458' title='bbox 1468 2421 1499 2448; x_wconf 87' lang='lat' dir='ltr'>et</span> <span class='ocrx_word' id='word_1_459' title='bbox 1523 2416 1671 2449; x_wconf 88' lang='lat' dir='ltr'>mandata</span> <span class='ocrx_word' id='word_1_460' title='bbox 1696 2416 1861 2448; x_wconf 88' lang='lat' dir='ltr'>humiliter</span> <span class='ocrx_word' id='word_1_461' title='bbox 1885 2426 1936 2447; x_wconf 88' lang='lat' dir='ltr'>sn-</span> 
     </span>
     <span class='ocr_line' id='line_1_94' title="bbox 1200 2469 1935 2513; baseline 0 -12"><span class='ocrx_word' id='word_1_462' title='bbox 1200 2470 1338 2513; x_wconf 82' lang='lat' dir='ltr'>scipiant</span> <span class='ocrx_word' id='word_1_463' title='bbox 1369 2474 1399 2502; x_wconf 92' lang='lat' dir='ltr'>et</span> <span class='ocrx_word' id='word_1_464' title='bbox 1423 2469 1594 2502; x_wconf 81' lang='lat' dir='ltr'>efficaciter</span> <span class='ocrx_word' id='word_1_465' title='bbox 1619 2469 1794 2511; x_wconf 88' lang='lat' dir='ltr'>adimplere</span> <span class='ocrx_word' id='word_1_466' title='bbox 1820 2479 1935 2511; x_wconf 84' lang='lat' dir='ltr'>procu-</span> 
     </span>
     <span class='ocr_line' id='line_1_95' title="bbox 1198 2521 1931 2565; baseline -0.001 -11"><span class='ocrx_word' id='word_1_467' title='bbox 1198 2527 1281 2561; x_wconf 86' lang='lat' dir='ltr'>rent,</span> <span class='ocrx_word' id='word_1_468' title='bbox 1307 2522 1451 2565; x_wconf 83' lang='lat' dir='ltr'>alioquin</span> <span class='ocrx_word' id='word_1_469' title='bbox 1475 2522 1667 2554; x_wconf 87' lang='lat' dir='ltr'>sententiam</span> <span class='ocrx_word' id='word_1_470' title='bbox 1691 2521 1756 2554; x_wconf 88' lang='lat' dir='ltr'>sive</span> <span class='ocrx_word' id='word_1_471' title='bbox 1782 2531 1931 2564; x_wconf 84' lang='lat' dir='ltr'>poenam,</span> 
     </span>
     <span class='ocr_line' id='line_1_96' title="bbox 1200 2574 1935 2618; baseline 0.003 -13"><span class='ocrx_word' id='word_1_472' title='bbox 1200 2585 1295 2618; x_wconf 83' lang='lat' dir='ltr'>quam</span> <span class='ocrx_word' id='word_1_473' title='bbox 1319 2575 1378 2607; x_wconf 81' lang='lat' dir='ltr'>rite</span> <span class='ocrx_word' id='word_1_474' title='bbox 1406 2574 1515 2607; x_wconf 88' lang='lat' dir='ltr'>tuleris</span> <span class='ocrx_word' id='word_1_475' title='bbox 1548 2584 1602 2606; x_wconf 86' lang='lat' dir='ltr'>seu</span> <span class='ocrx_word' id='word_1_476' title='bbox 1635 2574 1786 2606; x_wconf 86' lang='lat' dir='ltr'>statueris</span> <span class='ocrx_word' id='word_1_477' title='bbox 1819 2574 1852 2606; x_wconf 90' lang='lat' dir='ltr'>in</span> <span class='ocrx_word' id='word_1_478' title='bbox 1883 2584 1935 2607; x_wconf 86' lang='lat' dir='ltr'>re-</span> 
     </span>
    </p>
   </div>
   <div class='ocr_carea' id='block_1_22' title="bbox 1945 1895 2127 1996">
    <p class='ocr_par' dir='ltr' id='par_1_25' title="bbox 1945 1895 2127 1996">
     <span class='ocr_line' id='line_1_97' title="bbox 1992 1895 2126 1916; baseline -0.007 0"><span class='ocrx_word' id='word_1_479' title='bbox 1992 1895 2041 1916; x_wconf 84' lang='lat' dir='ltr'>Cum</span> <span class='ocrx_word' id='word_1_480' title='bbox 2060 1895 2126 1916; x_wconf 79' lang='lat' dir='ltr'>omnl-</span> 
     </span>
     <span class='ocr_line' id='line_1_98' title="bbox 1945 1922 2127 1942; baseline -0.005 0"><span class='ocrx_word' id='word_1_481' title='bbox 1945 1922 2006 1942; x_wconf 77' lang='lat' dir='ltr'>nioda</span> <span class='ocrx_word' id='word_1_482' title='bbox 2028 1922 2127 1942; x_wconf 74' lang='lat' dir='ltr'>facultate</span> 
     </span>
     <span class='ocr_line' id='line_1_99' title="bbox 1945 1948 2127 1973; baseline 0 -5"><span class='ocrx_word' id='word_1_483' title='bbox 1945 1951 2008 1968; x_wconf 79' lang='lat' dir='ltr'>etiam</span> <span class='ocrx_word' id='word_1_484' title='bbox 2026 1948 2127 1973; x_wconf 70' lang='lat' dir='ltr'>puniendi</span> 
     </span>
     <span class='ocr_line' id='line_1_100' title="bbox 1945 1975 2098 1996; baseline 0 -1"><span class='ocrx_word' id='word_1_485' title='bbox 1945 1975 2098 1996; x_wconf 75' lang='lat' dir='ltr'>inobedientes.</span> 
     </span>
    </p>
   </div>
   <div class='ocr_carea' id='block_1_23' title="bbox 2214 1327 2247 3208">
    <p class='ocr_par' dir='ltr' id='par_1_26' title="bbox 2214 1327 2247 3208">
     <span class='ocr_line' id='line_1_101' title="bbox 2214 1327 2247 3208; baseline 0 0"><span class='ocrx_word' id='word_1_486' title='bbox 2214 1327 2247 3208; x_wconf 95' lang='lat' dir='ltr'> </span> 
     </span>
    </p>
   </div>
  </div>
 </body>
</html>
