2247 3208
221 206 270 232 An.
287 206 316 234 c.
340 205 404 233 1663
451 197 514 231 208

242 266 356 287 Contrariis
367 267 402 288 de-

220 295 287 318 rogat.

235 1482 346 1503 Decretum
358 1487 391 1503 sa-

208 1514 258 1538 cras
277 1515 390 1537 congrega·

208 1538 278 1557 1101113-

457 255 472 297 ἓ
496 254 527 287 3.
554 254 622 286 Νοη
641 252 843 285 obstantibus
860 262 1060 295 quacumque
1081 251 1144 284 litis

412 306 588 349 pendentia
617 304 751 348 aliisque
783 303 986 347 praemissis,
1016 313 1143 337 necnon

411 359 559 392 omnibus
584 362 617 390 et
640 357 775 400 singulis
799 357 882 397 illis,
917 367 997 400 quae
1022 367 1144 390 memo-

409 411 469 444 rati
493 411 598 444 Sixtus
624 410 647 442 V
679 416 711 443 et
734 410 882 443 Urbanus
912 409 976 443 VIII
1007 410 1144 453 praede-

409 474 550 496 cessores
575 464 745 496 voluerunt
768 463 801 495 in
826 462 900 503 suis,
919 467 951 495 et
967 473 1026 495 nos
1043 462 1143 496 volui-

407 526 476 549 mus
503 516 534 549 in
559 516 678 549 nostris
704 516 884 560 respective
910 516 1025 549 litteris
1050 526 1142 559 prae-

407 569 480 602 fatis
504 579 568 602 non
594 570 740 609 obstare,
766 568 947 612 ceterisque
973 569 1141 601 contrariis

408 623 679 666 quibuscumque.

450 676 565 708 Datum
596 675 717 708 Romae
732 702 739 715 ‚
760 675 847 718 apud
874 675 905 708 S.
928 675 1058 708 Mariam
1078 674 1141 708 Ma-

406 729 524 768 iorem,
551 729 612 761 sub
637 729 757 761 annulo
783 728 975 768 PiscatoriS,
1005 728 1056 761 die
1083 738 1139 761 v111

406 781 550 814 octobris
589 790 757 821 iinctxui,
791 779 1001 825 pontificatus
1033 780 1138 813 nostri

405 844 490 867 anno
506 844 546 868 ix.

439 896 499 922 Dat.
516 895 560 923 die
574 894 588 922 8
604 895 721 923 octobris
733 895 809 929 1663,
825 895 919 930 pontif.
935 903 1004 922 anno
1018 902 1054 924 ix.

706 1037 829 1071 CDLVI.

402 1118 505 1161 Super
528 1116 697 1150 concordia
713 1117 800 1160 factet
818 1117 903 1149 inter
915 1120 1137 1159 procuratores

444 1170 608 1213 ¹qenerales
633 1169 765 1203 Ordinis
795 1169 851 1202 SS.
883 1169 1056 1201 Trinitatis
1080 1179 1134 1201 re-

444 1222 637 1265 demptionis
655 1223 855 1264 captivorum
871 1225 900 1254 et
919 1220 1054 1255 Ordinis
1071 1221 1138 1254 bea-

445 1280 494 1308 tae
517 1275 644 1309 Mariae
667 1275 705 1308 cte
723 1274 873 1308 Mercede.

592 1354 758 1382 Alexander
778 1354 857 1388 Papa
877 1354 942 1388 vn,

542 1401 577 1427 ad
597 1399 728 1427 futuram
747 1398 791 1426 rei
810 1399 990 1426 memoriam.

444 1470 610 1504 Emanavit
633 1481 737 1514 nuper
760 1481 778 1503 a
802 1470 1056 1513 congregatione
1081 1480 1135 1503 ve-

400 1523 595 1557 nerabilium
621 1524 754 1556 fratrum
778 1528 964 1556 nostrorum
981 1522 1012 1555 S.
1032 1523 1069 1555 R.
1096 1522 1131 1555 E.

400 1576 610 1610 cardinalium
630 1576 728 1609 sacris
746 1576 859 1609 ritibus
874 1575 1134 1619 praepositorum

400 1629 563 1663 decretum
581 1629 703 1662 tenoris
722 1629 774 1672 qui
800 1628 955 1672 sequitur,
973 1628 1133 1661 videlieet:

443 1683 457 1725 ἓ
475 1682 506 1714 1.
532 1694 544 1713 α
562 1682 709 1714 Romana
729 1681 888 1714 Ordinum
905 1681 1132 1724 redemptionis

399 1735 610 1778 captivorum.
629 1735 704 1767 Cum
729 1735 826 1767 frater
841 1734 1027 1767 Franciscus
1047 1734 1085 1767 de
1103 1734 1133 1766 la

399 1788 493 1828 Rosa,
508 1787 642 1820 vicarius
656 1792 688 1820 et
700 1792 888 1830 procurator
906 1786 1067 1829 generalis
1082 1785 1133 1818 Or-

400 1841 484 1874 dinis
498 1840 529 1873 S.
546 1840 659 1873 Mariae
676 1841 715 1873 de
734 1840 890 1879 Mercede,
905 1838 1083 1881 supplicem
1101 1838 1132 1872 li-

398 1894 521 1927 bellum
546 1893 754 1926 Sanctissimo
779 1892 987 1936 porrexisset,
1011 1903 1075 1935 quo
1096 1902 1131 1924 se

400 1957 552 1989 suumque
570 1945 722 1979 Ordinem
741 1945 911 1978 admodum
929 1945 1035 1977 laesos
1057 1955 1133 1977 con-

400 2000 596 2043 querebatur
611 1999 650 2032 de
668 1999 911 2038 assertionibus,
927 2008 1005 2041 quas
1020 1997 1131 2030 dietim

399 2052 482 2095 typis
504 2062 539 2084 ac
563 2051 631 2083 viva
656 2062 742 2090 voce,
762 2056 827 2083 tum
855 2050 887 2083 in
909 2049 1130 2088 concionibus,

399 2109 465 2137 tum
483 2104 516 2137 in
533 2104 670 2147 publicis
688 2103 969 2146 disputationibus,
991 2102 1131 2145 evulgari

400 2157 531 2190 student
565 2157 678 2190 fratres
717 2157 843 2190 Ordinis
878 2156 930 2189 SS.
969 2155 1131 2188 Trinitatis

399 2209 632 2252 redemptionis
666 2208 861 2252 captivorum
890 2209 1020 2252 (nempe
1046 2208 1132 2251 quod

400 2263 480 2306 ipsis
506 2261 656 2295 fratribus
681 2262 719 2294 de
746 2262 891 2295 Mercede
916 2272 981 2295 non
1006 2272 1044 2294 ex
1068 2261 1133 2304 pri-

400 2326 512 2348 maevo
547 2326 658 2348 eorum
692 2314 819 2347 Ordinis
851 2315 998 2347 instituto
1027 2314 1134 2346 iniun-

401 2374 487 2402 ctum
518 2368 632 2408 suerit,
657 2368 713 2400 sed
746 2378 782 2400 ex
815 2372 888 2400 voto
913 2377 985 2400 mox
1017 2367 1133 2400 iisdem

401 2421 572 2455 accesserit
596 2420 822 2453 christifideles
851 2419 993 2463 captivos
1019 2430 1036 2452 e
1068 2429 1134 2451 ma-

400 2474 497 2508 nibus
521 2473 731 2506 barbarorum
754 2473 934 2506 redimendi
955 2482 1049 2512 onus,
1068 2481 1136 2504 sor-

401 2527 554 2570 tibusque
580 2527 656 2560 olim
682 2525 887 2558 commissum
911 2525 1134 2567 firmatumque

400 2585 435 2613 ut
451 2581 536 2613 idem
555 2579 638 2612 Ordo
654 2579 691 2612 dc
707 2578 853 2610 Mercede
871 2576 980 2610 Ordini
999 2577 1040 2610 SS
1072 2576 1137 2609 Tri-

987 203 1165 228 BULLARIUM
1189 204 1340 228 ROMANUM

1186 250 1294 283 nitatis
1319 251 1449 284 tandem
1473 251 1632 292 uniretur,
1665 261 1747 294 quae
1772 261 1918 294 praeser-

1186 303 1242 336 tim
1267 303 1428 336 contineri
1465 305 1633 337 asserebat
1660 305 1694 337 in
1723 304 1834 337 libello
1860 315 1917 337 no·

1184 355 1312 388 vissime
1337 355 1498 399 impresso
1530 356 1668 397 Romae,
1695 356 1777 400 typis
1802 356 1915 399 Angeli

1184 408 1331 442 Bernabo
1345 419 1363 442 a
1378 408 1504 449 Verme,
1521 419 1604 441 anno
1615 418 1729 448 MDeLx,
1740 409 1789 441 cui
1804 409 1915 441 titulus

1184 466 1233 494 est
1253 461 1339 494 Vitae
1355 461 1401 494 Ss.
1419 461 1553 494 Ioannis
1570 461 1607 493 cle
1623 461 1737 495 Matha
1753 465 1780 493 et
1796 461 1917 493 Felicis

1189 513 1318 557 Valloys
1341 514 1548 547 fundatorum
1573 514 1700 547 Ordinis
1728 513 1781 547 SS.
1814 514 1916 546 Trini-

1183 566 1280 609 tatis),
1302 566 1458 600 Sanctitas
1479 566 1542 600 Sua
1561 566 1694 609 speciali
1716 567 1785 599 eius
1803 566 1916 599 rescri-

1181 624 1240 662 pto
1259 619 1314 662 (ob
1331 620 1404 652 lites
1422 620 1506 652 inter
1523 619 1754 652 ecclesiasticas
1776 625 1807 652 et
1822 629 1916 661 regu-

1182 672 1266 704 lares
1290 683 1448 716 personas
1473 672 1669 705 dirimendas
1690 672 1814 715 abs'que
1839 677 1915 705 stre-

1181 724 1249 767 pitu
1270 729 1302 757 et
1325 723 1427 767 figura
1450 724 1570 765 iudicii,
1589 730 1683 767 atque
1710 725 1748 757 ad
1772 725 1914 757 sedanda

1181 776 1330 810 scandala
1354 777 1469 810 exinde
1494 782 1563 810 orta
1583 783 1615 810 et
1639 777 1791 816 oriunda,
1816 777 1915 820 potis-

1181 828 1295 862 simum
1319 840 1394 862 vero
1415 830 1453 862 ad
1475 836 1664 875 perpetuam
1689 830 1775 863 inter
1799 830 1912 863 fratres

1180 881 1418 926 praedictorum
1455 882 1607 916 Ordinum
1632 883 1819 915 charitatem
1852 889 1907 916 sta·

1179 933 1371 978 biliendam)
1386 935 1433 968 rei
1447 936 1661 969 amicabiliter
1674 935 1758 968 inter
1772 946 1828 968 eos
1842 946 1914 968 eon-

1180 987 1335 1020 sulendae
1367 993 1399 1020 et
1430 989 1676 1031 componendae
1714 989 1912 1032 provinciam

1180 1040 1342 1072 commisit
1357 1041 1538 1073 reverendo
1558 1041 1641 1084 patri
1660 1041 1792 1074 domino
1811 1041 1914 1073 Phoc-

1179 1093 1270 1133 baeo,
1290 1098 1367 1126 tunc
1387 1104 1495 1126 sacrae
1512 1093 1633 1126 rituum
1654 1094 1912 1136 congregationis

1179 1157 1196 1178 a
1217 1146 1357 1187 secretis,
1378 1146 1432 1188 qui
1449 1146 1620 1179 accersitos
1639 1156 1676 1178 ac
1692 1146 1811 1189 pluries
1830 1157 1914 1179 seor-

1178 1199 1237 1231 sim
1251 1204 1283 1232 et
1298 1201 1362 1231 una
1375 1199 1471 1241 simul
1488 1199 1612 1232 auditos
1626 1204 1850 1242 procuratores
1863 1209 1913 1242 ge-

1179 1253 1304 1286 nerales
1323 1253 1491 1295 utriusque
1516 1251 1657 1293 Ordinis,
1682 1262 1802 1295 nempe
1824 1262 1913 1295 prae-

1178 1306 1276 1338 fatum
1312 1305 1444 1338 fratrem
1475 1305 1680 1337 Franciscum
1710 1305 1748 1338 de
1773 1305 1802 1337 la
1827 1305 1912 1337 Rosa

1178 1358 1409 1391 Mercedarium
1427 1363 1458 1390 et
1474 1358 1603 1390 fratrem
1620 1358 1773 1390 Ioannem
1791 1368 1809 1390 a
1829 1358 1912 1390 Con-

1178 1411 1327 1455 ceptione
1351 1411 1573 1443 Excalceatum
1597 1409 1650 1443 SS.
1671 1409 1842 1450 Trinitatis,
1860 1421 1912 1453 pa*

1177 1464 1254 1497 riter
1278 1469 1476 1497 asserentem
1498 1464 1582 1507 quod
1608 1464 1721 1495 fratres
1752 1463 1912 1495 Merceda-

1176 1517 1213 1550 rii
1239 1517 1289 1549 his
1313 1527 1444 1560 prorsus
1476 1527 1541 1549 non
1567 1515 1735 1549 dimissilia
1760 1517 1915 1559 evulgant'

1177 1572 1215 1603 de
1241 1570 1393 1603 fratribus
1417 1570 1469 1603 SS.
1490 1569 1664 1609 Trinitatis,
1689 1569 1722 1601 in
1747 1580 1817 1602 eam
1842 1575 1912 1601 tan-

1176 1624 1249 1656 dem
1273 1623 1469 1656 sententiam
1494 1622 1626 1655 adduxit
1644 1632 1695 1662 ne,
1721 1622 1779 1654 sub
1804 1623 1911 1665 poena

1176 1676 1362 1719 privationis
1387 1675 1472 1708 voeis
1498 1675 1616 1707 activae
1643 1680 1675 1707 et
1698 1675 1851 1717 passivae,
1877 1675 1910 1706 in

1175 1734 1365 1772 perpetuum
1401 1728 1515 1771 aliquis
1549 1738 1660 1760 eorum
1698 1728 1815 1760 audeat
1853 1737 1909 1759 seu

1175 1787 1358 1824 praesumat
1374 1782 1406 1814 in
1430 1787 1600 1825 posterum
1618 1781 1744 1824 seriptis
1766 1785 1820 1813 aut
1842 1781 1911 1813 viva

1174 1846 1266 1874 voce,
1295 1840 1360 1867 tum
1384 1834 1417 1867 in
1442 1833 1674 1874 concionibus,
1704 1838 1769 1865 tum
1793 1833 1824 1865 in
1851 1843 1911 1876 pu-

1174 1888 1267 1921 blicis
1293 1893 1325 1920 et
1348 1887 1478 1931 privatis
1504 1886 1793 1930 disputationibus,
1820 1896 1911 1929 prae-

1174 1941 1259 1974 dicta
1277 1941 1336 1973 sub
1362 1940 1475 1984 quovis
1494 1944 1661 1983 praetextu
1690 1939 1740 1971 vel
1760 1938 1909 1982 quaesito

1173 1996 1283 2028 colore
1308 1993 1517 2037 praedicare,
1544 2002 1711 2032 asserere,
1741 1991 1908 2034 disputare

1174 2053 1206 2081 et
1230 2046 1381 2081 affirmari
1407 2046 1512 2079 facere
1536 2050 1568 2077 et
1587 2054 1720 2083 curare;
1748 2043 1909 2086 siquidem

1173 2100 1386 2132 adversantur
1410 2097 1525 2131 litteris
1550 2097 1753 2130 Summorum
1777 2094 1909 2128 Pontifi-

1174 2162 1253 2191 cum,
1272 2150 1465 2194 praesertim
1488 2160 1563 2182 vero
1582 2148 1756 2182 Clementis
1777 2147 1840 2180 vill
1860 2147 1908 2179 in-

1174 2203 1368 2248 cipientibus
1386 2204 1535 2237 Romana
1561 2200 1729 2236 Cathotica
1752 2200 1905 2239 Ecclesia,

1175 2258 1256 2291 datis
1282 2256 1430 2290 kalendis
1455 2255 1531 2288 maii
1551 2264 1629 2288 iunci
1655 2264 1754 2297 super
1778 2252 1909 2286 canoni-

1175 2310 1302 2344 zatione
1328 2309 1429 2342 sancti
1453 2308 1633 2351 Raymundi
1659 2308 1698 2340 de
1724 2306 1906 2346 Peniafort,

1175 2364 1190 2407 ἓ
1215 2363 1256 2396 17
1282 2367 1314 2395 et
1338 2361 1388 2402 18,
1405 2372 1441 2394 ac
1466 2360 1647 2404 respective
1672 2359 1788 2392 litteris
1814 2359 1908 2391 Inno-

1176 2415 1274 2453 centii
1300 2415 1348 2455 ΙΙΙ,
1373 2414 1573 2457 aliorumque
1594 2412 1796 2445 Pontificum.
1814 2411 1909 2443 Prae-

1178 2474 1267 2502 terea
1291 2468 1449 2507 libellum,
1474 2468 1514 2501 de
1539 2477 1602 2510 quo
1627 2476 1733 2509 supra,
1758 2464 1791 2497 in
1815 2464 1907 2496 novis

1176 2521 1446 2565 impressionibus
1472 2531 1489 2553 a
1513 2530 1585 2563 pag.
1602 2519 1666 2552 155
1690 2518 1729 2550 ad
1754 2527 1827 2560 pag.
1844 2514 1908 2549 158

1178 2575 1310 2608 omnino
1329 2573 1599 2608 conformandum
1619 2581 1691 2605 esse
1719 2568 1909 2603 enunciatae

1921 202 1970 228 An.
1993 199 2021 228 C.
2045 197 2110 227 1663
