<?xml version="1.0" encoding="UTF-8"?>
<!DOCTYPE html PUBLIC "-//W3C//DTD XHTML 1.0 Transitional//EN"
    "http://www.w3.org/TR/xhtml1/DTD/xhtml1-transitional.dtd">
<html xmlns="http://www.w3.org/1999/xhtml" xml:lang="en" lang="en">
 <head>
  <title>
</title>
<meta http-equiv="Content-Type" content="text/html;charset=utf-8" />
  <meta name='ocr-system' content='tesseract 3.04.00' />
  <meta name='ocr-capabilities' content='ocr_page ocr_carea ocr_par ocr_line ocrx_word'/>
</head>
<body>
  <div class='ocr_page' id='page_1' title='image "./bullarumdiplomat17cath_0518.png"; bbox 0 0 2247 3208; ppageno 0'>
   <div class='ocr_carea' id='block_1_1' title="bbox 186 232 487 267">
    <p class='ocr_par' dir='ltr' id='par_1_1' title="bbox 186 232 487 267">
     <span class='ocr_line' id='line_1_1' title="bbox 186 232 487 267; baseline -0.013 0"><span class='ocrx_word' id='word_1_1' title='bbox 186 239 230 267; x_wconf 72' lang='lat' dir='ltr'>An</span> <span class='ocrx_word' id='word_1_2' title='bbox 247 261 253 267; x_wconf 92' lang='lat'>.</span> <span class='ocrx_word' id='word_1_3' title='bbox 272 239 302 266; x_wconf 86' lang='lat' dir='ltr'>C.</span> <span class='ocrx_word' id='word_1_4' title='bbox 329 239 377 267; x_wconf 79' lang='grc'>166</span> <span class='ocrx_word' id='word_1_5' title='bbox 424 232 487 265; x_wconf 66' lang='grc'>446</span> 
     </span>
    </p>
   </div>
   <div class='ocr_carea' id='block_1_2' title="bbox 848 181 869 201">
    <p class='ocr_par' dir='ltr' id='par_1_2' title="bbox 848 181 869 201">
     <span class='ocr_line' id='line_1_2' title="bbox 848 181 869 201; baseline 0 0"><span class='ocrx_word' id='word_1_6' title='bbox 848 181 869 201; x_wconf 64' lang='grc' dir='ltr'><strong><em>Ξ</em></strong></span> 
     </span>
    </p>
   </div>
   <div class='ocr_carea' id='block_1_3' title="bbox 384 285 1132 2642">
    <p class='ocr_par' dir='ltr' id='par_1_3' title="bbox 384 285 1126 1228">
     <span class='ocr_line' id='line_1_3' title="bbox 387 285 1124 330; baseline -0.007 -9"><span class='ocrx_word' id='word_1_7' title='bbox 387 288 614 321; x_wconf 79' lang='lat' dir='ltr'>observantiae</span> <span class='ocrx_word' id='word_1_8' title='bbox 632 286 817 330; x_wconf 83' lang='lat' dir='ltr'>professori,</span> <span class='ocrx_word' id='word_1_9' title='bbox 836 290 971 329; x_wconf 89' lang='lat' dir='ltr'>propter</span> <span class='ocrx_word' id='word_1_10' title='bbox 988 285 1075 328; x_wconf 83' lang='lat' dir='ltr'>pacis</span> <span class='ocrx_word' id='word_1_11' title='bbox 1093 289 1124 317; x_wconf 88' lang='lat' dir='ltr'>et</span> 
     </span>
     <span class='ocr_line' id='line_1_4' title="bbox 387 338 1123 380; baseline -0.005 -8"><span class='ocrx_word' id='word_1_12' title='bbox 387 340 552 373; x_wconf 85' lang='lat' dir='ltr'>charitatis</span> <span class='ocrx_word' id='word_1_13' title='bbox 567 339 756 378; x_wconf 86' lang='lat' dir='ltr'>custodiam,</span> <span class='ocrx_word' id='word_1_14' title='bbox 768 338 912 371; x_wconf 87' lang='lat' dir='ltr'>liceatad</span> <span class='ocrx_word' id='word_1_15' title='bbox 925 338 1039 370; x_wconf 87' lang='lat' dir='ltr'>dictam</span> <span class='ocrx_word' id='word_1_16' title='bbox 1055 347 1123 380; x_wconf 87' lang='lat' dir='ltr'>per-</span> 
     </span>
     <span class='ocr_line' id='line_1_5' title="bbox 384 389 1123 435; baseline -0.005 -10"><span class='ocrx_word' id='word_1_17' title='bbox 384 398 516 435; x_wconf 87' lang='lat' dir='ltr'>petuam</span> <span class='ocrx_word' id='word_1_18' title='bbox 532 392 762 424; x_wconf 82' lang='lat' dir='ltr'>abstinentiam</span> <span class='ocrx_word' id='word_1_19' title='bbox 779 391 924 429; x_wconf 83' lang='lat' dir='ltr'>transire,</span> <span class='ocrx_word' id='word_1_20' title='bbox 940 400 1003 423; x_wconf 88' lang='lat' dir='ltr'>non</span> <span class='ocrx_word' id='word_1_21' title='bbox 1022 389 1123 432; x_wconf 74' lang='lat' dir='ltr'>petita</span> 
     </span>
     <span class='ocr_line' id='line_1_6' title="bbox 384 441 1121 486; baseline -0.004 -10"><span class='ocrx_word' id='word_1_22' title='bbox 384 444 513 477; x_wconf 80' lang='lat' dir='ltr'>licentia</span> <span class='ocrx_word' id='word_1_23' title='bbox 540 445 654 476; x_wconf 83' lang='lat' dir='ltr'>saltem</span> <span class='ocrx_word' id='word_1_24' title='bbox 681 455 698 476; x_wconf 86' lang='lat' dir='ltr'>a</span> <span class='ocrx_word' id='word_1_25' title='bbox 722 454 780 476; x_wconf 88' lang='lat' dir='ltr'>suo</span> <span class='ocrx_word' id='word_1_26' title='bbox 805 448 898 486; x_wconf 86' lang='lat' dir='ltr'>patre</span> <span class='ocrx_word' id='word_1_27' title='bbox 924 441 1121 480; x_wconf 88' lang='lat' dir='ltr'>immediate;</span> 
     </span>
     <span class='ocr_line' id='line_1_7' title="bbox 384 494 1123 539; baseline -0.004 -11"><span class='ocrx_word' id='word_1_28' title='bbox 384 497 423 529; x_wconf 91' lang='lat' dir='ltr'>ad</span> <span class='ocrx_word' id='word_1_29' title='bbox 460 506 555 539; x_wconf 86' lang='lat' dir='ltr'>quam</span> <span class='ocrx_word' id='word_1_30' title='bbox 596 495 826 528; x_wconf 88' lang='lat' dir='ltr'>abstinentiam</span> <span class='ocrx_word' id='word_1_31' title='bbox 866 494 1123 537; x_wconf 70' lang='lat' dir='ltr'>amplectendam</span> 
     </span>
     <span class='ocr_line' id='line_1_8' title="bbox 386 546 1123 592; baseline -0.004 -11"><span class='ocrx_word' id='word_1_32' title='bbox 386 549 573 592; x_wconf 75' lang='lat' dir='ltr'>superiores</span> <span class='ocrx_word' id='word_1_33' title='bbox 605 549 749 588; x_wconf 89' lang='lat' dir='ltr'>nullum,</span> <span class='ocrx_word' id='word_1_34' title='bbox 778 549 830 591; x_wconf 89' lang='lat' dir='ltr'>qui</span> <span class='ocrx_word' id='word_1_35' title='bbox 864 558 930 580; x_wconf 89' lang='lat' dir='ltr'>non</span> <span class='ocrx_word' id='word_1_36' title='bbox 964 547 1059 579; x_wconf 88' lang='lat' dir='ltr'>suerit</span> <span class='ocrx_word' id='word_1_37' title='bbox 1091 546 1123 578; x_wconf 90' lang='lat' dir='ltr'>in</span> 
     </span>
     <span class='ocr_line' id='line_1_9' title="bbox 385 601 1122 645; baseline -0.004 -11"><span class='ocrx_word' id='word_1_38' title='bbox 385 605 422 635; x_wconf 76' lang='lat' dir='ltr'>ea</span> <span class='ocrx_word' id='word_1_39' title='bbox 447 602 614 641; x_wconf 80' lang='lat' dir='ltr'>educatus,</span> <span class='ocrx_word' id='word_1_40' title='bbox 642 602 767 645; x_wconf 75' lang='lat' dir='ltr'>possint</span> <span class='ocrx_word' id='word_1_41' title='bbox 792 611 926 644; x_wconf 80' lang='lat' dir='ltr'>cogere:</span> <span class='ocrx_word' id='word_1_42' title='bbox 953 611 1013 633; x_wconf 91' lang='lat' dir='ltr'>nec</span> <span class='ocrx_word' id='word_1_43' title='bbox 1037 601 1122 632; x_wconf 88' lang='lat' dir='ltr'>ullus</span> 
     </span>
     <span class='ocr_line' id='line_1_10' title="bbox 384 654 1125 696; baseline -0.003 -8"><span class='ocrx_word' id='word_1_44' title='bbox 384 656 513 688; x_wconf 75' lang='lat' dir='ltr'>licentia</span> <span class='ocrx_word' id='word_1_45' title='bbox 532 655 644 688; x_wconf 84' lang='lat' dir='ltr'>utendi</span> <span class='ocrx_word' id='word_1_46' title='bbox 663 655 824 694; x_wconf 86' lang='lat' dir='ltr'>carnibus,</span> <span class='ocrx_word' id='word_1_47' title='bbox 842 654 1030 687; x_wconf 81' lang='lat' dir='ltr'>auctoritate</span> <span class='ocrx_word' id='word_1_48' title='bbox 1049 664 1125 696; x_wconf 83' lang='lat' dir='ltr'>apo-</span> 
     </span>
     <span class='ocr_line' id='line_1_11' title="bbox 385 705 1126 750; baseline -0.004 -10"><span class='ocrx_word' id='word_1_49' title='bbox 385 707 498 741; x_wconf 75' lang='lat' dir='ltr'>stolica</span> <span class='ocrx_word' id='word_1_50' title='bbox 515 708 665 740; x_wconf 86' lang='lat' dir='ltr'>omnibus</span> <span class='ocrx_word' id='word_1_51' title='bbox 683 707 832 750; x_wconf 88' lang='lat' dir='ltr'>personis</span> <span class='ocrx_word' id='word_1_52' title='bbox 849 706 1050 749; x_wconf 73' lang='lat' dir='ltr'>regularibus</span> <span class='ocrx_word' id='word_1_53' title='bbox 1071 705 1126 738; x_wconf 89' lang='lat' dir='ltr'>Or-</span> 
     </span>
     <span class='ocr_line' id='line_1_12' title="bbox 384 758 1126 793; baseline -0.004 0"><span class='ocrx_word' id='word_1_54' title='bbox 384 761 469 793; x_wconf 86' lang='lat' dir='ltr'>dinis</span> <span class='ocrx_word' id='word_1_55' title='bbox 495 761 592 793; x_wconf 86' lang='lat' dir='ltr'>etiam</span> <span class='ocrx_word' id='word_1_56' title='bbox 618 760 704 792; x_wconf 82' lang='lat' dir='ltr'>sanis</span> <span class='ocrx_word' id='word_1_57' title='bbox 728 765 759 792; x_wconf 85' lang='lat' dir='ltr'>et</span> <span class='ocrx_word' id='word_1_58' title='bbox 791 760 873 792; x_wconf 83' lang='lat' dir='ltr'>bene</span> <span class='ocrx_word' id='word_1_59' title='bbox 905 770 938 791; x_wconf 85' lang='lat' dir='ltr'>se</span> <span class='ocrx_word' id='word_1_60' title='bbox 975 758 1126 791; x_wconf 86' lang='lat' dir='ltr'>habenti-</span> 
     </span>
     <span class='ocr_line' id='line_1_13' title="bbox 384 812 1125 854; baseline -0.005 -8"><span class='ocrx_word' id='word_1_61' title='bbox 384 814 445 846; x_wconf 89' lang='lat' dir='ltr'>bus</span> <span class='ocrx_word' id='word_1_62' title='bbox 471 814 567 853; x_wconf 83' lang='lat' dir='ltr'>data,</span> <span class='ocrx_word' id='word_1_63' title='bbox 595 819 626 845; x_wconf 87' lang='lat' dir='ltr'>et</span> <span class='ocrx_word' id='word_1_64' title='bbox 651 813 690 845; x_wconf 88' lang='lat' dir='ltr'>ab</span> <span class='ocrx_word' id='word_1_65' title='bbox 723 813 835 845; x_wconf 79' lang='lat' dir='ltr'>eadem</span> <span class='ocrx_word' id='word_1_66' title='bbox 870 812 1045 854; x_wconf 77' lang='lat' dir='ltr'>approbata</span> <span class='ocrx_word' id='word_1_67' title='bbox 1061 838 1068 850; x_wconf 89' lang='lat'><strong><em>‚</em></strong></span> <span class='ocrx_word' id='word_1_68' title='bbox 1095 816 1125 843; x_wconf 87' lang='lat' dir='ltr'>et</span> 
     </span>
     <span class='ocr_line' id='line_1_14' title="bbox 385 863 1124 907; baseline -0.005 -9"><span class='ocrx_word' id='word_1_69' title='bbox 385 866 493 898; x_wconf 88' lang='lat' dir='ltr'>denuo</span> <span class='ocrx_word' id='word_1_70' title='bbox 519 867 684 903; x_wconf 80' lang='lat' dir='ltr'>concessa,</span> <span class='ocrx_word' id='word_1_71' title='bbox 712 865 773 897; x_wconf 86' lang='lat' dir='ltr'>frui</span> <span class='ocrx_word' id='word_1_72' title='bbox 799 864 902 907; x_wconf 85' lang='lat' dir='ltr'>possit</span> <span class='ocrx_word' id='word_1_73' title='bbox 934 864 993 896; x_wconf 90' lang='lat' dir='ltr'>nisi</span> <span class='ocrx_word' id='word_1_74' title='bbox 1022 863 1124 895; x_wconf 86' lang='lat' dir='ltr'>tribus</span> 
     </span>
     <span class='ocr_line' id='line_1_15' title="bbox 386 917 1125 951; baseline -0.005 0"><span class='ocrx_word' id='word_1_75' title='bbox 386 919 499 951; x_wconf 89' lang='lat' dir='ltr'>diebus</span> <span class='ocrx_word' id='word_1_76' title='bbox 525 923 647 950; x_wconf 87' lang='lat' dir='ltr'>tantum</span> <span class='ocrx_word' id='word_1_77' title='bbox 663 918 695 950; x_wconf 90' lang='lat' dir='ltr'>in</span> <span class='ocrx_word' id='word_1_78' title='bbox 713 917 917 950; x_wconf 75' lang='lat' dir='ltr'>hebdomad-:1</span> <span class='ocrx_word' id='word_1_79' title='bbox 938 921 1028 948; x_wconf 78' lang='lat' dir='ltr'>extra</span> <span class='ocrx_word' id='word_1_80' title='bbox 1047 921 1125 948; x_wconf 82' lang='lat' dir='ltr'>tem-</span> 
     </span>
     <span class='ocr_line' id='line_1_16' title="bbox 386 968 1126 1014; baseline -0.004 -12"><span class='ocrx_word' id='word_1_81' title='bbox 386 982 446 1014; x_wconf 86' lang='lat' dir='ltr'>pus</span> <span class='ocrx_word' id='word_1_82' title='bbox 473 972 648 1011; x_wconf 85' lang='lat' dir='ltr'>adventus,</span> <span class='ocrx_word' id='word_1_83' title='bbox 675 969 931 1013; x_wconf 72' lang='lat' dir='ltr'>septuagesimae</span> <span class='ocrx_word' id='word_1_84' title='bbox 968 974 999 1001; x_wconf 88' lang='lat' dir='ltr'>et</span> <span class='ocrx_word' id='word_1_85' title='bbox 1034 968 1126 1011; x_wconf 88' lang='lat' dir='ltr'>quin-</span> 
     </span>
     <span class='ocr_line' id='line_1_17' title="bbox 387 1022 1126 1068; baseline -0.004 -11"><span class='ocrx_word' id='word_1_86' title='bbox 387 1024 616 1068; x_wconf 70' lang='lat' dir='ltr'>quagesimae,</span> <span class='ocrx_word' id='word_1_87' title='bbox 643 1029 674 1056; x_wconf 88' lang='lat' dir='ltr'>et</span> <span class='ocrx_word' id='word_1_88' title='bbox 698 1022 784 1056; x_wconf 84' lang='lat' dir='ltr'>aliud</span> <span class='ocrx_word' id='word_1_89' title='bbox 815 1023 854 1055; x_wconf 87' lang='lat' dir='ltr'>ab</span> <span class='ocrx_word' id='word_1_90' title='bbox 880 1022 1025 1055; x_wconf 74' lang='lat' dir='ltr'>Ecclesia</span> <span class='ocrx_word' id='word_1_91' title='bbox 1050 1032 1126 1064; x_wconf 88' lang='lat' dir='ltr'>pro-</span> 
     </span>
     <span class='ocr_line' id='line_1_18' title="bbox 386 1077 537 1110; baseline 0 -1"><span class='ocrx_word' id='word_1_92' title='bbox 386 1077 537 1110; x_wconf 85' lang='lat' dir='ltr'>bibitum.</span> 
     </span>
     <span class='ocr_line' id='line_1_19' title="bbox 499 1138 1011 1179; baseline -0.008 -9"><span class='ocrx_word' id='word_1_93' title='bbox 499 1141 585 1170; x_wconf 83' lang='lat' dir='ltr'>Circa</span> <span class='ocrx_word' id='word_1_94' title='bbox 607 1143 694 1179; x_wconf 77' lang='lat' dir='ltr'>eaput</span> <span class='ocrx_word' id='word_1_95' title='bbox 715 1140 786 1168; x_wconf 83' lang='lat' dir='ltr'>XLI</span> <span class='ocrx_word' id='word_1_96' title='bbox 810 1138 914 1174; x_wconf 75' lang='lat' dir='ltr'>Quibus</span> <span class='ocrx_word' id='word_1_97' title='bbox 937 1138 1011 1167; x_wconf 78' lang='lat' dir='ltr'>horis</span> 
     </span>
     <span class='ocr_line' id='line_1_20' title="bbox 557 1189 945 1228; baseline -0.005 -10"><span class='ocrx_word' id='word_1_98' title='bbox 557 1193 634 1228; x_wconf 82' lang='lat' dir='ltr'>opor!</span> <span class='ocrx_word' id='word_1_99' title='bbox 651 1193 678 1218; x_wconf 81' lang='lat' dir='ltr'>at</span> <span class='ocrx_word' id='word_1_100' title='bbox 700 1189 811 1227; x_wconf 71' lang='lat' dir='ltr'>relicere</span> <span class='ocrx_word' id='word_1_101' title='bbox 832 1190 945 1226; x_wconf 57' lang='lat' dir='ltr'>fratres</span> 
     </span>
    </p>

    <p class='ocr_par' dir='ltr' id='par_1_4' title="bbox 387 1234 1127 1860">
     <span class='ocr_line' id='line_1_21' title="bbox 429 1234 1123 1273; baseline -0.004 -4"><span class='ocrx_word' id='word_1_102' title='bbox 429 1247 512 1270; x_wconf 78' lang='lat' dir='ltr'>xxiv.</span> <span class='ocrx_word' id='word_1_103' title='bbox 541 1236 662 1269; x_wconf 84' lang='lat' dir='ltr'>Ieiunia</span> <span class='ocrx_word' id='word_1_104' title='bbox 680 1247 745 1269; x_wconf 88' lang='lat' dir='ltr'>non</span> <span class='ocrx_word' id='word_1_105' title='bbox 764 1237 867 1268; x_wconf 88' lang='lat' dir='ltr'>solum</span> <span class='ocrx_word' id='word_1_106' title='bbox 893 1234 1123 1273; x_wconf 86' lang='lat' dir='ltr'>ecclesiastica,</span> 
     </span>
     <span class='ocr_line' id='line_1_22' title="bbox 387 1286 1126 1331; baseline -0.005 -9"><span class='ocrx_word' id='word_1_107' title='bbox 387 1290 444 1322; x_wconf 87' lang='lat' dir='ltr'>sed</span> <span class='ocrx_word' id='word_1_108' title='bbox 470 1290 565 1322; x_wconf 89' lang='lat' dir='ltr'>etiam</span> <span class='ocrx_word' id='word_1_109' title='bbox 592 1300 608 1321; x_wconf 88' lang='lat' dir='ltr'>a</span> <span class='ocrx_word' id='word_1_110' title='bbox 633 1290 745 1331; x_wconf 78' lang='lat' dir='ltr'>regula</span> <span class='ocrx_word' id='word_1_111' title='bbox 778 1294 809 1321; x_wconf 88' lang='lat' dir='ltr'>et</span> <span class='ocrx_word' id='word_1_112' title='bbox 842 1299 859 1319; x_wconf 89' lang='lat' dir='ltr'>a</span> <span class='ocrx_word' id='word_1_113' title='bbox 889 1286 1126 1320; x_wconf 82' lang='lat' dir='ltr'>constitutioni-</span> 
     </span>
     <span class='ocr_line' id='line_1_23' title="bbox 388 1340 1125 1385; baseline -0.005 -10"><span class='ocrx_word' id='word_1_114' title='bbox 388 1343 448 1375; x_wconf 86' lang='lat' dir='ltr'>bus</span> <span class='ocrx_word' id='word_1_115' title='bbox 472 1343 674 1385; x_wconf 75' lang='lat' dir='ltr'>praescripta</span> <span class='ocrx_word' id='word_1_116' title='bbox 708 1347 878 1373; x_wconf 84' lang='lat' dir='ltr'>serventur</span> <span class='ocrx_word' id='word_1_117' title='bbox 907 1340 1125 1372; x_wconf 79' lang='lat' dir='ltr'>ecclesiastica</span> 
     </span>
     <span class='ocr_line' id='line_1_24' title="bbox 388 1392 1125 1436; baseline -0.005 -8"><span class='ocrx_word' id='word_1_118' title='bbox 388 1395 624 1429; x_wconf 72' lang='lat' dir='ltr'>moderatione.</span> <span class='ocrx_word' id='word_1_119' title='bbox 652 1394 741 1427; x_wconf 86' lang='lat' dir='ltr'>Circa</span> <span class='ocrx_word' id='word_1_120' title='bbox 773 1399 898 1436; x_wconf 84' lang='lat' dir='ltr'>tempus</span> <span class='ocrx_word' id='word_1_121' title='bbox 926 1392 1125 1431; x_wconf 80' lang='lat' dir='ltr'>refectionis,</span> 
     </span>
     <span class='ocr_line' id='line_1_25' title="bbox 388 1446 1127 1488; baseline -0.004 -8"><span class='ocrx_word' id='word_1_122' title='bbox 388 1459 512 1488; x_wconf 86' lang='lat' dir='ltr'>senum,</span> <span class='ocrx_word' id='word_1_123' title='bbox 527 1448 688 1480; x_wconf 87' lang='lat' dir='ltr'>iuniorum</span> <span class='ocrx_word' id='word_1_124' title='bbox 703 1452 735 1479; x_wconf 88' lang='lat' dir='ltr'>et</span> <span class='ocrx_word' id='word_1_125' title='bbox 750 1446 952 1479; x_wconf 82' lang='lat' dir='ltr'>intirmorum</span> <span class='ocrx_word' id='word_1_126' title='bbox 968 1446 1127 1478; x_wconf 84' lang='lat' dir='ltr'>habeatur</span> 
     </span>
     <span class='ocr_line' id='line_1_26' title="bbox 388 1499 1127 1544; baseline -0.005 -10"><span class='ocrx_word' id='word_1_127' title='bbox 388 1502 483 1534; x_wconf 86' lang='lat' dir='ltr'>ratio.</span> <span class='ocrx_word' id='word_1_128' title='bbox 512 1502 644 1544; x_wconf 82' lang='lat' dir='ltr'>Insuper</span> <span class='ocrx_word' id='word_1_129' title='bbox 670 1501 707 1533; x_wconf 87' lang='lat' dir='ltr'>de</span> <span class='ocrx_word' id='word_1_130' title='bbox 743 1500 872 1532; x_wconf 83' lang='lat' dir='ltr'>ieiuniis</span> <span class='ocrx_word' id='word_1_131' title='bbox 908 1500 1038 1541; x_wconf 67' lang='lat' dir='ltr'>regulae</span> <span class='ocrx_word' id='word_1_132' title='bbox 1072 1499 1127 1531; x_wconf 88' lang='lat' dir='ltr'>ali-</span> 
     </span>
     <span class='ocr_line' id='line_1_27' title="bbox 388 1552 1126 1597; baseline -0.004 -11"><span class='ocrx_word' id='word_1_133' title='bbox 388 1554 518 1597; x_wconf 83' lang='lat' dir='ltr'>quando</span> <span class='ocrx_word' id='word_1_134' title='bbox 547 1554 673 1597; x_wconf 80' lang='lat' dir='ltr'>possint</span> <span class='ocrx_word' id='word_1_135' title='bbox 705 1552 891 1595; x_wconf 87' lang='lat' dir='ltr'>dispensare</span> <span class='ocrx_word' id='word_1_136' title='bbox 917 1552 1126 1594; x_wconf 79' lang='lat' dir='ltr'>superiores,</span> 
     </span>
     <span class='ocr_line' id='line_1_28' title="bbox 389 1605 1126 1650; baseline -0.007 -11"><span class='ocrx_word' id='word_1_137' title='bbox 389 1617 448 1649; x_wconf 87' lang='lat' dir='ltr'>pro</span> <span class='ocrx_word' id='word_1_138' title='bbox 473 1617 697 1650; x_wconf 86' lang='lat' dir='ltr'>personarum,</span> <span class='ocrx_word' id='word_1_139' title='bbox 724 1607 879 1645; x_wconf 78' lang='lat' dir='ltr'>locorum,</span> <span class='ocrx_word' id='word_1_140' title='bbox 902 1605 1069 1646; x_wconf 77' lang='lat' dir='ltr'>regionum</span> <span class='ocrx_word' id='word_1_141' title='bbox 1095 1608 1126 1635; x_wconf 84' lang='lat' dir='ltr'>et</span> 
     </span>
     <span class='ocr_line' id='line_1_29' title="bbox 390 1657 1127 1702; baseline -0.003 -11"><span class='ocrx_word' id='word_1_142' title='bbox 390 1659 465 1692; x_wconf 88' lang='lat' dir='ltr'>anni</span> <span class='ocrx_word' id='word_1_143' title='bbox 482 1663 711 1702; x_wconf 73' lang='lat' dir='ltr'>tempestatum</span> <span class='ocrx_word' id='word_1_144' title='bbox 730 1657 1001 1697; x_wconf 80' lang='lat' dir='ltr'>consideratione,</span> <span class='ocrx_word' id='word_1_145' title='bbox 1018 1663 1052 1689; x_wconf 89' lang='lat' dir='ltr'>ut</span> <span class='ocrx_word' id='word_1_146' title='bbox 1072 1657 1127 1689; x_wconf 90' lang='lat' dir='ltr'>ali-</span> 
     </span>
     <span class='ocr_line' id='line_1_30' title="bbox 390 1710 1126 1755; baseline -0.003 -11"><span class='ocrx_word' id='word_1_147' title='bbox 390 1713 444 1755; x_wconf 88' lang='lat' dir='ltr'>qni</span> <span class='ocrx_word' id='word_1_148' title='bbox 471 1713 589 1744; x_wconf 85' lang='lat' dir='ltr'>fructus</span> <span class='ocrx_word' id='word_1_149' title='bbox 615 1717 646 1744; x_wconf 86' lang='lat' dir='ltr'>et</span> <span class='ocrx_word' id='word_1_150' title='bbox 670 1711 732 1744; x_wconf 87' lang='lat' dir='ltr'>alia</span> <span class='ocrx_word' id='word_1_151' title='bbox 757 1710 788 1743; x_wconf 89' lang='lat' dir='ltr'>id</span> <span class='ocrx_word' id='word_1_152' title='bbox 807 1721 907 1753; x_wconf 77' lang='lat' dir='ltr'>genus</span> <span class='ocrx_word' id='word_1_153' title='bbox 928 1710 1126 1742; x_wconf 84' lang='lat' dir='ltr'>alimentain</span> 
     </span>
     <span class='ocr_line' id='line_1_31' title="bbox 391 1763 1127 1797; baseline -0.004 0"><span class='ocrx_word' id='word_1_154' title='bbox 391 1764 563 1797; x_wconf 82' lang='lat' dir='ltr'>collatione</span> <span class='ocrx_word' id='word_1_155' title='bbox 588 1774 643 1796; x_wconf 86' lang='lat' dir='ltr'>sen</span> <span class='ocrx_word' id='word_1_156' title='bbox 667 1763 899 1796; x_wconf 73' lang='lat' dir='ltr'>refectiuncula</span> <span class='ocrx_word' id='word_1_157' title='bbox 923 1763 1057 1795; x_wconf 88' lang='lat' dir='ltr'>concedi</span> <span class='ocrx_word' id='word_1_158' title='bbox 1086 1763 1127 1794; x_wconf 91' lang='lat' dir='ltr'>ie-</span> 
     </span>
     <span class='ocr_line' id='line_1_32' title="bbox 391 1816 738 1860; baseline -0.003 -11"><span class='ocrx_word' id='word_1_159' title='bbox 391 1816 576 1849; x_wconf 85' lang='lat' dir='ltr'>iunantibus</span> <span class='ocrx_word' id='word_1_160' title='bbox 601 1816 738 1860; x_wconf 86' lang='lat' dir='ltr'>possint.</span> 
     </span>
    </p>

    <p class='ocr_par' dir='ltr' id='par_1_5' title="bbox 485 1877 1034 1965">
     <span class='ocr_line' id='line_1_33' title="bbox 523 1877 995 1916; baseline -0.004 -9"><span class='ocrx_word' id='word_1_161' title='bbox 523 1878 608 1907; x_wconf 79' lang='lat' dir='ltr'>Circa</span> <span class='ocrx_word' id='word_1_162' title='bbox 630 1881 718 1916; x_wconf 81' lang='lat' dir='ltr'>caput</span> <span class='ocrx_word' id='word_1_163' title='bbox 739 1879 779 1906; x_wconf 91' lang='lat' dir='ltr'>LI</span> <span class='ocrx_word' id='word_1_164' title='bbox 802 1877 840 1906; x_wconf 66' lang='lat' dir='ltr'>De</span> <span class='ocrx_word' id='word_1_165' title='bbox 861 1877 995 1916; x_wconf 68' lang='lat' dir='ltr'>fratribus</span> 
     </span>
     <span class='ocr_line' id='line_1_34' title="bbox 485 1926 1034 1965; baseline -0.002 -10"><span class='ocrx_word' id='word_1_166' title='bbox 485 1928 532 1965; x_wconf 76' lang='lat' dir='ltr'>qui</span> <span class='ocrx_word' id='word_1_167' title='bbox 554 1937 606 1955; x_wconf 74' lang='lat' dir='ltr'>uon</span> <span class='ocrx_word' id='word_1_168' title='bbox 628 1926 704 1964; x_wconf 73' lang='lat' dir='ltr'>lonyc</span> <span class='ocrx_word' id='word_1_169' title='bbox 726 1927 792 1955; x_wconf 79' lang='lat' dir='ltr'>satis</span> <span class='ocrx_word' id='word_1_170' title='bbox 812 1926 1034 1964; x_wconf 77' lang='lat' dir='ltr'>proficiscuntur.</span> 
     </span>
    </p>

    <p class='ocr_par' dir='ltr' id='par_1_6' title="bbox 393 1974 1127 2125">
     <span class='ocr_line' id='line_1_35' title="bbox 434 1974 1127 2008; baseline -0.003 0"><span class='ocrx_word' id='word_1_171' title='bbox 434 1986 505 2008; x_wconf 79' lang='lat' dir='ltr'>xxv.</span> <span class='ocrx_word' id='word_1_172' title='bbox 533 1975 717 2008; x_wconf 84' lang='lat' dir='ltr'>Laudabilis</span> <span class='ocrx_word' id='word_1_173' title='bbox 750 1975 952 2007; x_wconf 85' lang='lat' dir='ltr'>consuetudo</span> <span class='ocrx_word' id='word_1_174' title='bbox 982 1974 1127 2007; x_wconf 87' lang='lat' dir='ltr'>introdu-</span> 
     </span>
     <span class='ocr_line' id='line_1_36' title="bbox 393 2033 624 2061; baseline -0.004 0"><span class='ocrx_word' id='word_1_175' title='bbox 393 2033 443 2061; x_wconf 89' lang='lat' dir='ltr'>cta</span> <span class='ocrx_word' id='word_1_176' title='bbox 468 2034 624 2061; x_wconf 86' lang='lat' dir='ltr'>servetur.</span> 
     </span>
     <span class='ocr_line' id='line_1_37' title="bbox 393 2085 1125 2125; baseline -0.004 -9"><span class='ocrx_word' id='word_1_177' title='bbox 393 2087 479 2116; x_wconf 85' lang='lat' dir='ltr'>Circa</span> <span class='ocrx_word' id='word_1_178' title='bbox 500 2090 589 2125; x_wconf 84' lang='lat' dir='ltr'>eaput</span> <span class='ocrx_word' id='word_1_179' title='bbox 609 2096 659 2115; x_wconf 77' lang='lat' dir='ltr'>Lux</span> <span class='ocrx_word' id='word_1_180' title='bbox 689 2085 728 2115; x_wconf 83' lang='lat' dir='ltr'>De</span> <span class='ocrx_word' id='word_1_181' title='bbox 756 2085 904 2124; x_wconf 71' lang='lat' dir='ltr'>hospitibus</span> <span class='ocrx_word' id='word_1_182' title='bbox 933 2085 1125 2123; x_wconf 73' lang='lat' dir='ltr'>suscipiendis.</span> 
     </span>
    </p>

    <p class='ocr_par' dir='ltr' id='par_1_7' title="bbox 394 2133 1132 2642">
     <span class='ocr_line' id='line_1_38' title="bbox 437 2133 1128 2177; baseline -0.004 -10"><span class='ocrx_word' id='word_1_183' title='bbox 437 2145 519 2168; x_wconf 77' lang='lat' dir='ltr'>xxvi.</span> <span class='ocrx_word' id='word_1_184' title='bbox 533 2135 578 2167; x_wconf 81' lang='lat' dir='ltr'>Ad</span> <span class='ocrx_word' id='word_1_185' title='bbox 596 2133 850 2177; x_wconf 70' lang='lat' dir='ltr'>hospitalitatem</span> <span class='ocrx_word' id='word_1_186' title='bbox 865 2138 1031 2175; x_wconf 71' lang='lat' dir='ltr'>tantopere</span> <span class='ocrx_word' id='word_1_187' title='bbox 1046 2143 1128 2165; x_wconf 90' lang='lat' dir='ltr'>com-</span> 
     </span>
     <span class='ocr_line' id='line_1_39' title="bbox 394 2186 1128 2219; baseline -0.003 0"><span class='ocrx_word' id='word_1_188' title='bbox 394 2188 577 2219; x_wconf 86' lang='lat' dir='ltr'>mendatam</span> <span class='ocrx_word' id='word_1_189' title='bbox 611 2186 675 2218; x_wconf 86' lang='lat' dir='ltr'>sint</span> <span class='ocrx_word' id='word_1_190' title='bbox 715 2186 926 2219; x_wconf 84' lang='lat' dir='ltr'>ferventiores</span> <span class='ocrx_word' id='word_1_191' title='bbox 965 2191 1128 2218; x_wconf 79' lang='lat' dir='ltr'>monaste-</span> 
     </span>
     <span class='ocr_line' id='line_1_40' title="bbox 395 2238 1128 2283; baseline 0 -12"><span class='ocrx_word' id='word_1_192' title='bbox 395 2240 516 2272; x_wconf 82' lang='lat' dir='ltr'>riorum</span> <span class='ocrx_word' id='word_1_193' title='bbox 550 2239 750 2283; x_wconf 71' lang='lat' dir='ltr'>superiores,</span> <span class='ocrx_word' id='word_1_194' title='bbox 782 2239 837 2271; x_wconf 85' lang='lat' dir='ltr'>sed</span> <span class='ocrx_word' id='word_1_195' title='bbox 876 2238 908 2270; x_wconf 90' lang='lat' dir='ltr'>in</span> <span class='ocrx_word' id='word_1_196' title='bbox 946 2238 1128 2281; x_wconf 80' lang='lat' dir='ltr'>hospitibus</span> 
     </span>
     <span class='ocr_line' id='line_1_41' title="bbox 395 2292 1129 2335; baseline -0.003 -11"><span class='ocrx_word' id='word_1_197' title='bbox 395 2293 611 2335; x_wconf 82' lang='lat' dir='ltr'>suscipiendis</span> <span class='ocrx_word' id='word_1_198' title='bbox 630 2292 794 2334; x_wconf 78' lang='lat' dir='ltr'>frugalitas</span> <span class='ocrx_word' id='word_1_199' title='bbox 820 2296 983 2335; x_wconf 76' lang='lat' dir='ltr'>appareat,</span> <span class='ocrx_word' id='word_1_200' title='bbox 1008 2292 1129 2323; x_wconf 89' lang='lat' dir='ltr'>nullus-</span> 
     </span>
     <span class='ocr_line' id='line_1_42' title="bbox 397 2344 1130 2390; baseline -0.001 -12"><span class='ocrx_word' id='word_1_201' title='bbox 397 2357 457 2390; x_wconf 84' lang='lat' dir='ltr'>que</span> <span class='ocrx_word' id='word_1_202' title='bbox 482 2356 633 2378; x_wconf 82' lang='lat' dir='ltr'>excessus</span> <span class='ocrx_word' id='word_1_203' title='bbox 663 2345 891 2388; x_wconf 79' lang='lat' dir='ltr'>permittatur:</span> <span class='ocrx_word' id='word_1_204' title='bbox 918 2356 977 2377; x_wconf 82' lang='lat' dir='ltr'>nec</span> <span class='ocrx_word' id='word_1_205' title='bbox 1001 2344 1130 2387; x_wconf 80' lang='lat' dir='ltr'>religio-</span> 
     </span>
     <span class='ocr_line' id='line_1_43' title="bbox 397 2397 1130 2441; baseline -0.005 -9"><span class='ocrx_word' id='word_1_206' title='bbox 397 2400 440 2432; x_wconf 87' lang='lat' dir='ltr'>sis</span> <span class='ocrx_word' id='word_1_207' title='bbox 466 2410 536 2432; x_wconf 89' lang='lat' dir='ltr'>cum</span> <span class='ocrx_word' id='word_1_208' title='bbox 562 2399 810 2441; x_wconf 67' lang='lat' dir='ltr'>consangnineis</span> <span class='ocrx_word' id='word_1_209' title='bbox 847 2403 879 2431; x_wconf 88' lang='lat' dir='ltr'>et</span> <span class='ocrx_word' id='word_1_210' title='bbox 909 2397 979 2430; x_wconf 88' lang='lat' dir='ltr'>aliis</span> <span class='ocrx_word' id='word_1_211' title='bbox 1015 2408 1130 2440; x_wconf 85' lang='lat' dir='ltr'>super-</span> 
     </span>
     <span class='ocr_line' id='line_1_44' title="bbox 396 2451 1129 2491; baseline -0.004 -6"><span class='ocrx_word' id='word_1_212' title='bbox 396 2452 596 2485; x_wconf 73' lang='lat' dir='ltr'>renientibm</span> <span class='ocrx_word' id='word_1_213' title='bbox 630 2453 660 2484; x_wconf 92' lang='lat' dir='ltr'>in</span> <span class='ocrx_word' id='word_1_214' title='bbox 687 2452 899 2491; x_wconf 90' lang='lat' dir='ltr'>dormitorio,</span> <span class='ocrx_word' id='word_1_215' title='bbox 932 2451 964 2483; x_wconf 86' lang='lat' dir='ltr'>in</span> <span class='ocrx_word' id='word_1_216' title='bbox 996 2451 1129 2483; x_wconf 90' lang='lat' dir='ltr'>cameris</span> 
     </span>
     <span class='ocr_line' id='line_1_45' title="bbox 398 2503 1131 2548; baseline -0.003 -12"><span class='ocrx_word' id='word_1_217' title='bbox 398 2505 528 2548; x_wconf 86' lang='lat' dir='ltr'>privatis</span> <span class='ocrx_word' id='word_1_218' title='bbox 545 2531 552 2545; x_wconf 89' lang='lat'>‚</span> <span class='ocrx_word' id='word_1_219' title='bbox 574 2515 632 2537; x_wconf 79' lang='lat' dir='ltr'>nec</span> <span class='ocrx_word' id='word_1_220' title='bbox 656 2510 745 2537; x_wconf 78' lang='lat' dir='ltr'>extra</span> <span class='ocrx_word' id='word_1_221' title='bbox 770 2506 839 2536; x_wconf 85' lang='lat' dir='ltr'>loca</span> <span class='ocrx_word' id='word_1_222' title='bbox 864 2515 882 2536; x_wconf 90' lang='lat' dir='ltr'>a</span> <span class='ocrx_word' id='word_1_223' title='bbox 907 2503 1131 2545; x_wconf 86' lang='lat' dir='ltr'>superioribus</span> 
     </span>
     <span class='ocr_line' id='line_1_46' title="bbox 399 2556 1131 2601; baseline -0.004 -11"><span class='ocrx_word' id='word_1_224' title='bbox 399 2559 567 2601; x_wconf 72' lang='lat' dir='ltr'>designata</span> <span class='ocrx_word' id='word_1_225' title='bbox 592 2558 785 2590; x_wconf 71' lang='lat' dir='ltr'>manducare</span> <span class='ocrx_word' id='word_1_226' title='bbox 811 2557 1030 2593; x_wconf 71' lang='lat' dir='ltr'>scneeilatur,</span> <span class='ocrx_word' id='word_1_227' title='bbox 1053 2556 1131 2587; x_wconf 84' lang='lat' dir='ltr'>sicut</span> 
     </span>
     <span class='ocr_line' id='line_1_47' title="bbox 399 2606 1132 2642; baseline -0.007 -1"><span class='ocrx_word' id='word_1_228' title='bbox 399 2620 457 2642; x_wconf 82' lang='lat' dir='ltr'>nee</span> <span class='ocrx_word' id='word_1_229' title='bbox 485 2609 676 2641; x_wconf 80' lang='lat' dir='ltr'>monialibus</span> <span class='ocrx_word' id='word_1_230' title='bbox 703 2608 740 2639; x_wconf 81' lang='lat' dir='ltr'>ad</span> <span class='ocrx_word' id='word_1_231' title='bbox 766 2612 868 2638; x_wconf 75' lang='lat' dir='ltr'>crates</span> <span class='ocrx_word' id='word_1_232' title='bbox 896 2611 923 2638; x_wconf 83' lang='lat' dir='ltr'>et</span> <span class='ocrx_word' id='word_1_233' title='bbox 952 2606 982 2637; x_wconf 90' lang='lat' dir='ltr'>iu</span> <span class='ocrx_word' id='word_1_234' title='bbox 1009 2607 1132 2637; x_wconf 80' lang='lat' dir='ltr'>locuto-</span> 
     </span>
    </p>
   </div>
   <div class='ocr_carea' id='block_1_4' title="bbox 1142 285 1150 1097">
    <p class='ocr_par' dir='ltr' id='par_1_8' title="bbox 1142 285 1150 1097">
     <span class='ocr_line' id='line_1_48' title="bbox 1142 285 1150 1097; baseline 0 0"><span class='ocrx_word' id='word_1_235' title='bbox 1142 285 1150 1097; x_wconf 95' lang='lat' dir='ltr'> </span> 
     </span>
    </p>
   </div>
   <div class='ocr_carea' id='block_1_5' title="bbox 965 234 1317 261">
    <p class='ocr_par' dir='ltr' id='par_1_9' title="bbox 965 234 1317 261">
     <span class='ocr_line' id='line_1_49' title="bbox 965 234 1317 261; baseline -0.009 0"><span class='ocrx_word' id='word_1_236' title='bbox 965 236 1142 261; x_wconf 65' lang='lat' dir='ltr'>nULLAmt&#39;M</span> <span class='ocrx_word' id='word_1_237' title='bbox 1166 234 1317 259; x_wconf 63' lang='lat' dir='ltr'>ROMANUM</span> 
     </span>
    </p>
   </div>
   <div class='ocr_carea' id='block_1_6' title="bbox 1166 277 1908 2648">
    <p class='ocr_par' dir='ltr' id='par_1_10' title="bbox 1166 277 1900 324">
     <span class='ocr_line' id='line_1_50' title="bbox 1166 277 1900 324; baseline -0.008 -10"><span class='ocrx_word' id='word_1_238' title='bbox 1166 283 1215 315; x_wconf 91' lang='lat' dir='ltr'>rio</span> <span class='ocrx_word' id='word_1_239' title='bbox 1237 292 1307 314; x_wconf 81' lang='lat' dir='ltr'>cum</span> <span class='ocrx_word' id='word_1_240' title='bbox 1334 281 1588 324; x_wconf 86' lang='lat' dir='ltr'>quibuscumque</span> <span class='ocrx_word' id='word_1_241' title='bbox 1617 284 1677 311; x_wconf 84' lang='lat' dir='ltr'>tam</span> <span class='ocrx_word' id='word_1_242' title='bbox 1702 277 1900 311; x_wconf 83' lang='lat' dir='ltr'>secularibus</span> 
     </span>
    </p>

    <p class='ocr_par' dir='ltr' id='par_1_11' title="bbox 1167 332 1901 378">
     <span class='ocr_line' id='line_1_51' title="bbox 1167 332 1901 378; baseline -0.007 -10"><span class='ocrx_word' id='word_1_243' title='bbox 1167 346 1262 378; x_wconf 87' lang='lat' dir='ltr'>quam</span> <span class='ocrx_word' id='word_1_244' title='bbox 1286 334 1499 377; x_wconf 77' lang='lat' dir='ltr'>regularibus.</span> <span class='ocrx_word' id='word_1_245' title='bbox 1527 333 1615 365; x_wconf 82' lang='lat' dir='ltr'>Circa</span> <span class='ocrx_word' id='word_1_246' title='bbox 1646 343 1722 365; x_wconf 82' lang='lat' dir='ltr'>vero</span> <span class='ocrx_word' id='word_1_247' title='bbox 1747 332 1901 365; x_wconf 84' lang='lat' dir='ltr'>lotionem</span> 
     </span>
    </p>

    <p class='ocr_par' dir='ltr' id='par_1_12' title="bbox 1166 383 1898 430">
     <span class='ocr_line' id='line_1_52' title="bbox 1166 383 1898 430; baseline -0.007 -10"><span class='ocrx_word' id='word_1_248' title='bbox 1166 388 1285 430; x_wconf 86' lang='lat' dir='ltr'>pedum</span> <span class='ocrx_word' id='word_1_249' title='bbox 1304 386 1469 430; x_wconf 86' lang='lat' dir='ltr'>hospitum</span> <span class='ocrx_word' id='word_1_250' title='bbox 1488 385 1635 418; x_wconf 89' lang='lat' dir='ltr'>standum</span> <span class='ocrx_word' id='word_1_251' title='bbox 1660 383 1898 417; x_wconf 86' lang='lat' dir='ltr'>consuetudini.</span> 
     </span>
    </p>

    <p class='ocr_par' dir='ltr' id='par_1_13' title="bbox 1167 446 1902 535">
     <span class='ocr_line' id='line_1_53' title="bbox 1167 446 1902 489; baseline -0.008 -9"><span class='ocrx_word' id='word_1_252' title='bbox 1167 452 1253 480; x_wconf 81' lang='lat' dir='ltr'>Circa</span> <span class='ocrx_word' id='word_1_253' title='bbox 1274 452 1361 489; x_wconf 79' lang='lat' dir='ltr'>caput</span> <span class='ocrx_word' id='word_1_254' title='bbox 1383 450 1449 478; x_wconf 90' lang='lat' dir='ltr'>LIV</span> <span class='ocrx_word' id='word_1_255' title='bbox 1473 447 1548 483; x_wconf 78' lang='lat' dir='ltr'>Quod</span> <span class='ocrx_word' id='word_1_256' title='bbox 1570 458 1621 477; x_wconf 74' lang='lat' dir='ltr'>non</span> <span class='ocrx_word' id='word_1_257' title='bbox 1644 447 1734 476; x_wconf 76' lang='lat' dir='ltr'>debeat</span> <span class='ocrx_word' id='word_1_258' title='bbox 1757 446 1902 475; x_wconf 73' lang='lat' dir='ltr'>monachus</span> 
     </span>
     <span class='ocr_line' id='line_1_54' title="bbox 1403 497 1654 535; baseline -0.008 -9"><span class='ocrx_word' id='word_1_259' title='bbox 1403 497 1509 526; x_wconf 50' lang='lat' dir='ltr'>litteras</span> <span class='ocrx_word' id='word_1_260' title='bbox 1531 497 1654 535; x_wconf 76' lang='lat' dir='ltr'>accipere</span> 
     </span>
    </p>

    <p class='ocr_par' dir='ltr' id='par_1_14' title="bbox 1168 541 1904 842">
     <span class='ocr_line' id='line_1_55' title="bbox 1209 541 1902 579; baseline -0.01 0"><span class='ocrx_word' id='word_1_261' title='bbox 1209 557 1305 579; x_wconf 72' lang='lat' dir='ltr'>xxvii.</span> <span class='ocrx_word' id='word_1_262' title='bbox 1333 545 1473 578; x_wconf 73' lang='lat' dir='ltr'>Litterae</span> <span class='ocrx_word' id='word_1_263' title='bbox 1492 545 1632 577; x_wconf 83' lang='lat' dir='ltr'>directae</span> <span class='ocrx_word' id='word_1_264' title='bbox 1657 552 1723 575; x_wconf 90' lang='lat' dir='ltr'>non</span> <span class='ocrx_word' id='word_1_265' title='bbox 1748 541 1818 574; x_wconf 87' lang='lat' dir='ltr'>sine</span> <span class='ocrx_word' id='word_1_266' title='bbox 1851 551 1902 573; x_wconf 90' lang='lat' dir='ltr'>su-</span> 
     </span>
     <span class='ocr_line' id='line_1_56' title="bbox 1168 593 1904 641; baseline -0.007 -11"><span class='ocrx_word' id='word_1_267' title='bbox 1168 598 1305 641; x_wconf 86' lang='lat' dir='ltr'>perioris</span> <span class='ocrx_word' id='word_1_268' title='bbox 1339 598 1471 630; x_wconf 79' lang='lat' dir='ltr'>licentia</span> <span class='ocrx_word' id='word_1_269' title='bbox 1505 596 1716 640; x_wconf 85' lang='lat' dir='ltr'>aperiantur,</span> <span class='ocrx_word' id='word_1_270' title='bbox 1743 604 1802 627; x_wconf 86' lang='lat' dir='ltr'>nec</span> <span class='ocrx_word' id='word_1_271' title='bbox 1827 593 1904 626; x_wconf 91' lang='lat' dir='ltr'>diri-</span> 
     </span>
     <span class='ocr_line' id='line_1_57' title="bbox 1168 645 1903 693; baseline -0.007 -10"><span class='ocrx_word' id='word_1_272' title='bbox 1168 651 1293 693; x_wconf 72' lang='lat' dir='ltr'>gendae</span> <span class='ocrx_word' id='word_1_273' title='bbox 1319 650 1502 690; x_wconf 84' lang='lat' dir='ltr'>mittantur;</span> <span class='ocrx_word' id='word_1_274' title='bbox 1528 649 1634 692; x_wconf 83' lang='lat' dir='ltr'>sitque</span> <span class='ocrx_word' id='word_1_275' title='bbox 1659 647 1789 679; x_wconf 79' lang='lat' dir='ltr'>unicum</span> <span class='ocrx_word' id='word_1_276' title='bbox 1816 645 1903 688; x_wconf 77' lang='lat' dir='ltr'>sigil-</span> 
     </span>
     <span class='ocr_line' id='line_1_58' title="bbox 1168 699 1902 744; baseline -0.007 -9"><span class='ocrx_word' id='word_1_277' title='bbox 1168 704 1232 736; x_wconf 88' lang='lat' dir='ltr'>lum</span> <span class='ocrx_word' id='word_1_278' title='bbox 1257 704 1288 735; x_wconf 92' lang='lat' dir='ltr'>in</span> <span class='ocrx_word' id='word_1_279' title='bbox 1314 702 1519 741; x_wconf 82' lang='lat' dir='ltr'>monasterio,</span> <span class='ocrx_word' id='word_1_280' title='bbox 1539 701 1624 744; x_wconf 86' lang='lat' dir='ltr'>quod</span> <span class='ocrx_word' id='word_1_281' title='bbox 1642 710 1739 743; x_wconf 85' lang='lat' dir='ltr'>penes</span> <span class='ocrx_word' id='word_1_282' title='bbox 1760 699 1902 742; x_wconf 84' lang='lat' dir='ltr'>priorem</span> 
     </span>
     <span class='ocr_line' id='line_1_59' title="bbox 1168 752 1904 799; baseline -0.008 -10"><span class='ocrx_word' id='word_1_283' title='bbox 1168 762 1306 796; x_wconf 84' lang='lat' dir='ltr'>maneat,</span> <span class='ocrx_word' id='word_1_284' title='bbox 1338 766 1440 799; x_wconf 86' lang='lat' dir='ltr'>eoque</span> <span class='ocrx_word' id='word_1_285' title='bbox 1466 765 1578 787; x_wconf 86' lang='lat' dir='ltr'>omnes</span> <span class='ocrx_word' id='word_1_286' title='bbox 1607 754 1733 786; x_wconf 88' lang='lat' dir='ltr'>litterae</span> <span class='ocrx_word' id='word_1_287' title='bbox 1759 752 1904 795; x_wconf 79' lang='lat' dir='ltr'>sigillen-</span> 
     </span>
     <span class='ocr_line' id='line_1_60' title="bbox 1168 806 1545 842; baseline 0.003 -1"><span class='ocrx_word' id='word_1_288' title='bbox 1168 815 1231 841; x_wconf 85' lang='lat' dir='ltr'>tur.</span> <span class='ocrx_word' id='word_1_289' title='bbox 1414 824 1427 842; x_wconf 72' lang='grc' dir='ltr'><strong><em>ι</em></strong></span> <span class='ocrx_word' id='word_1_290' title='bbox 1542 806 1545 808; x_wconf 48' lang='grc'><strong>’</strong></span> 
     </span>
    </p>

    <p class='ocr_par' dir='ltr' id='par_1_15' title="bbox 1278 868 1794 955">
     <span class='ocr_line' id='line_1_61' title="bbox 1278 868 1794 908; baseline -0.01 -7"><span class='ocrx_word' id='word_1_291' title='bbox 1278 872 1365 901; x_wconf 87' lang='lat' dir='ltr'>Circa</span> <span class='ocrx_word' id='word_1_292' title='bbox 1387 873 1475 908; x_wconf 79' lang='lat' dir='ltr'>caput</span> <span class='ocrx_word' id='word_1_293' title='bbox 1496 871 1546 898; x_wconf 90' lang='lat' dir='ltr'>LV</span> <span class='ocrx_word' id='word_1_294' title='bbox 1569 868 1608 898; x_wconf 81' lang='lat' dir='ltr'>Dc</span> <span class='ocrx_word' id='word_1_295' title='bbox 1630 868 1794 897; x_wconf 73' lang='lat' dir='ltr'>vestimentis</span> 
     </span>
     <span class='ocr_line' id='line_1_62' title="bbox 1339 918 1729 955; baseline -0.008 -8"><span class='ocrx_word' id='word_1_296' title='bbox 1339 922 1363 947; x_wconf 62' lang='grc' dir='ltr'>ι’(</span> <span class='ocrx_word' id='word_1_297' title='bbox 1385 918 1574 947; x_wconf 66' lang='lat' dir='ltr'>calceamentis</span> <span class='ocrx_word' id='word_1_298' title='bbox 1596 919 1729 955; x_wconf 69' lang='grc' dir='ltr'><em>[ΓΠῘΙῚᾸΠΙ.</em></span> 
     </span>
    </p>

    <p class='ocr_par' dir='ltr' id='par_1_16' title="bbox 1168 963 1908 2479">
     <span class='ocr_line' id='line_1_63' title="bbox 1211 963 1905 1007; baseline -0.006 -8"><span class='ocrx_word' id='word_1_299' title='bbox 1211 977 1320 999; x_wconf 79' lang='lat' dir='ltr'>xxvm.</span> <span class='ocrx_word' id='word_1_300' title='bbox 1334 965 1411 1004; x_wconf 81' lang='lat' dir='ltr'>Quia</span> <span class='ocrx_word' id='word_1_301' title='bbox 1425 965 1590 998; x_wconf 85' lang='lat' dir='ltr'>humilitas</span> <span class='ocrx_word' id='word_1_302' title='bbox 1608 974 1764 1007; x_wconf 78' lang='lat' dir='ltr'>personas</span> <span class='ocrx_word' id='word_1_303' title='bbox 1778 963 1905 1005; x_wconf 81' lang='lat' dir='ltr'>religio-</span> 
     </span>
     <span class='ocr_line' id='line_1_64' title="bbox 1169 1016 1904 1058; baseline -0.004 -7"><span class='ocrx_word' id='word_1_304' title='bbox 1169 1030 1218 1051; x_wconf 80' lang='lat' dir='ltr'>sas</span> <span class='ocrx_word' id='word_1_305' title='bbox 1235 1019 1380 1051; x_wconf 64' lang='lat' dir='ltr'>&gt;maxime</span> <span class='ocrx_word' id='word_1_306' title='bbox 1406 1019 1506 1058; x_wconf 84' lang='lat' dir='ltr'>decet,</span> <span class='ocrx_word' id='word_1_307' title='bbox 1526 1022 1555 1049; x_wconf 92' lang='lat' dir='ltr'>et</span> <span class='ocrx_word' id='word_1_308' title='bbox 1576 1016 1735 1050; x_wconf 80' lang='lat' dir='ltr'>modestia</span> <span class='ocrx_word' id='word_1_309' title='bbox 1760 1017 1904 1049; x_wconf 90' lang='lat' dir='ltr'>omnium</span> 
     </span>
     <span class='ocr_line' id='line_1_65' title="bbox 1168 1069 1905 1114; baseline -0.004 -10"><span class='ocrx_word' id='word_1_310' title='bbox 1168 1072 1321 1105; x_wconf 84' lang='lat' dir='ltr'>virtutum</span> <span class='ocrx_word' id='word_1_311' title='bbox 1347 1071 1502 1114; x_wconf 86' lang='lat' dir='ltr'>splendor</span> <span class='ocrx_word' id='word_1_312' title='bbox 1532 1075 1563 1102; x_wconf 87' lang='lat' dir='ltr'>et</span> <span class='ocrx_word' id='word_1_313' title='bbox 1588 1074 1814 1103; x_wconf 86' lang='lat' dir='ltr'>ornamentum</span> <span class='ocrx_word' id='word_1_314' title='bbox 1840 1069 1905 1102; x_wconf 80' lang='lat' dir='ltr'>exi-</span> 
     </span>
     <span class='ocr_line' id='line_1_66' title="bbox 1168 1121 1904 1165; baseline -0.004 -9"><span class='ocrx_word' id='word_1_315' title='bbox 1168 1125 1240 1165; x_wconf 84' lang='lat' dir='ltr'>stit,</span> <span class='ocrx_word' id='word_1_316' title='bbox 1269 1125 1401 1157; x_wconf 84' lang='lat' dir='ltr'>abbates</span> <span class='ocrx_word' id='word_1_317' title='bbox 1433 1133 1543 1155; x_wconf 89' lang='lat' dir='ltr'>omnes</span> <span class='ocrx_word' id='word_1_318' title='bbox 1577 1128 1608 1154; x_wconf 89' lang='lat' dir='ltr'>ct</span> <span class='ocrx_word' id='word_1_319' title='bbox 1636 1121 1789 1155; x_wconf 86' lang='lat' dir='ltr'>monachi</span> <span class='ocrx_word' id='word_1_320' title='bbox 1821 1121 1904 1154; x_wconf 87' lang='lat' dir='ltr'>eius-</span> 
     </span>
     <span class='ocr_line' id='line_1_67' title="bbox 1169 1174 1900 1215; baseline -0.004 -6"><span class='ocrx_word' id='word_1_321' title='bbox 1169 1177 1243 1209; x_wconf 88' lang='lat' dir='ltr'>dem</span> <span class='ocrx_word' id='word_1_322' title='bbox 1268 1176 1397 1209; x_wconf 86' lang='lat' dir='ltr'>Ordinis</span> <span class='ocrx_word' id='word_1_323' title='bbox 1423 1176 1533 1208; x_wconf 88' lang='lat' dir='ltr'>habitu</span> <span class='ocrx_word' id='word_1_324' title='bbox 1558 1174 1721 1215; x_wconf 81' lang='lat' dir='ltr'>uniformi,</span> <span class='ocrx_word' id='word_1_325' title='bbox 1738 1174 1900 1215; x_wconf 80' lang='lat' dir='ltr'>modesto,</span> 
     </span>
     <span class='ocr_line' id='line_1_68' title="bbox 1169 1227 1904 1273; baseline -0.004 -11"><span class='ocrx_word' id='word_1_326' title='bbox 1169 1236 1262 1273; x_wconf 84' lang='lat' dir='ltr'>atque</span> <span class='ocrx_word' id='word_1_327' title='bbox 1288 1230 1413 1262; x_wconf 84' lang='lat' dir='ltr'>decenti</span> <span class='ocrx_word' id='word_1_328' title='bbox 1438 1234 1582 1269; x_wconf 79' lang='lat' dir='ltr'>utantur,</span> <span class='ocrx_word' id='word_1_329' title='bbox 1602 1228 1654 1271; x_wconf 90' lang='lat' dir='ltr'>qni</span> <span class='ocrx_word' id='word_1_330' title='bbox 1681 1228 1824 1260; x_wconf 88' lang='lat' dir='ltr'>eiusdem</span> <span class='ocrx_word' id='word_1_331' title='bbox 1843 1227 1904 1259; x_wconf 94' lang='lat' dir='ltr'>vir-</span> 
     </span>
     <span class='ocr_line' id='line_1_69' title="bbox 1169 1281 1901 1325; baseline -0.003 -9"><span class='ocrx_word' id='word_1_332' title='bbox 1169 1289 1251 1316; x_wconf 84' lang='lat' dir='ltr'>tutes</span> <span class='ocrx_word' id='word_1_333' title='bbox 1287 1283 1382 1316; x_wconf 89' lang='lat' dir='ltr'>simul</span> <span class='ocrx_word' id='word_1_334' title='bbox 1416 1289 1447 1315; x_wconf 87' lang='lat' dir='ltr'>ct</span> <span class='ocrx_word' id='word_1_335' title='bbox 1481 1287 1707 1325; x_wconf 82' lang='lat' dir='ltr'>paupertatem</span> <span class='ocrx_word' id='word_1_336' title='bbox 1742 1281 1901 1314; x_wconf 77' lang='lat' dir='ltr'>redoleat.</span> 
     </span>
     <span class='ocr_line' id='line_1_70' title="bbox 1169 1335 1903 1370; baseline -0.005 0"><span class='ocrx_word' id='word_1_337' title='bbox 1169 1338 1308 1370; x_wconf 84' lang='lat' dir='ltr'>Abbates</span> <span class='ocrx_word' id='word_1_338' title='bbox 1343 1337 1427 1369; x_wconf 87' lang='lat' dir='ltr'>intra</span> <span class='ocrx_word' id='word_1_339' title='bbox 1464 1337 1603 1369; x_wconf 85' lang='lat' dir='ltr'>claustra</span> <span class='ocrx_word' id='word_1_340' title='bbox 1633 1335 1903 1368; x_wconf 80' lang='lat' dir='ltr'>monasteriorum</span> 
     </span>
     <span class='ocr_line' id='line_1_71' title="bbox 1169 1387 1904 1433; baseline -0.004 -10"><span class='ocrx_word' id='word_1_341' title='bbox 1169 1402 1300 1424; x_wconf 88' lang='lat' dir='ltr'>suorum</span> <span class='ocrx_word' id='word_1_342' title='bbox 1326 1391 1430 1433; x_wconf 77' lang='lat' dir='ltr'>pileos</span> <span class='ocrx_word' id='word_1_343' title='bbox 1450 1400 1514 1422; x_wconf 87' lang='lat' dir='ltr'>non</span> <span class='ocrx_word' id='word_1_344' title='bbox 1540 1389 1655 1428; x_wconf 83' lang='lat' dir='ltr'>serant,</span> <span class='ocrx_word' id='word_1_345' title='bbox 1674 1388 1731 1420; x_wconf 83' lang='lat' dir='ltr'>sed</span> <span class='ocrx_word' id='word_1_346' title='bbox 1749 1387 1904 1430; x_wconf 83' lang='lat' dir='ltr'>religioso</span> 
     </span>
     <span class='ocr_line' id='line_1_72' title="bbox 1168 1440 1905 1485; baseline -0.007 -9"><span class='ocrx_word' id='word_1_347' title='bbox 1168 1454 1255 1476; x_wconf 81' lang='lat' dir='ltr'>inore</span> <span class='ocrx_word' id='word_1_348' title='bbox 1275 1448 1443 1485; x_wconf 77' lang='lat' dir='ltr'>tegantur3</span> <span class='ocrx_word' id='word_1_349' title='bbox 1463 1441 1614 1474; x_wconf 87' lang='lat' dir='ltr'>monachi</span> <span class='ocrx_word' id='word_1_350' title='bbox 1635 1451 1720 1480; x_wconf 85' lang='lat' dir='ltr'>vero,</span> <span class='ocrx_word' id='word_1_351' title='bbox 1740 1445 1803 1472; x_wconf 87' lang='lat' dir='ltr'>tam</span> <span class='ocrx_word' id='word_1_352' title='bbox 1820 1440 1905 1472; x_wconf 85' lang='lat' dir='ltr'>intra</span> 
     </span>
     <span class='ocr_line' id='line_1_73' title="bbox 1170 1493 1905 1539; baseline -0.007 -11"><span class='ocrx_word' id='word_1_353' title='bbox 1170 1506 1263 1539; x_wconf 90' lang='lat' dir='ltr'>quam</span> <span class='ocrx_word' id='word_1_354' title='bbox 1295 1500 1382 1527; x_wconf 84' lang='lat' dir='ltr'>extra</span> <span class='ocrx_word' id='word_1_355' title='bbox 1411 1493 1681 1527; x_wconf 88' lang='lat' dir='ltr'>monasteriorum</span> <span class='ocrx_word' id='word_1_356' title='bbox 1707 1497 1799 1536; x_wconf 80' lang='lat' dir='ltr'>septa</span> <span class='ocrx_word' id='word_1_357' title='bbox 1824 1502 1905 1524; x_wconf 91' lang='lat' dir='ltr'>nun-</span> 
     </span>
     <span class='ocr_line' id='line_1_74' title="bbox 1170 1546 1904 1591; baseline -0.007 -10"><span class='ocrx_word' id='word_1_358' title='bbox 1170 1559 1265 1591; x_wconf 86' lang='lat' dir='ltr'>qnam</span> <span class='ocrx_word' id='word_1_359' title='bbox 1305 1548 1373 1580; x_wconf 83' lang='lat' dir='ltr'>sine</span> <span class='ocrx_word' id='word_1_360' title='bbox 1410 1547 1545 1590; x_wconf 84' lang='lat' dir='ltr'>caputiis</span> <span class='ocrx_word' id='word_1_361' title='bbox 1579 1546 1757 1585; x_wconf 79' lang='lat' dir='ltr'>incedant3</span> <span class='ocrx_word' id='word_1_362' title='bbox 1793 1555 1904 1577; x_wconf 88' lang='lat' dir='ltr'>omnes</span> 
     </span>
     <span class='ocr_line' id='line_1_75' title="bbox 1169 1598 1907 1642; baseline -0.007 -9"><span class='ocrx_word' id='word_1_363' title='bbox 1169 1601 1276 1640; x_wconf 87' lang='lat' dir='ltr'>etiam,</span> <span class='ocrx_word' id='word_1_364' title='bbox 1293 1605 1355 1632; x_wconf 91' lang='lat' dir='ltr'>tam</span> <span class='ocrx_word' id='word_1_365' title='bbox 1374 1600 1518 1639; x_wconf 82' lang='lat' dir='ltr'>abbates,</span> <span class='ocrx_word' id='word_1_366' title='bbox 1536 1610 1630 1642; x_wconf 88' lang='lat' dir='ltr'>quam</span> <span class='ocrx_word' id='word_1_367' title='bbox 1649 1598 1811 1638; x_wconf 75' lang='lat' dir='ltr'>monachi,</span> <span class='ocrx_word' id='word_1_368' title='bbox 1828 1608 1907 1640; x_wconf 86' lang='lat' dir='ltr'>pan—</span> 
     </span>
     <span class='ocr_line' id='line_1_76' title="bbox 1169 1650 1906 1696; baseline -0.005 -10"><span class='ocrx_word' id='word_1_369' title='bbox 1169 1655 1218 1686; x_wconf 88' lang='lat' dir='ltr'>nis</span> <span class='ocrx_word' id='word_1_370' title='bbox 1243 1653 1325 1696; x_wconf 76' lang='lat' dir='ltr'>nigri</span> <span class='ocrx_word' id='word_1_371' title='bbox 1356 1658 1387 1686; x_wconf 88' lang='lat' dir='ltr'>et</span> <span class='ocrx_word' id='word_1_372' title='bbox 1413 1653 1476 1685; x_wconf 88' lang='lat' dir='ltr'>albi</span> <span class='ocrx_word' id='word_1_373' title='bbox 1503 1653 1664 1685; x_wconf 75' lang='lat' dir='ltr'>dumtaxat</span> <span class='ocrx_word' id='word_1_374' title='bbox 1688 1650 1809 1684; x_wconf 77' lang='lat' dir='ltr'>coloris</span> <span class='ocrx_word' id='word_1_375' title='bbox 1831 1650 1906 1682; x_wconf 88' lang='lat' dir='ltr'>sim-</span> 
     </span>
     <span class='ocr_line' id='line_1_77' title="bbox 1169 1704 1905 1750; baseline -0.005 -11"><span class='ocrx_word' id='word_1_376' title='bbox 1169 1707 1318 1750; x_wconf 77' lang='lat' dir='ltr'>plicibus,</span> <span class='ocrx_word' id='word_1_377' title='bbox 1337 1706 1484 1738; x_wconf 89' lang='lat' dir='ltr'>honestis</span> <span class='ocrx_word' id='word_1_378' title='bbox 1510 1711 1618 1737; x_wconf 87' lang='lat' dir='ltr'>tamen</span> <span class='ocrx_word' id='word_1_379' title='bbox 1640 1709 1672 1737; x_wconf 88' lang='lat' dir='ltr'>et</span> <span class='ocrx_word' id='word_1_380' title='bbox 1689 1704 1830 1743; x_wconf 81' lang='lat' dir='ltr'>mundis,</span> <span class='ocrx_word' id='word_1_381' title='bbox 1853 1714 1905 1736; x_wconf 83' lang='lat' dir='ltr'>ve-</span> 
     </span>
     <span class='ocr_line' id='line_1_78' title="bbox 1169 1757 1904 1801; baseline -0.005 -9"><span class='ocrx_word' id='word_1_382' title='bbox 1169 1761 1327 1799; x_wconf 87' lang='lat' dir='ltr'>stiantur,</span> <span class='ocrx_word' id='word_1_383' title='bbox 1355 1759 1402 1791; x_wconf 85' lang='lat' dir='ltr'>sic</span> <span class='ocrx_word' id='word_1_384' title='bbox 1432 1764 1467 1790; x_wconf 88' lang='lat' dir='ltr'>ut</span> <span class='ocrx_word' id='word_1_385' title='bbox 1502 1759 1584 1790; x_wconf 92' lang='lat' dir='ltr'>nibil</span> <span class='ocrx_word' id='word_1_386' title='bbox 1621 1762 1778 1801; x_wconf 84' lang='lat' dir='ltr'>appareat</span> <span class='ocrx_word' id='word_1_387' title='bbox 1801 1757 1833 1788; x_wconf 89' lang='lat' dir='ltr'>in</span> <span class='ocrx_word' id='word_1_388' title='bbox 1859 1757 1904 1789; x_wconf 87' lang='lat' dir='ltr'>cis</span> 
     </span>
     <span class='ocr_line' id='line_1_79' title="bbox 1169 1809 1905 1855; baseline -0.005 -11"><span class='ocrx_word' id='word_1_389' title='bbox 1169 1813 1254 1855; x_wconf 86' lang='lat' dir='ltr'>quod</span> <span class='ocrx_word' id='word_1_390' title='bbox 1268 1811 1425 1844; x_wconf 88' lang='lat' dir='ltr'>novitates</span> <span class='ocrx_word' id='word_1_391' title='bbox 1440 1810 1633 1843; x_wconf 85' lang='lat' dir='ltr'>secularium</span> <span class='ocrx_word' id='word_1_392' title='bbox 1646 1809 1759 1852; x_wconf 83' lang='lat' dir='ltr'>sapiat,</span> <span class='ocrx_word' id='word_1_393' title='bbox 1773 1814 1805 1841; x_wconf 89' lang='lat' dir='ltr'>et</span> <span class='ocrx_word' id='word_1_394' title='bbox 1817 1809 1905 1851; x_wconf 89' lang='lat' dir='ltr'>quod</span> 
     </span>
     <span class='ocr_line' id='line_1_80' title="bbox 1169 1861 1905 1908; baseline -0.005 -11"><span class='ocrx_word' id='word_1_395' title='bbox 1169 1865 1270 1908; x_wconf 88' lang='lat' dir='ltr'>possit</span> <span class='ocrx_word' id='word_1_396' title='bbox 1294 1864 1458 1897; x_wconf 75' lang='lat' dir='ltr'>offendere</span> <span class='ocrx_word' id='word_1_397' title='bbox 1494 1863 1670 1895; x_wconf 86' lang='lat' dir='ltr'>intuentes.</span> <span class='ocrx_word' id='word_1_398' title='bbox 1697 1863 1744 1894; x_wconf 78' lang='lat' dir='ltr'>Ab</span> <span class='ocrx_word' id='word_1_399' title='bbox 1769 1861 1905 1894; x_wconf 89' lang='lat' dir='ltr'>indusiis</span> 
     </span>
     <span class='ocr_line' id='line_1_81' title="bbox 1170 1914 1906 1957; baseline -0.005 -6"><span class='ocrx_word' id='word_1_400' title='bbox 1170 1924 1202 1951; x_wconf 87' lang='lat' dir='ltr'>et</span> <span class='ocrx_word' id='word_1_401' title='bbox 1226 1917 1399 1951; x_wconf 84' lang='lat' dir='ltr'>collaribus</span> <span class='ocrx_word' id='word_1_402' title='bbox 1425 1916 1518 1949; x_wconf 87' lang='lat' dir='ltr'>lineis</span> <span class='ocrx_word' id='word_1_403' title='bbox 1544 1915 1736 1956; x_wconf 82' lang='lat' dir='ltr'>abstineant,</span> <span class='ocrx_word' id='word_1_404' title='bbox 1764 1914 1906 1957; x_wconf 87' lang='lat' dir='ltr'>solisque</span> 
     </span>
     <span class='ocr_line' id='line_1_82' title="bbox 1169 1971 1908 2012; baseline -0.008 -6"><span class='ocrx_word' id='word_1_405' title='bbox 1169 1973 1270 2006; x_wconf 89' lang='lat' dir='ltr'>laneis</span> <span class='ocrx_word' id='word_1_406' title='bbox 1285 1998 1292 2011; x_wconf 86' lang='lat'>,</span> <span class='ocrx_word' id='word_1_407' title='bbox 1319 1976 1382 2003; x_wconf 86' lang='lat' dir='ltr'>tarn</span> <span class='ocrx_word' id='word_1_408' title='bbox 1407 1971 1491 2003; x_wconf 91' lang='lat' dir='ltr'>intra</span> <span class='ocrx_word' id='word_1_409' title='bbox 1516 1981 1609 2012; x_wconf 85' lang='lat' dir='ltr'>quam</span> <span class='ocrx_word' id='word_1_410' title='bbox 1635 1974 1723 2002; x_wconf 81' lang='lat' dir='ltr'>extra</span> <span class='ocrx_word' id='word_1_411' title='bbox 1747 1973 1908 2001; x_wconf 83' lang='lat' dir='ltr'>monaste-</span> 
     </span>
     <span class='ocr_line' id='line_1_83' title="bbox 1169 2020 1907 2065; baseline -0.008 -7"><span class='ocrx_word' id='word_1_412' title='bbox 1169 2026 1263 2065; x_wconf 85' lang='lat' dir='ltr'>rium,</span> <span class='ocrx_word' id='word_1_413' title='bbox 1283 2030 1426 2063; x_wconf 87' lang='lat' dir='ltr'>utantur,</span> <span class='ocrx_word' id='word_1_414' title='bbox 1447 2023 1532 2056; x_wconf 86' lang='lat' dir='ltr'>sieut</span> <span class='ocrx_word' id='word_1_415' title='bbox 1550 2028 1581 2055; x_wconf 88' lang='lat' dir='ltr'>et</span> <span class='ocrx_word' id='word_1_416' title='bbox 1597 2021 1819 2054; x_wconf 87' lang='lat' dir='ltr'>femoralibus.</span> <span class='ocrx_word' id='word_1_417' title='bbox 1838 2020 1907 2052; x_wconf 87' lang='lat' dir='ltr'>Nul-</span> 
     </span>
     <span class='ocr_line' id='line_1_84' title="bbox 1170 2073 1907 2112; baseline -0.008 0"><span class='ocrx_word' id='word_1_418' title='bbox 1170 2081 1218 2112; x_wconf 87' lang='lat' dir='ltr'>lus</span> <span class='ocrx_word' id='word_1_419' title='bbox 1242 2079 1341 2111; x_wconf 86' lang='lat' dir='ltr'>abbas</span> <span class='ocrx_word' id='word_1_420' title='bbox 1360 2078 1409 2110; x_wconf 85' lang='lat' dir='ltr'>vel</span> <span class='ocrx_word' id='word_1_421' title='bbox 1433 2077 1610 2109; x_wconf 84' lang='lat' dir='ltr'>monachus</span> <span class='ocrx_word' id='word_1_422' title='bbox 1634 2075 1750 2108; x_wconf 83' lang='lat' dir='ltr'>audeat</span> <span class='ocrx_word' id='word_1_423' title='bbox 1772 2073 1907 2107; x_wconf 87' lang='lat' dir='ltr'>barbam</span> 
     </span>
     <span class='ocr_line' id='line_1_85' title="bbox 1169 2123 1907 2171; baseline -0.008 -10"><span class='ocrx_word' id='word_1_424' title='bbox 1169 2135 1201 2161; x_wconf 89' lang='lat' dir='ltr'>et</span> <span class='ocrx_word' id='word_1_425' title='bbox 1225 2128 1358 2171; x_wconf 82' lang='lat' dir='ltr'>capillos</span> <span class='ocrx_word' id='word_1_426' title='bbox 1383 2126 1527 2166; x_wconf 87' lang='lat' dir='ltr'>nutrire,</span> <span class='ocrx_word' id='word_1_427' title='bbox 1554 2126 1602 2158; x_wconf 89' lang='lat' dir='ltr'>vel</span> <span class='ocrx_word' id='word_1_428' title='bbox 1628 2124 1850 2168; x_wconf 87' lang='lat' dir='ltr'>prominentes</span> <span class='ocrx_word' id='word_1_429' title='bbox 1874 2123 1907 2155; x_wconf 90' lang='lat' dir='ltr'>in</span> 
     </span>
     <span class='ocr_line' id='line_1_86' title="bbox 1171 2177 1908 2224; baseline -0.008 -10"><span class='ocrx_word' id='word_1_430' title='bbox 1171 2181 1333 2224; x_wconf 85' lang='lat' dir='ltr'>superiori</span> <span class='ocrx_word' id='word_1_431' title='bbox 1367 2181 1458 2212; x_wconf 88' lang='lat' dir='ltr'>labro</span> <span class='ocrx_word' id='word_1_432' title='bbox 1484 2179 1568 2223; x_wconf 86' lang='lat' dir='ltr'>pilos</span> <span class='ocrx_word' id='word_1_433' title='bbox 1594 2179 1704 2218; x_wconf 89' lang='lat' dir='ltr'>alere,</span> <span class='ocrx_word' id='word_1_434' title='bbox 1733 2182 1788 2210; x_wconf 86' lang='lat' dir='ltr'>aut</span> <span class='ocrx_word' id='word_1_435' title='bbox 1812 2177 1908 2209; x_wconf 88' lang='lat' dir='ltr'>aliter</span> 
     </span>
     <span class='ocr_line' id='line_1_87' title="bbox 1171 2229 1905 2277; baseline -0.007 -11"><span class='ocrx_word' id='word_1_436' title='bbox 1171 2245 1266 2277; x_wconf 86' lang='lat' dir='ltr'>quam</span> <span class='ocrx_word' id='word_1_437' title='bbox 1302 2232 1508 2265; x_wconf 82' lang='lat' dir='ltr'>uniformiter</span> <span class='ocrx_word' id='word_1_438' title='bbox 1544 2237 1575 2263; x_wconf 87' lang='lat' dir='ltr'>et</span> <span class='ocrx_word' id='word_1_439' title='bbox 1609 2230 1735 2274; x_wconf 90' lang='lat' dir='ltr'>aequali</span> <span class='ocrx_word' id='word_1_440' title='bbox 1779 2229 1905 2272; x_wconf 86' lang='lat' dir='ltr'>pectine</span> 
     </span>
     <span class='ocr_line' id='line_1_88' title="bbox 1171 2284 1908 2330; baseline -0.008 -10"><span class='ocrx_word' id='word_1_441' title='bbox 1171 2287 1304 2330; x_wconf 88' lang='lat' dir='ltr'>capillos</span> <span class='ocrx_word' id='word_1_442' title='bbox 1326 2287 1376 2318; x_wconf 88' lang='lat' dir='ltr'>vel</span> <span class='ocrx_word' id='word_1_443' title='bbox 1401 2285 1535 2317; x_wconf 86' lang='lat' dir='ltr'>barbam</span> <span class='ocrx_word' id='word_1_444' title='bbox 1560 2284 1810 2327; x_wconf 87' lang='lat' dir='ltr'>circumquaque</span> <span class='ocrx_word' id='word_1_445' title='bbox 1836 2288 1908 2315; x_wconf 89' lang='lat' dir='ltr'>ton-</span> 
     </span>
     <span class='ocr_line' id='line_1_89' title="bbox 1173 2336 1906 2381; baseline -0.008 -8"><span class='ocrx_word' id='word_1_446' title='bbox 1173 2341 1259 2380; x_wconf 85' lang='lat' dir='ltr'>dere,</span> <span class='ocrx_word' id='word_1_447' title='bbox 1286 2339 1399 2372; x_wconf 85' lang='lat' dir='ltr'>relicto</span> <span class='ocrx_word' id='word_1_448' title='bbox 1424 2339 1455 2370; x_wconf 90' lang='lat' dir='ltr'>in</span> <span class='ocrx_word' id='word_1_449' title='bbox 1481 2337 1584 2381; x_wconf 85' lang='lat' dir='ltr'>capite</span> <span class='ocrx_word' id='word_1_450' title='bbox 1603 2348 1641 2370; x_wconf 92' lang='lat' dir='ltr'>eo</span> <span class='ocrx_word' id='word_1_451' title='bbox 1663 2336 1794 2376; x_wconf 82' lang='lat' dir='ltr'>circulo,</span> <span class='ocrx_word' id='word_1_452' title='bbox 1812 2345 1906 2378; x_wconf 90' lang='lat' dir='ltr'>quem</span> 
     </span>
     <span class='ocr_line' id='line_1_90' title="bbox 1173 2388 1906 2431; baseline -0.008 -5"><span class='ocrx_word' id='word_1_453' title='bbox 1173 2393 1383 2426; x_wconf 79' lang='lat' dir='ltr'>monasticam</span> <span class='ocrx_word' id='word_1_454' title='bbox 1405 2403 1557 2425; x_wconf 89' lang='lat' dir='ltr'>coronam</span> <span class='ocrx_word' id='word_1_455' title='bbox 1572 2396 1699 2430; x_wconf 86' lang='lat' dir='ltr'>vocant,</span> <span class='ocrx_word' id='word_1_456' title='bbox 1715 2395 1750 2421; x_wconf 89' lang='lat' dir='ltr'>ut</span> <span class='ocrx_word' id='word_1_457' title='bbox 1763 2388 1906 2431; x_wconf 82' lang='lat' dir='ltr'>religiosi</span> 
     </span>
     <span class='ocr_line' id='line_1_91' title="bbox 1174 2443 1817 2479; baseline -0.006 -1"><span class='ocrx_word' id='word_1_458' title='bbox 1174 2446 1358 2479; x_wconf 87' lang='lat' dir='ltr'>monasterii</span> <span class='ocrx_word' id='word_1_459' title='bbox 1379 2445 1523 2478; x_wconf 74' lang='lat' dir='ltr'>Cistercii</span> <span class='ocrx_word' id='word_1_460' title='bbox 1551 2445 1675 2477; x_wconf 86' lang='lat' dir='ltr'>deferre</span> <span class='ocrx_word' id='word_1_461' title='bbox 1700 2443 1817 2475; x_wconf 88' lang='lat' dir='ltr'>solent.</span> 
     </span>
    </p>

    <p class='ocr_par' dir='ltr' id='par_1_17' title="bbox 1194 2500 1887 2541">
     <span class='ocr_line' id='line_1_92' title="bbox 1194 2500 1887 2541; baseline -0.009 -8"><span class='ocrx_word' id='word_1_462' title='bbox 1194 2505 1280 2534; x_wconf 81' lang='lat' dir='ltr'>Circa</span> <span class='ocrx_word' id='word_1_463' title='bbox 1295 2506 1382 2541; x_wconf 79' lang='lat' dir='ltr'>eaput</span> <span class='ocrx_word' id='word_1_464' title='bbox 1398 2504 1480 2531; x_wconf 84' lang='lat' dir='ltr'>LVII</span> <span class='ocrx_word' id='word_1_465' title='bbox 1498 2502 1536 2531; x_wconf 81' lang='lat' dir='ltr'>De</span> <span class='ocrx_word' id='word_1_466' title='bbox 1551 2501 1702 2540; x_wconf 80' lang='lat' dir='ltr'>(irlific&#39;bus</span> <span class='ocrx_word' id='word_1_467' title='bbox 1720 2500 1887 2528; x_wconf 67' lang='lat' dir='ltr'>monasterii.</span> 
     </span>
    </p>

    <p class='ocr_par' dir='ltr' id='par_1_18' title="bbox 1217 2548 1906 2592">
     <span class='ocr_line' id='line_1_93' title="bbox 1217 2548 1906 2592; baseline -0.007 -8"><span class='ocrx_word' id='word_1_468' title='bbox 1217 2563 1299 2584; x_wconf 80' lang='lat' dir='ltr'>xxix.</span> <span class='ocrx_word' id='word_1_469' title='bbox 1319 2551 1494 2583; x_wconf 78' lang='lat' dir='ltr'>Procurent</span> <span class='ocrx_word' id='word_1_470' title='bbox 1513 2550 1697 2592; x_wconf 83' lang='lat' dir='ltr'>superiores</span> <span class='ocrx_word' id='word_1_471' title='bbox 1714 2554 1747 2580; x_wconf 88' lang='lat' dir='ltr'>ut</span> <span class='ocrx_word' id='word_1_472' title='bbox 1764 2548 1906 2588; x_wconf 74' lang='lat' dir='ltr'>iuvenes,</span> 
     </span>
    </p>

    <p class='ocr_par' dir='ltr' id='par_1_19' title="bbox 1175 2603 1907 2648">
     <span class='ocr_line' id='line_1_94' title="bbox 1175 2603 1907 2648; baseline -0.004 -13"><span class='ocrx_word' id='word_1_473' title='bbox 1175 2615 1255 2648; x_wconf 80' lang='lat' dir='ltr'>quos</span> <span class='ocrx_word' id='word_1_474' title='bbox 1282 2604 1318 2636; x_wconf 83' lang='lat' dir='ltr'>ad</span> <span class='ocrx_word' id='word_1_475' title='bbox 1345 2603 1447 2635; x_wconf 84' lang='lat' dir='ltr'>studia</span> <span class='ocrx_word' id='word_1_476' title='bbox 1468 2613 1528 2634; x_wconf 80' lang='lat' dir='ltr'>noa</span> <span class='ocrx_word' id='word_1_477' title='bbox 1548 2603 1622 2633; x_wconf 67' lang='lat' dir='ltr'>satis</span> <span class='ocrx_word' id='word_1_478' title='bbox 1642 2611 1820 2645; x_wconf 50' lang='lat' dir='ltr'>{appensos</span> <span class='ocrx_word' id='word_1_479' title='bbox 1836 2610 1907 2633; x_wconf 83' lang='lat' dir='ltr'>esse</span> 
     </span>
    </p>
   </div>
   <div class='ocr_carea' id='block_1_7' title="bbox 1906 214 2088 253">
    <p class='ocr_par' dir='ltr' id='par_1_20' title="bbox 1906 214 2088 253">
     <span class='ocr_line' id='line_1_95' title="bbox 1906 214 2088 253; baseline -0.016 0"><span class='ocrx_word' id='word_1_480' title='bbox 1906 226 1954 253; x_wconf 69' lang='lat' dir='ltr'>An.</span> <span class='ocrx_word' id='word_1_481' title='bbox 1970 224 1999 251; x_wconf 89' lang='lat' dir='ltr'>c.</span> <span class='ocrx_word' id='word_1_482' title='bbox 2021 214 2088 251; x_wconf 63' lang='lat' dir='ltr'>lece</span> 
     </span>
    </p>
   </div>
   <div class='ocr_carea' id='block_1_8' title="bbox 2220 0 2247 1278">
    <p class='ocr_par' dir='ltr' id='par_1_21' title="bbox 2220 0 2247 1278">
     <span class='ocr_line' id='line_1_96' title="bbox 2220 0 2247 1278; baseline 0 0"><span class='ocrx_word' id='word_1_483' title='bbox 2220 0 2247 1278; x_wconf 95' lang='lat' dir='ltr'> </span> 
     </span>
    </p>
   </div>
  </div>
 </body>
</html>
