2247 3208
108 197 158 226 An.
179 199 208 228 C.
226 200 293 228 1665

893 201 1082 225 ALEXANDER
1105 202 1149 225 vn
1175 202 1223 225 PP.

300 248 479 292 spectantia
494 253 525 281 et
541 248 738 292 pertinentia
753 248 825 292 (pro
842 251 909 281 rata
931 254 1037 281 tamen

300 307 332 335 ct
357 303 535 346 quantitate
568 313 624 334 scu
658 303 809 346 portione
844 303 977 335 subsidii
1007 308 1039 335 et

299 354 547 388 contributionis
561 355 748 388 huiusmodi
767 365 1036 398 unumquemque

299 417 357 440 seu
393 407 652 451 unumquodque
690 409 741 440 vel
773 417 1035 450 unamquamque

299 459 430 492 illorum
466 460 676 502 contingente
710 460 895 499 dumtaxat,
930 470 966 492 ac
999 461 1036 491 ea

298 513 384 555 lege,
406 517 441 545 ut
463 522 573 553 unum,
598 523 656 546 seu
681 523 773 553 unus,
799 513 849 545 vel
876 522 948 551 una,
974 522 1035 555 pro

299 566 364 600 alio
388 575 445 599 scu
466 566 528 600 alia
545 566 575 598 in
593 565 756 599 solutione
774 565 961 599 huiusmodi
979 565 1035 597 dc-

297 617 445 660 ficicnte,
472 619 604 653 minime
630 619 753 662 gravari
778 619 897 662 possit,
919 619 1033 662 pretiis
1057 625 1058 630 ¹

298 673 549 717 reperibilibus,
576 679 608 706 et
632 678 787 716 quantum
816 672 888 705 fieri
914 673 1035 716 poterit

298 726 415 760 minori
439 736 512 759 cum
537 726 654 759 damno
675 726 889 759 ecclesiarum
913 735 949 758 ac
977 726 1033 758 be-

297 778 487 812 neficiorum
520 783 551 812 et
580 780 726 812 locorum
761 778 887 821 piorum
920 779 1034 811 buius—

297 832 396 872 modi,
422 831 517 864 etiam
542 832 612 864 sine
633 842 793 865 consensu
813 832 973 865 interesse
995 833 1033 864 cti

296 884 329 917 in
355 894 390 916 re
416 884 625 923 habentium,
650 894 686 916 ac
710 884 773 917 illis
798 885 873 917 licet
904 885 1031 924 invitis,

296 937 566 970 dissentientibus
583 941 615 970 et
638 938 903 977 reclamantibus,
929 939 1034 971 nullo-

296 1000 358 1033 que
385 990 467 1023 sacto
492 1000 650 1033 processu
676 991 707 1023 in
730 991 831 1023 forma
855 991 884 1023 si
908 991 943 1023 in
967 991 1032 1023 evi-

295 1042 421 1075 dentem
444 1042 635 1082 utilitatem,
656 1051 716 1076 nec
741 1045 865 1076 servata
883 1044 950 1077 ulla
970 1043 1032 1076 alia
1050 1055 1053 1088 ἱ

296 1095 399 1129 forma
422 1096 502 1129 iuris
529 1101 561 1128 et
584 1097 847 1129 constitutionum
877 1107 913 1130 ac
937 1097 1033 1140 privi-

295 1149 457 1192 legiorum
482 1150 744 1192 apostolicorum,
761 1150 979 1194 imperialium
1002 1155 1034 1183 ct

295 1203 467 1246 regalium,
478 1207 530 1235 aut
543 1213 822 1247 quorumcumque
837 1209 1031 1237 statutorum
1051 1230 1053 1245 ,

295 1266 353 1289 seu
388 1256 682 1290 stabilimentorum
707 1262 738 1290 et
762 1258 1007 1291 ordinationum
1024 1285 1031 1298 ,

296 1309 392 1343 etiam
416 1310 609 1351 iuramento,
633 1310 878 1345 confirmatione
901 1316 1032 1355 aposto-

294 1363 366 1403 lica,
391 1363 441 1396 vel
462 1363 574 1406 quavis
601 1362 749 1396 firmitate
774 1364 837 1397 alia
861 1365 1032 1398 roborato-

294 1425 384 1457 rum,
411 1425 541 1449 necnon
566 1417 839 1450 consuetudinum
864 1417 1032 1450 immemo-

294 1468 458 1510 rabilium,
484 1469 641 1513 stylorum
659 1475 691 1502 et
708 1480 827 1502 usuum
851 1470 1032 1514 quorumli-
1050 1484 1053 1513 ἦ

293 1522 360 1561 het,
387 1532 424 1555 ac
449 1521 576 1555 etiamsi
603 1522 778 1562 ecclesiae,
806 1514 1053 1563 monasteria‚i

294 1574 454 1608 beneficia
474 1581 506 1608 et
522 1576 595 1609 loca
611 1575 664 1619 pia
683 1575 868 1609 huiusmodi
890 1577 958 1609 eius
976 1587 1033 1620 pa-

294 1627 437 1661 storibus
469 1627 622 1671 praelatis
657 1633 689 1661 et
721 1629 949 1662 defensoribus
982 1641 1053 1663 ea-=

294 1681 400 1723 reant)
421 1681 590 1724 quibusvis
604 1681 755 1724 personis
770 1682 941 1715 meliorem
957 1693 1033 1715 con·
1052 1712 1053 1724 ,

294 1732 452 1766 ditionem
477 1733 698 1775 offerentibus,
715 1740 778 1767 tam
805 1736 1032 1769 ecclesiasticis

295 1797 390 1831 quam
415 1787 518 1827 laicis,
541 1788 712 1821 catholicis
731 1794 850 1829 tamen,
869 1789 1031 1822 vendendi
1051 1823 1052 1828 ,

295 1845 328 1872 et
351 1839 578 1881 distrahendi,
605 1851 660 1873 seu
693 1842 779 1875 bona
812 1841 883 1885 ipsa
907 1842 939 1874 in
965 1852 1032 1874 em-

295 1892 480 1937 phyteusim
496 1893 593 1926 etiam
610 1899 802 1937 perpetuam
820 1899 876 1926 aut
895 1895 934 1927 ad
959 1905 1034 1927 cen-

295 1956 367 1978 sum
399 1946 449 1979 vel
481 1945 627 1979 livellum
659 1947 879 1987 concedendi,
905 1957 963 1979 seu
993 1948 1031 1980 ad

295 1999 429 2042 longum
459 1999 556 2032 etiam
583 2004 709 2043 tempus
733 2000 884 2042 locandi,
912 2001 1031 2044 illaque

294 2052 522 2096 permutandi,
550 2057 582 2086 et
605 2053 668 2086 alio
702 2064 909 2097 quocumque
934 2055 1032 2087 modo

296 2104 471 2144 alienandi,
497 2110 551 2138 aut
575 2116 675 2149 super
694 2106 758 2139 illis
777 2117 900 2139 annuos
918 2117 1034 2150 perpe-

297 2162 369 2190 tuos
395 2163 428 2190 et
450 2158 650 2192 redimibiles
688 2170 804 2194 census
830 2164 862 2192 et
885 2159 1031 2192 redditus

296 2209 506 2253 imponendi,
530 2211 672 2255 illosque
698 2212 812 2255 pretiis
836 2212 959 2256 pariter
982 2223 1033 2245 re-

297 2263 491 2307 peribilibus
507 2264 672 2297 vendendi
687 2265 828 2307 (servato
848 2271 954 2299 tamen
970 2266 1032 2299 hoc

297 2315 425 2355 ordine,
443 2321 478 2348 ut
500 2316 605 2360 primo
630 2317 761 2360 quidem
783 2318 1032 2361 suppellectilia,

297 2369 430 2402 mobilia
442 2374 474 2402 et
487 2369 641 2402 utensilia
656 2370 802 2413 profana,
817 2371 844 2404 si
862 2372 1032 2405 commode

1055 375 1059 408 ι’

273 2428 330 2470 ιθῑ
353 2422 476 2456 utiliter
508 2422 578 2456 fieri
610 2423 752 2466 poterit,
784 2424 901 2458 deinde
934 2436 1031 2465 vasa,

297 2476 514 2516 candelabra,
539 2486 668 2517 cruces,
695 2477 877 2518 thuribula,
903 2477 1031 2522 aliaque

296 2528 447 2562 utensilia
481 2540 578 2563 aurea
611 2535 642 2563 et
673 2536 827 2573 argentea
858 2533 948 2564 sacra
973 2542 1032 2564 un-

297 2582 405 2616 ctione
429 2592 496 2616 non
520 2583 685 2624 delibuta,
712 2594 795 2628 quae
820 2590 897 2618 sunt
927 2587 1032 2620 eccle-

377 2644 455 2672 Ball.
475 2645 559 2674 Rom.
575 2660 609 2667 -
627 2646 686 2675 Vol.
706 2646 797 2676 XVII.
941 2647 975 2675 29

1082 249 1148 289 siis,
1173 260 1209 282 ac
1234 258 1292 292 pro
1319 258 1429 282 earum
1447 248 1558 281 usibus
1589 254 1620 281 et
1646 259 1820 282 ornamen-

1081 301 1120 334 tis
1137 301 1317 341 destinata;
1345 307 1420 345 post
1437 302 1517 335 haec
1541 302 1638 335 etiam
1656 304 1745 334 sacra
1761 314 1819 334 un-

1080 354 1187 387 ctione
1207 355 1392 387 huiusmodi
1411 355 1564 395 delibuta,
1579 366 1692 387 eorum
1710 361 1817 388 tamen

1056 407 1309 458 lprosanatione
1353 418 1411 440 seu
1453 408 1686 441 dissecrationc
1729 409 1816 452 prius

1079 459 1139 491 rite
1165 459 1247 492 sacta
1272 465 1304 492 et
1328 460 1543 500 comminuta,
1568 462 1739 494 reservatis
1774 467 1831 495 tn:

1078 522 1153 545 men
1179 523 1216 545 ex
1242 512 1293 544 his
1314 513 1461 555 praecise
1480 514 1675 546 necessariis
1694 525 1751 557 pro
1770 515 1817 547 ‹li-

1077 565 1151 597 vino
1177 565 1284 605 cultu;
1312 569 1344 597 et
1367 564 1392 597 si
1425 565 1506 598 haec
1531 575 1597 597 non
1634 566 1815 606 sufficiant,

1076 617 1223 650 redditus
1247 627 1386 656 annuos,
1412 628 1537 657 census,
1555 628 1709 657 canones,
1728 619 1816 651 livel-

1076 672 1135 711 los,
1161 681 1198 704 ac
1221 671 1307 704 bona
1331 670 1529 710 immobilia,
1557 672 1654 704 etiam
1675 672 1813 705 feudalia

1076 730 1108 757 et
1131 724 1402 757 iurisdictionalia
1419 724 1614 764 huiusmodi,
1627 725 1815 768 incipiendo

1075 777 1115 810 ab
1139 777 1214 818 illis,
1240 788 1321 821 quae
1347 788 1420 810 cum
1453 778 1571 810 minori
1604 778 1814 811 ecclesiarum

1076 835 1107 863 et
1131 831 1278 864 locorum
1304 830 1432 874 piorum
1458 830 1661 873 aliorumque
1686 832 1816 874 praedi-

1075 888 1201 916 ctorum
1234 884 1351 916 damno
1378 888 1409 916 et
1434 883 1644 916 incommodo
1677 884 1814 917 distrahi

1074 942 1220 980 possunt,
1245 936 1426 980 respective
1453 937 1636 969 vendantur
1654 941 1685 969 ct
1702 937 1815 970 distra-

1075 990 1221 1033 liantur);
1248 997 1377 1022 necnon
1398 1000 1496 1033 super
1517 989 1667 1022 omnibus
1693 994 1724 1022 et
1748 989 1814 1022 sin-

1075 1043 1159 1086 gulis
1175 1042 1360 1086 praemissis
1378 1052 1601 1086 quaecumque
1615 1042 1814 1075 instrumen-

1075 1101 1117 1137 ta,
1144 1107 1217 1130 cum
1242 1096 1413 1136 clausulis,
1432 1096 1553 1140 pactis,
1573 1096 1812 1129 conditionibus

1075 1155 1108 1183 ct
1131 1149 1405 1192 obligationibus,
1432 1149 1708 1182 submissionibus
1725 1177 1732 1190 ,
1759 1150 1814 1183 de-

1074 1204 1172 1236 cretis
1206 1209 1238 1236 et
1269 1204 1402 1236 cautelis
1438 1203 1468 1235 in
1504 1203 1661 1236 similibus
1692 1203 1811 1246 apponi

1074 1257 1177 1290 solitis
1202 1261 1235 1289 et
1259 1256 1338 1289 alias
1364 1256 1478 1300 quovis
1504 1257 1601 1290 modo
1618 1257 1811 1290 necessariis

1074 1315 1107 1343 ct
1132 1310 1337 1354 opportunis,
1352 1309 1541 1343 celebrandi
1560 1314 1592 1342 et
1608 1309 1812 1349 conficiendi,

1074 1374 1109 1396 ac
1133 1362 1291 1396 celebrari
1313 1367 1345 1395 et
1369 1361 1485 1395 confici
1511 1361 1665 1401 saciendi;
1687 1367 1813 1395 contra-

1074 1416 1225 1455 dictores,
1250 1416 1511 1459 perturbatores,
1536 1416 1763 1448 molestatores
1782 1421 1814 1448 et

1074 1469 1215 1502 rebelles
1240 1479 1462 1512 quoscumque
1487 1468 1578 1501 vobis
1602 1468 1635 1501 in
1660 1468 1814 1512 praemis-

1074 1523 1116 1555 sis
1142 1532 1256 1566 parere
1283 1527 1484 1562 recusantes,
1511 1521 1621 1565 eisque
1647 1522 1812 1561 auxilium,

1073 1575 1245 1609 consilium
1270 1576 1320 1608 vel
1347 1575 1505 1615 savorem,
1531 1574 1660 1618 publice
1685 1576 1735 1607 vel
1760 1585 1813 1607 oc-

1073 1629 1169 1669 culte,
1195 1639 1231 1661 ac
1256 1627 1379 1661 directe
1404 1628 1455 1660 vel
1488 1627 1670 1669 indirecte,
1699 1627 1812 1670 quovis

1074 1681 1224 1725 quaesito
1245 1681 1367 1721 colore,
1392 1685 1607 1724 praestantes,
1632 1681 1811 1713 cuiuscum-

1075 1745 1137 1778 que
1163 1734 1339 1778 dignitatis,
1365 1735 1505 1777 gradus,
1533 1734 1656 1767 ordinis
1679 1739 1711 1767 et
1735 1745 1812 1767 eon-

1074 1787 1206 1821 ditionis
1231 1788 1369 1827 suerint,
1397 1787 1541 1820 censuris
1566 1792 1597 1820 et
1620 1787 1736 1831 poenis
1761 1798 1812 1820 ec-

1073 1841 1273 1881 clesiasticis,
1295 1852 1332 1874 ac
1358 1842 1455 1875 etiam
1472 1840 1671 1884 pecuniariis
1689 1841 1721 1873 in
1740 1851 1812 1873 cau-

1074 1905 1142 1927 sam
1167 1895 1245 1927 belli
1271 1895 1428 1938 praedicti
1447 1894 1659 1937 applicandis,
1678 1895 1812 1927 ceteris-

1075 1958 1136 1991 que
1169 1947 1246 1980 iuris
1273 1953 1305 1981 et
1329 1947 1402 1980 sacti
1433 1947 1587 1980 remediis
1618 1948 1811 1990 opportunis

1074 2001 1295 2044 compellendi
1322 2005 1353 2033 et
1378 2000 1629 2044 compescendi,
1655 2001 1809 2044 ipsasque

1074 2063 1226 2086 censuras
1264 2053 1361 2085 etiam
1397 2052 1520 2085 iteratis
1548 2053 1671 2085 vicibus
1698 2064 1811 2096 aggra-

1076 2105 1182 2147 vandi,
1210 2104 1266 2138 ac¹
1291 2106 1365 2139 illos
1391 2105 1617 2149 dignitatibus,
1642 2106 1810 2138 beneficiis

1076 2166 1108 2193 et
1131 2160 1244 2193 officiis
1268 2170 1326 2204 per
1351 2170 1407 2193 eos
1433 2160 1575 2193 obtentis
1599 2159 1758 2204 privandi,
1779 2168 1812 2193 et

1074 2215 1114 2247 ab
1136 2213 1181 2246 eis
1208 2213 1391 2253 amovendi,
1407 2224 1443 2246 ac
1463 2214 1501 2246 ad
1520 2213 1583 2247 alia
1607 2213 1640 2245 in
1667 2214 1811 2246 futurum

1074 2266 1252 2300 obtinenda
1288 2265 1450 2299 inhabiles
1488 2266 1651 2306 saciendi;
1678 2266 1811 2299 interdi-

1074 2325 1158 2353 ctum
1192 2319 1450 2353 ecclesiasticum
1482 2319 1696 2363 apponendi,
1725 2320 1812 2351 auxi-

1074 2374 1222 2418 liumque
1246 2372 1373 2406 brachii
1409 2372 1564 2406 secularis
1590 2373 1811 2416 quandocum-

1075 2436 1136 2470 que
1154 2436 1237 2471 opus
1255 2425 1353 2458 suerit
1369 2426 1552 2466 invocandi,
1579 2426 1619 2458 ad
1640 2426 1810 2458 sanitatem

1074 2490 1150 2513 vero
1176 2489 1345 2520 reversos,
1372 2478 1427 2523 qui
1452 2478 1560 2512 debite
1591 2479 1810 2519 satisecerint,

1109 2595 1120 2622 1
1143 2594 1209 2623 Male
1224 2593 1267 2622 ed.
1284 2594 1366 2622 Main.
1384 2594 1448 2630 legit
1462 2594 1500 2621 ad
1514 2602 1563 2630 pro
1578 2602 1611 2621 ac
1628 2594 1666 2630 (n.
1683 2593 1731 2629 T.).

1714 191 1777 225 ‘2225
1823 202 1872 228 An.
1894 201 1921 227 c.
1941 201 2006 228 icet
