2247 3208
150 228 202 256 Αῐι.
216 228 246 257 C.
269 228 335 256 ¹568

145 1559 250 1580 indultum
263 1561 330 1587 transf

146 1587 227 1607 [eraudi
245 1587 330 1613 pumtu-

146 1619 191 1635 uus.

968 228 1108 253 CLEMENS
1134 230 1164 252 ix
1187 230 1236 253 Pr.

345 277 461 309 favoris
477 276 515 309 ad
534 276 565 309 id
587 276 871 319 praestationibus,
890 276 1085 310 ieiuniorum

345 330 577 363 omissionibus
603 340 730 362 necnon
755 330 958 363 recitationis
991 330 1084 363 liora-

344 394 414 416 rum
430 383 657 416 canonicarum
678 383 880 426 aliorumque
902 383 1084 416 divinorum

344 437 544 477 officiorum,
570 448 605 469 ac
631 437 771 480 denique
797 438 836 469 ab
868 437 1018 469 omnibus
1052 441 1085 469 et

344 491 601 533 quibuscumque
629 490 698 522 aliis
724 500 835 523 eorum
853 489 1004 532 peccatis,
1024 489 1084 521 cri-

344 543 495 583 minibus,
515 543 699 576 excessibus
718 548 749 575 et
766 542 904 580 delictis,
922 546 1083 584 quantun-

344 606 481 639 cumque
507 595 657 638 gravibus
686 602 718 628 ct
748 595 952 633 enormibus,
986 595 1082 627 etiam

344 649 479 689 talibus,
511 654 648 692 propter
684 659 764 691 quae
789 648 888 680 Sedes
913 647 1082 690 praedicta

343 702 458 734 merito
484 702 684 735 consulenda
701 701 792 740 foret,
810 701 961 733 videlicet
978 711 995 732 a
1012 711 1082 734 con-

342 755 440 788 tentis
466 756 498 788 in
524 755 639 788 litteris
656 755 706 786 die
731 754 858 787 Coenae
879 754 1005 786 Domini
1027 765 1082 797 pu-

342 808 455 841 blicari
473 807 646 847 consuetis,
664 808 763 839 semel
783 812 904 839 tantum
922 807 953 839 in
971 807 1033 839 vita
1051 813 1082 840 et

342 860 455 893 mortis
479 860 627 900 articulo,
656 860 688 892 in
715 860 850 903 reliquis
875 870 951 893 vero
977 861 1080 894 dictae

342 913 416 946 Sedi
449 912 696 956 quomodolibet
719 913 910 953 reservatis,
946 913 1080 956 aliisque

342 966 506 1009 quibusvis
532 966 673 1003 casibus,
699 967 800 998 semel
825 965 857 997 in
882 976 978 1006 anno,
1005 977 1081 998 con-

342 1018 536 1052 fessionibus
568 1019 700 1051 illorum
738 1018 910 1060 diligenter
943 1019 1079 1059 auditis,

343 1071 414 1104 sine
439 1077 546 1105 tamen
580 1071 712 1104 alicuius
744 1071 963 1114 praeiudicio,
989 1082 1078 1115 prae-

343 1125 426 1157 dicta
443 1125 632 1157 auctoritate
652 1125 830 1167 apostolica
849 1126 1030 1163 absolvere,
1049 1133 1080 1159 et

343 1178 407 1211 illis
440 1189 496 1221 pro
533 1178 714 1211 commissis
750 1177 985 1220 poenitentiam
1022 1190 1080 1222 pro

343 1232 442 1265 modo
467 1233 583 1275 culpae
605 1232 774 1274 iniungere
792 1228 979 1272 salutarem,
1007 1243 1081 1265 nec-

342 1295 409 1317 non
426 1290 500 1318 vota
525 1295 744 1328 quaecumque
774 1285 1012 1327 (ultramarino,
1036 1286 1081 1317 vi-

342 1338 502 1371 sitationis
540 1338 687 1370 liminum
723 1338 892 1370 beatorum
929 1338 1013 1370 Petri
1050 1344 1081 1371 et

341 1391 432 1424 Pauli
458 1391 700 1434 apostolorum,
726 1391 948 1434 castitatisque
975 1396 1006 1424 et
1032 1403 1081 1424 re-

340 1442 472 1485 ligionis
497 1443 579 1476 votis
605 1443 769 1476 dumtaxat
789 1443 946 1486 exceptis)
969 1443 1001 1476 in
1019 1443 1080 1476 alia

340 1495 468 1538 pietatis
494 1506 594 1539 opera
619 1500 818 1528 commutare
843 1497 960 1539 possit.

384 1549 399 1591 ἓ
424 1549 454 1581 7.
475 1550 517 1582 Ac
536 1549 632 1582 etiam
653 1548 799 1589 eisdem¹,
822 1561 1001 1593 eorumque
1021 1551 1080 1583 sin-

341 1602 436 1644 gulis,
464 1608 498 1634 ut
522 1602 721 1645 quicumque
747 1603 891 1635 locorum
909 1602 1080 1642 Ordinarii,

340 1656 562 1689 velcanonici
587 1655 912 1698 metropolitanarum
933 1666 988 1689 seu
1005 1656 1081 1689 alia-

341 1718 412 1741 rum
428 1708 664 1754 cathedralium
688 1708 908 1748 ecclesiarum,
935 1715 988 1742 aut
1008 1720 1081 1752 per-

342 1771 442 1794 sonae
467 1761 500 1794 in
525 1762 682 1804 dignitate
712 1762 931 1794 ecclesiastica
963 1763 1081 1795 consti-

343 1820 449 1855 tutae,
478 1820 543 1847 tam
569 1814 601 1847 in
631 1815 715 1848 dicta
747 1815 834 1847 curia
869 1826 963 1857 quam
992 1820 1080 1848 extra

343 1878 434 1907 eam,
462 1868 559 1901 etiam
592 1868 630 1900 ad
661 1867 691 1900 id
718 1878 776 1910 per
807 1878 862 1900 eos
888 1873 940 1900 aut
967 1879 1080 1901 eorum

343 1920 490 1963 singulos
516 1931 624 1954 coram
648 1921 774 1953 notario
800 1926 831 1953 et
856 1922 990 1954 testibus
1018 1921 1080 1954 fide

344 1973 450 2016 dignis
478 1974 619 2017 eligendi
640 1985 696 2007 seu
715 1975 896 2017 eligendae,
914 1986 1081 2018 quascum-

344 2037 407 2070 que
432 2027 608 2069 pensiones
633 2037 754 2060 annuas
771 2027 816 2060 eis
835 2033 863 2060 et
885 2038 998 2060 eorum
1023 2029 1081 2060 sin-

345 2079 428 2122 gulis
460 2090 560 2123 super
583 2090 768 2113 mensarum
793 2081 1001 2114 abbatialium
1026 2091 1081 2113 seu

345 2132 581 2176 episcopalium
605 2138 659 2165 aut
683 2133 1024 2176 archiepiscopalium,
1051 2139 1082 2166 et

346 2196 622 2229 quorumcumque
668 2186 804 2219 aliorum
847 2186 1081 2219 beneficiorum

346 2239 653 2279 ecclesiastieorum,
672 2250 745 2272 cum
763 2242 839 2272 cura
857 2245 889 2272 et
905 2240 974 2272 sine
997 2242 1080 2279 eura,

345 2290 551 2331 secularium,
575 2297 606 2324 et
623 2302 900 2335 quorumcumque
926 2291 1081 2324 Ordinum

345 2343 554 2386 regularium,
579 2344 675 2377 etiam
700 2345 871 2387 hospitalis
896 2344 926 2377 S.
954 2345 1082 2378 Ioannis

345 2396 952 2440 Hierosolymitani,quomodocumque
967 2403 998 2430 et
1011 2409 1082 2441 qua-

346 2450 559 2493 litercumque
596 2449 872 2493 qualificatorum‚
910 2451 1081 2490 fructibus,

346 2502 539 2543 redditibus,
564 2503 782 2546 proventibus,
804 2503 937 2542 iuribus,
965 2503 1083 2536 obven-

348 2555 490 2588 tionibus
509 2560 541 2588 et
564 2555 856 2595 distributionibus,
882 2555 978 2588 etiam
1004 2566 1083 2598 quo-

385 2618 396 2642 1
415 2616 513 2644 Confer
528 2625 609 2652 supra
624 2625 686 2653 pag.
702 2617 754 2645 520
769 2617 783 2644 b
799 2619 835 2649 (n.
855 2616 905 2652 22).

1130 277 1267 318 tidianis‚
1294 288 1351 310 scu
1372 278 1519 311 illorum¹
1539 279 1611 312 loco
1638 278 1767 318 fructus,
1794 289 1863 321 pro-

1128 335 1251 369 ventus,
1278 330 1357 370 iura,
1375 330 1599 372 obventiones,
1619 331 1873 364 distributiones·

1128 388 1159 415 et
1183 385 1404 417 emolumenta
1428 384 1487 417 sibi
1521 395 1605 417 nunc
1635 391 1666 417 et
1695 395 1754 428 pro
1785 390 1864 417 tem-

1126 445 1205 477 pore
1239 436 1402 478 assignata
1434 443 1464 470 et
1500 443 1681 477 reservata,
1716 437 1862 480 quando-

1126 498 1280 531 cumque,
1313 490 1408 522 simul
1432 492 1481 523 vel
1507 491 1699 530 successive,
1729 491 1761 523 in
1794 496 1861 523 toto

1126 542 1174 573 vel
1194 541 1225 573 in
1246 548 1348 584 parte,
1367 554 1470 586 usque
1490 544 1529 576 ad
1548 555 1706 576 summam
1733 549 1862 577 centum

1126 592 1315 626 ducatorum
1343 596 1410 627 auri
1436 596 1475 628 de
1501 599 1640 636 camera,
1667 597 1706 629 de
1733 607 1862 630 eorum-

1126 645 1198 677 dem
1223 647 1493 689 cappellanorum
1511 650 1559 681 vel
1577 649 1751 682 cuiuslibet
1776 650 1862 693 ipso-

1124 708 1194 730 rum
1226 709 1400 739 consensu,
1436 701 1467 732 in
1500 707 1567 734 toto
1599 703 1647 734 vel
1682 702 1714 734 in
1747 709 1859 745 parte,

1125 751 1222 784 etiam
1255 751 1287 784 in
1324 752 1438 785 mortis
1474 754 1634 802 articulo,
1669 765 1795 787 cassare
1832 762 1863 788 et

1125 804 1332 847 extinguere,
1367 817 1422 846 ac,
1457 813 1627 850 postquam
1660 814 1801 841 cassatae
1831 816 1863 841 et

1125 858 1283 890 extinctae
1301 858 1430 899 suerint,
1447 860 1526 892 alias
1544 860 1665 893 similes
1686 861 1862 904 pensiones

1124 921 1246 944 annuas
1270 922 1368 955 super
1392 913 1559 951 tructibus,
1577 914 1768 954 redditibus,
1788 925 1862 957 pro-

1124 964 1280 1004 ventibus,
1293 965 1424 1006 iuribus,
1439 966 1700 1006 obventionibus,
1714 967 1863 1000 distribu-

1124 1016 1278 1058 tionibus,
1306 1029 1361 1051 seu
1379 1019 1530 1052 illorum’
1546 1020 1618 1052 loco
1636 1020 1768 1059 fructus,
1791 1021 1863 1053 red-

1124 1070 1217 1110 ditus,
1243 1077 1427 1114 proventus,
1454 1073 1521 1104 iura
1546 1078 1577 1105 et
1601 1073 1814 1106 obventiones
1832 1080 1863 1106 et

1124 1125 1345 1156 emolumenta
1362 1124 1562 1165 huiusmodi,
1582 1125 1677 1158 etiam
1700 1136 1801 1169 usque
1822 1126 1862 1159 ad

1123 1187 1280 1209 summam
1312 1177 1523 1220 praedictam,
1551 1178 1606 1210 uni
1632 1180 1682 1211 vel
1714 1179 1862 1222 pluribus

1123 1229 1193 1261 aliis
1218 1229 1367 1272 personis
1402 1235 1498 1262 etiarn
1532 1240 1591 1273 per
1621 1231 1753 1264 eosdem
1787 1242 1862 1274 cap-

1124 1283 1271 1324 pellanos
1291 1288 1322 1315 et
1344 1293 1458 1316 eorum
1478 1284 1622 1326 singulos
1639 1285 1860 1325 nominandis,

1124 1334 1220 1366 etiam
1237 1345 1471 1378 quaecumque,
1491 1341 1712 1380 quotcumque
1738 1343 1769 1370 et
1785 1348 1862 1380 qua-

1124 1387 1305 1431 liacumque
1339 1388 1497 1421 beneficia
1531 1389 1748 1422 ecclesiastica
1779 1390 1862 1423 obti-

1124 1441 1276 1473 nentibus
1295 1446 1326 1474 et
1346 1442 1605 1484 expectantibus,
1623 1442 1701 1475 ³seu
1719 1443 1861 1476 clericali

1123 1494 1311 1526 charactere
1329 1494 1477 1536 insigniri
1495 1496 1687 1535 volentibus,
1711 1496 1863 1529 similiter

1124 1547 1177 1587 eis,
1204 1548 1310 1590 quoad
1335 1548 1481 1587 vixerint,
1506 1549 1555 1581 vel
1577 1559 1689 1581 eorum
1708 1549 1862 1592 legitimis

1124 1600 1407 1643 procuratoribus,
1434 1601 1556 1634 eisdem
1581 1602 1679 1635 niodo
1705 1607 1737 1634 et
1761 1602 1863 1635 forma

1124 1652 1239 1695 quibus
1269 1653 1392 1686 eisdem
1416 1654 1616 1697 cappellanis
1642 1654 1825 1697 assignatae
1836 1654 1858 1694 ⁴,

1125 1711 1178 1738 aut
1215 1706 1375 1738 reservari
1412 1706 1461 1739 vel
1494 1707 1653 1749 assignari
1687 1717 1861 1740 concessae

1124 1768 1182 1790 seu
1206 1759 1350 1791 concessi
1377 1759 1508 1799 suerint,
1529 1759 1626 1792 etiam
1644 1760 1768 1802 absque
1789 1770 1863 1792 con-

1123 1820 1221 1843 sensu
1244 1811 1374 1844 easdem
1395 1811 1572 1854 pensiones
1592 1817 1624 1844 et
1641 1812 1772 1852 fructus,
1791 1812 1863 1846 red-

1125 1864 1216 1903 ditus,
1238 1870 1428 1907 proventus,
1454 1864 1541 1905 iura,
1569 1865 1799 1906 obventiones,
1825 1875 1863 1898 ac

1124 1917 1371 1950 distributiones
1392 1923 1424 1950 et
1442 1919 1658 1951 emolumenta
1676 1918 1861 1951 huiusmodi

1124 1972 1251 2004 solvere
1269 1970 1466 2011 debentium,
1481 1971 1605 2004 etiamsi
1624 1971 1745 2014 pluries
1760 1982 1861 2004 cassa-

1124 2030 1174 2056 tae
1194 2029 1226 2056 et
1243 2024 1281 2056 de
1300 2034 1384 2056 novo
1403 2024 1585 2066 assignatae
1607 2024 1738 2063 fuerint,
1756 2035 1860 2067 usque

1124 2076 1164 2108 ad
1188 2087 1345 2109 summam
1370 2082 1402 2109 et
1418 2076 1630 2119 quantitatem
1648 2077 1857 2120 praedictam,

1124 2140 1160 2162 ac
1179 2129 1256 2162 alias
1282 2140 1353 2162 cum
1378 2130 1528 2162 omnibus
1555 2135 1586 2161 et
1603 2129 1859 2172 quibuscumque

1124 2182 1384 2226 exemptionibus
1411 2188 1443 2214 et
1466 2182 1653 2225 privilegiis,
1675 2181 1813 2214 decretis
1830 2187 1861 2214 et

1125 2236 1285 2276 clausulis,
1311 2236 1531 2276 cautionibus,
1555 2235 1706 2275 vinculis,
1738 2235 1861 2277 obliga-

1102 2289 1103 2304 ³
1124 2290 1280 2328 tionibus,
1305 2289 1453 2329 cautelis,
1479 2299 1515 2321 ac
1539 2289 1635 2321 etiam
1660 2288 1803 2320 censuris
1829 2292 1860 2320 et

1125 2343 1239 2386 poenis
1264 2342 1297 2374 iu
1322 2342 1483 2385 prioribus
1506 2341 1783 2375 reservationibus
1806 2341 1860 2373 hu-

1125 2394 1266 2428 iusmodi
1290 2394 1450 2427 concessis
1475 2400 1506 2427 et
1529 2394 1706 2434 contentis,
1732 2394 1858 2436 integre

1162 2486 1169 2509 1
1194 2483 1309 2510 Videtur
1323 2483 1468 2518 legendum
1483 2484 1606 2511 illarum
1622 2484 1661 2519 (R.
1677 2486 1726 2514 ⁷12).

1159 2527 1175 2553 2
1194 2527 1294 2553 lterum
1309 2527 1368 2562 lege
1383 2528 1506 2554 illarum
1521 2535 1568 2563 pro
1585 2528 1702 2555 illorum
1721 2531 1760 2561 (R.
1774 2529 1823 2560 τ.).

1160 2572 1175 2599 3
1195 2571 1274 2598 Deest
1290 2580 1338 2599 vox
1353 2572 1465 2599 clericis
1480 2576 1526 2598 aut
1545 2573 1741 2600 ecclesiasticis
1755 2576 1792 2607 (n.
1808 2572 1855 2606 T.).

1159 2617 1175 2645 4
1194 2617 1277 2645 Deest
1291 2620 1341 2646 auc
1356 2617 1494 2656 resen-citi
1508 2618 1545 2653 (a.
1562 2617 1612 2655 r),

1764 221 1829 254 717
1875 230 1922 256 An.
1939 229 1967 256 c.
1991 229 2054 256 iens
