<?xml version="1.0" encoding="UTF-8"?>
<!DOCTYPE html PUBLIC "-//W3C//DTD XHTML 1.0 Transitional//EN"
    "http://www.w3.org/TR/xhtml1/DTD/xhtml1-transitional.dtd">
<html xmlns="http://www.w3.org/1999/xhtml" xml:lang="en" lang="en">
 <head>
  <title>
</title>
<meta http-equiv="Content-Type" content="text/html;charset=utf-8" />
  <meta name='ocr-system' content='tesseract 3.04.00' />
  <meta name='ocr-capabilities' content='ocr_page ocr_carea ocr_par ocr_line ocrx_word'/>
</head>
<body>
  <div class='ocr_page' id='page_1' title='image "./bullarumdiplomat17cath_0523.png"; bbox 0 0 2247 3208; ppageno 0'>
   <div class='ocr_carea' id='block_1_1' title="bbox 139 196 325 225">
    <p class='ocr_par' dir='ltr' id='par_1_1' title="bbox 139 196 325 225">
     <span class='ocr_line' id='line_1_1' title="bbox 139 196 325 225; baseline -0.005 -1"><span class='ocrx_word' id='word_1_1' title='bbox 139 200 188 225; x_wconf 82' lang='lat' dir='ltr'>An.</span> <span class='ocrx_word' id='word_1_2' title='bbox 206 197 234 224; x_wconf 89' lang='lat' dir='ltr'>C.</span> <span class='ocrx_word' id='word_1_3' title='bbox 258 196 325 224; x_wconf 82' lang='lat'>¹666</span> 
     </span>
    </p>
   </div>
   <div class='ocr_carea' id='block_1_2' title="bbox 188 2527 336 2554">
    <p class='ocr_par' dir='ltr' id='par_1_2' title="bbox 188 2527 336 2554">
     <span class='ocr_line' id='line_1_2' title="bbox 188 2527 336 2554; baseline 0 -6"><span class='ocrx_word' id='word_1_4' title='bbox 188 2527 336 2554; x_wconf 75' lang='lat' dir='ltr'>Transumpto-</span> 
     </span>
    </p>
   </div>
   <div class='ocr_carea' id='block_1_3' title="bbox 155 2554 275 2576">
    <p class='ocr_par' dir='ltr' id='par_1_3' title="bbox 155 2554 275 2576">
     <span class='ocr_line' id='line_1_3' title="bbox 155 2554 275 2576; baseline -0.008 0"><span class='ocrx_word' id='word_1_5' title='bbox 155 2560 200 2576; x_wconf 76' lang='lat' dir='ltr'>rum</span> <span class='ocrx_word' id='word_1_6' title='bbox 216 2554 275 2575; x_wconf 72' lang='lat' dir='ltr'>fides.</span> 
     </span>
    </p>
   </div>
   <div class='ocr_carea' id='block_1_4' title="bbox 928 194 1807 220">
    <p class='ocr_par' dir='ltr' id='par_1_4' title="bbox 928 194 1807 220">
     <span class='ocr_line' id='line_1_4' title="bbox 928 194 1807 220; baseline -0.003 0"><span class='ocrx_word' id='word_1_7' title='bbox 928 196 1114 220; x_wconf 62' lang='lat' dir='ltr'>ALExANDEu</span> <span class='ocrx_word' id='word_1_8' title='bbox 1138 197 1180 220; x_wconf 79' lang='lat' dir='ltr'>VH</span> <span class='ocrx_word' id='word_1_9' title='bbox 1207 196 1254 220; x_wconf 72' lang='lat'>1³1³.</span> <span class='ocrx_word' id='word_1_10' title='bbox 1749 194 1807 217; x_wconf 53' lang='lat' dir='ltr'>laist</span> 
     </span>
    </p>
   </div>
   <div class='ocr_carea' id='block_1_5' title="bbox 330 244 1856 711">
    <p class='ocr_par' dir='ltr' id='par_1_5' title="bbox 330 244 1854 604">
     <span class='ocr_line' id='line_1_5' title="bbox 332 244 1851 288; baseline 0.001 -11"><span class='ocrx_word' id='word_1_11' title='bbox 332 245 416 278; x_wconf 89' lang='lat' dir='ltr'>tibus</span> <span class='ocrx_word' id='word_1_12' title='bbox 441 245 636 288; x_wconf 74' lang='lat' dir='ltr'>praemissis,</span> <span class='ocrx_word' id='word_1_13' title='bbox 662 255 697 277; x_wconf 89' lang='lat' dir='ltr'>ac</span> <span class='ocrx_word' id='word_1_14' title='bbox 722 246 832 277; x_wconf 68' lang='lat' dir='ltr'>nosti-2⁴1</span> <span class='ocrx_word' id='word_1_15' title='bbox 857 249 889 277; x_wconf 88' lang='lat' dir='ltr'>et</span> <span class='ocrx_word' id='word_1_16' title='bbox 913 245 1070 276; x_wconf 80' lang='lat' dir='ltr'>cancella·</span> <span class='ocrx_word' id='word_1_17' title='bbox 1090 245 1092 274; x_wconf 80' lang='lat' dir='ltr'>l</span> <span class='ocrx_word' id='word_1_18' title='bbox 1113 244 1386 284; x_wconf 75' lang='lat' dir='ltr'>exeinplis,eliam</span> <span class='ocrx_word' id='word_1_19' title='bbox 1401 245 1570 288; x_wconf 77' lang='lat' dir='ltr'>impressis</span> <span class='ocrx_word' id='word_1_20' title='bbox 1600 255 1696 278; x_wconf 87' lang='lat' dir='ltr'>manu</span> <span class='ocrx_word' id='word_1_21' title='bbox 1715 246 1851 279; x_wconf 88' lang='lat' dir='ltr'>alicuius</span> 
     </span>
     <span class='ocr_line' id='line_1_6' title="bbox 331 290 1854 355; baseline 0.001 -25"><span class='ocrx_word' id='word_1_22' title='bbox 331 298 397 331; x_wconf 87' lang='lat' dir='ltr'>riae</span> <span class='ocrx_word' id='word_1_23' title='bbox 423 298 617 341; x_wconf 83' lang='lat' dir='ltr'>apostolicae</span> <span class='ocrx_word' id='word_1_24' title='bbox 641 299 753 339; x_wconf 79' lang='lat' dir='ltr'>reoula</span> <span class='ocrx_word' id='word_1_25' title='bbox 772 298 809 330; x_wconf 93' lang='lat' dir='ltr'>de</span> <span class='ocrx_word' id='word_1_26' title='bbox 835 308 899 330; x_wconf 87' lang='lat' dir='ltr'>non</span> <span class='ocrx_word' id='word_1_27' title='bbox 926 296 1069 330; x_wconf 89' lang='lat' dir='ltr'>tollendo</span> <span class='ocrx_word' id='word_1_28' title='bbox 1089 290 1094 355; x_wconf 66' lang='grc' dir='ltr'>Ξ</span> <span class='ocrx_word' id='word_1_29' title='bbox 1113 297 1229 330; x_wconf 86' lang='lat' dir='ltr'>notaiii</span> <span class='ocrx_word' id='word_1_30' title='bbox 1240 298 1368 355; x_wconf 80' lang='lat' dir='ltr'>publici</span> <span class='ocrx_word' id='word_1_31' title='bbox 1387 299 1561 342; x_wconf 81' lang='lat' dir='ltr'>subseiipt&#39;·</span> <span class='ocrx_word' id='word_1_32' title='bbox 1567 310 1593 339; x_wconf 79' lang='grc'>5</span> <span class='ocrx_word' id='word_1_33' title='bbox 1610 305 1642 332; x_wconf 90' lang='lat' dir='ltr'>et</span> <span class='ocrx_word' id='word_1_34' title='bbox 1659 299 1767 341; x_wconf 76' lang='lat' dir='ltr'>sigillo</span> <span class='ocrx_word' id='word_1_35' title='bbox 1786 310 1854 342; x_wconf 87' lang='lat' dir='ltr'>per-</span> 
     </span>
     <span class='ocr_line' id='line_1_7' title="bbox 331 350 1854 394; baseline 0.001 -11"><span class='ocrx_word' id='word_1_36' title='bbox 331 351 399 384; x_wconf 87' lang='lat' dir='ltr'>iure</span> <span class='ocrx_word' id='word_1_37' title='bbox 422 351 582 394; x_wconf 82' lang='lat' dir='ltr'>quaesito.</span> <span class='ocrx_word' id='word_1_38' title='bbox 610 351 745 393; x_wconf 78' lang='lat' dir='ltr'>aliisque</span> <span class='ocrx_word' id='word_1_39' title='bbox 765 351 960 393; x_wconf 83' lang='lat' dir='ltr'>apostolicis,</span> <span class='ocrx_word' id='word_1_40' title='bbox 979 361 1014 382; x_wconf 80' lang='lat' dir='ltr'>ao</span> <span class='ocrx_word' id='word_1_41' title='bbox 1038 350 1070 381; x_wconf 89' lang='lat' dir='ltr'>in</span> <span class='ocrx_word' id='word_1_42' title='bbox 1090 359 1093 392; x_wconf 66' lang='lat' dir='ltr'>J</span> <span class='ocrx_word' id='word_1_43' title='bbox 1113 359 1213 382; x_wconf 84' lang='lat' dir='ltr'>sonae</span> <span class='ocrx_word' id='word_1_44' title='bbox 1238 350 1270 382; x_wconf 92' lang='lat' dir='ltr'>in</span> <span class='ocrx_word' id='word_1_45' title='bbox 1300 351 1523 384; x_wconf 85' lang='lat' dir='ltr'>ecclesiastica</span> <span class='ocrx_word' id='word_1_46' title='bbox 1545 352 1702 394; x_wconf 75' lang='lat' dir='ltr'>digiitate</span> <span class='ocrx_word' id='word_1_47' title='bbox 1731 353 1854 385; x_wconf 79' lang='lat' dir='ltr'>consti-</span> 
     </span>
     <span class='ocr_line' id='line_1_8' title="bbox 330 393 1854 460; baseline 0.002 -25"><span class='ocrx_word' id='word_1_48' title='bbox 330 404 571 437; x_wconf 78' lang='lat' dir='ltr'>universalibus</span> <span class='ocrx_word' id='word_1_49' title='bbox 590 404 905 447; x_wconf 68' lang='lat' dir='ltr'>pioxincialibusque</span> <span class='ocrx_word' id='word_1_50' title='bbox 924 403 1069 436; x_wconf 69' lang='lat' dir='ltr'>conciliis</span> <span class='ocrx_word' id='word_1_51' title='bbox 1091 393 1093 460; x_wconf 69' lang='grc' dir='ltr'>Ξ</span> <span class='ocrx_word' id='word_1_52' title='bbox 1115 407 1201 435; x_wconf 85' lang='lat' dir='ltr'>tutae</span> <span class='ocrx_word' id='word_1_53' title='bbox 1221 403 1364 441; x_wconf 80' lang='lat' dir='ltr'>munitis,</span> <span class='ocrx_word' id='word_1_54' title='bbox 1395 404 1510 436; x_wconf 87' lang='lat' dir='ltr'>eadem</span> <span class='ocrx_word' id='word_1_55' title='bbox 1541 415 1713 447; x_wconf 74' lang='lat' dir='ltr'>prorsusi</span> <span class='ocrx_word' id='word_1_56' title='bbox 1696 405 1776 438; x_wconf 80' lang='lat' dir='ltr'>fides</span> <span class='ocrx_word' id='word_1_57' title='bbox 1798 406 1854 438; x_wconf 84' lang='lat' dir='ltr'>ad-</span> 
     </span>
     <span class='ocr_line' id='line_1_9' title="bbox 333 438 1853 501; baseline 0.001 -12"><span class='ocrx_word' id='word_1_58' title='bbox 333 456 439 496; x_wconf 86' lang='lat' dir='ltr'>editis</span> <span class='ocrx_word' id='word_1_59' title='bbox 459 456 664 498; x_wconf 78' lang='lat' dir='ltr'>generalibus</span> <span class='ocrx_word' id='word_1_60' title='bbox 689 457 738 489; x_wconf 62' lang='lat' dir='ltr'>tel</span> <span class='ocrx_word' id='word_1_61' title='bbox 764 455 972 498; x_wconf 82' lang='lat' dir='ltr'>specialibus,</span> <span class='ocrx_word' id='word_1_62' title='bbox 995 465 1071 486; x_wconf 88' lang='lat' dir='ltr'>con-</span> <span class='ocrx_word' id='word_1_63' title='bbox 1092 438 1266 490; x_wconf 73' lang='lat' dir='ltr'>ihibeatiu</span> <span class='ocrx_word' id='word_1_64' title='bbox 1282 455 1418 498; x_wconf 86' lang='lat' dir='ltr'>ubique,</span> <span class='ocrx_word' id='word_1_65' title='bbox 1434 467 1516 498; x_wconf 82' lang='lat' dir='ltr'>quae</span> <span class='ocrx_word' id='word_1_66' title='bbox 1535 467 1628 499; x_wconf 72' lang='lat' dir='ltr'>praes</span> <span class='ocrx_word' id='word_1_67' title='bbox 1636 458 1853 501; x_wconf 86' lang='lat' dir='ltr'>entibusipsis</span> 
     </span>
     <span class='ocr_line' id='line_1_10' title="bbox 332 507 1854 546; baseline 0.002 -5"><span class='ocrx_word' id='word_1_68' title='bbox 332 509 553 542; x_wconf 88' lang='lat' dir='ltr'>stitutionibus</span> <span class='ocrx_word' id='word_1_69' title='bbox 582 514 613 541; x_wconf 87' lang='lat' dir='ltr'>et</span> <span class='ocrx_word' id='word_1_70' title='bbox 638 508 917 546; x_wconf 83' lang='lat' dir='ltr'>oidinationibus</span> <span class='ocrx_word' id='word_1_71' title='bbox 944 517 1071 539; x_wconf 83' lang='lat' dir='ltr'>necnon</span> <span class='ocrx_word' id='word_1_72' title='bbox 1093 515 1094 542; x_wconf 75' lang='lat'>1</span> <span class='ocrx_word' id='word_1_73' title='bbox 1114 507 1342 546; x_wconf 84' lang='lat' dir='ltr'>adhibeietur,</span> <span class='ocrx_word' id='word_1_74' title='bbox 1369 507 1394 539; x_wconf 86' lang='lat' dir='ltr'>si</span> <span class='ocrx_word' id='word_1_75' title='bbox 1419 508 1704 543; x_wconf 80' lang='lat' dir='ltr'>soientexhibitae</span> <span class='ocrx_word' id='word_1_76' title='bbox 1730 512 1779 544; x_wconf 91' lang='lat' dir='ltr'>vel</span> <span class='ocrx_word' id='word_1_77' title='bbox 1807 522 1854 544; x_wconf 92' lang='lat' dir='ltr'>os-</span> 
     </span>
     <span class='ocr_line' id='line_1_11' title="bbox 334 553 1240 617; baseline -0.002 -23"><span class='ocrx_word' id='word_1_78' title='bbox 334 562 411 595; x_wconf 88' lang='lat' dir='ltr'>dicti</span> <span class='ocrx_word' id='word_1_79' title='bbox 436 561 585 602; x_wconf 82' lang='lat' dir='ltr'>Oidinis,</span> <span class='ocrx_word' id='word_1_80' title='bbox 617 562 747 604; x_wconf 84' lang='lat' dir='ltr'>eiusque</span> <span class='ocrx_word' id='word_1_81' title='bbox 773 560 1070 602; x_wconf 70' lang='lat' dir='ltr'>congregationum,</span> <span class='ocrx_word' id='word_1_82' title='bbox 1093 553 1240 617; x_wconf 64' lang='lat' dir='ltr'>{tensae</span> 
     </span>
    </p>

    <p class='ocr_par' dir='ltr' id='par_1_6' title="bbox 333 613 1856 711">
     <span class='ocr_line' id='line_1_12' title="bbox 334 613 1855 659; baseline 0.001 -12"><span class='ocrx_word' id='word_1_83' title='bbox 334 615 590 659; x_wconf 66' lang='grc' dir='ltr'>ριόιίιιοιιιιύιιι,</span> <span class='ocrx_word' id='word_1_84' title='bbox 622 625 695 647; x_wconf 89' lang='lat' dir='ltr'>mon</span> <span class='ocrx_word' id='word_1_85' title='bbox 700 619 893 646; x_wconf 74' lang='lat' dir='ltr'>istenoium</span> <span class='ocrx_word' id='word_1_86' title='bbox 925 618 956 645; x_wconf 85' lang='lat' dir='ltr'>et</span> <span class='ocrx_word' id='word_1_87' title='bbox 986 614 1073 646; x_wconf 89' lang='lat' dir='ltr'>loco·</span> <span class='ocrx_word' id='word_1_88' title='bbox 1093 627 1095 657; x_wconf 68' lang='lat'>&#39;1</span> <span class='ocrx_word' id='word_1_89' title='bbox 1158 613 1272 646; x_wconf 89' lang='lat' dir='ltr'>Datum</span> <span class='ocrx_word' id='word_1_90' title='bbox 1293 614 1434 653; x_wconf 84' lang='lat' dir='ltr'>Romae,</span> <span class='ocrx_word' id='word_1_91' title='bbox 1461 616 1546 658; x_wconf 86' lang='lat' dir='ltr'>apud</span> <span class='ocrx_word' id='word_1_92' title='bbox 1580 615 1611 649; x_wconf 83' lang='lat' dir='ltr'>S.</span> <span class='ocrx_word' id='word_1_93' title='bbox 1639 617 1767 649; x_wconf 78' lang='lat' dir='ltr'>Mariam</span> <span class='ocrx_word' id='word_1_94' title='bbox 1792 617 1855 650; x_wconf 81' lang='lat' dir='ltr'>Ma-</span> 
     </span>
     <span class='ocr_line' id='line_1_13' title="bbox 333 666 1856 711; baseline 0.001 -10"><span class='ocrx_word' id='word_1_95' title='bbox 333 679 405 701; x_wconf 87' lang='lat' dir='ltr'>rum</span> <span class='ocrx_word' id='word_1_96' title='bbox 430 677 715 711; x_wconf 84' lang='lat' dir='ltr'>quorumcumque,</span> <span class='ocrx_word' id='word_1_97' title='bbox 734 666 844 699; x_wconf 72' lang='lat' dir='ltr'>aliisve</span> <span class='ocrx_word' id='word_1_98' title='bbox 863 666 1073 709; x_wconf 75' lang='lat' dir='ltr'>quibuslibet,</span> <span class='ocrx_word' id='word_1_99' title='bbox 1115 666 1235 705; x_wconf 88' lang='lat' dir='ltr'>iorem,</span> <span class='ocrx_word' id='word_1_100' title='bbox 1263 667 1322 699; x_wconf 84' lang='lat' dir='ltr'>sub</span> <span class='ocrx_word' id='word_1_101' title='bbox 1351 669 1471 700; x_wconf 89' lang='lat' dir='ltr'>annulo</span> <span class='ocrx_word' id='word_1_102' title='bbox 1499 668 1674 702; x_wconf 84' lang='lat' dir='ltr'>Piscatoris</span> <span class='ocrx_word' id='word_1_103' title='bbox 1691 696 1698 708; x_wconf 97' lang='lat'>,</span> <span class='ocrx_word' id='word_1_104' title='bbox 1731 669 1782 702; x_wconf 86' lang='lat' dir='ltr'>die</span> <span class='ocrx_word' id='word_1_105' title='bbox 1804 680 1856 703; x_wconf 78' lang='lat' dir='ltr'>xix</span> 
     </span>
    </p>
   </div>
   <div class='ocr_carea' id='block_1_6' title="bbox 334 719 1074 817">
    <p class='ocr_par' dir='ltr' id='par_1_7' title="bbox 334 719 1074 817">
     <span class='ocr_line' id='line_1_14' title="bbox 334 719 1074 762; baseline -0.004 -8"><span class='ocrx_word' id='word_1_106' title='bbox 334 722 430 754; x_wconf 84' lang='lat' dir='ltr'>etiam</span> <span class='ocrx_word' id='word_1_107' title='bbox 454 722 651 758; x_wconf 83' lang='lat' dir='ltr'>iuramento,</span> <span class='ocrx_word' id='word_1_108' title='bbox 674 719 917 752; x_wconf 73' lang='lat' dir='ltr'>confirmatione</span> <span class='ocrx_word' id='word_1_109' title='bbox 944 724 1074 762; x_wconf 89' lang='lat' dir='ltr'>aposto-</span> 
     </span>
     <span class='ocr_line' id='line_1_15' title="bbox 334 772 1072 817; baseline -0.003 -11"><span class='ocrx_word' id='word_1_110' title='bbox 334 775 404 812; x_wconf 78' lang='lat' dir='ltr'>lica,</span> <span class='ocrx_word' id='word_1_111' title='bbox 425 774 474 806; x_wconf 80' lang='lat' dir='ltr'>vel</span> <span class='ocrx_word' id='word_1_112' title='bbox 500 773 611 817; x_wconf 88' lang='lat' dir='ltr'>quavis</span> <span class='ocrx_word' id='word_1_113' title='bbox 636 772 787 805; x_wconf 77' lang='lat' dir='ltr'>firmitate</span> <span class='ocrx_word' id='word_1_114' title='bbox 813 772 875 805; x_wconf 77' lang='lat' dir='ltr'>alia</span> <span class='ocrx_word' id='word_1_115' title='bbox 900 772 1072 811; x_wconf 82' lang='lat' dir='ltr'>roboratis,</span> 
     </span>
    </p>
   </div>
   <div class='ocr_carea' id='block_1_7' title="bbox 334 824 1096 867">
    <p class='ocr_par' dir='ltr' id='par_1_8' title="bbox 334 824 1096 867">
     <span class='ocr_line' id='line_1_16' title="bbox 334 824 1096 867; baseline -0.003 -9"><span class='ocrx_word' id='word_1_116' title='bbox 334 826 460 858; x_wconf 85' lang='lat' dir='ltr'>statutis</span> <span class='ocrx_word' id='word_1_117' title='bbox 496 831 528 858; x_wconf 88' lang='lat' dir='ltr'>et</span> <span class='ocrx_word' id='word_1_118' title='bbox 564 825 869 864; x_wconf 83' lang='lat' dir='ltr'>consuetudinibus,</span> <span class='ocrx_word' id='word_1_119' title='bbox 896 824 1096 867; x_wconf 58' lang='lat' dir='ltr'>privilegiis}</span> 
     </span>
    </p>
   </div>
   <div class='ocr_carea' id='block_1_8' title="bbox 335 878 1087 2620">
    <p class='ocr_par' dir='ltr' id='par_1_9' title="bbox 335 878 1086 2514">
     <span class='ocr_line' id='line_1_17' title="bbox 335 878 1075 923; baseline 0 -13"><span class='ocrx_word' id='word_1_120' title='bbox 335 890 485 923; x_wconf 89' lang='lat' dir='ltr'>quoque,</span> <span class='ocrx_word' id='word_1_121' title='bbox 519 879 652 911; x_wconf 86' lang='lat' dir='ltr'>indultis</span> <span class='ocrx_word' id='word_1_122' title='bbox 678 884 709 911; x_wconf 90' lang='lat' dir='ltr'>et</span> <span class='ocrx_word' id='word_1_123' title='bbox 733 879 850 912; x_wconf 75' lang='lat' dir='ltr'>litteris</span> <span class='ocrx_word' id='word_1_124' title='bbox 874 878 1075 921; x_wconf 82' lang='lat' dir='ltr'>apostolicis,</span> 
     </span>
     <span class='ocr_line' id='line_1_18' title="bbox 335 931 1075 974; baseline -0.003 -9"><span class='ocrx_word' id='word_1_125' title='bbox 335 933 432 965; x_wconf 86' lang='lat' dir='ltr'>etiarn</span> <span class='ocrx_word' id='word_1_126' title='bbox 457 932 563 965; x_wconf 88' lang='lat' dir='ltr'>eidem</span> <span class='ocrx_word' id='word_1_127' title='bbox 589 931 712 971; x_wconf 88' lang='lat' dir='ltr'>Ordini,</span> <span class='ocrx_word' id='word_1_128' title='bbox 740 931 872 974; x_wconf 89' lang='lat' dir='ltr'>eiusque</span> <span class='ocrx_word' id='word_1_129' title='bbox 898 941 1075 974; x_wconf 79' lang='lat' dir='ltr'>congrega-</span> 
     </span>
     <span class='ocr_line' id='line_1_19' title="bbox 335 983 1076 1028; baseline -0.001 -11"><span class='ocrx_word' id='word_1_130' title='bbox 335 985 490 1023; x_wconf 78' lang='lat' dir='ltr'>tionibus,</span> <span class='ocrx_word' id='word_1_131' title='bbox 516 984 708 1028; x_wconf 86' lang='lat' dir='ltr'>provinciis,</span> <span class='ocrx_word' id='word_1_132' title='bbox 734 983 940 1017; x_wconf 88' lang='lat' dir='ltr'>monasteriis</span> <span class='ocrx_word' id='word_1_133' title='bbox 967 988 998 1016; x_wconf 84' lang='lat' dir='ltr'>et</span> <span class='ocrx_word' id='word_1_134' title='bbox 1029 985 1076 1016; x_wconf 92' lang='lat' dir='ltr'>lo-</span> 
     </span>
     <span class='ocr_line' id='line_1_20' title="bbox 336 1037 1074 1081; baseline -0.004 -10"><span class='ocrx_word' id='word_1_135' title='bbox 336 1039 391 1076; x_wconf 86' lang='lat' dir='ltr'>cis,</span> <span class='ocrx_word' id='word_1_136' title='bbox 418 1048 455 1070; x_wconf 86' lang='lat' dir='ltr'>ac</span> <span class='ocrx_word' id='word_1_137' title='bbox 479 1038 610 1071; x_wconf 90' lang='lat' dir='ltr'>illorum</span> <span class='ocrx_word' id='word_1_138' title='bbox 637 1037 872 1081; x_wconf 87' lang='lat' dir='ltr'>superioribus,</span> <span class='ocrx_word' id='word_1_139' title='bbox 892 1037 1074 1076; x_wconf 83' lang='lat' dir='ltr'>abbatibus,</span> 
     </span>
     <span class='ocr_line' id='line_1_21' title="bbox 335 1090 1075 1134; baseline -0.003 -11"><span class='ocrx_word' id='word_1_140' title='bbox 335 1091 504 1124; x_wconf 82' lang='lat' dir='ltr'>monachis</span> <span class='ocrx_word' id='word_1_141' title='bbox 529 1096 561 1123; x_wconf 84' lang='lat' dir='ltr'>et</span> <span class='ocrx_word' id='word_1_142' title='bbox 596 1091 745 1134; x_wconf 89' lang='lat' dir='ltr'>personis</span> <span class='ocrx_word' id='word_1_143' title='bbox 771 1090 988 1134; x_wconf 72' lang='lat' dir='ltr'>quibuslibet,</span> <span class='ocrx_word' id='word_1_144' title='bbox 1015 1090 1075 1122; x_wconf 91' lang='lat' dir='ltr'>sub</span> 
     </span>
     <span class='ocr_line' id='line_1_22' title="bbox 336 1143 1077 1189; baseline 0.001 -15"><span class='ocrx_word' id='word_1_145' title='bbox 336 1143 599 1187; x_wconf 89' lang='lat' dir='ltr'>quibuscumque</span> <span class='ocrx_word' id='word_1_146' title='bbox 624 1144 799 1189; x_wconf 73' lang='lat' dir='ltr'>yerborum</span> <span class='ocrx_word' id='word_1_147' title='bbox 842 1143 1010 1176; x_wconf 85' lang='lat' dir='ltr'>tenoribus</span> <span class='ocrx_word' id='word_1_148' title='bbox 1040 1153 1077 1175; x_wconf 84' lang='lat' dir='ltr'>ac</span> 
     </span>
     <span class='ocr_line' id='line_1_23' title="bbox 336 1196 1077 1239; baseline 0 -11"><span class='ocrx_word' id='word_1_149' title='bbox 336 1197 457 1236; x_wconf 77' lang='lat' dir='ltr'>formis,</span> <span class='ocrx_word' id='word_1_150' title='bbox 473 1202 505 1229; x_wconf 85' lang='lat' dir='ltr'>et</span> <span class='ocrx_word' id='word_1_151' title='bbox 529 1207 601 1228; x_wconf 87' lang='lat' dir='ltr'>cum</span> <span class='ocrx_word' id='word_1_152' title='bbox 630 1197 796 1239; x_wconf 78' lang='lat' dir='ltr'>quibusvis</span> <span class='ocrx_word' id='word_1_153' title='bbox 821 1196 917 1228; x_wconf 87' lang='lat' dir='ltr'>etiam</span> <span class='ocrx_word' id='word_1_154' title='bbox 943 1197 1077 1238; x_wconf 81' lang='lat' dir='ltr'>deroga-</span> 
     </span>
     <span class='ocr_line' id='line_1_24' title="bbox 337 1248 1078 1291; baseline -0.001 -10"><span class='ocrx_word' id='word_1_155' title='bbox 337 1249 492 1282; x_wconf 83' lang='lat' dir='ltr'>toriarum</span> <span class='ocrx_word' id='word_1_156' title='bbox 519 1249 746 1291; x_wconf 80' lang='lat' dir='ltr'>derogatoriis,</span> <span class='ocrx_word' id='word_1_157' title='bbox 765 1249 901 1291; x_wconf 82' lang='lat' dir='ltr'>aliisque</span> <span class='ocrx_word' id='word_1_158' title='bbox 921 1248 1078 1281; x_wconf 74' lang='lat' dir='ltr'>efficacio-</span> 
     </span>
     <span class='ocr_line' id='line_1_25' title="bbox 337 1302 1073 1342; baseline 0 -8"><span class='ocrx_word' id='word_1_159' title='bbox 337 1302 440 1342; x_wconf 81' lang='lat' dir='ltr'>ribus,</span> <span class='ocrx_word' id='word_1_160' title='bbox 467 1302 697 1335; x_wconf 80' lang='lat' dir='ltr'>efficacissimis</span> <span class='ocrx_word' id='word_1_161' title='bbox 723 1308 754 1335; x_wconf 92' lang='lat' dir='ltr'>et</span> <span class='ocrx_word' id='word_1_162' title='bbox 779 1302 917 1335; x_wconf 74' lang='lat' dir='ltr'>insolitis</span> <span class='ocrx_word' id='word_1_163' title='bbox 943 1303 1073 1335; x_wconf 86' lang='lat' dir='ltr'>clausu-</span> 
     </span>
     <span class='ocr_line' id='line_1_26' title="bbox 335 1355 1076 1399; baseline 0 -11"><span class='ocrx_word' id='word_1_164' title='bbox 335 1355 385 1395; x_wconf 88' lang='lat' dir='ltr'>lis,</span> <span class='ocrx_word' id='word_1_165' title='bbox 413 1356 681 1399; x_wconf 86' lang='lat' dir='ltr'>irritantibusque</span> <span class='ocrx_word' id='word_1_166' title='bbox 708 1362 740 1388; x_wconf 88' lang='lat' dir='ltr'>et</span> <span class='ocrx_word' id='word_1_167' title='bbox 764 1355 836 1388; x_wconf 87' lang='lat' dir='ltr'>aliis</span> <span class='ocrx_word' id='word_1_168' title='bbox 863 1356 1015 1395; x_wconf 74' lang='lat' dir='ltr'>decretis,</span> <span class='ocrx_word' id='word_1_169' title='bbox 1044 1356 1076 1387; x_wconf 93' lang='lat' dir='ltr'>in</span> 
     </span>
     <span class='ocr_line' id='line_1_27' title="bbox 336 1408 1077 1451; baseline 0 -11"><span class='ocrx_word' id='word_1_170' title='bbox 336 1419 455 1450; x_wconf 82' lang='lat' dir='ltr'>genere</span> <span class='ocrx_word' id='word_1_171' title='bbox 482 1410 531 1441; x_wconf 87' lang='lat' dir='ltr'>vel</span> <span class='ocrx_word' id='word_1_172' title='bbox 548 1409 581 1440; x_wconf 89' lang='lat' dir='ltr'>in</span> <span class='ocrx_word' id='word_1_173' title='bbox 606 1408 728 1451; x_wconf 83' lang='lat' dir='ltr'>specie,</span> <span class='ocrx_word' id='word_1_174' title='bbox 746 1408 844 1441; x_wconf 89' lang='lat' dir='ltr'>etiam</span> <span class='ocrx_word' id='word_1_175' title='bbox 859 1415 957 1447; x_wconf 85' lang='lat' dir='ltr'>motu,</span> <span class='ocrx_word' id='word_1_176' title='bbox 977 1408 1077 1440; x_wconf 86' lang='lat' dir='ltr'>scien-</span> 
     </span>
     <span class='ocr_line' id='line_1_28' title="bbox 336 1461 1077 1505; baseline 0 -12"><span class='ocrx_word' id='word_1_177' title='bbox 336 1462 379 1494; x_wconf 74' lang='lat' dir='ltr'>tia</span> <span class='ocrx_word' id='word_1_178' title='bbox 404 1467 436 1495; x_wconf 91' lang='lat' dir='ltr'>et</span> <span class='ocrx_word' id='word_1_179' title='bbox 460 1467 620 1505; x_wconf 80' lang='lat' dir='ltr'>potestate</span> <span class='ocrx_word' id='word_1_180' title='bbox 646 1461 850 1505; x_wconf 86' lang='lat' dir='ltr'>plenitudine</span> <span class='ocrx_word' id='word_1_181' title='bbox 877 1461 1020 1504; x_wconf 78' lang='lat' dir='ltr'>paribus,</span> <span class='ocrx_word' id='word_1_182' title='bbox 1042 1471 1077 1493; x_wconf 84' lang='lat' dir='ltr'>ac</span> 
     </span>
     <span class='ocr_line' id='line_1_29' title="bbox 336 1513 1074 1557; baseline -0.003 -10"><span class='ocrx_word' id='word_1_183' title='bbox 336 1514 617 1554; x_wconf 82' lang='lat' dir='ltr'>consistorialiter,</span> <span class='ocrx_word' id='word_1_184' title='bbox 642 1520 673 1546; x_wconf 87' lang='lat' dir='ltr'>et</span> <span class='ocrx_word' id='word_1_185' title='bbox 686 1514 764 1547; x_wconf 76' lang='lat' dir='ltr'>alias</span> <span class='ocrx_word' id='word_1_186' title='bbox 783 1513 1029 1557; x_wconf 84' lang='lat' dir='ltr'>quomodolibet</span> <span class='ocrx_word' id='word_1_187' title='bbox 1044 1513 1074 1545; x_wconf 85' lang='lat' dir='ltr'>in</span> 
     </span>
     <span class='ocr_line' id='line_1_30' title="bbox 337 1567 1066 1610; baseline -0.001 -10"><span class='ocrx_word' id='word_1_188' title='bbox 337 1567 535 1600; x_wconf 84' lang='lat' dir='ltr'>contrarium</span> <span class='ocrx_word' id='word_1_189' title='bbox 553 1567 805 1610; x_wconf 87' lang='lat' dir='ltr'>praemissorum</span> <span class='ocrx_word' id='word_1_190' title='bbox 823 1567 992 1606; x_wconf 85' lang='lat' dir='ltr'>concessis,</span> <span class='ocrx_word' id='word_1_191' title='bbox 1008 1576 1066 1599; x_wconf 89' lang='lat' dir='ltr'>con</span> 
     </span>
     <span class='ocr_line' id='line_1_31' title="bbox 337 1619 1078 1664; baseline -0.003 -10"><span class='ocrx_word' id='word_1_192' title='bbox 337 1621 470 1654; x_wconf 81' lang='lat' dir='ltr'>firmatis</span> <span class='ocrx_word' id='word_1_193' title='bbox 495 1626 526 1654; x_wconf 89' lang='lat' dir='ltr'>et</span> <span class='ocrx_word' id='word_1_194' title='bbox 552 1620 820 1664; x_wconf 79' lang='lat' dir='ltr'>quantiscumque</span> <span class='ocrx_word' id='word_1_195' title='bbox 836 1619 959 1652; x_wconf 87' lang='lat' dir='ltr'>vicibus</span> <span class='ocrx_word' id='word_1_196' title='bbox 984 1620 1078 1652; x_wconf 90' lang='lat' dir='ltr'>inno-</span> 
     </span>
     <span class='ocr_line' id='line_1_32' title="bbox 336 1672 1075 1718; baseline -0.001 -12"><span class='ocrx_word' id='word_1_197' title='bbox 336 1674 428 1713; x_wconf 74' lang='lat' dir='ltr'>vatis,</span> <span class='ocrx_word' id='word_1_198' title='bbox 446 1674 562 1718; x_wconf 87' lang='lat' dir='ltr'>quibus</span> <span class='ocrx_word' id='word_1_199' title='bbox 579 1673 728 1706; x_wconf 88' lang='lat' dir='ltr'>omnibus</span> <span class='ocrx_word' id='word_1_200' title='bbox 741 1679 772 1706; x_wconf 88' lang='lat' dir='ltr'>et</span> <span class='ocrx_word' id='word_1_201' title='bbox 789 1673 935 1715; x_wconf 78' lang='lat' dir='ltr'>singulis,</span> <span class='ocrx_word' id='word_1_202' title='bbox 952 1672 1075 1706; x_wconf 82' lang='lat' dir='ltr'>etiamsi</span> 
     </span>
     <span class='ocr_line' id='line_1_33' title="bbox 338 1726 1076 1770; baseline -0.003 -10"><span class='ocrx_word' id='word_1_203' title='bbox 338 1737 398 1770; x_wconf 88' lang='lat' dir='ltr'>pro</span> <span class='ocrx_word' id='word_1_204' title='bbox 423 1727 554 1760; x_wconf 84' lang='lat' dir='ltr'>illorum</span> <span class='ocrx_word' id='word_1_205' title='bbox 591 1726 763 1759; x_wconf 77' lang='lat' dir='ltr'>sufficienti</span> <span class='ocrx_word' id='word_1_206' title='bbox 790 1726 1002 1768; x_wconf 78' lang='lat' dir='ltr'>derogatione</span> <span class='ocrx_word' id='word_1_207' title='bbox 1038 1726 1076 1759; x_wconf 83' lang='lat' dir='ltr'>dc</span> 
     </span>
     <span class='ocr_line' id='line_1_34' title="bbox 338 1779 1075 1824; baseline -0.001 -12"><span class='ocrx_word' id='word_1_208' title='bbox 338 1780 402 1813; x_wconf 87' lang='lat' dir='ltr'>illis</span> <span class='ocrx_word' id='word_1_209' title='bbox 427 1791 605 1824; x_wconf 89' lang='lat' dir='ltr'>eorumque</span> <span class='ocrx_word' id='word_1_210' title='bbox 632 1780 706 1813; x_wconf 88' lang='lat' dir='ltr'>totis</span> <span class='ocrx_word' id='word_1_211' title='bbox 729 1780 896 1812; x_wconf 87' lang='lat' dir='ltr'>tenoribus</span> <span class='ocrx_word' id='word_1_212' title='bbox 915 1779 1075 1822; x_wconf 80' lang='lat' dir='ltr'>specialis,</span> 
     </span>
     <span class='ocr_line' id='line_1_35' title="bbox 339 1832 1077 1876; baseline -0.003 -10"><span class='ocrx_word' id='word_1_213' title='bbox 339 1832 503 1876; x_wconf 88' lang='lat' dir='ltr'>specifica,</span> <span class='ocrx_word' id='word_1_214' title='bbox 530 1843 681 1876; x_wconf 78' lang='lat' dir='ltr'>expressa</span> <span class='ocrx_word' id='word_1_215' title='bbox 711 1838 741 1865; x_wconf 89' lang='lat' dir='ltr'>et</span> <span class='ocrx_word' id='word_1_216' title='bbox 762 1832 946 1872; x_wconf 69' lang='lat' dir='ltr'>individua„</span> <span class='ocrx_word' id='word_1_217' title='bbox 979 1841 1014 1863; x_wconf 84' lang='lat' dir='ltr'>ac</span> <span class='ocrx_word' id='word_1_218' title='bbox 1039 1832 1077 1864; x_wconf 90' lang='lat' dir='ltr'>de</span> 
     </span>
     <span class='ocr_line' id='line_1_36' title="bbox 339 1885 1078 1927; baseline -0.003 -9"><span class='ocrx_word' id='word_1_219' title='bbox 339 1887 438 1918; x_wconf 87' lang='lat' dir='ltr'>verbo</span> <span class='ocrx_word' id='word_1_220' title='bbox 464 1886 503 1918; x_wconf 89' lang='lat' dir='ltr'>ad</span> <span class='ocrx_word' id='word_1_221' title='bbox 527 1886 672 1924; x_wconf 83' lang='lat' dir='ltr'>verbum,</span> <span class='ocrx_word' id='word_1_222' title='bbox 698 1894 764 1917; x_wconf 92' lang='lat' dir='ltr'>non</span> <span class='ocrx_word' id='word_1_223' title='bbox 789 1890 896 1917; x_wconf 86' lang='lat' dir='ltr'>aulem</span> <span class='ocrx_word' id='word_1_224' title='bbox 915 1894 973 1927; x_wconf 92' lang='lat' dir='ltr'>per</span> <span class='ocrx_word' id='word_1_225' title='bbox 993 1885 1078 1917; x_wconf 86' lang='lat' dir='ltr'>clau-</span> 
     </span>
     <span class='ocr_line' id='line_1_37' title="bbox 340 1938 1079 1982; baseline -0.005 -10"><span class='ocrx_word' id='word_1_226' title='bbox 340 1940 428 1972; x_wconf 84' lang='lat' dir='ltr'>sulas</span> <span class='ocrx_word' id='word_1_227' title='bbox 450 1940 620 1982; x_wconf 85' lang='lat' dir='ltr'>generales</span> <span class='ocrx_word' id='word_1_228' title='bbox 645 1938 730 1971; x_wconf 92' lang='lat' dir='ltr'>idem</span> <span class='ocrx_word' id='word_1_229' title='bbox 750 1938 975 1980; x_wconf 82' lang='lat' dir='ltr'>importantes,</span> <span class='ocrx_word' id='word_1_230' title='bbox 990 1947 1079 1969; x_wconf 89' lang='lat' dir='ltr'>men-</span> 
     </span>
     <span class='ocr_line' id='line_1_38' title="bbox 341 1989 1079 2034; baseline -0.005 -9"><span class='ocrx_word' id='word_1_231' title='bbox 341 1992 384 2025; x_wconf 89' lang='lat' dir='ltr'>tio</span> <span class='ocrx_word' id='word_1_232' title='bbox 416 1992 567 2025; x_wconf 86' lang='lat' dir='ltr'>habenda</span> <span class='ocrx_word' id='word_1_233' title='bbox 597 1997 653 2024; x_wconf 84' lang='lat' dir='ltr'>aut</span> <span class='ocrx_word' id='word_1_234' title='bbox 683 1990 790 2034; x_wconf 83' lang='lat' dir='ltr'>aliqua</span> <span class='ocrx_word' id='word_1_235' title='bbox 822 1990 885 2022; x_wconf 87' lang='lat' dir='ltr'>alia</span> <span class='ocrx_word' id='word_1_236' title='bbox 921 1989 1079 2032; x_wconf 82' lang='lat' dir='ltr'>exquisita</span> 
     </span>
     <span class='ocr_line' id='line_1_39' title="bbox 341 2043 1080 2082; baseline -0.004 -5"><span class='ocrx_word' id='word_1_237' title='bbox 341 2046 445 2078; x_wconf 77' lang='lat' dir='ltr'>forma</span> <span class='ocrx_word' id='word_1_238' title='bbox 470 2045 508 2077; x_wconf 90' lang='lat' dir='ltr'>ad</span> <span class='ocrx_word' id='word_1_239' title='bbox 535 2045 596 2077; x_wconf 78' lang='lat' dir='ltr'>hoc</span> <span class='ocrx_word' id='word_1_240' title='bbox 620 2044 776 2077; x_wconf 78' lang='lat' dir='ltr'>servanda</span> <span class='ocrx_word' id='word_1_241' title='bbox 810 2044 894 2076; x_wconf 88' lang='lat' dir='ltr'>soret</span> <span class='ocrx_word' id='word_1_242' title='bbox 910 2069 917 2082; x_wconf 88' lang='lat'>,</span> <span class='ocrx_word' id='word_1_243' title='bbox 950 2043 1080 2075; x_wconf 86' lang='lat' dir='ltr'>illorum</span> 
     </span>
     <span class='ocr_line' id='line_1_40' title="bbox 342 2096 1081 2140; baseline -0.005 -9"><span class='ocrx_word' id='word_1_244' title='bbox 342 2099 489 2132; x_wconf 90' lang='lat' dir='ltr'>omnium</span> <span class='ocrx_word' id='word_1_245' title='bbox 515 2104 546 2131; x_wconf 87' lang='lat' dir='ltr'>et</span> <span class='ocrx_word' id='word_1_246' title='bbox 570 2098 770 2140; x_wconf 76' lang='lat' dir='ltr'>singulorum</span> <span class='ocrx_word' id='word_1_247' title='bbox 796 2102 934 2135; x_wconf 86' lang='lat' dir='ltr'>tenores,</span> <span class='ocrx_word' id='word_1_248' title='bbox 963 2096 1081 2128; x_wconf 78' lang='lat' dir='ltr'>formas</span> 
     </span>
     <span class='ocr_line' id='line_1_41' title="bbox 342 2150 1082 2194; baseline -0.005 -10"><span class='ocrx_word' id='word_1_249' title='bbox 342 2157 374 2184; x_wconf 84' lang='lat' dir='ltr'>et</span> <span class='ocrx_word' id='word_1_250' title='bbox 398 2151 584 2184; x_wconf 85' lang='lat' dir='ltr'>occasiones</span> <span class='ocrx_word' id='word_1_251' title='bbox 608 2150 833 2194; x_wconf 82' lang='lat' dir='ltr'>praesentibus</span> <span class='ocrx_word' id='word_1_252' title='bbox 854 2160 911 2192; x_wconf 90' lang='lat' dir='ltr'>pro</span> <span class='ocrx_word' id='word_1_253' title='bbox 930 2150 1025 2191; x_wconf 86' lang='lat' dir='ltr'>plene</span> <span class='ocrx_word' id='word_1_254' title='bbox 1051 2154 1082 2180; x_wconf 92' lang='lat' dir='ltr'>et</span> 
     </span>
     <span class='ocr_line' id='line_1_42' title="bbox 343 2200 1082 2247; baseline -0.004 -11"><span class='ocrx_word' id='word_1_255' title='bbox 343 2203 541 2236; x_wconf 75' lang='lat' dir='ltr'>sufficienter</span> <span class='ocrx_word' id='word_1_256' title='bbox 558 2203 717 2247; x_wconf 75' lang='lat' dir='ltr'>expressis</span> <span class='ocrx_word' id='word_1_257' title='bbox 736 2202 873 2235; x_wconf 81' lang='lat' dir='ltr'>servatis</span> <span class='ocrx_word' id='word_1_258' title='bbox 895 2208 928 2234; x_wconf 90' lang='lat' dir='ltr'>et</span> <span class='ocrx_word' id='word_1_259' title='bbox 950 2200 1082 2234; x_wconf 87' lang='lat' dir='ltr'>insertis</span> 
     </span>
     <span class='ocr_line' id='line_1_43' title="bbox 344 2254 1081 2300; baseline -0.005 -11"><span class='ocrx_word' id='word_1_260' title='bbox 344 2257 523 2300; x_wconf 74' lang='lat' dir='ltr'>respective</span> <span class='ocrx_word' id='word_1_261' title='bbox 561 2256 743 2295; x_wconf 85' lang='lat' dir='ltr'>habentes,</span> <span class='ocrx_word' id='word_1_262' title='bbox 770 2255 835 2288; x_wconf 88' lang='lat' dir='ltr'>illis</span> <span class='ocrx_word' id='word_1_263' title='bbox 862 2255 941 2287; x_wconf 74' lang='lat' dir='ltr'>alias</span> <span class='ocrx_word' id='word_1_264' title='bbox 966 2254 998 2286; x_wconf 91' lang='lat' dir='ltr'>in</span> <span class='ocrx_word' id='word_1_265' title='bbox 1024 2264 1081 2286; x_wconf 91' lang='lat' dir='ltr'>suo</span> 
     </span>
     <span class='ocr_line' id='line_1_44' title="bbox 344 2307 1083 2352; baseline -0.005 -10"><span class='ocrx_word' id='word_1_266' title='bbox 344 2311 465 2342; x_wconf 83' lang='lat' dir='ltr'>robore</span> <span class='ocrx_word' id='word_1_267' title='bbox 494 2309 737 2352; x_wconf 84' lang='lat' dir='ltr'>permansuris,</span> <span class='ocrx_word' id='word_1_268' title='bbox 765 2308 804 2340; x_wconf 87' lang='lat' dir='ltr'>ad</span> <span class='ocrx_word' id='word_1_269' title='bbox 830 2307 1083 2350; x_wconf 73' lang='lat' dir='ltr'>praemissorum</span> 
     </span>
     <span class='ocr_line' id='line_1_45' title="bbox 344 2360 1084 2405; baseline -0.007 -9"><span class='ocrx_word' id='word_1_270' title='bbox 344 2362 503 2401; x_wconf 76' lang='lat' dir='ltr'>effectum,</span> <span class='ocrx_word' id='word_1_271' title='bbox 529 2362 713 2405; x_wconf 85' lang='lat' dir='ltr'>specialiter</span> <span class='ocrx_word' id='word_1_272' title='bbox 731 2366 763 2393; x_wconf 88' lang='lat' dir='ltr'>et</span> <span class='ocrx_word' id='word_1_273' title='bbox 782 2370 931 2403; x_wconf 80' lang='lat' dir='ltr'>expresse</span> <span class='ocrx_word' id='word_1_274' title='bbox 953 2360 1084 2402; x_wconf 81' lang='lat' dir='ltr'>deroga-</span> 
     </span>
     <span class='ocr_line' id='line_1_46' title="bbox 344 2413 1086 2459; baseline -0.007 -10"><span class='ocrx_word' id='word_1_275' title='bbox 344 2427 433 2457; x_wconf 84' lang='lat' dir='ltr'>mus;</span> <span class='ocrx_word' id='word_1_276' title='bbox 460 2416 646 2459; x_wconf 85' lang='lat' dir='ltr'>ceterisque</span> <span class='ocrx_word' id='word_1_277' title='bbox 668 2413 843 2447; x_wconf 79' lang='lat' dir='ltr'>contrariis</span> <span class='ocrx_word' id='word_1_278' title='bbox 874 2414 1086 2456; x_wconf 87' lang='lat' dir='ltr'>quibuscum-</span> 
     </span>
     <span class='ocr_line' id='line_1_47' title="bbox 347 2480 423 2514; baseline 0.013 -12"><span class='ocrx_word' id='word_1_279' title='bbox 347 2480 423 2514; x_wconf 88' lang='lat' dir='ltr'>que.</span> 
     </span>
    </p>

    <p class='ocr_par' dir='ltr' id='par_1_10' title="bbox 348 2519 1087 2620">
     <span class='ocr_line' id='line_1_48' title="bbox 402 2519 1086 2567; baseline -0.009 -10"><span class='ocrx_word' id='word_1_280' title='bbox 402 2523 472 2567; x_wconf 64' lang='lat'>§9-</span> <span class='ocrx_word' id='word_1_281' title='bbox 505 2523 661 2556; x_wconf 77' lang='lat' dir='ltr'>Volumus</span> <span class='ocrx_word' id='word_1_282' title='bbox 695 2526 801 2554; x_wconf 87' lang='lat' dir='ltr'>autem</span> <span class='ocrx_word' id='word_1_283' title='bbox 838 2526 873 2552; x_wconf 89' lang='lat' dir='ltr'>ut</span> <span class='ocrx_word' id='word_1_284' title='bbox 897 2519 1086 2552; x_wconf 87' lang='lat' dir='ltr'>earumdem</span> 
     </span>
     <span class='ocr_line' id='line_1_49' title="bbox 348 2572 1087 2620; baseline -0.005 -11"><span class='ocrx_word' id='word_1_285' title='bbox 348 2577 570 2620; x_wconf 82' lang='lat' dir='ltr'>praesentium</span> <span class='ocrx_word' id='word_1_286' title='bbox 590 2577 772 2609; x_wconf 82' lang='lat' dir='ltr'>litterarum</span> <span class='ocrx_word' id='word_1_287' title='bbox 791 2572 1016 2617; x_wconf 84' lang='lat' dir='ltr'>transumptis,</span> <span class='ocrx_word' id='word_1_288' title='bbox 1029 2582 1087 2606; x_wconf 88' lang='lat' dir='ltr'>seu</span> 
     </span>
    </p>
   </div>
   <div class='ocr_carea' id='block_1_9' title="bbox 1094 854 1107 2439">
    <p class='ocr_par' dir='ltr' id='par_1_11' title="bbox 1094 854 1107 2439">
     <span class='ocr_line' id='line_1_50' title="bbox 1094 854 1107 2439; baseline 0 0"><span class='ocrx_word' id='word_1_289' title='bbox 1094 854 1107 2439; x_wconf 95' lang='lat' dir='ltr'> </span> 
     </span>
    </p>
   </div>
   <div class='ocr_carea' id='block_1_10' title="bbox 1115 718 1856 805">
    <p class='ocr_par' dir='ltr' id='par_1_12' title="bbox 1115 718 1856 805">
     <span class='ocr_line' id='line_1_51' title="bbox 1115 718 1856 763; baseline 0.008 -13"><span class='ocrx_word' id='word_1_290' title='bbox 1115 718 1228 761; x_wconf 83' lang='lat' dir='ltr'>aprilis</span> <span class='ocrx_word' id='word_1_291' title='bbox 1253 728 1404 759; x_wconf 73' lang='lat' dir='ltr'>MDCLXVI,</span> <span class='ocrx_word' id='word_1_292' title='bbox 1423 720 1631 763; x_wconf 82' lang='lat' dir='ltr'>pontificatus</span> <span class='ocrx_word' id='word_1_293' title='bbox 1658 721 1762 754; x_wconf 73' lang='lat' dir='ltr'>nostri</span> <span class='ocrx_word' id='word_1_294' title='bbox 1799 732 1856 757; x_wconf 85' lang='lat' dir='ltr'>an-</span> 
     </span>
     <span class='ocr_line' id='line_1_52' title="bbox 1115 781 1237 805; baseline 0 -2"><span class='ocrx_word' id='word_1_295' title='bbox 1115 781 1157 803; x_wconf 88' lang='lat' dir='ltr'>no</span> <span class='ocrx_word' id='word_1_296' title='bbox 1182 782 1237 805; x_wconf 83' lang='lat' dir='ltr'>xu.</span> 
     </span>
    </p>
   </div>
   <div class='ocr_carea' id='block_1_11' title="bbox 1152 829 1774 868">
    <p class='ocr_par' dir='ltr' id='par_1_13' title="bbox 1152 829 1774 868">
     <span class='ocr_line' id='line_1_53' title="bbox 1152 829 1774 868; baseline 0.008 -12"><span class='ocrx_word' id='word_1_297' title='bbox 1152 829 1209 857; x_wconf 84' lang='lat' dir='ltr'>Dat.</span> <span class='ocrx_word' id='word_1_298' title='bbox 1226 830 1269 857; x_wconf 88' lang='lat' dir='ltr'>die</span> <span class='ocrx_word' id='word_1_299' title='bbox 1287 831 1317 858; x_wconf 79' lang='lat'>19</span> <span class='ocrx_word' id='word_1_300' title='bbox 1333 832 1416 866; x_wconf 77' lang='lat' dir='ltr'>apriis</span> <span class='ocrx_word' id='word_1_301' title='bbox 1434 833 1511 867; x_wconf 87' lang='grc'><strong>1666,</strong></span> <span class='ocrx_word' id='word_1_302' title='bbox 1527 833 1623 868; x_wconf 80' lang='lat' dir='ltr'>pontif.</span> <span class='ocrx_word' id='word_1_303' title='bbox 1641 841 1712 861; x_wconf 84' lang='lat' dir='ltr'>anno</span> <span class='ocrx_word' id='word_1_304' title='bbox 1728 839 1774 862; x_wconf 82' lang='lat' dir='ltr'>xn.</span> 
     </span>
    </p>
   </div>
   <div class='ocr_carea' id='block_1_12' title="bbox 1417 975 1547 1008">
    <p class='ocr_par' dir='ltr' id='par_1_14' title="bbox 1417 975 1547 1008">
     <span class='ocr_line' id='line_1_54' title="bbox 1417 975 1547 1008; baseline 0 0"><span class='ocrx_word' id='word_1_305' title='bbox 1417 975 1547 1008; x_wconf 77' lang='lat' dir='ltr'>DXLHI.</span> 
     </span>
    </p>
   </div>
   <div class='ocr_carea' id='block_1_13' title="bbox 1121 1053 1858 1245">
    <p class='ocr_par' dir='ltr' id='par_1_15' title="bbox 1121 1053 1858 1245">
     <span class='ocr_line' id='line_1_55' title="bbox 1121 1053 1855 1097; baseline 0.004 -12"><span class='ocrx_word' id='word_1_306' title='bbox 1121 1053 1301 1086; x_wconf 68' lang='lat' dir='ltr'>prohibitio</span> <span class='ocrx_word' id='word_1_307' title='bbox 1326 1054 1492 1097; x_wconf 58' lang='lat' dir='ltr'>impressus</span> <span class='ocrx_word' id='word_1_308' title='bbox 1516 1055 1695 1088; x_wconf 63' lang='lat' dir='ltr'>„miliarum</span> <span class='ocrx_word' id='word_1_309' title='bbox 1727 1055 1763 1088; x_wconf 73' lang='grc' dir='ltr'>ιή</span> <span class='ocrx_word' id='word_1_310' title='bbox 1790 1067 1855 1088; x_wconf 78' lang='lat' dir='ltr'>ere-</span> 
     </span>
     <span class='ocr_line' id='line_1_56' title="bbox 1160 1107 1856 1143; baseline 0.003 -4"><span class='ocrx_word' id='word_1_311' title='bbox 1160 1108 1223 1139; x_wconf 79' lang='lat' dir='ltr'>mis</span> <span class='ocrx_word' id='word_1_312' title='bbox 1248 1108 1366 1140; x_wconf 72' lang='lat' dir='ltr'>Monlz&#39;s</span> <span class='ocrx_word' id='word_1_313' title='bbox 1390 1107 1542 1140; x_wconf 73' lang='lat' dir='ltr'>Anconae</span> <span class='ocrx_word' id='word_1_314' title='bbox 1558 1112 1586 1140; x_wconf 76' lang='lat' dir='ltr'>et</span> <span class='ocrx_word' id='word_1_315' title='bbox 1606 1109 1751 1141; x_wconf 76' lang='lat' dir='ltr'>Fanensz&#39;</span> <span class='ocrx_word' id='word_1_316' title='bbox 1777 1110 1856 1143; x_wconf 83' lang='lat' dir='ltr'>Con-</span> 
     </span>
     <span class='ocr_line' id='line_1_57' title="bbox 1160 1161 1858 1203; baseline 0.003 -11"><span class='ocrx_word' id='word_1_317' title='bbox 1160 1161 1362 1203; x_wconf 69' lang='lat' dir='ltr'>yreyalioni&#39;s</span> <span class='ocrx_word' id='word_1_318' title='bbox 1387 1161 1599 1194; x_wconf 71' lang='lat' dir='ltr'>eremitarum</span> <span class='ocrx_word' id='word_1_319' title='bbox 1625 1162 1858 1196; x_wconf 70' lang='lat' dir='ltr'>camaldulen·</span> 
     </span>
     <span class='ocr_line' id='line_1_58' title="bbox 1161 1210 1279 1245; baseline 0 -1"><span class='ocrx_word' id='word_1_320' title='bbox 1161 1210 1279 1245; x_wconf 79' lang='lat' dir='ltr'>sium¹.</span> 
     </span>
    </p>
   </div>
   <div class='ocr_carea' id='block_1_14' title="bbox 1242 1291 1731 1369">
    <p class='ocr_par' dir='ltr' id='par_1_16' title="bbox 1242 1291 1731 1369">
     <span class='ocr_line' id='line_1_59' title="bbox 1310 1291 1659 1325; baseline 0 -7"><span class='ocrx_word' id='word_1_321' title='bbox 1310 1292 1475 1318; x_wconf 79' lang='lat' dir='ltr'>Alexander</span> <span class='ocrx_word' id='word_1_322' title='bbox 1494 1292 1572 1325; x_wconf 83' lang='lat' dir='ltr'>Papa</span> <span class='ocrx_word' id='word_1_323' title='bbox 1592 1291 1659 1325; x_wconf 78' lang='lat' dir='ltr'>v11,</span> 
     </span>
     <span class='ocr_line' id='line_1_60' title="bbox 1242 1335 1731 1369; baseline 0.002 -7"><span class='ocrx_word' id='word_1_324' title='bbox 1242 1335 1278 1362; x_wconf 84' lang='lat' dir='ltr'>ad</span> <span class='ocrx_word' id='word_1_325' title='bbox 1294 1338 1469 1369; x_wconf 79' lang='lat' dir='ltr'>perpetuam</span> <span class='ocrx_word' id='word_1_326' title='bbox 1489 1336 1534 1363; x_wconf 84' lang='lat' dir='ltr'>rei</span> <span class='ocrx_word' id='word_1_327' title='bbox 1550 1336 1731 1363; x_wconf 81' lang='lat' dir='ltr'>memoriam.</span> 
     </span>
    </p>
   </div>
   <div class='ocr_carea' id='block_1_15' title="bbox 1162 1405 1859 1450">
    <p class='ocr_par' dir='ltr' id='par_1_17' title="bbox 1162 1405 1859 1450">
     <span class='ocr_line' id='line_1_61' title="bbox 1162 1405 1859 1450; baseline 0.001 -11"><span class='ocrx_word' id='word_1_328' title='bbox 1162 1405 1352 1439; x_wconf 86' lang='lat' dir='ltr'>Sollicitudo</span> <span class='ocrx_word' id='word_1_329' title='bbox 1378 1407 1552 1449; x_wconf 82' lang='lat' dir='ltr'>pastoralis</span> <span class='ocrx_word' id='word_1_330' title='bbox 1576 1407 1688 1446; x_wconf 81' lang='lat' dir='ltr'>officii,</span> <span class='ocrx_word' id='word_1_331' title='bbox 1716 1417 1779 1450; x_wconf 86' lang='lat' dir='ltr'>quo</span> <span class='ocrx_word' id='word_1_332' title='bbox 1803 1407 1859 1440; x_wconf 84' lang='lat' dir='ltr'>Ec-</span> 
     </span>
    </p>
   </div>
   <div class='ocr_carea' id='block_1_16' title="bbox 1098 1460 1857 1510">
    <p class='ocr_par' dir='ltr' id='par_1_18' title="bbox 1098 1460 1857 1510">
     <span class='ocr_line' id='line_1_62' title="bbox 1098 1460 1857 1510; baseline 0.003 -18"><span class='ocrx_word' id='word_1_333' title='bbox 1098 1460 1238 1510; x_wconf 45' lang='lat' dir='ltr'>¹clesiae</span> <span class='ocrx_word' id='word_1_334' title='bbox 1264 1460 1442 1493; x_wconf 80' lang='lat' dir='ltr'>catholicae</span> <span class='ocrx_word' id='word_1_335' title='bbox 1473 1460 1623 1503; x_wconf 74' lang='lat' dir='ltr'>regimini</span> <span class='ocrx_word' id='word_1_336' title='bbox 1655 1460 1762 1494; x_wconf 74' lang='lat' dir='ltr'>divina</span> <span class='ocrx_word' id='word_1_337' title='bbox 1794 1461 1857 1494; x_wconf 86' lang='lat' dir='ltr'>dis-</span> 
     </span>
    </p>
   </div>
   <div class='ocr_carea' id='block_1_17' title="bbox 1118 1513 1864 2508">
    <p class='ocr_par' dir='ltr' id='par_1_19' title="bbox 1118 1513 1859 1821">
     <span class='ocr_line' id='line_1_63' title="bbox 1119 1513 1857 1556; baseline 0 -11"><span class='ocrx_word' id='word_1_338' title='bbox 1119 1513 1280 1556; x_wconf 86' lang='lat' dir='ltr'>positione</span> <span class='ocrx_word' id='word_1_339' title='bbox 1305 1513 1538 1556; x_wconf 84' lang='lat' dir='ltr'>praesidemus,</span> <span class='ocrx_word' id='word_1_340' title='bbox 1559 1524 1616 1546; x_wconf 81' lang='lat' dir='ltr'>nos</span> <span class='ocrx_word' id='word_1_341' title='bbox 1641 1513 1805 1554; x_wconf 83' lang='lat' dir='ltr'>admonet,</span> <span class='ocrx_word' id='word_1_342' title='bbox 1823 1520 1857 1546; x_wconf 92' lang='lat' dir='ltr'>ut</span> 
     </span>
     <span class='ocr_line' id='line_1_64' title="bbox 1119 1565 1858 1608; baseline 0 -9"><span class='ocrx_word' id='word_1_343' title='bbox 1119 1565 1289 1608; x_wconf 79' lang='lat' dir='ltr'>religiosae</span> <span class='ocrx_word' id='word_1_344' title='bbox 1305 1565 1573 1605; x_wconf 79' lang='lat' dir='ltr'>christifidelium,</span> <span class='ocrx_word' id='word_1_345' title='bbox 1593 1566 1646 1608; x_wconf 86' lang='lat' dir='ltr'>qui</span> <span class='ocrx_word' id='word_1_346' title='bbox 1659 1566 1858 1608; x_wconf 78' lang='lat' dir='ltr'>abnegantes</span> 
     </span>
     <span class='ocr_line' id='line_1_65' title="bbox 1118 1618 1856 1662; baseline 0 -10"><span class='ocrx_word' id='word_1_347' title='bbox 1118 1618 1311 1662; x_wconf 87' lang='lat' dir='ltr'>semetipsos</span> <span class='ocrx_word' id='word_1_348' title='bbox 1339 1618 1490 1651; x_wconf 73' lang='lat' dir='ltr'>Altissimi</span> <span class='ocrx_word' id='word_1_349' title='bbox 1516 1619 1681 1661; x_wconf 87' lang='lat' dir='ltr'>obsequiis</span> <span class='ocrx_word' id='word_1_350' title='bbox 1709 1629 1780 1652; x_wconf 88' lang='lat' dir='ltr'>sese</span> <span class='ocrx_word' id='word_1_351' title='bbox 1798 1621 1856 1652; x_wconf 87' lang='lat' dir='ltr'>sub</span> 
     </span>
     <span class='ocr_line' id='line_1_66' title="bbox 1119 1671 1856 1714; baseline 0.003 -11"><span class='ocrx_word' id='word_1_352' title='bbox 1119 1671 1205 1704; x_wconf 86' lang='lat' dir='ltr'>suavi</span> <span class='ocrx_word' id='word_1_353' title='bbox 1225 1672 1307 1704; x_wconf 81' lang='lat' dir='ltr'>vitae</span> <span class='ocrx_word' id='word_1_354' title='bbox 1325 1671 1523 1705; x_wconf 86' lang='lat' dir='ltr'>monasticae</span> <span class='ocrx_word' id='word_1_355' title='bbox 1550 1672 1623 1714; x_wconf 84' lang='lat' dir='ltr'>iuga</span> <span class='ocrx_word' id='word_1_356' title='bbox 1649 1672 1856 1711; x_wconf 82' lang='lat' dir='ltr'>devoverunt,</span> 
     </span>
     <span class='ocr_line' id='line_1_67' title="bbox 1121 1724 1859 1768; baseline 0.001 -11"><span class='ocrx_word' id='word_1_357' title='bbox 1121 1724 1356 1768; x_wconf 85' lang='lat' dir='ltr'>tranquillitati,</span> <span class='ocrx_word' id='word_1_358' title='bbox 1372 1730 1525 1767; x_wconf 84' lang='lat' dir='ltr'>quantum</span> <span class='ocrx_word' id='word_1_359' title='bbox 1537 1725 1630 1757; x_wconf 90' lang='lat' dir='ltr'>nobis</span> <span class='ocrx_word' id='word_1_360' title='bbox 1649 1735 1687 1757; x_wconf 81' lang='lat' dir='ltr'>ex</span> <span class='ocrx_word' id='word_1_361' title='bbox 1701 1727 1766 1758; x_wconf 83' lang='lat' dir='ltr'>alto</span> <span class='ocrx_word' id='word_1_362' title='bbox 1785 1735 1859 1758; x_wconf 86' lang='lat' dir='ltr'>con-</span> 
     </span>
     <span class='ocr_line' id='line_1_68' title="bbox 1120 1777 1680 1821; baseline 0 -12"><span class='ocrx_word' id='word_1_363' title='bbox 1120 1777 1258 1817; x_wconf 84' lang='lat' dir='ltr'>ceditur,</span> <span class='ocrx_word' id='word_1_364' title='bbox 1278 1777 1464 1821; x_wconf 84' lang='lat' dir='ltr'>prospicere</span> <span class='ocrx_word' id='word_1_365' title='bbox 1481 1777 1680 1810; x_wconf 81' lang='lat' dir='ltr'>studeamus.</span> 
     </span>
    </p>

    <p class='ocr_par' dir='ltr' id='par_1_20' title="bbox 1121 1830 1864 2508">
     <span class='ocr_line' id='line_1_69' title="bbox 1163 1830 1857 1873; baseline 0 -10"><span class='ocrx_word' id='word_1_366' title='bbox 1163 1831 1177 1873; x_wconf 64' lang='lat' dir='ltr'>g</span> <span class='ocrx_word' id='word_1_367' title='bbox 1199 1831 1229 1863; x_wconf 80' lang='lat'>1.</span> <span class='ocrx_word' id='word_1_368' title='bbox 1257 1830 1335 1863; x_wconf 89' lang='lat' dir='ltr'>Cum</span> <span class='ocrx_word' id='word_1_369' title='bbox 1360 1831 1478 1873; x_wconf 84' lang='lat' dir='ltr'>itaque,</span> <span class='ocrx_word' id='word_1_370' title='bbox 1505 1830 1587 1863; x_wconf 88' lang='lat' dir='ltr'>sicut</span> <span class='ocrx_word' id='word_1_371' title='bbox 1611 1830 1748 1863; x_wconf 85' lang='lat' dir='ltr'>dilectus</span> <span class='ocrx_word' id='word_1_372' title='bbox 1774 1831 1857 1864; x_wconf 72' lang='lat' dir='ltr'>filius</span> 
     </span>
     <span class='ocr_line' id='line_1_70' title="bbox 1121 1883 1860 1928; baseline 0.001 -13"><span class='ocrx_word' id='word_1_373' title='bbox 1121 1889 1314 1928; x_wconf 81' lang='lat' dir='ltr'>procurator</span> <span class='ocrx_word' id='word_1_374' title='bbox 1331 1883 1491 1925; x_wconf 79' lang='lat' dir='ltr'>generalis</span> <span class='ocrx_word' id='word_1_375' title='bbox 1511 1884 1772 1926; x_wconf 74' lang='lat' dir='ltr'>congregationis</span> <span class='ocrx_word' id='word_1_376' title='bbox 1791 1893 1860 1916; x_wconf 86' lang='lat' dir='ltr'>ere-</span> 
     </span>
     <span class='ocr_line' id='line_1_71' title="bbox 1121 1936 1861 1979; baseline -0.003 -10"><span class='ocrx_word' id='word_1_377' title='bbox 1121 1937 1274 1969; x_wconf 84' lang='lat' dir='ltr'>mitarum</span> <span class='ocrx_word' id='word_1_378' title='bbox 1303 1936 1596 1969; x_wconf 87' lang='lat' dir='ltr'>Camaldulensium</span> <span class='ocrx_word' id='word_1_379' title='bbox 1630 1937 1723 1969; x_wconf 92' lang='lat' dir='ltr'>nobis</span> <span class='ocrx_word' id='word_1_380' title='bbox 1757 1946 1861 1979; x_wconf 90' lang='lat' dir='ltr'>nuper</span> 
     </span>
     <span class='ocr_line' id='line_1_72' title="bbox 1122 1988 1860 2033; baseline -0.001 -11"><span class='ocrx_word' id='word_1_381' title='bbox 1122 1990 1238 2033; x_wconf 81' lang='lat' dir='ltr'>exponi</span> <span class='ocrx_word' id='word_1_382' title='bbox 1256 1989 1342 2028; x_wconf 81' lang='lat' dir='ltr'>fecit,</span> <span class='ocrx_word' id='word_1_383' title='bbox 1359 1989 1398 2021; x_wconf 82' lang='lat' dir='ltr'>ad</span> <span class='ocrx_word' id='word_1_384' title='bbox 1419 1988 1568 2022; x_wconf 77' lang='lat' dir='ltr'>evitanda</span> <span class='ocrx_word' id='word_1_385' title='bbox 1586 1989 1860 2027; x_wconf 86' lang='lat' dir='ltr'>inconvenientia,</span> 
     </span>
     <span class='ocr_line' id='line_1_73' title="bbox 1122 2041 1862 2085; baseline -0.001 -11"><span class='ocrx_word' id='word_1_386' title='bbox 1122 2053 1202 2085; x_wconf 82' lang='lat' dir='ltr'>quae</span> <span class='ocrx_word' id='word_1_387' title='bbox 1228 2043 1261 2074; x_wconf 89' lang='lat' dir='ltr'>in</span> <span class='ocrx_word' id='word_1_388' title='bbox 1289 2041 1406 2075; x_wconf 85' lang='lat' dir='ltr'>eremis</span> <span class='ocrx_word' id='word_1_389' title='bbox 1431 2041 1546 2073; x_wconf 85' lang='lat' dir='ltr'>Montis</span> <span class='ocrx_word' id='word_1_390' title='bbox 1571 2043 1722 2074; x_wconf 84' lang='lat' dir='ltr'>Anconae</span> <span class='ocrx_word' id='word_1_391' title='bbox 1749 2047 1779 2074; x_wconf 90' lang='lat' dir='ltr'>et</span> <span class='ocrx_word' id='word_1_392' title='bbox 1804 2041 1862 2073; x_wconf 87' lang='lat' dir='ltr'>Fa-</span> 
     </span>
     <span class='ocr_line' id='line_1_74' title="bbox 1123 2095 1862 2137; baseline -0.001 -10"><span class='ocrx_word' id='word_1_393' title='bbox 1123 2095 1215 2128; x_wconf 88' lang='lat' dir='ltr'>nensi</span> <span class='ocrx_word' id='word_1_394' title='bbox 1241 2095 1342 2127; x_wconf 85' lang='lat' dir='ltr'>dictae</span> <span class='ocrx_word' id='word_1_395' title='bbox 1369 2095 1630 2137; x_wconf 79' lang='lat' dir='ltr'>congregationis</span> <span class='ocrx_word' id='word_1_396' title='bbox 1654 2100 1788 2137; x_wconf 86' lang='lat' dir='ltr'>propter</span> <span class='ocrx_word' id='word_1_397' title='bbox 1813 2104 1862 2126; x_wconf 89' lang='lat' dir='ltr'>ac-</span> 
     </span>
     <span class='ocr_line' id='line_1_75' title="bbox 1124 2147 1861 2190; baseline -0.001 -10"><span class='ocrx_word' id='word_1_398' title='bbox 1124 2158 1247 2181; x_wconf 87' lang='lat' dir='ltr'>cessum</span> <span class='ocrx_word' id='word_1_399' title='bbox 1262 2153 1294 2180; x_wconf 91' lang='lat' dir='ltr'>et</span> <span class='ocrx_word' id='word_1_400' title='bbox 1318 2147 1500 2190; x_wconf 79' lang='lat' dir='ltr'>ingressum</span> <span class='ocrx_word' id='word_1_401' title='bbox 1513 2147 1682 2180; x_wconf 80' lang='lat' dir='ltr'>mulierum</span> <span class='ocrx_word' id='word_1_402' title='bbox 1700 2147 1861 2189; x_wconf 81' lang='lat' dir='ltr'>aliquibus</span> 
     </span>
     <span class='ocr_line' id='line_1_76' title="bbox 1124 2200 1862 2242; baseline -0.001 -9"><span class='ocrx_word' id='word_1_403' title='bbox 1124 2201 1198 2233; x_wconf 86' lang='lat' dir='ltr'>anni</span> <span class='ocrx_word' id='word_1_404' title='bbox 1226 2201 1339 2233; x_wconf 89' lang='lat' dir='ltr'>diebus</span> <span class='ocrx_word' id='word_1_405' title='bbox 1363 2205 1473 2233; x_wconf 84' lang='lat' dir='ltr'>secuta</span> <span class='ocrx_word' id='word_1_406' title='bbox 1499 2200 1643 2239; x_wconf 80' lang='lat' dir='ltr'>fuerant,</span> <span class='ocrx_word' id='word_1_407' title='bbox 1671 2200 1780 2233; x_wconf 85' lang='lat' dir='ltr'>dilecti</span> <span class='ocrx_word' id='word_1_408' title='bbox 1807 2210 1862 2242; x_wconf 87' lang='lat' dir='ltr'>pa-</span> 
     </span>
     <span class='ocr_line' id='line_1_77' title="bbox 1125 2253 1863 2296; baseline -0.003 -10"><span class='ocrx_word' id='word_1_409' title='bbox 1125 2255 1203 2287; x_wconf 86' lang='lat' dir='ltr'>riter</span> <span class='ocrx_word' id='word_1_410' title='bbox 1227 2254 1283 2286; x_wconf 79' lang='lat' dir='ltr'>filii</span> <span class='ocrx_word' id='word_1_411' title='bbox 1309 2253 1495 2296; x_wconf 85' lang='lat' dir='ltr'>superiores</span> <span class='ocrx_word' id='word_1_412' title='bbox 1516 2253 1619 2296; x_wconf 87' lang='lat' dir='ltr'>ipsius</span> <span class='ocrx_word' id='word_1_413' title='bbox 1637 2253 1863 2295; x_wconf 74' lang='lat' dir='ltr'>congregatio-</span> 
     </span>
     <span class='ocr_line' id='line_1_78' title="bbox 1125 2298 1862 2350; baseline -0.005 -10"><span class='ocrx_word' id='word_1_414' title='bbox 1125 2307 1185 2347; x_wconf 88' lang='lat' dir='ltr'>nis,</span> <span class='ocrx_word' id='word_1_415' title='bbox 1204 2307 1235 2339; x_wconf 88' lang='lat' dir='ltr'>in</span> <span class='ocrx_word' id='word_1_416' title='bbox 1253 2317 1364 2340; x_wconf 86' lang='lat' dir='ltr'>eorum</span> <span class='ocrx_word' id='word_1_417' title='bbox 1385 2298 1528 2350; x_wconf 67' lang='lat' dir='ltr'>capifulo</span> <span class='ocrx_word' id='word_1_418' title='bbox 1547 2305 1704 2348; x_wconf 75' lang='lat' dir='ltr'>generali,</span> <span class='ocrx_word' id='word_1_419' title='bbox 1724 2305 1808 2348; x_wconf 83' lang='lat' dir='ltr'>quod</span> <span class='ocrx_word' id='word_1_420' title='bbox 1829 2305 1862 2337; x_wconf 90' lang='lat' dir='ltr'>in</span> 
     </span>
     <span class='ocr_line' id='line_1_79' title="bbox 1127 2359 1864 2395; baseline -0.004 -2"><span class='ocrx_word' id='word_1_421' title='bbox 1127 2370 1237 2393; x_wconf 88' lang='lat' dir='ltr'>eremo</span> <span class='ocrx_word' id='word_1_422' title='bbox 1263 2360 1443 2392; x_wconf 86' lang='lat' dir='ltr'>Tusculano</span> <span class='ocrx_word' id='word_1_423' title='bbox 1469 2360 1665 2392; x_wconf 86' lang='lat' dir='ltr'>celebratum</span> <span class='ocrx_word' id='word_1_424' title='bbox 1692 2359 1758 2395; x_wconf 76' lang='lat' dir='ltr'>suit.</span> <span class='ocrx_word' id='word_1_425' title='bbox 1786 2368 1864 2391; x_wconf 88' lang='lat' dir='ltr'>con-</span> 
     </span>
     <span class='ocr_line' id='line_1_80' title="bbox 1128 2412 1863 2455; baseline -0.005 -9"><span class='ocrx_word' id='word_1_426' title='bbox 1128 2413 1260 2455; x_wconf 77' lang='lat' dir='ltr'>gregati,</span> <span class='ocrx_word' id='word_1_427' title='bbox 1280 2412 1330 2445; x_wconf 90' lang='lat' dir='ltr'>die</span> <span class='ocrx_word' id='word_1_428' title='bbox 1350 2422 1394 2445; x_wconf 82' lang='lat' dir='ltr'>x11</span> <span class='ocrx_word' id='word_1_429' title='bbox 1419 2412 1493 2444; x_wconf 87' lang='lat' dir='ltr'>maii</span> <span class='ocrx_word' id='word_1_430' title='bbox 1518 2422 1642 2445; x_wconf 81' lang='lat' dir='ltr'>MDCva</span> <span class='ocrx_word' id='word_1_431' title='bbox 1669 2421 1726 2454; x_wconf 90' lang='lat' dir='ltr'>per</span> <span class='ocrx_word' id='word_1_432' title='bbox 1750 2421 1863 2443; x_wconf 88' lang='lat' dir='ltr'>eorum</span> 
     </span>
     <span class='ocr_line' id='line_1_81' title="bbox 1128 2464 1863 2508; baseline -0.003 -10"><span class='ocrx_word' id='word_1_433' title='bbox 1128 2467 1290 2499; x_wconf 84' lang='lat' dir='ltr'>decretum</span> <span class='ocrx_word' id='word_1_434' title='bbox 1325 2465 1553 2508; x_wconf 87' lang='lat' dir='ltr'>prohibuerint</span> <span class='ocrx_word' id='word_1_435' title='bbox 1583 2464 1793 2503; x_wconf 87' lang='lat' dir='ltr'>mulieribus,</span> <span class='ocrx_word' id='word_1_436' title='bbox 1823 2473 1863 2496; x_wconf 63' lang='lat' dir='ltr'>ne</span> 
     </span>
    </p>
   </div>
   <div class='ocr_carea' id='block_1_18' title="bbox 1166 2579 1607 2614">
    <p class='ocr_par' dir='ltr' id='par_1_21' title="bbox 1166 2579 1607 2614">
     <span class='ocr_line' id='line_1_82' title="bbox 1166 2579 1607 2614; baseline -0.002 -7"><span class='ocrx_word' id='word_1_437' title='bbox 1166 2582 1176 2607; x_wconf 89' lang='lat'>1</span> <span class='ocrx_word' id='word_1_438' title='bbox 1192 2580 1229 2607; x_wconf 75' lang='lat' dir='ltr'>Ex</span> <span class='ocrx_word' id='word_1_439' title='bbox 1245 2579 1352 2614; x_wconf 65' lang='lat' dir='ltr'>Rege-st.</span> <span class='ocrx_word' id='word_1_440' title='bbox 1369 2580 1396 2607; x_wconf 84' lang='lat' dir='ltr'>in</span> <span class='ocrx_word' id='word_1_441' title='bbox 1410 2579 1511 2607; x_wconf 78' lang='lat' dir='ltr'>Secret.</span> <span class='ocrx_word' id='word_1_442' title='bbox 1528 2580 1607 2606; x_wconf 56' lang='grc' dir='ltr'>ΒΓΗ.</span> 
     </span>
    </p>
   </div>
   <div class='ocr_carea' id='block_1_19' title="bbox 1860 197 2044 225">
    <p class='ocr_par' dir='ltr' id='par_1_22' title="bbox 1860 197 2044 225">
     <span class='ocr_line' id='line_1_83' title="bbox 1860 197 2044 225; baseline 0.011 -2"><span class='ocrx_word' id='word_1_443' title='bbox 1860 198 1911 223; x_wconf 82' lang='grc' dir='ltr'>Αη.</span> <span class='ocrx_word' id='word_1_444' title='bbox 1926 197 1954 224; x_wconf 91' lang='lat' dir='ltr'>C.</span> <span class='ocrx_word' id='word_1_445' title='bbox 1977 197 2044 225; x_wconf 71' lang='lat' dir='ltr'>iGGG</span> 
     </span>
    </p>
   </div>
   <div class='ocr_carea' id='block_1_20' title="bbox 1894 1417 2015 1438">
    <p class='ocr_par' dir='ltr' id='par_1_23' title="bbox 1894 1417 2015 1438">
     <span class='ocr_line' id='line_1_84' title="bbox 1894 1417 2015 1438; baseline 0 -1"><span class='ocrx_word' id='word_1_446' title='bbox 1894 1417 2015 1438; x_wconf 78' lang='lat' dir='ltr'>Exordium.</span> 
     </span>
    </p>
   </div>
   <div class='ocr_carea' id='block_1_21' title="bbox 1896 1838 2022 1860">
    <p class='ocr_par' dir='ltr' id='par_1_24' title="bbox 1896 1838 2022 1860">
     <span class='ocr_line' id='line_1_85' title="bbox 1896 1838 2022 1860; baseline -0.008 -2"><span class='ocrx_word' id='word_1_447' title='bbox 1896 1838 2022 1860; x_wconf 68' lang='lat' dir='ltr'>rouniauo.</span> 
     </span>
    </p>
   </div>
  </div>
 </body>
</html>
