2247 3208
107 163 145 190 An
175 163 204 190 C.
229 160 294 190 1667

936 160 1078 185 CLEMENS
1103 162 1132 185 tx
1158 163 1205 185 Pl'.

300 222 317 243 a
342 210 509 254 praedicto
535 210 591 242 Pio
618 210 640 241 V
658 209 910 253 praedecessore
929 220 1044 253 proro-

300 270 407 307 gatum
425 264 476 296 vel
493 274 693 302 eoncessum,
710 263 748 295 ad
767 263 852 296 aliud
867 263 1043 295 triennium
1064 255 1065 265 ¹

299 317 414 360 prime,
430 321 461 349 et
476 316 593 348 deinde.
615 316 654 347 ad
677 315 946 358 quinquennium,
965 315 1043 348 alias
1064 311 1065 315 ¹

300 371 388 403 iuxta
410 370 546 402 sormam
562 369 743 401 litterarum
766 369 883 401 indulti
902 368 988 401 Pauli
1008 369 1043 400 lY

300 422 561 467 praedecessoris
579 422 745 465 praedicti,
758 423 920 455 dumtaxat
934 428 1044 454 exten·
1064 422 1066 458 i

302 477 403 516 derat,
422 477 472 509 vel
497 476 593 509 etiam
623 479 843 511 concesserat.
870 480 902 507 et
927 474 1043 506 deinde

302 530 386 562 idem
414 528 670 572 quinquennium
689 528 726 561 al)
753 538 791 561 eo
817 532 1042 570 prorogatum,
1064 519 1066 554 3

302 585 352 616 vel
379 593 579 621 concessum,
598 583 636 614 ad
656 581 742 614 aliud
769 580 1041 624 quinquennium,
1064 569 1065 599 1

304 637 343 669 31)
369 636 457 669 illius
483 635 544 667 line
571 634 821 670 numerandum,
852 632 1044 664 extenderat

302 695 334 722 et
363 689 592 732 ampliaverat,
621 687 646 718 si
683 696 760 718 voro
797 687 922 728 lapsum
958 690 1043 717 esset

302 752 423 775 novum
459 740 717 784 quinquennium
753 738 967 778 huiusmodi,
1004 738 1042 770 ad

303 795 366 828 hoc
384 799 427 834 ut,
447 793 612 837 praedicto
638 803 720 825 novo
747 791 973 835 quinquennio
992 791 1043 823 du-

302 853 407 887 rante,
428 853 546 885 rector,
568 846 680 879 demini
699 856 735 877 ac
756 845 942 888 provisores
956 855 1044 887 prae-
1064 837 1066 862 ³

303 901 381 934 dicti
402 901 441 933 ad
460 899 699 943 presbyterales
716 897 866 931 maioris¹
885 903 915 930 et
936 898 966 929 S.
987 897 1045 930 Ge-

302 955 413 988 reonis
440 959 574 993 tantum,
589 953 627 985 ad
655 963 768 985 omnes
793 962 870 985 vero
895 952 975 984 alios
999 962 1044 983 re·
1065 978 1066 982 ,

303 1008 464 1050 liquarum
490 1006 700 1039 ecclesiarum
725 1005 966 1038 Coloniensium
993 1015 1045 1037 ca-

303 1060 476 1092 nonicatus
502 1064 533 1091 ct
556 1058 760 1101 praebendas
780 1057 953 1096 dumtaxat,
974 1067 1045 1100 per-

305 1123 404 1146 sonas
429 1112 597 1144 nominare
623 1116 776 1154 possent,
804 1111 842 1143 de
868 1121 949 1143 novo
971 1121 1046 1142 con-

305 1171 461 1205 cesserat,
485 1170 515 1197 et
534 1165 712 1197 successive
732 1164 847 1196 similis
868 1163 1044 1196 memoriae

305 1218 410 1251 Sixtus
441 1218 527 1260 Papa
550 1217 573 1248 V
598 1217 692 1249 etiam
726 1217 959 1259 praedecessor
987 1226 1046 1248 no-

306 1276 373 1304 ster
397 1269 668 1313 quinquennium,
686 1270 725 1301 al»
752 1269 868 1301 eodem
887 1268 1045 1310 Gregorio

305 1324 561 1369 praedecessore
595 1322 709 1354 ultimo
747 1326 957 1364 prorogatum
990 1332 1044 1353 seu

306 1387 510 1417 eoncessum,
528 1376 568 1409 ad
594 1375 852 1418 quadriemiium,
867 1386 885 1407 3
909 1374 972 1407 sine
998 1376 1046 1407 ul-

306 1430 384 1462 timo
409 1429 577 1472 prorogati
603 1439 658 1461 seu
691 1428 839 1461 concessi
866 1428 1047 1471 quinquen-

306 1483 351 1515 nii
377 1483 560 1515 huiusmodi
586 1482 826 1521 inchoandum,
857 1482 1047 1514 extenderat

307 1541 339 1568 et
364 1536 596 1578 ampliaverat,
631 1535 656 1567 si
695 1545 771 1567 vero
806 1536 932 1577 lapsum
964 1540 1048 1567 esset

307 1601 427 1623 novum
444 1589 692 1633 quadriennium
713 1589 906 1627 huiusmodi,
927 1589 966 1621 ad
985 1589 1047 1621 hoe

306 1648 352 1683 ut,
377 1643 448 1686 ipso
474 1643 619 1682 durante,
644 1647 763 1680 rector,
779 1642 894 1674 decani
920 1647 951 1674 et
976 1652 1049 1684 pro-

307 1696 430 1729 visores
449 1696 487 1728 ad
504 1696 745 1739 presbyterales
758 1695 887 1728 maioris
902 1700 933 1727 et
946 1695 974 1727 S.
989 1695 1049 1728 Ge-

308 1749 431 1789 reonis,
449 1749 486 1780 ad
505 1759 616 1782 omnes
639 1759 716 1781 vero
743 1748 822 1781 alios
847 1748 1047 1791 reliquarum

311 1802 521 1835 ecclesiarum
535 1802 778 1835 Coloniensium
796 1801 1004 1834 canonicatus
1018 1808 1050 1834 et,

309 1856 515 1898 praebendas
537 1856 708 1894 dumtaxat,
726 1855 780 1897 qui
795 1855 924 1887 interim
942 1855 974 1886 in
996 1855 1050 1887 ali-

310 1918 374 1950 quo
395 1918 431 1939 ex
452 1907 553 1940 tribus
579 1908 746 1940 mensibus
764 1907 936 1950 praedictis
962 1913 1050 1939 extra

310 1960 489 1993 Romanam
507 1961 629 1993 curiam
648 1966 808 2000 vacarent,
824 1966 856 1992 et
872 1961 950 1993 alias
964 1960 1050 1992 iuxta

311 2014 447 2047 sormam
487 2020 518 2047 et
552 2021 698 2047 tenorem
742 2015 922 2047 litterarum
959 2014 1049 2046 Pauli
1070 1995 1073 2040 1

312 2067 572 2111 praedecessoris
598 2068 755 2110 praedicti
784 2073 906 2100 tantum
938 2078 1051 2110 perso-

312 2130 369 2152 nas
391 2125 427 2152 ut
440 2121 623 2162 praefertur
648 2120 847 2163 qualilicatas
870 2120 1049 2159 nominare,

312 2177 344 2204 et
375 2171 457 2205 alia²
482 2173 597 2205 litteris
630 2173 705 2205 dicti
742 2173 831 2205 Pauli
857 2172 893 2204 IV
917 2172 1053 2215 praede-

314 2225 450 2258 cessoris
476 2231 627 2258 cententa
657 2227 763 2258 facere
789 2231 924 2268 possent
947 2225 1053 2257 indul-

314 2283 410 2317 serat,
437 2278 481 2310 ita
506 2284 612 2311 tamen
638 2284 672 2310 ut
696 2289 855 2322 personae
880 2278 926 2310 sic
951 2278 1054 2311 nomi-

314 2336 419 2369 natae,
434 2331 517 2363 intra
534 2342 585 2364 sex
604 2342 731 2365 menses
750 2342 766 2363 a
783 2332 833 2364 die
847 2331 1050 2374 provisionis,

314 2383 498 2417 collationis
524 2394 580 2416 seu
597 2385 731 2416 alterius
753 2383 891 2416 cuiusvis
918 2384 1054 2427 disposi-

314 2437 413 2470 tionis
440 2438 478 2470 de
512 2437 604 2469 dictis
638 2437 881 2470 canonicatibus
907 2443 938 2469 et
962 2447 1054 2480 prae-

352 2508 361 2534 1
387 2506 435 2534 Ed.
453 2507 531 2534 Maiu.
547 2507 611 2543 tegit
627 2507 752 2550 maz'oiles
766 2508 804 2540 (n.
821 2507 869 2541 τ.).

349 2553 366 2579 ⁶2
387 2552 433 2579 1211.
453 2552 530 2579 Δ11313.
548 2553 612 2588 legit
627 2552 718 2579 celiam
736 2560 783 2588 pro
799 2553 859 2579 alia
871 2553 906 2587 (R.
918 2554 965 2585 T.).

1086 210 1201 242 hendis
1228 210 1258 242 in
1285 210 1346 243 vim
1379 210 1611 243 nominationis
1642 207 1825 242 huiusmodi

1088 263 1187 295 sactae
1203 264 1428 301 numerandos,
1448 274 1547 296 novas
1565 262 1769 306 provisiones
1787 261 1825 293 de

1087 315 1209 347 eisdem
1246 316 1486 349 canonicatibus
1525 322 1555 348 et
1587 314 1784 359 praebendis
1810 326 1826 347 a

1087 368 1171 400 dicta
1196 368 1276 400 Sede.
1303 375 1413 411 petere
1436 375 1467 401 et
1485 370 1606 401 litteras
1631 368 1826 411 apostolicas

1087 422 1146 452 suh
1172 421 1305 464 plumbo
1331 422 1362 452 111
1382 426 1482 453 totum
1501 420 1683 464 expedire¹,
1702 432 1737 454 ac
1754 421 1825 454 iura

1087 484 1231 507 camerae
1258 475 1458 517 apostolicae
1487 480 1519 507 et
1555 475 1626 507 aliis
1651 481 1826 518 propterea

1088 526 1195 558 debita
1212 528 1396 569 persolvere
1423 527 1555 560 omnino
1572 532 1774 566 tenerentur,
1795 532 1826 559 et

1087 579 1145 610 nisi
1172 580 1348 622 praemissa
1373 580 1601 623 adimplerent,
1629 581 1700 623 ipso
1724 591 1827 613 seme-

1064 633 1066 668 ζ
1087 631 1143 663 stri
1169 633 1294 675 elapso,
1325 633 1422 665 iidem
1449 633 1655 665 canonicatus
1678 639 1709 666 et
1734 644 1827 676 prae-

1064 679 1066 728 Ἰ
1086 685 1212 717 bendae
1236 685 1371 718 vacent²
1388 697 1426 718 eo
1453 686 1533 729 ipso,
1552 692 1583 718 et
1607 687 1651 718 sie
1677 691 1827 719 vacantes

1086 748 1146 781 per
1170 738 1286 771 Sedem
1312 738 1535 781 Apostolieam
1567 740 1733 772 dumtaxat
1756 740 1827 772 aliis

1064 808 1066 836 3
1088 791 1254 834 quibusvis
1280 792 1428 835 personis
1453 793 1603 825 conferre
1629 793 1729 825 libere
1754 804 1828 835 pos-

1088 850 1183 884 sent·,
1211 845 1326 878 volens
1345 853 1377 879 ut
1401 851 1510 878 rector
1542 851 1573 878 et
1590 845 1643 878 alii
1669 846 1828 888 praedicti

1088 898 1274 931 huiusmodi
1300 899 1349 931 ius
1374 898 1562 931 nominandi
1577 899 1742 938 habentes,
1762 899 1826 931 sive

1089 951 1314 990 ecelesiastici,
1343 952 1407 984 sive
1427 951 1499 984 laici
1525 952 1643 991 forent,
1664 951 1758 983 fidem
1782 962 1828 984 ca-

1088 1005 1242 1037 tholicam
1267 1005 1354 1037 iuxta
1379 1005 1534 1037 articulos
1553 1004 1592 1037 ab
1611 1005 1721 1037 eadem
1746 1004 1828 1037 Sede

1088 1058 1274 1100 propositos
1323 1057 1356 1090 in
1399 1057 1548 1089 manilius
1590 1057 1828 1100 archiepiscopi

1088 1121 1142 1142 seu
1178 1111 1322 1143 officialis
1348 1110 1549 1143 Coloniensis
1582 1121 1643 1153 pro
1680 1115 1827 1153 tempore

1088 1163 1256 1196 existentis
1281 1163 1372 1195 annis
1397 1164 1534 1205 singulis
1567 1162 1714 1206 profiteri
1741 1168 1830 1195 tene-

1088 1222 1208 1256 rentur,
1225 1217 1369 1260 alioquin
1395 1216 1633 1249 nominationes
1659 1217 1697 1248 ab
1723 1216 1767 1248 eis
1785 1217 1830 1248 sa-

1089 1270 1246 1309 ciendae,
1275 1275 1306 1302 et
1330 1270 1404 1302 inde
1435 1275 1543 1302 secuta
1568 1269 1684 1309 onmia,
1710 1270 1830 1302 nullius

1089 1328 1196 1355 essent
1220 1323 1347 1355 roboris
1368 1324 1418 1355 vel
1443 1322 1622 1365 momenti),
1644 1322 1712 1365 ipse
1734 1323 1830 1355 etiam

1089 1377 1235 1409 Clemens
1250 1376 1495 1419 praedecessor,
1507 1375 1604 1408 certis
1619 1382 1693 1408 tunc
1707 1385 1831 1418 expres-

1090 1430 1131 1462 sis
1149 1430 1187 1461 de
1206 1429 1319 1469 causis,
1339 1435 1464 1472 tempus
1483 1428 1690 1471 quadriennii
1708 1439 1767 1471 per
1785 1428 1832 1461 di-

1090 1488 1174 1515 ctum
1201 1482 1324 1515 Sixtum
1351 1482 1641 1525 praedecessorem
1666 1481 1831 1524 prorogati

1091 1547 1148 1569 seu
1175 1537 1212 1569 de
1238 1547 1320 1569 novo
1345 1535 1505 1573 concessi,
1533 1535 1571 1568 de
1597 1534 1731 1567 consilio
1757 1540 1832 1566 tunc

1091 1589 1296 1621 existentium
1321 1588 1351 1621 S.
1383 1588 1420 1620 R.
1453 1588 1488 1620 E.
1517 1587 1728 1620 cardinalium
1757 1597 1833 1619 con-

1092 1642 1293 1685 gregationis
1309 1641 1508 1680 Germaniae,
1526 1641 1575 1673 his
1594 1641 1632 1672 ad
1644 1639 1730 1672 aliud
1743 1639 1833 1682 quin-

1092 1697 1269 1739 quennium
1303 1696 1493 1728 extenderat
1517 1700 1547 1726 et
1573 1697 1829 1736 prorogaverat,

1093 1754 1133 1789 et,
1149 1755 1305 1792 quatenus
1321 1749 1446 1791 lapsum
1462 1752 1555 1783 esset,
1572 1746 1657 1779 idem
1671 1745 1833 1778 indultum

1093 1803 1132 1835 de
1158 1812 1239 1835 novo
1265 1806 1482 1839 concesserat,
1509 1801 1595 1831 iuxta
1622 1799 1755 1831 formam
1782 1798 1833 1830 lit-

1093 1862 1234 1888 terarum
1267 1855 1353 1887 Pauli
1388 1854 1423 1886 lt·
1453 1851 1716 1896 praedecessoris
1742 1861 1835 1893 prae-

1094 1909 1177 1945 dicti,
1198 1909 1241 1940 ita
1261 1914 1367 1939 tamen
1389 1913 1424 1938 ut
1440 1906 1559 1950 prioris
1585 1905 1703 1937 indulti
1730 1903 1834 1935 liuius-

1071 1961 1179 1993 ,modi
1204 1960 1396 2004 prorogatio
1422 1970 1479 1991 seu
1506 1958 1674 1991 concessio
1693 1967 1758 1988 non
1784 1967 1835 1989 ex-

1095 2015 1288 2047 tenderetur
1303 2013 1342 2045 ad
1357 2012 1565 2044 canonicatus
1580 2016 1608 2043 et
1626 2009 1833 2053 praebendae

1095 2066 1252 2099 ecclesiae
1291 2064 1561 2107 metropolitanae
1578 2091 1585 2102 ,
1625 2063 1663 2095 ad
1698 2062 1836 2094 vicarias

1094 2130 1171 2152 vero
1198 2125 1262 2151 tam
1288 2119 1392 2151 dictae
1420 2117 1710 2159 metropolitanae,
1739 2125 1836 2158 quam

1096 2173 1230 2204 aliarum
1256 2171 1468 2204 ecclesiarum
1493 2169 1638 2201 omnium
1668 2169 1771 2201 dictae
1794 2168 1837 2199 ei-

1095 2226 1213 2265 vitatis,
1234 2225 1329 2257 etiam
1355 2224 1393 2256 ad
1419 2223 1512 2263 alios,
1532 2222 1587 2265 qui
1605 2222 1637 2254 111
1656 2222 1716 2254 alia
1741 2232 1837 2265 quam

1096 2278 1279 2312 Coloniensi
1312 2277 1474 2309 academia
1506 2276 1641 2318 gradum
1675 2276 1838 2318 suscepis-

1097 2337 1178 2371 sent,
1198 2331 1278 2363 illud
1297 2336 1464 2363 extensum
1483 2339 1555 2361 esse
1571 2330 1719 2362 voluerat
1736 2334 1767 2360 ct
1785 2338 1838 2360 ex—

1097 2385 1246 2426 tenderat
1262 2394 1297 2415 ac
1322 2383 1542 2425 ampliaverat,
1568 2383 1677 2414 volens
1698 2387 1729 2413 et
1751 2380 1838 2412 inhi-

1097 2438 1188 2477 bens,
1205 2437 1232 2469 si
1253 2435 1370 2478 aliquis
1384 2435 1570 2468 nominatus
1586 2433 1778 2466 beneficium
1797 2433 1837 2466 ad

1134 2510 1144 2534 1
1167 2507 1212 2533 Vel
1233 2506 1368 2540 eirpedi'ri
1387 2508 1482 2540 facere
1503 2506 1542 2539 (n.
1559 2505 1608 2538 T.).

1132 2552 1149 2579 2
1168 2551 1263 2587 Aptius
1280 2551 1336 2586 lege
1354 2554 1487 2579 vacarent
1505 2552 1541 2585 (n.
1557 2552 1606 2584 T.)-

1720 150 1783 183 5:37
1829 157 1923 184 Amo.
1949 155 2018 182 ’(07
