2247 3208
113 230 163 256 An.
185 229 214 256 C.
236 228 303 256 1662

136 1661 251 1689 Expositio.

897 221 1085 245 ALEXANDER
1108 221 1152 245 vu
1178 222 1226 245 ΡΙ).

311 276 374 316 sis,
401 285 498 308 manu
524 273 661 307 alicuius
688 271 806 305 notarii
832 270 955 314 publici
987 280 1045 302 scu

310 329 414 362 dictae
440 326 710 370 Congrcgationis
744 324 904 357 Missionis
938 334 1047 356 scere-

311 381 384 414 tarii
409 379 614 423 subscriptis,
637 384 669 411 ct
686 378 794 421 sigillo
813 376 950 410 alicuius
971 386 1046 419 per-

310 444 409 468 sonae
434 434 466 466 in
488 432 711 466 ecclesiastica
742 430 899 474 dignitate
924 429 1046 462 consti-

310 493 397 520 tutae
424 498 481 521 seu
500 486 681 530 superioris
708 483 870 527 generalis
897 482 1062 515 eiusdem

308 540 578 584 Congregationis
598 538 743 578 munitis,
770 537 885 570 eadem
907 546 1043 579 prorsus

308 594 389 627 fides
415 593 536 637 ubique
562 594 709 625 locorum
736 595 768 623 et
791 589 947 632 gentium,
979 594 1061 620 tani

308 647 340 679 in
366 647 486 680 iudicio
512 656 609 690 quam
639 649 730 677 extra
761 643 861 683 illud,
889 642 1061 675 adhibeas

309 705 370 740 tur,
397 710 479 742 quae
511 699 661 742 ipsismet
691 696 920 740 praesentibus
952 695 1044 727 adhi-

307 754 453 792 beretur,
472 752 498 784 si
512 752 620 784 forent
633 750 796 783 exhibitae
814 750 863 782 vel
881 755 1042 781 ostensae.

351 805 466 837 Datum
492 804 631 843 Romae,
658 802 743 846 apud
767 802 798 835 S.
826 802 956 834 Mariam
981 801 1044 834 Ma-

306 857 429 897 iorem,
456 857 515 889 sub
541 856 661 889 annulo
692 854 887 894 Piscatoris,
915 854 966 886 die
998 864 1042 887 vn

307 910 451 943 octobris
473 919 612 949 noemi,
630 907 839 952 pontificatus
864 906 969 940 nostri
987 917 1043 939 an-

307 973 349 996 no
374 973 443 996 vni.

341 1024 400 1052 Dat.
418 1025 461 1053 die
476 1025 491 1052 7
508 1024 627 1052 octobris
645 1024 727 1058 1662,
746 1024 845 1059 pontif.
861 1031 905 1050 an.
922 1029 977 1050 vni.

608 1166 731 1199 CDVIII.

308 1246 514 1289 Confirmatio
563 1245 703 1279 brevium
750 1255 846 1287 super
883 1244 1042 1277 divisione

349 1299 535 1342 provinciae
557 1298 588 1331 S.
609 1298 744 1331 Ioannis
763 1298 941 1340 Baptistae,
960 1307 1041 1330 erec-

352 1353 499 1395 tioneque
524 1352 562 1384 B.
589 1351 681 1384 Petri
705 1350 742 1383 cle
766 1350 949 1383 Alcantara
972 1351 1041 1383 Dis-

350 1405 564 1438 calceatorum
589 1405 694 1437 sancti
720 1403 891 1437 Francz'sci
914 1414 1040 1436 nuncu-

316 1466 319 1468 ·
348 1462 502 1500 palorum
515 1458 534 1490 ¹.

500 1538 663 1565 Alexander
683 1537 761 1571 Papa
780 1537 847 1569 vn,

447 1582 483 1609 ad
502 1582 634 1609 futuram
654 1582 699 1609 rei
719 1581 900 1608 memoriam.

350 1652 435 1686 Alias
460 1663 520 1696 pro
544 1657 637 1696 parte
659 1652 769 1686 dilecti
794 1651 850 1685 filii
868 1652 954 1686 Petri
979 1653 1042 1686 Ro-

307 1705 378 1747 che‚
405 1707 622 1740 commissarii
654 1707 818 1749 generalis
843 1707 953 1740 curiae
980 1707 1042 1740 sra-

308 1765 393 1792 trum
407 1758 548 1793 familiae
568 1761 830 1792 ultramontanae
845 1759 974 1793 Ordinis
989 1760 1043 1793 Mi-

307 1823 425 1846 norum
451 1813 552 1845 sancti
578 1813 741 1846 Francisci
767 1813 806 1846 de
831 1813 1060 1847 Observantia·

306 1871 577 1909 nuncupatorum,
604 1865 852 1909 congregationi
873 1867 1042 1899 venerabi—

306 1917 385 1950 lium
411 1918 547 1950 fratrum
573 1925 762 1958 nostrorum
794 1918 824 1951 S.
853 1918 889 1951 R.
917 1919 951 1951 E.
972 1928 1042 1951 car-

307 1970 464 2003 dinalium
505 1971 645 2013 negotiis
678 1976 710 2003 et
745 1971 1041 2004 consultationibus

307 2022 540 2067 episcoporum
573 2029 605 2056 et
638 2023 837 2065 regularium
872 2024 1060 2067 praeposi-³

308 2081 358 2108 tae
384 2076 543 2120 exposito,
566 2077 660 2119 quod,
688 2076 775 2108 iuxta
800 2077 987 2109 mandatum
1013 2082 1044 2109 et

309 2129 479 2162 decretum
502 2129 637 2172 capituli
662 2129 825 2172 generalis
851 2128 928 2162 dicti
953 2130 1044 2163 Ordi-

309 2181 359 2214 nis
385 2192 469 2214 anno
494 2191 638 2216 MDCLVIII
664 2182 830 2222 celebrati,
857 2183 897 2215 ad
923 2183 1045 2215 instan-

310 2235 387 2267 tiam
406 2236 540 2267 fratrum
561 2235 747 2278 provinciae
769 2235 800 2268 S.
822 2236 949 2268 loannis
965 2237 1045 2279 Bap-

311 2288 405 2320 tistae
431 2288 577 2320 eiusdem
603 2287 731 2321 Ordinis
758 2288 852 2320 nobis
878 2289 1047 2322 humiliter

311 2341 529 2385 supplicatum
555 2342 659 2374 suerat
680 2348 714 2374 ut
741 2343 889 2375 eamdem
915 2343 1047 2386 provin-

311 2394 393 2427 ciam
419 2394 451 2426 in
477 2395 555 2427 duas
581 2395 679 2428 dividi
704 2395 986 2436 concederemus;

348 2482 358 2507 1
374 2481 437 2508 vide
448 2481 537 2509 Const.
550 2489 598 2508 εει,
611 2483 661 2516 (αἰ.
675 2481 749 2516 Ξ48),
760 2481 955 2514 sacrosancti,
967 2481 1047 2508 huius

312 2524 458 2559 PontificiS,
476 2530 538 2552 tom.
555 2532 611 2559 xvi,
627 2534 689 2560 pag.
707 2526 775 2558 480;
796 2530 822 2552 et
837 2526 925 2552 Const.
943 2532 1046 2560 cccvlu,

312 2570 394 2597 Alias
412 2578 473 2604 nos,
494 2569 559 2596 ibid.
581 2578 641 2605 pag.
663 2570 725 2603 596,
747 2570 772 2597 in
792 2570 889 2606 quibus
909 2571 995 2606 agitur
1015 2570 1047 2598 de

314 2613 364 2641 hac
383 2614 572 2642 controversia.

1736 214 1778 248 69

1124 269 1138 312 ἓ
1163 269 1193 301 l.
1221 269 1350 313 Nosque
1375 281 1435 314 per
1461 272 1616 315 quasdam
1634 277 1764 305 nostras
1785 272 1817 304 in

1081 321 1177 354 ¹simili
1215 322 1319 355 forma
1353 323 1464 356 Brevis
1499 324 1641 365 litteras,
1680 336 1816 368 quarum

1080 375 1206 408 initium
1232 376 1435 409 sacrosancti
1459 378 1657 420 aposlolatus
1674 379 1818 421 officium

1079 433 1152 468 etc„
1181 430 1367 462 facultatem
1391 431 1528 463 faciendi
1546 432 1739 465 divisionem
1758 432 1817 465 hu-

1078 480 1219 513 iusmodi
1245 492 1525 523 concesseramus,
1553 495 1624 517 cum
1650 485 1815 518 erectione

1078 544 1179 565 novae
1205 535 1392 576 provinciae
1418 535 1546 568 Ordinis
1571 537 1730 579 praedicti
1756 539 1815 571 sub

1079 587 1171 620 titulo
1187 588 1220 620 Β.
1244 587 1329 620 Petri
1351 589 1389 621 de
1408 589 1597 630 Alcantara;
1618 595 1649 623 et
1666 591 1813 631 subinde,

1077 641 1116 672 ad
1141 641 1336 683 petitionem
1362 642 1459 674 huius
1486 652 1588 675 novae
1614 644 1813 686 provinciae,

1076 694 1209 736 praevia
1233 694 1464 727 informatione
1491 706 1507 727 a
1533 695 1651 728 dilecto
1669 696 1735 729 filio
1756 697 1815 729 mi-

1078 747 1180 779 nistro
1205 747 1397 791 provinciali
1430 747 1507 780 dieti
1532 747 1662 780 Ordinis
1688 749 1812 789 hahita,

1077 810 1138 843 per
1161 800 1240 833 alias
1266 806 1395 833 nostras
1429 801 1525 833 etiam
1551 801 1583 833 in
1609 801 1713 834 forma
1737 802 1815 834 Bre-

1076 852 1122 886 vis
1153 853 1293 893 litteras,
1328 863 1410 896 quae
1443 853 1603 897 incipiunt
1629 854 1726 887 Alitis
1757 864 1814 886 uos

1076 907 1247 946 carissimi,
1271 911 1344 946 etc„
1364 906 1549 939 ministrum
1566 907 1811 950 provincialem,

1077 971 1112 992 ac
1137 960 1305 992 custodem
1332 965 1364 992 et
1388 959 1578 992 definitores
1605 970 1707 993 novae
1737 971 1815 1004 pro-

1077 1014 1187 1046 vincae
1225 1012 1414 1046 huiusmodi
1452 1013 1742 1056 deputaveramus3
1776 1024 1813 1047 ac

1076 1077 1137 1110 per
1168 1066 1277 1099 ambas
1312 1066 1437 1098 litteras
1474 1066 1658 1109 praedictas
1694 1076 1812 1099 novem

1077 1125 1254 1152 conventus
1280 1119 1563 1162 assignaveramus
1581 1119 1688 1152 eidem
1708 1130 1812 1152 novae

1076 1173 1274 1215 provinciae,
1301 1183 1383 1215 quae
1402 1177 1475 1205 octo
1497 1177 1717 1205 conventuum
1736 1183 1813 1216 pos-

1076 1226 1258 1258 sessionem
1288 1225 1431 1268 adepta¹
1466 1226 1592 1266 suerat,
1624 1226 1710 1259 dicta
1733 1236 1811 1259 vero

1075 1279 1243 1322 provincia
1275 1278 1306 1311 S.
1334 1279 1463 1311 Ioannis
1481 1279 1645 1322 Baptistae
1672 1289 1813 1312 conven-

1076 1337 1143 1364 tum
1169 1332 1317 1371 Murciae,
1345 1332 1400 1374 qui
1425 1331 1624 1375 praecipuus
1654 1331 1742 1365 inter
1766 1332 1813 1365 di—

1075 1390 1144 1418 ctos
1170 1395 1286 1418 novem
1310 1390 1488 1418 conventus
1515 1389 1593 1425 erat,
1632 1385 1812 1418 retinuerat

1076 1439 1186 1482 vigore
1212 1438 1402 1471 concordati
1436 1438 1522 1471 inter
1555 1439 1667 1471 ambas
1699 1444 1810 1482 partes

1076 1492 1166 1531 sacti,
1193 1492 1251 1525 sed
1276 1491 1496 1535 postmodum,
1523 1501 1596 1524 cum
1623 1492 1811 1524 huiusmodi

1076 1545 1310 1578 concordatum
1335 1544 1513 1588 praedictis
1545 1545 1666 1578 nostris
1692 1544 1810 1578 litteris

1076 1598 1326 1641 praeiudicaret,
1346 1598 1431 1631 dicta
1448 1608 1530 1631 nova
1547 1598 1717 1641 provincia
1735 1608 1812 1641 pro-

1076 1656 1262 1684 curatorem
1285 1652 1324 1684 ad
1350 1651 1528 1684 Romanam
1565 1651 1689 1684 curiam
1714 1650 1812 1683 mise-

1076 1711 1125 1738 rat
1150 1706 1188 1738 ad
1214 1704 1363 1738 effectum
1389 1704 1597 1747 proponendi
1627 1714 1758 1737 causam
1778 1704 1811 1736 in

1076 1758 1245 1802 praedicta
1280 1757 1495 1790 cardinalium
1527 1756 1781 1800 congregatione
1802 1783 1809 1796 ,

1077 1822 1170 1854 quae,
1190 1811 1361 1853 utriusque
1387 1810 1488 1853 partis
1515 1809 1697 1842 rationibus
1723 1809 1812 1842 audi-

1077 1865 1130 1905 tis,
1165 1863 1362 1896 sententiam
1409 1863 1546 1895 dederat
1587 1862 1625 1895 ad
1667 1862 1811 1895 savorem

1076 1917 1263 1960 praedictae
1283 1926 1384 1948 novae
1403 1915 1602 1958 provinciae,
1622 1915 1811 1958 dictumque

1077 1970 1312 2003 concordatum
1344 1966 1470 2000 nullum
1504 1968 1743 2007 declaraverat,
1775 1976 1812 1999 ac

1077 2028 1294 2057 memoratum
1320 2026 1517 2054 conventum
1542 2021 1683 2054 Murciae
1705 2020 1812 2054 eidem

1077 2087 1179 2109 novae
1205 2075 1391 2119 provinciae
1414 2074 1541 2107 restitui
1560 2075 1681 2107 debere
1700 2074 1813 2107 decre—

1060 2130 1062 2151 l
1079 2135 1180 2169 verat;
1207 2137 1317 2161 verum
1339 2128 1505 2172 praedicta
1522 2127 1691 2171 provincia
1714 2127 1745 2160 S.
1765 2127 1814 2160 Io-

1079 2183 1171 2215 annis
1204 2182 1369 2225 Baptistae
1402 2181 1587 2214 executioni
1618 2181 1814 2225 apostolica-

1080 2246 1151 2268 rum
1176 2236 1209 2268 in
1234 2235 1332 2267 simili
1365 2235 1468 2268 forma
1493 2234 1604 2267 Brevis
1630 2235 1813 2267 litterarum

1080 2298 1180 2331 super
1204 2287 1395 2331 praemissis
1429 2292 1652 2319 emanatarum
1684 2286 1814 2319 restite-

1081 2347 1156 2381 1·at;
1191 2341 1340 2381 tandem,
1377 2345 1453 2384 post
1492 2341 1683 2383 gravissima
1721 2350 1814 2372 sean-

1082 2395 1153 2427 dala
1171 2405 1237 2427 non
1262 2395 1369 2427 solum
1393 2395 1425 2426 in
1451 2394 1580 2426 civitate
1599 2393 1738 2427 Murciae
1756 2393 1814 2426 sed

1082 2448 1179 2480 etiam
1210 2447 1243 2480 in
1269 2448 1422 2480 universo
1448 2447 1678 2490 Hispaniarum
1711 2455 1813 2488 regno

1081 2505 1207 2539 secuta,
1250 2499 1401 2532 eumdem
1441 2504 1638 2532 conventum
1674 2498 1814 2531 Murciae

1082 2553 1186 2586 (lictae
1212 2563 1314 2586 novae
1340 2553 1527 2596 provinciae
1546 2552 1812 2594 consignaverat,

1118 2616 1127 2642 1
1151 2615 1219 2642 Male
1240 2614 1304 2641 editi
1326 2614 1404 2641 nain.
1429 2614 1489 2649 legit
1510 2615 1645 2645 adempta
1664 2615 1700 2646 (n.
1723 2615 1770 2644 r).

1825 224 1872 251 An.
1895 224 1923 251 C.
1945 224 2015 252 1662
