2247 3208
117 221 167 248 An.
185 220 214 247 (3.
238 218 305 247 ¹563

905 215 1093 239 ALEXANDER
1115 216 1158 238 Vll
1185 216 1232 238 Pr.

310 266 475 304 uscerios,
504 265 727 308 apparitores,
755 264 874 297 milites
899 263 1050 295 custodes

311 325 342 352 01
373 324 562 351 executores
599 328 844 360 quoscumque,
872 321 903 349 ct
938 326 1049 348 eorum

313 372 516 414 quemlibet,
543 382 576 402 ac
609 372 713 403 forsan
747 381 805 413 per
837 370 994 412 populum
1020 372 1051 399 et

311 424 452 467 privatos
477 424 612 455 civitatis
638 423 870 456 Avcniononsis
896 427 927 453 et
951 420 1051 454 comi-

311 482 396 508 tatus
406 476 592 519 Vcnayssini
605 482 789 509 nostrorum
800 474 1049 518 praedictorum,

312 529 429 561 aliasve
451 529 613 571 quaslibet
632 539 801 572 personas,
823 527 918 559 etiam
938 525 1049 567 regali,

313 581 416 614 ducali
442 586 474 613 et
498 581 559 614 alia
584 591 784 624 quacumque
816 578 970 621 dignitate
1002 577 1051 609 in-

312 634 445 675 signitas
463 644 497 666 ae
519 633 648 675 speciali
663 632 794 664 nomine
813 630 1049 673 exprimendas,

313 697 329 718 0
361 686 505 728 ipsorum
523 685 714 728 quemlibet,
729 690 792 716 tam
811 683 931 716 directe
953 692 1049 724 quam

312 739 472 771 indirecte
487 743 518 770 et
538 737 817 780 qualitercumque
843 746 940 778 super
960 745 1051 777 prae-

312 791 428 827 missis,
447 801 520 823 cum
542 790 690 822 omnibus
709 795 737 821 et
757 789 891 831 siugulis
909 788 983 820 inde
1001 798 1050 819 se-

312 843 415 882 cutis,
444 853 479 874 ac
510 842 812 884 quomodocumque
846 846 877 873 et
907 840 1050 883 quando-

312 904 453 937 cumque
479 894 644 933 secuturis,
664 893 761 925 fuisse.
784 898 816 925 et
832 893 952 935 esseJac
973 902 1050 925 sem-

313 957 372 989 per
398 947 463 979 sore
489 946 619 989 penitus
644 947 743 983 nulla,
769 946 920 985 invalida,
948 945 1048 983 irrita,

312 999 433 1041 iniqua,
459 998 585 1037 iniusta,
612 998 730 1037 inania,
755 998 940 1040 viribusque
959 1002 990 1029 et
1010 997 1051 1029 es-

313 1052 398 1084 sectu
428 1051 560 1084 omnino
593 1062 713 1090 vacua,
741 1062 775 1083 ac
801 1056 912 1084 contra
947 1060 1051 1081 sacras

313 1104 495 1137 sanctiones
520 1109 685 1143 attentata,
711 1109 743 1136 et
767 1104 805 1135 ab
830 1103 978 1135 omnibus
1003 1102 1052 1134 111-

313 1157 404 1190 ribus
431 1158 525 1190 0111111]
563 1157 677 1189 divinis
706 1167 741 1189 ac
777 1156 921 1199 gentium
946 1156 1051 1188 aliena

315 1216 347 1243 et
363 1211 583 1249 abhorrentia,
600 1210 780 1252 improbata
805 1214 837 1241 et
861 1209 1049 1251 reprobata,

315 1273 438 1306 proque
464 1263 572 1303 nullis,
599 1263 745 1295 invalidis
763 1273 798 1294 ac
817 1262 917 1294 irritis
943 1261 1016 1293 habi
1035 1271 1052 1292 a

315 1321 347 1349 et
371 1317 403 1348 in
429 1316 569 1347 futurum
594 1321 751 1358 perpetuo
771 1315 930 1353 habenda,
951 1314 1052 1346 nemi-

315 1379 455 1411 nemque
480 1369 519 1400 ad
545 1368 674 1400 illorum
692 1373 723 1400 et
740 1367 910 1400 cuiuslibet
931 1378 1050 1406 eorum,

315 1421 440 1454 etiamsi
476 1421 655 1453 iuramento
691 1420 786 1452 etiam
822 1419 984 1452 fidelitatis
1022 1425 1051 1451 et

317 1473 459 1516 homagii
491 1474 606 1505 vallata
631 1473 693 1505 siut
718 1479 749 1505 et
781 1473 916 1513 suerint,
942 1472 1053 1505 obser-

315 1527 455 1559 vantiam
492 1526 619 1566 teneri,
647 1537 707 1558 nec
741 1526 918 1568 obligatum
952 1536 1049 1566 esse,

315 1579 487 1622 minusque
514 1589 549 1611 ex
580 1579 644 1611 illis
669 1580 736 1611 11110
762 1589 903 1621 unquam
929 1584 1054 1621 tempo-

316 1643 351 1665 re
377 1632 471 1665 etad
505 1642 741 1674 quemcumque
775 1631 924 1664 ellectum
957 1631 1054 1664 etiam

317 1685 576 1719 summariissimi
614 1685 808 1728 possessorii
842 1685 970 1728 aliquod
1003 1686 1053 1717 vel

317 1738 483 1771 minimum
519 1738 568 1770 ius
606 1739 656 1770 vel
689 1738 852 1770 actionem
886 1743 941 1770 aut
979 1738 1055 1769 titu-

317 1793 384 1824 lum
419 1793 597 1825 coloratum
631 1792 681 1824 vel
718 1802 847 1823 causam
882 1791 1055 1834 possiden-

320 1843 370 1883 di,
401 1843 590 1883 insistendi,
617 1843 778 1875 retinendi
811 1848 864 1875 aut
894 1844 1056 1886 praescri-

318 1895 441 1935 bendi,
467 1896 592 1928 etiamsi
616 1896 814 1938 longissimi,
848 1896 1056 1929 immemora-

321 2001 425 2034 sessio
451 2012 508 2034 seu
529 2002 619 2044 quasi
641 2001 809 2044 possessio
828 2002 1054 2044 subsequatur,

321 2054 514 2097 acquisitum
546 2055 595 2086 vel
629 2053 818 2097 acquisitam
845 2054 965 2093 fuisse,
996 2065 1055 2086 nec

321 2117 404 2146 esse,
431 2118 536 2150 neque
563 2107 650 2146 sore,
678 2117 738 2138 nec
762 2106 883 2148 acquiri
911 2117 1056 2149 quoquo-

320 2160 416 2192 modo
441 2159 586 2202 potuisse
605 2165 657 2191 aut
677 2169 788 2202 posse,
807 2159 871 2191 imo
890 2169 948 2191 1105
964 2170 1056 2202 prae-

323 2212 408 2245 dicta
437 2212 545 2246 onmia
570 2218 602 2244 et
626 2212 770 2254 singula,
801 2213 889 2245 nullo
921 2222 1054 2254 prorsus

323 2270 471 2308 excepto,
498 2265 626 2305 iterum,
652 2270 808 2308 quatenus
834 2275 915 2308 opus
941 2265 989 2304 sit,
1016 2265 1055 2297 de

322 2318 525 2361 plenitudine
541 2318 710 2361 potestatis
724 2328 759 2350 ac
774 2322 958 2350 sauctorum
970 2318 1056 2350 Petri

323 2377 355 2404 et
371 2371 460 2404 Pauli
479 2372 699 2414 apostolorum
718 2372 891 2413 nostraque
918 2371 1057 2403 auctori-

323 2429 386 2456 tate
405 2425 601 2463 damnamus,
627 2434 799 2462 cassamus,
826 2423 1055 2465 improbamus,

322 2477 554 2520 reprobamus,
584 2477 786 2509 annullamus
816 2480 848 2508 et
877 2475 1056 2516 irritamus,

1137 263 1151 304 g
1176 262 1206 294 ΕΖ.
1234 262 1402 294 Praeterea
1427 261 1494 304 pari
1520 261 1719 300 auctoritate,
1735 271 1770 292 ac
1788 261 1826 292 de

1093 316 1278 348 eorumdem
1303 316 1434 348 fratrum
1471 321 1655 348 nostrorum
1691 313 1826 347 consilio

1093 373 1125 401 et
1149 379 1289 408 assensu,
1308 373 1340 401 et
1359 369 1469 401 itidem
1495 374 1654 411 quatenus
1675 379 1755 411 opus
1776 367 1825 407 sit,

1093 421 1229 453 dicimus
1253 422 1374 464 pariter
1391 426 1422 453 et
1439 422 1650 461 declaramus,
1672 426 1828 464 protesta-

1092 484 1164 505 mur
1188 478 1220 505 ct
1243 473 1432 505 nunciamus
1457 484 1514 506 nos
1539 479 1571 505 ct
1594 474 1708 506 Sedem
1734 484 1827 516 prae-

1093 526 1227 563 dictam,
1254 536 1479 568 cameramque
1512 532 1652 558 nostram
1678 526 1829 568 apostoli-

1093 589 1162 610 cam
1187 577 1367 620 possedisse
1393 583 1424 610 et
1448 577 1635 620 possidere,
1669 588 1704 609 ac
1739 578 1828 619 quasi

1092 631 1273 673 possedisse
1292 635 1323 662 et
1340 630 1428 672 quasi
1454 630 1618 672 possidere
1639 630 1827 672 respective,

1092 693 1218 715 necnon
1244 682 1445 728 continuasse
1483 686 1512 714 01
1548 681 1757 721 continuare,
1792 692 1830 714 ac

1091 746 1222 778 semper
1258 735 1353 767 etiam
1384 735 1417 767 in
1448 740 1612 777 posterum
1639 734 1829 767 continuare

1091 788 1172 820 velle
1197 788 1230 820 in
1249 787 1470 830 antiquissima
1488 798 1521 819 ac
1539 788 1620 819 iusta
1634 789 1741 819 nostra
1758 797 1830 829 pos-

1092 840 1234 873 sessione
1268 840 1404 873 civitatis
1437 845 1468 872 01
1503 840 1658 872 1011110111
1695 839 1830 872 Arenio-

1092 893 1200 925 nensis
1226 898 1258 925 et
1282 892 1453 925 comitatus
1484 892 1669 935 Venayssini
1703 897 1830 924 nostro-

1092 956 1161 978 rum
1186 945 1434 988 praedictorum,
1453 955 1524 977 cum
1542 955 1695 987 supremo
1718 949 1748 976 et
1765 945 1829 976 alto

1094 998 1245 1038 dominio,
1261 1008 1296 1030 ac
1314 998 1436 1030 eisdem
1450 998 1544 1030 modo
1559 1002 1591 1029 et
1605 998 1714 1035 forma,
1732 1001 1829 1039 prout

1093 1061 1222 1093 semper
1246 1051 1358 1083 eadem
1382 1055 1489 1082 sancta
1515 1050 1614 1082 Sedes
1638 1060 1673 1081 ac
1693 1048 1829 1082 Romani

1093 1104 1262 1137 Pontifices
1297 1104 1561 1146 praedecessores
1597 1102 1696 1135 nostri
1737 1107 1831 1134 antea

1093 1156 1308 1198 possederunt
1343 1161 1374 1188 et
1409 1156 1499 1197 quasi
1536 1155 1773 1198 possederunt,
1799 1158 1831 1185 01

1094 1208 1229 1251 perinde
1247 1218 1282 1239 ac
1299 1208 1323 1239 si
1341 1207 1449 1240 onmia
1464 1213 1495 1240 et
1512 1208 1638 1249 singula
1655 1205 1832 1249 praemissa

1095 1266 1125 1293 01
1151 1271 1372 1303 quaecumque
1397 1260 1459 1292 alia
1481 1261 1663 1298 subsecuta,
1678 1264 1710 1291 et
1730 1268 1830 1301 quan-

1095 1314 1274 1355 documque
1301 1324 1337 1345 ac
1358 1313 1662 1355 quomodocumque
1681 1312 1831 1343 subsecu-

1096 1371 1173 1405 tura,
1200 1370 1290 1407 gesta
1308 1370 1337 1397 et
1356 1365 1435 1397 sacta
1459 1365 1590 1397 minime
1609 1363 1755 1402 fuissent,
1772 1372 1833 1394 nec

1095 1419 1204 1461 aliquo
1228 1419 1336 1450 modo.

1139 1472 1153 1514 ξ
1177 1471 1209 1504 3.
1244 1471 1462 1503 Decernentes
1488 1470 1617 1502 easdem
1642 1473 1830 1512 praesentes

1096 1525 1218 1557 litteras
1244 1534 1280 1555 ac
1304 1523 1413 1556 omnia
1437 1529 1469 1555 et
1493 1523 1618 1565 singula
1636 1522 1667 1554 in
1695 1521 1739 1554 eis
1756 1532 1832 1554 con—

1097 1583 1182 1610 tenta
1215 1578 1334 1620 (etiam
1367 1588 1404 1609 ex
1438 1588 1476 1610 eo
1509 1577 1594 1619 quod
1632 1575 1767 1618 praefati
1800 1580 1832 1607 et

1096 1631 1289 1674 quicumque
1314 1630 1366 1662 alii
1393 1630 1487 1663 etiam
1514 1629 1646 1672 speciali
1665 1633 1695 1660 et
1719 1628 1832 1661 indivi-

1097 1685 1159 1717 dua
1183 1684 1348 1716 mentione
1380 1688 1410 1715 et
1443 1682 1651 1726 expressione
1684 1681 1772 1723 digni
1798 1681 1831 1713 in

1096 1736 1281 1780 praemissis
1306 1746 1362 1768 seu
1394 1746 1507 1768 eorum
1533 1735 1640 1777 aliquo
1672 1736 1831 1769 interesse

1098 1791 1255 1823 habentes
1269 1800 1325 1822 seu
1340 1790 1460 1822 habere
1487 1790 1731 1832 quomodolibet
1745 1800 1834 1833 prae-

1097 1843 1265 1875 tendentes
1286 1841 1350 1874 illis
1375 1852 1440 1874 non
1466 1843 1698 1881 consenserint,
1718 1853 1777 1875 nec
1794 1842 1833 1875 ad

1074 1932 1076 1935 Ι
1098 1906 1133 1927 ea
1160 1895 1283 1935 vocati,
1311 1894 1395 1926 citati
1428 1896 1478 1927 vel
1512 1895 1636 1936 auditi,
1664 1895 1833 1937 minusque

319 1948 393 1981 bilis
423 1954 454 1981 et
475 1949 615 1981 cuiusvis
641 1948 773 1981 alterius
799 1948 955 1991 temporis
982 1954 1075 1991 poss

1098 1959 1220 1987 causae,
1248 1954 1381 1991 propter
1401 1959 1478 1991 quas
1497 1949 1627 1981 eaedem
1645 1953 1833 1992 praesentes

1098 2006 1297 2041 emanarunt,
1313 2002 1477 2041 adductae,
1495 2001 1685 2041 veriticatae‚
1705 2012 1760 2033 seu
1775 2001 1834 2033 sus-

1098 2054 1244 2086 ticienter
1268 2059 1321 2085 aut
1345 2054 1440 2086 etiam
1464 2055 1530 2086 ullo
1556 2055 1651 2087 modo
1685 2053 1834 2086 iustifica-

1099 2113 1147 2139 tae
1173 2107 1313 2149 suerint)
1340 2108 1428 2139 1111110
1454 2117 1597 2149 unquam
1624 2112 1769 2149 tempore
1795 2106 1834 2138 de

1099 2159 1316 2202 subreptionis
1339 2161 1389 2192 vel
1421 2159 1624 2202 obreptionis
1654 2164 1706 2191 aut
1738 2158 1835 2192 nulli-

1099 2213 1171 2244 tatis
1194 2214 1244 2244 vel
1269 2211 1475 2245 invaliditatis
1500 2212 1587 2251 vitio,
1606 2223 1663 2244 scu
1685 2211 1835 2244 intentio-

1098 2265 1147 2297 nis
1184 2270 1313 2297 nostrae
1349 2270 1403 2296 aut
1442 2265 1602 2297 interesse
1642 2264 1834 2296 habentium

1099 2327 1299 2357 consensus,
1327 2316 1428 2350 aliove
1454 2317 1602 2360 quolibet
1626 2316 1830 2359 quantumvis

1099 2380 1216 2412 magno
1243 2375 1275 2401 ct
1298 2370 1499 2403 substantiali
1524 2381 1560 2402 ac
1589 2370 1768 2412 incogitato
1803 2374 1837 2402 et

1099 2422 1340 2465 inexcogitabili
1355 2423 1495 2463 defectu,
1510 2424 1560 2455 vel
1578 2433 1615 2455 ex
1637 2421 1750 2465 quovis
1769 2421 1832 2454 alio

1099 2475 1202 2518 capite
1228 2486 1245 2507 a
1269 2475 1337 2507 iure
1361 2476 1411 2508 vel
1443 2476 1525 2508 sacto
1550 2480 1603 2508 aut
1633 2480 1752 2507 statuto
1784 2475 1835 2508 vel

324 2530 506 2572 nulliusque
531 2529 659 2562 roboris
677 2530 727 2561 vel
745 2527 898 2560 momenti
917 2538 989 2561 esse
1007 2528 1057 2561 de·
1099 2528 1335 2562 consuetudine
1354 2530 1540 2569 resultante,
1554 2539 1612 2561 scu
1630 2538 1833 2571 quocumque

324 2583 516 2617 nunciamus
541 2587 573 2615 et
598 2583 811 2616 declaramus.

1099 2583 1229 2621 colore,
1255 2586 1448 2624 praetextu,
1475 2583 1570 2615 caus-‘3
1602 2586 1632 2614 et
1662 2581 1832 2614 occasione

1836 212 1886 238 An.
1903 212 1930 238 C.
1951 211 2019 238 1663

1854 273 1887 293 lus
1898 272 1960 293 Sedis
1970 278 2019 297 ano-

1837 299 1924 319 stolicae
1934 299 2020 320 firmiter

1838 328 1947 346 renuetur.

1869 1480 1984 1502 Decretum
1998 1482 2026 1502 lr-

1842 1511 1915 1529 tutans.
