2247 3208
263 211 313 238 Ao.
330 210 358 239 C.
378 210 449 238 1662
495 202 537 235 86

461 264 528 292 tum
542 259 700 292 secundae
718 256 945 296 distinctionis,
960 255 1014 288 ubi
1030 255 1087 287 sic:
1109 267 1121 285 α
1132 254 1194 286 Re-

461 312 539 354 ligio
560 312 704 353 (vacante
730 309 853 343 scilicet
877 308 990 352 quovis
1012 308 1109 340 modo
1127 318 1194 340 ma-

460 365 592 406 gistratu
617 362 758 405 Ordinis)
775 362 807 394 in
823 362 938 394 eodem
957 371 1089 403 prorsus
1108 365 1192 392 statu

459 420 657 459 perseveret,
681 415 762 448 sicut
782 415 884 446 suerat
898 418 969 446 ante
992 413 1192 445 vacationem

459 468 663 510 magistratus
678 479 708 500 »2
730 473 761 500 et
777 467 810 499 in
828 477 898 509 cap.
919 477 949 499 Vi
975 465 1120 498 eiusdem
1147 465 1193 497 di-

460 521 642 554 stinctionis
668 521 707 553 de
732 520 871 563 capitulo
905 518 1094 562 provinciali
1120 518 1189 550 sic:

465 586 478 605 a
496 573 685 606 Celebretur
710 579 816 605 tamen
845 571 1043 615 praedictum
1072 570 1192 613 capitu-

459 627 525 659 lum
549 626 581 658 in
607 625 767 659 dominica
785 625 927 663 Cantate,
944 624 976 656 in
997 635 1059 666 qua
1079 623 1191 655 suturis

460 679 659 722 temporibus
692 678 723 710 in
755 682 821 711 toto
847 677 965 709 Ordine
997 676 1192 709 celebranda

460 737 534 764 sunt
548 731 779 764 inviolabiliter
793 730 931 773 capitula
946 729 1171 772 provincialia»
1182 754 1189 760 .

503 795 532 817 v.
561 785 638 817 Item
664 784 862 827 praedictum
893 783 1045 825 generale
1079 781 1192 814 defini-

461 837 588 877 torium,
601 836 729 870 utilitati
748 835 984 879 provinciarum
997 834 1104 867 Novae
1122 834 1192 866 His-

460 889 575 932 paniae
602 894 633 921 et
656 888 707 921 del
726 888 814 921 Pera
839 887 871 920 in
895 887 1005 929 regnis
1031 886 1191 920 Indiarum

460 942 718 981 occidentalium,
747 951 918 983 earumque
940 939 1091 973 levamini
1116 950 1192 972 con-

460 995 583 1035 sulens,
610 1005 651 1027 ne
677 993 845 1037 superfluis
872 992 1052 1035 sumptibus
1067 997 1099 1025 et
1115 1002 1192 1025 con-

460 1047 687 1080 tributionibus
713 1046 807 1080 nimis
833 1052 1022 1088 gravemur,
1050 1045 1192 1078 decrevit

458 1105 493 1132 ut
516 1101 555 1133 de
581 1106 688 1133 cetero
713 1099 970 1132 contributiones
988 1109 1046 1141 pro
1065 1103 1192 1131 vestua-

458 1153 514 1186 riis
534 1152 677 1195 magistri
696 1151 869 1194 generalis,
884 1151 917 1184 in
934 1151 998 1184 illis
1017 1151 1190 1194 provinciis

459 1205 529 1239 sieri
554 1205 678 1245 solitae,
704 1205 835 1237 minime
861 1203 950 1246 fiant,
979 1205 1036 1236 sed
1062 1215 1120 1247 pro
1138 1214 1192 1236 vc-

460 1258 587 1290 stuariis
613 1257 756 1300 magistri
775 1257 936 1298 generalis
956 1262 988 1289 et
1011 1256 1190 1299 sumptibus

460 1311 676 1354 procuratoris
702 1309 862 1352 generalis
882 1309 987 1342 curiae
1013 1309 1188 1349 Romanae,

462 1369 494 1396 et
517 1363 655 1406 negotiis
676 1374 732 1395 seu
750 1362 860 1395 litibus
879 1363 911 1395 in
937 1365 973 1395 ea
997 1372 1192 1395 concurren-

462 1415 567 1455 tibus,
596 1415 774 1458 designavit
805 1415 1004 1458 praedictum
1039 1416 1191 1458 generale

305 794 445 814 Qutrtbutio-

262 826 299 841 nes
308 821 327 841 in
337 821 388 840 duas
398 826 444 845 par-

262 850 293 868 tes
309 847 443 867 dividendae.

462 1468 676 1502 definitorium
690 1469 897 1501 medietatem
908 1469 1190 1508 contributionum,
1207 1478 1208 1481 ’

462 1532 543 1564 quae
568 1521 600 1553 in
626 1520 689 1554 illis
719 1521 893 1564 provinciis
930 1532 987 1564 pro
1022 1521 1190 1554 vestuariis

461 1585 590 1608 suorum
627 1574 815 1607 vicariorum
852 1574 1051 1617 generalium
1087 1573 1188 1614 fiunt,

460 1627 545 1660 iuxta
578 1638 614 1660 ea
651 1639 731 1671 quae
764 1627 832 1660 fieri
861 1632 1121 1667 consueverunt,
1149 1626 1192 1659 ita

459 1686 494 1713 ut
508 1682 589 1713 tales
608 1681 865 1714 contributiones
887 1681 919 1713 in
940 1681 1018 1713 duas
1038 1681 1190 1723 aequales

460 1739 568 1777 partes
590 1734 781 1775 dividantur,
810 1745 943 1777 quarum
959 1744 1022 1766 una
1039 1733 1191 1775 magistro

462 1787 606 1829 generali
626 1787 658 1819 in
682 1787 870 1830 Hispaniam
900 1786 1063 1826 mittatur,
1092 1787 1192 1818 altera

462 1847 538 1872 vero
563 1839 641 1882 ipsis
666 1839 790 1872 vicariis
817 1839 1024 1882 generalibus
1059 1850 1117 1882 pro
1144 1840 1191 1871 sui

463 1892 557 1924 officii
582 1893 761 1936 sumptibus
787 1893 986 1935 designetur.

506 1956 548 1978 vl.
583 1946 679 1985 Item,
711 1956 781 1977 cum
818 1945 995 1978 dubitatum
1021 1945 1134 1978 suisset
1161 1945 1192 1977 in

464 1998 628 2040 praedicto
655 1998 849 2037 definitorio,
875 1999 913 2030 ad
940 2009 1035 2041 quem
1060 1998 1192 2030 facultas

466 2050 647 2092 exponendi
663 2051 700 2082 ad
718 2051 885 2093 religionis
904 2052 1020 2093 gradus
1046 2051 1190 2091 attineat,

465 2108 539 2145 post
563 2103 714 2135 disertam
739 2103 853 2136 iurium
878 2104 1121 2147 inquisitionem
1139 2104 1194 2136 de-

464 2156 616 2187 claratum
638 2155 694 2187 suit
713 2156 874 2199 pertinere
897 2157 935 2189 ad
954 2157 1122 2200 quodlibet
1139 2157 1194 2189 de-

463 2207 637 2239 finitorium
662 2208 833 2241 cuiuslibet
849 2209 1032 2252 provinciae
1060 2220 1125 2242 nou
1143 2220 1193 2242 so-

464 2259 528 2292 lum
554 2260 821 2302 approbationem
838 2262 979 2294 lecturae
998 2263 1047 2295 vel
1066 2262 1193 2305 praedi-

464 2311 599 2344 cationis
616 2313 653 2344 ad
672 2313 853 2355 praedictos
872 2315 1000 2357 gradus,
1021 2316 1078 2348 sod
1097 2316 1194 2347 sacul-

465 2370 563 2397 tatem
588 2367 771 2408 exponendi
796 2368 835 2399 ad
856 2367 942 2408 illos,
971 2367 1066 2412 quae¹
1087 2374 1192 2401 tamen

466 2418 623 2460 expositio
638 2419 677 2450 ad
693 2419 826 2452 suturam
841 2426 1005 2454 vacantmn
1016 2433 1051 2454 ex
1064 2422 1193 2455 decreto

466 2471 660 2504 sanctissimi
675 2471 791 2505 PauliV
802 2479 850 2505 est
861 2474 1035 2517 prohibita,
1049 2475 1195 2509 similiter

307 1947 328 1970 ln
351 1947 449 1970 vacantia

268 1977 368 2001 graduum
378 1977 449 1997 delini-

269 2005 344 2023 torium
380 2008 448 2029 proii-

270 2029 327 2050 deat.

503 2586 515 2612 1
533 2583 603 2611 Edit.
620 2584 695 2612 Main.
713 2585 773 2621 legit
790 2588 840 2622 qui
855 2596 902 2622 pro
919 2597 991 2623 quae
1007 2589 1045 2624 (n.
1062 2590 1109 2624 T.).

1033 207 1212 231 BULLARIUM
1236 206 1386 230 ROMANUM

1228 253 1402 286 declaravit
1420 254 1618 297 praedictum
1635 255 1787 297 generale
1812 254 1961 288 definito-

1228 306 1311 339 riuin
1336 306 1390 349 (ne
1417 307 1534 348 gradus
1570 307 1725 350 suspensi
1744 317 1802 350 per
1827 308 1961 350 longum

1228 364 1353 402 tempus
1379 364 1541 401 maneant,
1569 370 1606 392 ex
1632 371 1694 403 quo
1720 361 1811 403 plura
1836 360 1961 403 praevi-

1228 412 1344 444 dentur
1355 412 1443 444 bono
1457 411 1606 454 regimini
1620 411 1819 445 imminentia
1834 413 1960 453 damna,

1228 470 1260 497 et
1284 475 1323 497 ne
1345 464 1490 507 religiosi
1509 465 1587 497 alias
1606 464 1715 498 idonei
1740 471 1772 498 et
1791 466 1961 509 approbati

1228 517 1290 550 illis
1316 518 1472 550 orbentur
1495 528 1598 561 usque
1624 518 1663 550 ad
1688 519 1861 561 capitulum
1879 519 1961 551 sutu-

1226 571 1320 613 rum)
1357 581 1454 613 posse
1499 570 1718 604 delinitorium
1761 571 1960 614 provinciale

1226 624 1422 665 praedictam
1443 624 1625 658 facultatem
1651 625 1848 667 exponendi,
1877 635 1959 667 quae

1226 675 1293 709 iure
1319 682 1502 709 nostrarum
1527 677 1793 709 constitutionum
1811 676 1961 710 definito-

1225 728 1273 761 rio
1298 729 1487 771 provinciali
1512 729 1668 772 privative
1694 729 1859 772 competit,
1882 740 1959 762 con-

1226 782 1342 814 cedere
1379 782 1652 815 reverendissimo
1689 783 1770 826 patri
1804 783 1959 825 magistro

1226 834 1388 875 generali,
1414 840 1466 875 ut,
1495 835 1621 877 quoties
1648 835 1803 877 graduum
1836 834 1958 867 vacatio

1226 886 1420 928 contigerit,
1456 887 1560 929 possit
1592 898 1756 930 exponere
1790 888 1830 920 ad
1863 888 1959 920 talem

1226 938 1472 971 determinatam
1508 945 1674 972 vacantem
1711 939 1890 982 quemlibet
1922 950 1959 972 ex

1221 986 1411 1034 'approbatis
1437 1003 1455 1024 a
1480 992 1664 1025 delinitorio
1690 992 1891 1035 provinciali.
1911 993 1960 1026 ln-

1226 1054 1324 1086 super
1349 1044 1491 1077 decrevit
1510 1045 1708 1087 praedictum
1731 1047 1884 1088 generale
1906 1046 1960 1079 de-

1225 1095 1417 1136 finitorium,
1445 1097 1503 1137 ita,
1529 1102 1561 1129 et
1584 1097 1669 1130 iuxta
1695 1097 1757 1130 hoc
1782 1098 1959 1139 decretum,

1226 1149 1465 1192 disponendum
1491 1150 1558 1183 sore
1584 1156 1679 1194 caput
1701 1161 1759 1184 xxv
1776 1156 1959 1185 nostrarum

1225 1203 1491 1237 constitutionum
1510 1204 1548 1237 de
1566 1204 1729 1247 magistris
1756 1210 1788 1238 et
1803 1216 1959 1248 praesen-

1226 1255 1310 1288 tatis.

1268 1319 1325 1341 vil.
1353 1308 1431 1341 Item
1456 1309 1656 1342 confirmavit
1680 1310 1879 1353 praedictum
1903 1321 1958 1353 ge-

1226 1362 1335 1393 nerale
1362 1361 1579 1395 delinitorium
1599 1364 1685 1406 quod
1706 1364 1769 1396 iam
1794 1364 1958 1396 decretum

1972 205 2022 232 Au.
2038 204 2066 232 C.
2086 204 2155 232 1662

2012 1320 2059 1340 lura
2080 1320 2155 1346 prioris

1972 1346 2150 1367 Bar-chinonensi,

1972 1376 2095 1398 magistratu
2123 1378 2156 1393 va·

1925 1416 1930 1422 ,
1973 1401 2042 1420 cante.

1227 1419 1275 1446 est
1299 1414 1331 1446 in
1356 1414 1504 1457 capitulis
1531 1416 1737 1457 generalibus
1769 1417 1932 1449 Hobrensi
1948 1444 1956 1457 ,

1226 1467 1449 1500 Barbastrensi
1476 1474 1508 1500 et
1532 1468 1701 1501 Murciensi
1734 1469 1879 1512 proxime
1908 1480 1959 1502 ce-

1227 1521 1358 1553 lebratis
1386 1522 1468 1554 circa
1493 1522 1676 1555 facultatem
1706 1528 1738 1555 et
1764 1528 1959 1566 potestatem

1225 1574 1398 1606 reverendi
1415 1575 1516 1617 patris
1534 1575 1652 1618 prioris
1672 1576 1959 1616 Barchinonensis,

1226 1627 1418 1669 magistratu
1443 1633 1595 1668 vacante,
1625 1634 1789 1672 tamquam
1815 1629 1959 1672 supremi

1227 1679 1395 1722 religionis
1431 1681 1545 1723 eapitis
1582 1686 1613 1713 et
1648 1681 1758 1714 vicarii
1795 1681 1958 1724 generalis

1228 1732 1325 1764 totius
1340 1732 1480 1773 Ordinis,
1493 1733 1532 1766 de
1547 1739 1579 1765 et
1592 1743 1692 1777 super
1709 1732 1958 1767 confirmatione

1227 1785 1387 1826 graduum
1412 1785 1595 1818 vacantium
1627 1791 1775 1829 tempore
1801 1786 1849 1818 sui
1874 1785 1961 1829 regi-

1226 1837 1347 1877 minis,
1375 1843 1407 1870 ct
1430 1839 1632 1881 praedictum
1658 1838 1879 1871 definitorium
1906 1849 1960 1881 ge-

1226 1892 1350 1932 nerale,
1382 1892 1513 1927 nemine
1540 1892 1756 1935 discrepante,
1784 1892 1961 1925 declaravit

1227 1945 1444 1978 reverendum
1463 1951 1589 1988 patrem
1612 1945 1758 1989 priorem
1782 1945 1960 1978 Barchino-

1226 2008 1374 2037 nensem,
1393 1997 1517 2030 ratione
1536 1997 1584 2030 sui
1602 1997 1699 2030 officii
1716 1997 1885 2041 praedicti,
1903 1999 1960 2031 ha-

1226 2050 1304 2083 bere
1330 2050 1546 2083 sufficientem
1580 2051 1764 2084 facultatem
1790 2056 1822 2083 et
1852 2055 1961 2084 aucto-

1227 2103 1357 2136 ritatem
1397 2104 1436 2136 ad
1478 2103 1759 2136 confirmationem
1799 2104 1959 2146 graduum

1227 2156 1460 2189 conserendam
1486 2155 1555 2189 iure
1587 2162 1774 2189 nostrarum
1804 2158 1960 2190 constitu—

1228 2209 1361 2249 tionum,
1382 2209 1456 2242 dist.
1473 2220 1495 2249 1,
1511 2220 1581 2252 cap.
1602 2220 1643 2249 iv,
1662 2209 1711 2242 liis
1730 2209 1859 2242 verbis:
1881 2222 1894 2241 α
1908 2210 1960 2242 Vi-

1227 2272 1346 2305 cesque
1366 2267 1397 2294 et
1415 2267 1610 2305 potestatem
1628 2262 1775 2304 magistri
1796 2263 1958 2305 generalis

1227 2315 1258 2347 in
1284 2315 1436 2347 omnibus
1453 2341 1460 2355 ‚
1487 2320 1587 2358 prout
1612 2315 1643 2347 in
1669 2316 1719 2348 liis
1753 2315 1960 2349 constitutio—

1227 2369 1322 2401 nibus
1348 2368 1499 2409 sancitur,
1527 2369 1645 2401 habeat
1663 2381 1693 2401 1).

1270 2431 1339 2455 vin.
1364 2422 1452 2461 Item,
1472 2422 1664 2454 desiderans
1685 2420 1888 2465 praedictum
1906 2433 1960 2464 ge-

1228 2477 1338 2509 nerale
1365 2474 1586 2508 delinitorium
1618 2475 1704 2507 inter
1734 2480 1844 2518 patres
1868 2476 1960 2518 prin·

1228 2529 1350 2571 cipatus
1376 2528 1558 2561 Catalouiae
1588 2533 1620 2561 et
1647 2527 1828 2570 Aragoniae
1854 2527 1959 2570 iurgia

1228 2582 1343 2614 sedare
1370 2586 1402 2613 et
1425 2592 1538 2625 pacem
1566 2581 1728 2621 stabilire,
1756 2580 1899 2614 decrevit
1923 2585 1958 2613 ut

2001 2426 2116 2447 Gom-nnita
2130 2427 2158 2448 in·

1975 2456 2006 2474 tei·
2016 2457 2084 2479 patres
2096 2454 2156 2473 tiata-

1974 2480 2043 2500 laniae
2052 2482 2073 2500 et
2080 2481 2157 2505 Artigu-

1973 2506 2029 2527 niae.
