2247 3208
193 296 241 324 An.
259 291 288 322 c.
310 293 379 322 1668
426 283 501 318 748⁴

223 1147 292 1168 Causa
303 1145 379 1167 conuti-

199 1174 292 1195 unionis.

384 341 522 375 eembris
558 347 743 377 noetxvui,
776 335 980 379 pontificatus
1017 332 1119 367 nostri

384 404 468 427 anno
494 403 528 426 11.

418 455 475 482 Dat.
493 454 536 481 dio
557 453 589 480 10
608 450 760 479 decembris
783 450 859 485 1668,
876 448 972 485 pontis.
988 456 1058 476 anno
1077 454 1106 476 u.

724 593 785 627 XC.

384 676 574 720 Applicatio
599 675 751 707 bonorum
777 673 879 706 trium
896 671 1118 715 conyreyalio-

430 739 510 761 num
526 736 750 770 supressarum
764 727 800 758 in
816 735 914 767 regma
926 723 1061 757 Siciliae
1076 722 1123 755 ul-

432 787 482 813 tra
506 781 657 813 Pharum
682 779 758 811 duci
782 782 809 811 et
834 777 1042 820 Reipublicae
1070 775 1124 808 Ve-

431 837 579 866 netorum
596 833 633 864 in
651 830 834 864 subsidium
851 834 962 862 contra
981 828 1122 861 thrcas'.

440 911 609 939 Venerabili
629 911 716 938 fratri
733 910 871 943 episcopo
892 908 1070 940 Mazarensi‚

608 956 741 983 Clemens
758 955 836 987 Papa
857 953 902 980 IX.

598 1015 784 1044 Venerabilis
808 1015 912 1044 frater,

432 1065 560 1091 salutem
575 1065 606 1090 et
622 1061 817 1096 apostolicam
831 1059 1080 1087 benedictionem.

435 1135 449 1177 ἓ
475 1134 505 1166 i.
528 1133 605 1167 Cum
626 1142 692 1172 nos,
715 1129 914 1173 gravissimis
933 1134 965 1163 et
988 1129 1127 1162 rationa-

390 1188 509 1221 bilibus
536 1185 639 1219 causis
667 1184 759 1217 nobis
779 1183 862 1216 notis
881 1183 1023 1223 adducti,
1051 1193 1127 1215 con-

392 1239 594 1284 gregationes
620 1238 849 1271 canonicorum
881 1237 911 1269 S.
939 1236 1069 1279 Georgii
1095 1236 1127 1268 in

393 1295 472 1336 Alga
488 1292 703 1331 Venetiarum,
721 1302 756 1323 ac
774 1291 905 1323 fratrum
928 1289 1128 1323 Iesuatorum

393 1346 424 1380 S.
440 1345 637 1389 Hieronymi,
653 1350 684 1377 et
702 1346 836 1376 fratrum
854 1344 999 1376 eiusdem
1013 1343 1044 1375 S.
1061 1342 1128 1375 Hie-

393 1399 517 1443 ronymi
539 1399 577 1431 de
600 1397 724 1431 Fesulis
750 1398 809 1429 sub
835 1398 947 1439 regula
970 1396 1001 1429 S.
1025 1397 1130 1438 Augu-

394 1452 480 1492 stini,
495 1453 558 1484 una
572 1462 644 1483 cum
659 1450 809 1483 omnibus
825 1460 935 1482 earum
948 1448 1129 1491 respective

395 1504 612 1547 dignitatibus,
639 1502 753 1536 officiis
784 1512 818 1534 ac
843 1501 1040 1541 ministeriis,
1065 1511 1132 1533 om-

395 1557 491 1600 nique
516 1556 797 1595 conventualitate‚
829 1553 1068 1597 collegialitate,
1094 1553 1131 1585 ti-

395 1610 471 1649 tulo,
499 1609 637 1642 essentia
662 1619 698 1641 ac
716 1608 990 1646 denominatione,
1016 1616 1133 1650 perpe-

396 1667 450 1695 tuo
477 1661 709 1695 extinxerimus
727 1672 762 1693 ac
787 1659 1077 1704 suppresserimus3
1097 1670 1132 1692 ao

396 1715 548 1747 universa
565 1715 751 1747 earumdem
777 1714 1066 1756 congregationum
1087 1713 1133 1746 sic

396 1778 644 1810 suppressarum
661 1768 840 1810 respective
854 1768 940 1799 bona
954 1766 1084 1799 mobilia
1102 1771 1134 1798 et

396 1820 583 1859 immobilia,
599 1826 662 1852 tam
681 1831 771 1853 sacra
789 1830 882 1863 quam
898 1820 1043 1863 profana,
1063 1829 1134 1852 con-

396 1878 519 1913 ventus,
545 1873 693 1915 collegia,
722 1872 924 1912 monasteria,
952 1872 1134 1911 domos,vi-

398 1935 497 1965 neas,
523 1925 676 1968 praedia,
705 1935 863 1965 canones,
888 1924 1130 1968 responsiones,

398 1977 525 2018 fructus,
551 1978 702 2011 introitus
727 1984 758 2011 et
787 1979 858 2010 iura
883 1989 1131 2021 quaecumque,

397 2030 590 2073 ubicumque
616 2032 762 2064 locorum
787 2031 978 2070 existerent,
1004 2036 1134 2064 nostrae

399 2088 430 2115 et
443 2082 532 2115 Sedis
548 2083 753 2125 Apostolicae
773 2083 987 2126 dispositioni,
1006 2083 1039 2115 in
1056 2094 1134 2115 usus

399 2140 429 2167 et
454 2146 555 2178 opera
580 2136 632 2178 pia
652 2147 711 2179 per
736 2147 790 2169 eos
810 2136 925 2179 quibus
950 2137 981 2169 id
1006 2136 1135 2169 anobis

399 2194 430 2219 et
451 2188 531 2221 Sede
549 2189 713 2231 praedicta
738 2189 944 2222 commissum
960 2190 1041 2222 soret
1060 2200 1137 2222 con-

400 2241 562 2279 vertenda,
581 2241 867 2280 reservaverimus,
890 2247 1062 2284 praeterea
1086 2253 1137 2275 ca-

400 2292 524 2324 nonicis
550 2298 582 2325 et
605 2294 755 2326 fratribus
777 2294 936 2327 dictarum
958 2305 1137 2337 congrega-

400 2345 523 2377 tionum
548 2357 806 2388 suppressarum,
834 2348 887 2391 qni
913 2359 998 2380 nunc
1027 2348 1136 2381 vivunt

399 2401 430 2428 et
450 2398 482 2428 in
501 2398 621 2430 eisdem
636 2400 938 2442 congregationibus
957 2401 1136 2444 respective

399 2450 635 2492 professionem
648 2453 831 2492 emiserunt,
845 2454 1025 2486 facultatem
1038 2459 1137 2486 trans-

400 2503 498 2534 eundi
518 2504 556 2535 nd
578 2504 672 2535 aliani
694 2516 927 2548 qimmcunique
945 2507 1137 2549 religionem

400 2555 438 2586 ab
465 2554 577 2587 eadem
602 2555 681 2588 Sede
708 2558 929 2599 upprolnituiu,
949 2560 981 2591 in
1000 2570 1063 2601 qua
1081 2560 1138 2591 be-

400 2608 535 2640 nevolos
570 2608 754 2641 invenerint
786 2617 982 2653 receptores,
1012 2618 1067 2644 aut
1089 2623 1138 2645 re-

437 2671 446 2695 1
470 2669 507 2695 Ex
527 2670 635 2704 Regest.
658 2670 683 2696 in
703 2671 803 2697 Secret.
826 2671 901 2698 Brev.

965 284 1145 310 BULLARIUM
1168 283 1321 308 ROMANUM

1163 330 1316 365 manendi
1341 330 1374 364 in
1399 330 1509 363 seculo
1530 330 1563 363 in
1580 329 1693 364 habitu
1718 329 1827 364 clerici
1851 339 1899 363 se-

1164 384 1281 418 cularis
1313 384 1371 416 sub
1396 383 1619 416 iurisdictione
1652 388 1684 416 et
1714 383 1898 417 obedientia

1163 437 1411 471 Ordinariorum
1437 438 1581 471 locorum
1606 436 1662 469 ubi
1693 447 1749 470 eos
1779 437 1898 471 morari

1164 491 1350 534 contigerit,
1377 501 1450 524 cum
1473 489 1661 534 provisione
1681 489 1824 533 ipsorum
1840 489 1899 523 sin-

1164 544 1246 586 gulis
1270 554 1330 588 pro
1355 543 1529 583 alimentis,
1560 542 1686 576 clericis
1713 543 1843 586 quidem
1865 542 1899 575 in

1164 599 1292 630 summa
1317 596 1531 641 quadraginta
1542 581 1727 629 “scutorum
1750 600 1899 639 monetae

1164 660 1337 691 romanae,
1364 649 1452 683 laicis
1484 659 1561 682 vero
1594 659 1651 682 seu
1681 648 1843 682 conversis
1868 648 1901 681 in

1165 705 1289 736 summa
1313 703 1425 746 viginti
1451 707 1614 735 scutorum
1638 701 1783 745 parium,
1810 701 1902 734 annis

1165 756 1313 799 singulis,
1341 756 1445 789 donee
1464 755 1600 789 vixerint
1616 765 1672 788 seu
1693 755 1822 788 aliunde
1840 754 1903 787 suf-

1165 808 1313 842 ficienter
1338 809 1383 841 eis
1407 809 1571 852 provisum
1589 808 1696 848 suerit,
1714 818 1811 851 super
1835 817 1903 840 cer-

1167 861 1206 893 tis
1223 861 1316 894 bonis
1345 866 1399 894 aut
1417 861 1597 894 redditibus
1614 859 1904 902 congregationum

1167 924 1413 956 suppresserim]
1431 914 1618 946 huiusmodi
1642 913 1820 956 respective
1845 922 1905 955 per

1168 967 1301 1000 eosdem
1326 966 1514 1000 Ordinarios
1531 966 1732 1009 assignanda,
1755 965 1904 998 tribueri-

1167 1030 1236 1052 mus
1262 1025 1294 1052 et
1318 1019 1473 1063 impartiti
1498 1019 1673 1060 fuerimus,
1701 1030 1735 1052 ac
1760 1019 1902 1059 demum,

1168 1083 1209 1106 ne
1228 1073 1386 1106 ecelesiae
1404 1073 1592 1106 earumdem
1616 1072 1905 1115 congregationum

1169 1137 1417 1170 suppressarum
1442 1126 1551 1159 debito
1572 1125 1788 1159 destituantur
1811 1125 1908 1158 servi-

1171 1179 1226 1219 tio,
1244 1180 1301 1212 sed
1326 1185 1427 1212 sartae
1445 1184 1548 1212 tectae
1566 1178 1797 1218 custodiantur,
1815 1188 1908 1221 prae-

1171 1232 1264 1266 dictis
1289 1232 1467 1265 Ordinariis
1491 1234 1649 1272 locorum,
1669 1231 1701 1264 in
1726 1231 1842 1274 quibus
1861 1241 1909 1264 ec-

1171 1286 1287 1318 clesiae
1312 1286 1401 1329 ipsae
1428 1291 1501 1319 sunt
1525 1285 1625 1325 sitae,
1650 1284 1907 1318 commiserimus

1172 1344 1201 1372 et
1226 1340 1484 1372 mandaverimus
1514 1344 1548 1371 ut
1577 1339 1785 1381 cappellanos
1811 1338 1910 1380 depu-

1173 1397 1244 1424 tent
1256 1403 1327 1424 cum
1342 1392 1540 1434 competenti
1565 1391 1717 1424 mercede
1743 1390 1840 1424 etiam
1857 1401 1910 1422 su-

1173 1455 1231 1488 per
1258 1456 1292 1478 re
1324 1447 1412 1478 certa
1444 1445 1482 1477 de
1515 1444 1609 1478 bonis
1634 1443 1807 1487 praedictis
1832 1443 1910 1475 assi-

1174 1498 1312 1540 gnanda,
1327 1508 1385 1540 per
1403 1508 1483 1540 quos
1499 1497 1604 1529 missis
1619 1502 1651 1529 et
1668 1489 1737 1529 aliis
1755 1496 1909 1529 oneribus

1174 1550 1313 1590 satisfiat,
1341 1560 1375 1583 ac
1401 1550 1476 1593 ipsis
1502 1549 1647 1582 ecclesiis
1665 1548 1789 1581 debitus
1807 1549 1910 1580 cultus

1175 1608 1206 1636 et
1221 1603 1384 1636 veneratio
1405 1607 1628 1642 conservetur,
1646 1606 1745 1644 utque
1766 1600 1841 1633 dicti
1854 1600 1911 1632 Or-

1176 1655 1293 1688 dinarii
1327 1655 1543 1688 inventarium
1575 1659 1641 1686 tam
1672 1663 1782 1686 sacrae
1816 1663 1912 1695 quam

1175 1709 1329 1752 profanae
1342 1707 1575 1751 suppellectilis
1590 1708 1630 1740 ad
1643 1706 1911 1748 congregationes

1176 1772 1369 1805 suppressas
1380 1760 1568 1793 huiusmodi
1579 1759 1757 1804 respective
1771 1763 1914 1802 spectan-

1177 1814 1217 1847 tis
1243 1819 1389 1847 accurate
1415 1812 1607 1852 conficiant,
1633 1822 1669 1845 ac
1697 1810 1912 1855 provideant,

1177 1878 1216 1900 ne
1243 1878 1260 1900 a
1284 1864 1642 1910 quoquamrocmiltaru
1675 1863 1834 1907 occupari,
1861 1867 1916 1895 aut

1177 1921 1252 1953 inde
1286 1919 1427 1953 amoveri
1459 1920 1622 1951 ullatenus
1648 1917 1770 1961 possit,
1796 1915 1859 1948 nisi
1884 1921 1916 1947 et

1178 1975 1282 2007 donec
1308 1984 1325 2005 a
1350 1972 1443 2005 nobis
1471 1977 1502 2004 et
1526 1971 1607 2004 Sede
1633 1970 1798 2013 praedicta
1823 1968 1916 2001 aliter

1177 2027 1396 2070 provideatur,
1414 2030 1446 2058 et
1466 2024 1543 2057 alias
1557 2028 1656 2066 prout
1673 2023 1705 2055 in
1725 2021 1843 2055 nostris
1863 2021 1917 2053 de-

1178 2090 1274 2123 super
1298 2080 1331 2112 in
1357 2078 1452 2111 simili
1469 2078 1571 2110 forma
1595 2076 1706 2110 Brevis
1731 2076 1782 2108 die
1800 2085 1831 2108 vi
1849 2084 1917 2106 cur-

1179 2132 1279 2165 rentis
1294 2132 1414 2165 mensis
1427 2130 1607 2164 decembris
1620 2128 1777 2172 expeditis
1790 2126 1915 2167 litteris,

1180 2196 1316 2229 quarum
1334 2190 1483 2217 tenorem
1501 2182 1727 2226 praesentibus
1743 2191 1803 2224 pro
1822 2180 1916 2222 plene

1180 2244 1211 2272 et
1236 2238 1434 2271 sufficienter
1460 2245 1611 2279 expresso
1638 2246 1673 2267 ac
1698 2234 1736 2267 de
1761 2233 1860 2266 verbo
1878 2231 1918 2264 ad

1180 2294 1315 2325 verbum
1336 2292 1459 2324 inserto
1478 2290 1592 2323 haberi
1611 2290 1768 2327 volumus,
1785 2285 1917 2320 uberius

1181 2345 1376 2385 eontinetur3
1392 2350 1430 2384 et,
1446 2344 1527 2376 sicut
1543 2353 1603 2386 pro
1617 2347 1707 2385 parte
1726 2341 1919 2373 dilectorum

1182 2398 1322 2431 liliorum
1348 2396 1507 2437 nobilium
1534 2395 1672 2428 virorum
1690 2394 1779 2427 ducis
1804 2398 1835 2426 et
1852 2391 1920 2425 Rei-

1182 2451 1330 2495 publicae
1356 2450 1552 2482 Venetorum
1577 2447 1671 2481 nobis
1697 2456 1801 2490 nuper
1825 2455 1922 2488 expo-

1184 2505 1280 2537 situm
1306 2503 1372 2543 suit,
1393 2502 1454 2546 ipsi
1473 2500 1709 2534 atrocissimum
1734 2498 1794 2532 sibi
1812 2509 1830 2530 a
1846 2498 1922 2530 Tur-

1185 2568 1292 2590 curum
1316 2562 1449 2599 tyrapno
1476 2555 1599 2587 illatum
1620 2554 1740 2586 bellum
1766 2563 1783 2584 a
1807 2551 1921 2594 viginti

1186 2611 1288 2643 tribus
1313 2610 1405 2642 annis
1431 2620 1490 2652 pro
1517 2619 1645 2641 suarum
1678 2607 1837 2641 ditionum
1863 2605 1922 2637 tui-

1185 2664 1272 2696 tione.
1285 2664 1474 2704 sustineant,
1484 2662 1738 2704 eorumdemque
1749 2659 1924 2693 Turcarum

1907 279 1956 307 An.
1973 276 2002 308 C.
2024 279 2092 308 ¹668

1979 2338 2113 2365 Suppuratio
2144 2361 2147 2365 ,

1931 2367 2078 2393 Reipublicae.
