2247 3208
231 202 283 227 An.
303 200 331 229 C.
351 200 418 227 4667

257 1154 404 1175 Venditionem

222 1182 337 1203 (iuniorum.
351 1187 404 1207 quiue

222 1208 348 1228 officialibus
359 1209 405 1227 bur-

223 1235 241 1260 gi
253 1237 273 1254 et
283 1234 404 1253 mineribus

231 1260 374 1281 inserite—hant
389 1276 393 1283 ,

221 1287 353 1307 thes-aurun»
369 1292 404 1305 ea-

221 1319 291 1334 merae
310 1315 405 1333 coutunt-

222 1342 253 1361 lit.

465 189 528 223 550

421 254 532 287 nat0r3
560 245 608 278 cui
633 245 742 277 stricte
776 241 989 285 praecipimus
1014 245 1045 272 et
1068 249 1157 271 man-

420 301 532 332 damus
556 303 591 329 ut
615 297 745 329 eosdem
770 296 1046 331 locuimeneutes,
1064 296 1156 324 nota-

418 354 484 385 rios
509 356 541 383 et
566 355 799 393 exequutoies,
827 353 858 379 et
887 346 966 379 alios
992 345 1155 377 ministros

420 404 627 441 necessarios,
647 400 853 444 gubernatori
875 398 1032 432 conclavis
1052 408 1156 441 prom-

419 463 471 500 pte
498 462 529 489 et
553 456 620 488 sine
646 455 831 487 difficultate
857 451 1090 484 subministret.

463 511 477 551 ,Q
510 510 563 542 11.
591 509 774 541 Mandamus
804 507 936 549 insuper
968 505 1154 537 custodibus

420 563 700 606 qualiumcuimaie
733 560 826 592 Urbis
859 569 1041 596 carcerum,
1069 557 1153 600 quod

418 615 593 658 recipiant,
623 613 804 646 custodiant
829 617 860 644 et
884 613 1028 643 relaxent
1053 609 1155 642 delin-

417 673 553 710 quentes
584 667 622 699 ad
655 676 765 699 corum
794 674 935 697 carceres
954 663 1154 695 transmissos

416 732 432 753 a
458 719 607 752 tribunali
634 718 781 761 gubernii
806 717 982 756 conclavis,
1009 716 1091 748 iuxta
1117 716 1154 747 il-

416 773 476 805 lius
499 771 722 815 gubernatoris
744 769 964 803 ordinationes
981 774 1011 801 et
1027 768 1155 800 manda-

417 831 461 865 ta·,
488 826 598 857 dantes
626 825 807 856 facultatem
826 822 930 855 eidem
945 820 1152 863 gubernatori

415 878 575 911 conclavis
600 877 746 910 mittendi
783 876 850 908 cius
882 877 1153 908 locumtenentem

415 931 616 964 criminalem
631 935 662 962 et
678 930 853 967 ministros,
872 929 909 960 ad
928 932 1016 959 actus
1035 937 1154 969 oppor-

416 990 511 1017 tunos
530 984 692 1017 faciendos
719 994 777 1026 pro
796 981 899 1015 causis
923 981 961 1021 ad
988 991 1060 1013 eum
1087 990 1153 1022 spe‘

415 1039 596 1077 ctantibus,
624 1038 663 1069 ad
692 1045 914 1079 quoscumque
947 1044 1091 1066 carceres
1122 1038 1153 1064 et

415 1091 476 1124 alia
501 1092 571 1123 loca
594 1089 696 1127 Urbis,
723 1089 917 1130 ubicumque
936 1097 1017 1129 opus
1043 1086 1149 1118 suerit.

460 1144 474 1185 ἓ
500 1142 552 1174 152.
573 1142 716 1184 Denique
735 1140 964 1173 committimus
987 1139 1104 1171 dilecto
1123 1137 1153 1169 si-

416 1196 459 1229 lio
474 1201 583 1228 nostro
602 1201 634 1228 et
651 1205 794 1227 camerae
813 1198 939 1227 nostrae
958 1192 1152 1235 apostolicae

416 1250 576 1293 praefatae
591 1248 732 1291 generali
752 1247 961 1282 thesaurario,
975 1251 1009 1277 ut,
1026 1256 1084 1288 pro
1103 1247 1153 1277 ea-

416 1304 488 1335 dem
513 1304 640 1334 camera
664 1302 780 1333 vendat
804 1311 859 1333 seu
896 1300 1035 1332 vendere
1062 1298 1153 1330 saciat

415 1356 546 1388 domum
571 1365 626 1387 seu
653 1355 775 1393 domos,
798 1364 878 1395 quac
906 1358 999 1385 antea
1024 1362 1081 1394 pro
1109 1352 1154 1383 ol*-

414 1408 572 1441 sicialibus
605 1408 698 1449 burgi
737 1413 765 1439 et
800 1407 981 1438 van-eribus
1006 1405 1152 1438 eiusdem

415 1461 582 1493 tribunalis
608 1460 836 1498 inserviebant,
852 1464 892 1498 et,
907 1458 1092 1490 venditione
1112 1458 1153 1489 sa-

415 1516 473 1553 cta,
491 1514 629 1556 pretium
654 1512 796 1555 recipiat,
824 1512 897 1550 sive,
915 1511 940 1542 si
966 1511 1027 1553 ipsi
1053 1510 1095 1541 ita
1113 1509 1152 1541 vi>

416 1566 551 1605 debitur,
571 1576 624 1598 eas
642 1565 679 1597 ad
706 1576 799 1597 usum
826 1565 1022 1607 privatarum
1048 1563 1152 1595 deino-

414 1630 484 1651 rum
513 1619 660 1651 reductas
693 1619 786 1654 locet,
805 1617 1020 1658 locandasque
1052 1621 1152 1653 curet,

414 1673 464 1705 cui
491 1672 628 1716 proinde
646 1670 862 1703 necessariam
880 1674 911 1702 ct
936 1674 1152 1712 opportunam

415 1726 598 1758 facultatem
623 1724 841 1757 concedimus.

459 1780 473 1821 ἐ
500 1777 553 1811 13.
572 1778 792 1810 Decernentes
817 1781 1003 1818 praesentes
1029 1775 1151 1808 litteras

414 1841 544 1874 semper
568 1836 599 1862 et
623 1834 780 1872 perpetuo
806 1829 924 1860 validas
952 1828 1150 1870 etcslicaces

415 1885 564 1923 existere,
591 1893 731 1925 suosque
758 1881 925 1924 plenarios
951 1886 982 1913 ct
1007 1880 1152 1922 integros

416 1937 549 1970 effectus
575 1936 685 1968 sortiri
707 1942 739 1967 ct
758 1934 908 1967 obtinere
935 1934 1066 1972 debere,
1093 1943 1153 1965 nec

415 2000 468 2022 eas
487 1990 545 2022 sub
560 1988 726 2032 quibusvis
744 1987 1009 2023 revocationibus,
1026 1996 1153 2028 suspen-

415 2043 570 2082 sionibus,
597 2041 853 2081 limitationibus,
873 2039 1150 2082 derogationibus,

416 2104 469 2128 aut
486 2096 555 2128 aliis
568 2095 737 2128 contrariis
753 2093 1018 2136 disl‘iositionilnis
1036 2097 1067 2124 et
1087 2102 1154 2123 can-

416 2149 564 2182 cellariae
601 2148 797 2191 apostolicare
832 2146 950 2189 regulis
990 2145 1084 2177 editis
1123 2149 1154 2176 et

417 2202 551 2235 edendis
576 2200 831 2245 comprehendi,
859 2210 919 2231 nec
944 2209 1003 2242 per
1029 2209 1081 2230 eas
1108 2208 1155 2229 re-

417 2261 543 2287 vocatas
566 2266 635 2287 esse
653 2259 708 2286 aut
732 2256 800 2286 l'ore
827 2254 875 2285 vel
901 2251 1026 2285 censeri
1048 2261 1153 2294 posse,

418 2309 487 2347 sed,
506 2309 633 2352 ‹inoties
654 2319 707 2341 eas
733 2306 966 2350 comprclwndi
992 2310 1045 2337 aut
1066 2315 1156 2336 revo-

419 2362 484 2395 cari
509 2362 692 2403 contigerit,
712 2360 815 2401 toties,
842 2370 877 2392 ex
903 2369 986 2391 nunc
1004 2363 1099 2401 prout
1119 2367 1153 2389 cx

419 2421 507 2454 tunc,
533 2415 565 2447 in
590 2414 760 2457 pristinum
786 2418 901 2446 statum
935 2411 1099 2443 restitutas
1125 2415 1157 2442 et

419 2469 458 2501 de
485 2479 567 2501 novo
589 2478 758 2500 concessas
785 2477 872 2505 esse,
900 2465 1009 2507 sicque
1036 2468 1066 2495 et
1090 2474 1153 2495 non

418 2523 513 2555 aliter
542 2532 602 2565 per
633 2531 852 2564 quostieumque
879 2519 1001 2551 iudices
1029 2517 1158 2550 ordina-

415 2575 483 2608 rios
516 2576 567 2607 vcl
600 2575 790 2616 delegatos,
818 2571 927 2614 quavis
965 2569 1152 2602 :uictoritate

1001 191 1182 215 BULanirtii
1206 190 1289 213 ROMX
1294 191 1358 213 M'M

1200 238 1382 277 fungentes,
1408 237 1502 270 etiam
1527 238 1558 270 S.
1576 238 1613 270 R.
1634 238 1667 270 E.
1688 238 1877 275 cardinales⁷
1899 247 1935 269 ac

1198 289 1309 332 palatii
1331 290 1429 322 rostri
1456 291 1627 332 apostolici
1650 297 1680 323 et
1704 291 1806 323 dictae
1832 302 1934 323 came-

1198 353 1251 374 rae
1277 343 1456 381 auditores,
1474 343 1597 375 sublata
1615 345 1660 375 cis
1679 350 1709 376 et
1734 356 1843 377 corum
1870 345 1935 377 cui-

1198 394 1277 427 libet
1301 395 1409 437 (mavis
1428 395 1519 427 aliter
1536 395 1697 427 iudicandi
1723 402 1754 428 et
1779 397 1934 439 interpre-

1198 448 1284 479 tandi
1301 447 1458 486 facultate,
1474 447 1608 479 iudicari
1630 453 1661 479 et
1685 448 1811 488 deliniri
1837 450 1934 481 debe-

1198 510 1252 539 re,
1278 499 1404 532 irritum
1429 510 1557 542 quoque
1596 505 1627 532 et
1650 500 1745 533 inane
1781 501 1806 533 si
1840 512 1932 534 secus

1197 563 1296 594 super
1314 552 1363 584 his
1379 563 1395 584 a
1410 562 1582 595 quoquam,
1600 553 1708 595 quavis
1727 553 1930 594 auctoritate,

1198 605 1340 637 scienter
1370 606 1419 638 vel
1452 606 1664 648 ignoranter,
1692 606 1866 649 contigerit
1889 612 1934 639 at-

1197 657 1325 690 tentari.
1356 680 1358 682 -

1240 711 1254 753 ξ
1281 710 1333 742 Μ.
1361 711 1428 744 Non
1446 711 1656 751 obstantibus,
1677 717 1832 755 quatenus
1850 723 1929 755 opus

1197 765 1245 800 sit„
1273 767 1383 797 nostra
1408 770 1440 797 et
1464 765 1674 798 cancellariae
1695 766 1857 808 praelatae
1884 776 1934 798 rc-

1197 818 1270 858 gula
1295 818 1333 849 de
1359 818 1426 849 inre
1452 818 1598 861 quaesito
1624 829 1686 850 non
1714 819 1868 855 tollendo,
1895 830 1932 851 ae

1197 871 1354 911 praedicti
1381 871 1450 903 Iulii
1477 871 1514 903 Ill
1540 870 1676 913 aliisque
1703 872 1933 914 praedecesso-

1196 933 1264 954 rum
1291 923 1481 965 buiusmodi
1495 923 1778 956 constitutionibus
1797 929 1829 956 et
1846 924 1933 956 ordi-

1197 976 1380 1008 nationibus
1392 976 1588 1018 apostolicis,
1599 987 1634 1008 ae
1649 976 1822 1009 tribunalis
1837 977 1931 1019 burgi

1197 1034 1226 1060 et
1264 1028 1354 1061 Urbis
1388 1029 1592 1068 huiusmodi,
1620 1034 1775 1072 quatenus
1808 1029 1839 1061 in
1874 1030 1932 1062 ali-

1197 1092 1261 1123 quo
1279 1082 1418 1119 obstent,
1441 1082 1537 1113 etiam
1558 1081 1749 1121 iuramento,
1769 1081 1934 1114 confirma-

1197 1134 1283 1166 tione
1302 1135 1492 1177 apostolica,
1507 1135 1557 1167 vel
1577 1134 1686 1177 quavis
1703 1134 1852 1167 firmitate
1871 1135 1933 1167 alia

1195 1187 1376 1226 roboratis,
1403 1188 1529 1219 statutis
1561 1192 1592 1219 et
1623 1187 1932 1227 consuetudinibus,

1195 1240 1373 1283 privilegiis
1406 1251 1552 1283 quoque,
1583 1239 1717 1273 indultis
1750 1245 1782 1272 et
1816 1239 1932 1272 litteris

1195 1293 1378 1336 apostolicis
1403 1293 1434 1325 in
1460 1293 1655 1325 contrarium
1682 1293 1933 1335 praemissorum

1196 1347 1303 1378 forsan
1330 1345 1575 1389 quomodolibet
1604 1345 1782 1385 concessis,
1815 1355 1934 1388 appro-

1196 1400 1278 1431 batis
1309 1405 1340 1431 ct
1373 1399 1554 1434 innovatis:
1583 1398 1698 1441 quibus
1731 1398 1878 1430 omnibus
1902 1403 1934 1430 et

1939 187 1990 214 An.
2013 187 2040 213 c.
2060 173 2126 213 ioffl

1972 721 2061 751 ⁰3³f·*2¹²
2076 726 2127 741 :ou-

1946 752 2021 768 trariis.

1195 1452 1346 1494 singulis,
1368 1451 1493 1483 etiamsi
1512 1451 1590 1483 alias
1610 1451 1738 1483 illorum
1763 1450 1933 1483 sufficienti
1966 1477 1970 1480 .

1197 1505 1406 1546 derogatione
1433 1504 1471 1536 de.
1496 1504 1561 1536 illis
1586 1514 1764 1546 eorumque
1791 1503 1866 1536 totis
1887 1509 1932 1535 te-

1196 1558 1329 1590 noribus
1354 1557 1515 1600 specialis,
1541 1556 1702 1599 specifica,
1729 1566 1879 1598 expressa
1904 1560 1935 1587 ct

1196 1611 1370 1647 individua,
1397 1620 1432 1641 ac
1458 1610 1495 1641 de
1516 1609 1614 1641 verbo
1631 1609 1669 1641 ad
1694 1609 1840 1647 verbum,
1868 1618 1934 1640 non

1196 1669 1300 1696 autem
1327 1674 1385 1706 per
1405 1663 1563 1695 clausulas
1581 1662 1752 1703 generales
1773 1661 1857 1693 idem
1877 1660 1934 1692 im—

1197 1722 1362 1759 portantes
1378 1743 1385 1755 ,
1410 1715 1530 1747 mentio
1557 1725 1611 1747 seu
1638 1714 1770 1757 quaevis
1795 1713 1856 1745 alia
1882 1723 1935 1745 ex-

1196 1770 1320 1813 pressio
1340 1769 1489 1801 habenda
1507 1773 1560 1800 aut
1580 1767 1689 1810 aliqua
1713 1767 1774 1799 alia
1793 1765 1917 1809 exquisi

1198 1829 1227 1855 ta
1254 1823 1355 1855 torma
1373 1822 1410 1853 ad
1434 1822 1495 1853 boc
1513 1821 1669 1853 servanda
1688 1820 1783 1859 soret,
1803 1824 1933 1851 tenores

1197 1875 1392 1913 huiusmodi,
1417 1884 1452 1906 ac
1484 1874 1510 1905 si
1536 1874 1574 1906 de
1595 1874 1694 1905 verbo
1728 1872 1766 1904 ad
1791 1871 1932 1911 verbum,

1196 1929 1278 1960 nihil
1298 1928 1427 1971 penitus
1444 1927 1561 1959 omisso
1580 1932 1609 1959 et
1629 1926 1731 1958 forma
1750 1925 1781 1957 in
1797 1924 1861 1957 illis
1874 1930 1936 1956 tra-

1197 1981 1263 2013 dita
1280 1981 1453 2016 observata,
1464 1979 1575 2011 inserti
1590 1979 1702 2017 forent,
1714 1977 1833 2009 eisdem
1848 1987 1936 2019 prae-

1197 2035 1341 2067 sentibus
1356 2045 1413 2077 pro
1432 2034 1528 2076 plene
1543 2038 1575 2064 et
1591 2031 1789 2064 sufficienter
1807 2039 1936 2072 expres-

1197 2088 1239 2119 sis
1269 2093 1299 2119 et
1323 2086 1453 2118 insertis
1484 2086 1664 2124 babentes,
1695 2083 1758 2126 illis
1791 2082 1868 2114 alias
1902 2081 1935 2113 in

1197 2151 1253 2173 suo
1278 2140 1394 2172 robore
1420 2137 1647 2181 permansuris,
1667 2137 1727 2168 bac
1751 2135 1819 2167 viee
1846 2134 1936 2166 dum-

1198 2199 1293 2230 taxat,
1319 2193 1433 2224 barum
1458 2190 1551 2223 seri&
1566 2191 1771 2232 derogamus3
1803 2187 1936 2220 ceteris-

1199 2257 1260 2289 que.
1286 2245 1453 2278 contrariis
1471 2245 1746 2287 ‘quilniseumque.

1243 2301 1256 2342 ξ
1284 2299 1334 2331 15.
1356 2298 1439 2330 Nulli
1459 2308 1536 2339 ergo
1562 2297 1693 2329 omnino
1713 2295 1882 2327 bominum
1900 2293 1936 2325 li·
1973 2297 2062 2327 Sanctio
2081 2301 2131 2323 1¹0⁰-

1900 2345 1906 2350 ,
1946 2326 2008 2345 natis.

1199 2357 1269 2384 ccat
1284 2352 1367 2383 banc.
1381 2350 1531 2393 paginam
1549 2354 1693 2381 nostram
1712 2346 1934 2384 revocationis,

1199 2404 1449 2443 annullatiouis,
1475 2403 1650 2436 voluntatis
1664 2429 1671 2441 ‚
1697 2398 1935 2443 deputationis,

1199 2458 1351 2497 mandati,
1378 2457 1600 2492 iniunctionis,
1625 2452 1868 2491 reservationis,
1884 2452 1938 2483 de-

1200 2511 1402 2551 clarationis,
1429 2509 1637 2547 intentionis,
1672 2504 1909 2539 commissionis
1929 2529 1937 2542 ‚

1202 2564 1432 2603 ‹;·0neoss=ioni.<,
1459 2561 1691 2600 ordinationis,
1718 2557 1941 2600 derogationis,
