2247 3208
221 178 277 206 An.
294 178 322 207 C.
348 180 414 208 1667

415 240 452 263 ac
489 231 616 265 demum
652 244 708 277 per
743 238 919 270 sententias
945 243 977 270 ct
1001 249 1153 272 censuras

416 283 651 318 ecclesiasticas
668 289 842 322 mandandi
857 296 888 323 et
903 291 1152 335 praecipiendi¹,

414 347 451 370 ac
475 347 534 380 pro
560 341 747 374 earumdem
784 343 980 376 decimarum
1018 345 1153 378 faciliori

414 391 584 424 exactione
610 403 709 426 unum
737 396 786 428 vel
812 397 921 438 plures
943 398 1155 431 subcollecto-

413 453 490 483 res,
523 445 578 487 qui
613 446 638 478 si
677 447 707 479 in
744 448 901 489 dignitate
937 450 1154 484 ecclesiastica

414 497 582 530 constituti
608 498 672 531 sint
698 500 766 542 pari
788 511 822 533 ac
844 501 901 541 tu',
923 502 1033 544 vigore
1059 514 1154 546 prae-

413 549 563 588 sentium,
580 551 730 584 facultate
743 553 924 595 fungantur,
937 565 993 596 per
1006 557 1151 588 locorum

412 601 603 636 Ordinarios
620 604 652 636 in
667 615 867 648 quacumque
882 606 1009 639 civitate
1024 614 1053 640 et
1069 609 1152 641 dioe-

412 654 478 686 cesi
505 660 537 688 et
562 656 635 688 loco
659 656 720 688 sibi
746 657 890 690 subiecto
917 669 977 701 pro
1003 665 1150 703 tempore

413 707 585 750 deputatos
623 710 846 752 approbandi,
880 717 911 744 et
944 712 968 744 si
1005 713 1076 756 quis
1113 724 1149 746 ex

412 759 492 803 ipsis
516 760 693 794 Ordiuariis
727 762 810 795 intra
847 764 986 808 aliquem
1020 766 1148 800 brevem

412 813 584 846 terminum
611 820 715 848 restro
741 817 875 850 arbitrio
905 818 1148 861 praefigendum

409 865 493 898 viros
518 866 653 900 idoneos
672 869 711 901 ad
731 868 762 901 id
782 870 937 913 deputare
955 873 1147 914 neglexerit,

410 918 467 950 tibi
493 919 591 952 etiam
610 920 678 953 sine
697 921 828 955 illorum
849 934 1008 957 consensu
1032 930 1085 958 tuo
1103 937 1150 958 ar-

409 971 508 1004 bitrio
525 972 598 1006 illos
613 973 713 1007 libere
729 975 918 1018 deputandi,
932 983 962 1009 et,
976 978 1148 1022 deputatos

409 1026 591 1065 amovendi,
617 1027 763 1070 aliosque
788 1039 902 1062 eorum
938 1031 1018 1070 loco,
1054 1033 1147 1065 toties

409 1078 536 1120 quoties
551 1079 605 1111 tibi
622 1080 792 1121 videbitur,
805 1082 1019 1116 substituendi
1033 1090 1064 1117 et
1076 1085 1147 1117 sub-

411 1131 562 1172 rogandi,
589 1143 624 1163 ac
653 1134 779 1166 solvere
811 1142 999 1169 recusantes
1024 1143 1056 1169 et
1080 1138 1143 1171 dif-

410 1182 548 1216 serentes
563 1211 586 1235 χ.
603 1191 634 1217 et
659 1187 856 1227 generaliter
888 1189 1146 1223 contradictores
1168 1203 1169 1206 ¹

409 1237 572 1278 quoslibet
589 1243 622 1270 et
645 1239 793 1279 rebelles,
814 1246 842 1272 et
864 1251 904 1273 ne
922 1242 1065 1275 decimae
1089 1244 1146 1275 liu-

407 1287 545 1322 iusmodi
571 1292 740 1323 solvantur
763 1294 999 1334 persuadentes
1026 1296 1145 1329 directe

406 1342 454 1374 vel
479 1341 650 1383 indirecte,
678 1354 737 1386 per
761 1344 846 1387 ipsas
873 1356 1024 1379 censuras
1045 1350 1146 1381 eccle-

406 1394 550 1428 siasticas
576 1401 607 1427 et
632 1396 694 1429 alia
719 1403 903 1440 opportuna
923 1399 1003 1432 iuris
1022 1406 1053 1433 et
1071 1402 1145 1434 facti
1167 1395 1169 1406 *

407 1448 559 1487 remedia,
575 1450 794 1492 appellatione
812 1453 1003 1494 postposita,
1021 1465 1144 1498 compe-

406 1500 538 1541 «endi,
572 1502 790 1546 auxiliumque
831 1504 955 1538 brachii
991 1508 1145 1540 secularis

411 1558 518 1586 ‘antra
541 1564 597 1587 eos
622 1555 660 1588 ad
688 1556 748 1588 hoc
773 1556 797 1589 si
823 1567 903 1600 opus
935 1558 1032 1592 fuerit
1056 1560 1145 1593 inro-

405 1605 518 1646 candi,
557 1608 719 1640 solventes
745 1619 820 1642 vero
847 1610 885 1643 de
912 1612 1028 1645 solutis
1054 1613 1144 1656 quie-

405 1657 491 1690 randi
517 1665 548 1691 et
572 1659 742 1700 liberandi,
761 1672 777 1694 a
796 1663 1007 1707 censurisque
1024 1670 1055 1698 et
1072 1676 1145 1709 poe-

404 1710 464 1751 nis,
490 1722 568 1755 quas
595 1712 680 1746 dicta
705 1715 875 1748 occasione
895 1718 1144 1759 quomodolibet

404 1764 612 1806 incurrerint,
645 1769 845 1809 absolvendi,
880 1775 911 1802 et
947 1767 1166 1813 generaliterl

404 1818 513 1851 omnia
526 1825 558 1852 et
572 1820 699 1863 singula
713 1821 744 1854 in
760 1823 946 1865 praemissis
960 1830 991 1856 et
1007 1825 1092 1858 circa
1106 1837 1143 1858 ea

404 1872 586 1905 necessaria
617 1884 673 1906 seu
693 1876 937 1917 quomodolibet
960 1884 1143 1921 opportuna

403 1923 563 1964 faciendi,
589 1926 782 1967 ordinandi,
809 1929 981 1962 mandandi
1015 1936 1046 1964 et
1071 1942 1142 1964 exe-

1047 190 1188 216 Ctmttssxs
1214 194 1242 218 lx
1268 195 1315 218 PF.

1837 191 1901 222 ‹⁶105›

1199 242 1293 275 nibus
1317 249 1348 275 et
1365 245 1635 289 ordinationibus,
1654 249 1839 293 ceterisque
1865 260 1936 283 cou-

1199 296 1305 328 trariis
1331 298 1606 344 qnilmscumcwffi

1242 349 1256 391 ἓ
1280 349 1310 382 4.
1340 351 1401 383 Aut
1426 353 1449 384 si
1477 354 1554 396 ipsis
1581 343 1783 398 patitui—eliis,
1811 358 1935 392 archie-

1197 401 1353 444 piscopis,
1381 404 1554 448 episcopis,
1582 408 1702 447 electis,
1729 410 1935 443 administra-

1197 454 1329 493 toribus,
1348 459 1640 500 conunendatariis,
1657 461 1836 502 abbatibus,
1852 464 1934 506 prio-

1197 505 1300 547 ribus,
1319 510 1522 551 praepositis,
1538 514 1693 555 capitulis,
1710 517 1931 557 conventibus,

1196 561 1511 601 congregationibus,
1534 570 1564 596 et
1581 566 1651 598 aliis
1669 569 1816 609 personis
1842 580 1934 612 prae-

1196 610 1295 651 dictis,
1312 614 1360 645 vel
1376 615 1539 656 quibusvis
1554 618 1633 652 aliis.
1649 622 1866 655 communiter
1883 625 1932 657 vel

1195 662 1329 703 divisim,
1349 666 1388 697 ab
1404 667 1587 709 Apostolira
1605 670 1644 702 sit
1660 671 1741 705 Sede
1761 673 1930 716 indultum,

1195 717 1280 758 quod
1315 718 1354 750 ad
1387 720 1579 754 solutionem
1615 723 1750 756 alicuius
1788 727 1930 761 decimae

1194 778 1259 800 non
1284 774 1457 803 teneantur
1487 779 1517 806 et
1548 775 1586 806 ad
1614 775 1643 808 id
1678 779 1851 821 compelli,
1879 787 1932 813 aut

1194 822 1279 864 quod
1303 822 1462 865 interdici,
1489 828 1641 870 suspendi
1673 831 1722 862 vel
1749 841 1932 865 excommu-

1193 873 1293 906 nicari
1320 886 1374 908 seu
1401 883 1488 910 extra
1504 880 1552 912 rel
1578 881 1662 913 ultra
1688 888 1772 914 certa
1799 884 1865 916 loca
1891 886 1931 917 ad

1192 926 1343 960 iudicium
1366 931 1493 963 avocari
1515 943 1578 965 non
1593 934 1716 976 possint
1736 946 1793 978 per
1810 937 1931 970 litteras

1192 981 1383 1022 apostolicas
1410 994 1474 1016 non
1501 985 1653 1019 facientes
1675 989 1804 1031 plenam
1823 996 1850 1022 et
1878 1002 1932 1024 ex-

1191 1043 1334 1075 pressam
1372 1037 1410 1068 ad
1450 1038 1488 1069 de
1522 1040 1620 1072 verbo
1655 1041 1693 1073 ad
1727 1042 1859 1075 verbum
1892 1044 1930 1076 de

1169 1101 1171 1111 ι
1191 1085 1316 1119 indulto
1336 1088 1517 1123 huiusmodi
1534 1093 1744 1133 mentionem,
1758 1100 1788 1126 et
1805 1096 1931 1138 quibus-

1168 1137 1269 1178 Jtibet
1293 1141 1364 1173 aliis
1390 1143 1565 1186 privilegiis
1596 1150 1628 1177 et
1654 1148 1926 1190 exemptionibus,

1168 1192 1285 1243 ¹etiam
1312 1194 1342 1225 in
1369 1206 1505 1238 corpore
1532 1198 1610 1230 iuris
1636 1200 1764 1240 clausis,
1787 1212 1823 1233 ac
1849 1202 1929 1235 litte-

1168 1246 1170 1288 }
1190 1244 1232 1276 ris
1247 1247 1433 1288 apostolicis
1449 1250 1705 1295 quibuscumque
1720 1253 1928 1295 dignitatibus

1167 1293 1245 1338 Jseu
1270 1299 1436 1332 ordinibus
1461 1302 1643 1345 specialiter
1659 1305 1707 1337 vel
1734 1307 1930 1347 generaliter

1167 1356 1170 1386 ζ
1188 1351 1246 1383 sub
1272 1362 1472 1396 quacumque
1487 1355 1660 1389 verborum
1687 1357 1787 1390 fornia
1801 1369 1930 1402 expres-

1188 1403 1241 1443 sis,
1270 1404 1393 1437 etiamsi
1421 1413 1508 1439 motu
1535 1409 1680 1452 propiio,
1710 1421 1744 1442 ac
1773 1412 1812 1443 de
1837 1422 1929 1454 apos-

1166 1458 1303 1503 ,tolieae
1329 1460 1494 1501 potestatis
1513 1462 1724 1504 plenitudine,
1751 1469 1781 1496 et
1806 1465 1928 1497 consis-

1166 1508 1367 1550 ¹torialiter,
1393 1522 1428 1544 ac
1453 1513 1548 1546 etiam
1582 1515 1613 1546 in
1648 1515 1710 1548 vim
1744 1522 1927 1550 contractus

1166 1557 1415 1603 'emanave1·int,
1442 1566 1565 1599 etiamsi
1591 1578 1650 1610 pro
1677 1568 1847 1601 sufficienti
1875 1580 1928 1602 eo-

1165 1611 1167 1652 l
1187 1626 1257 1648 rum
1283 1616 1494 1659 derogatione
1513 1620 1552 1652 de
1572 1620 1634 1652 illis
1656 1631 1833 1665 eorumque
1854 1623 1926 1655 totis

1164 1689 1166 1704 ⁴
1189 1670 1355 1702 tenoribus
1373 1671 1532 1714 specialis
1553 1674 1710 1716 specifica,
1729 1686 1878 1719 expressa
1896 1682 1927 1709 et

1164 1707 1362 1762 findividua,
1390 1734 1425 1755 ac
1450 1725 1487 1757 de
1514 1726 1610 1759 verbo
1635 1727 1673 1759 ad
1699 1728 1841 1767 verbum,
1861 1740 1926 1763 non

1187 1780 1292 1807 autem
1318 1786 1376 1819 per
1401 1778 1560 1811 clausulas
1585 1781 1752 1821 generales
1770 1781 1855 1814 idem
1874 1782 1926 1814 irn-

1163 1833 1351 1870 2p0rtantes
1378 1830 1498 1863 mentio
1529 1832 1678 1865 habenda
1704 1839 1809 1873 esset,
1843 1845 1925 1878 quae

1186 1880 1232 1911 eis
1258 1881 1365 1922 quoad
1390 1883 1567 1925 praemissa
1591 1885 1741 1918 nolumus
1761 1886 1793 1919 in
1815 1887 1924 1930 aliquo

1186 1931 1365 1975 suffragari,

1950 201 1998 226 Ar..
2020 200 2046 226 C.
2067 200 2131 227 iffi

402 1977 532 2019 quendi,
559 1979 688 2021 plenam
715 1986 747 2013 et
771 1980 920 2021 liberam,
949 1983 1140 2016 auctoritate

402 2036 432 2062 et
458 2036 571 2064 tenore
596 2033 780 2075 praedietis,
814 2034 996 2069 facultatem
1021 2047 1139 2071 conce-

403 2082 507 2115 dimus
532 2090 563 2118 et
587 2091 792 2128 potestatem.

446 2137 460 2178 ξ
484 2136 515 2170 3.
534 2137 603 2170 Non
628 2139 830 2173 obstantibus
847 2143 957 2183 regula
975 2145 1085 2175 nostra
1103 2143 1141 2176 de
1162 2176 1164 2187 ¹

402 2199 468 2221 non
495 2191 641 2224 tollendo
662 2192 731 2225 iure
753 2194 908 2236 quaesito,
927 2205 963 2227 ac
987 2196 1059 2228 aliis
1077 2196 1142 2239 qui·
1162 2191 1165 2226 l

1229 1987 1243 2029 g
1261 1986 1291 2018 5.
1312 1987 1464 2020 Volumus
1483 1995 1602 2029 autem,
1620 1992 1717 2034 quod,
1734 1991 1821 2025 iuxta
1840 1993 2123 2048 01·di·tssve¹³2,¹dis¹r1e¹-

1185 2039 1349 2071 nationem
1368 2050 1384 2072 a
1401 2040 1546 2074 Concilio
1561 2042 1732 2075 Viennensi
1751 2055 1847 2088 super
1862 2046 1925 2078 hoc
1936 2033 2121 2099 c'tgsi-issfilglueip„

1185 2090 1318 2131 editam,
1348 2092 1472 2132 calices,
1491 2094 1564 2126 libri
1590 2100 1622 2127 et
1652 2096 1713 2128 alia
1733 2083 2122 2131 ornamenta{ieair'iiss'i'tlil'tss

1186 2144 1402 2185 ecclesiarum,
1436 2147 1716 2189 monasteriorum,
1749 2149 1924 2183 beneficio-

1185 2206 1256 2228 rum
1278 2202 1310 2229 et
1329 2197 1464 2230 aliorum
1490 2199 1618 2241 piorum
1643 2202 1795 2242 locorum,
1815 2202 1922 2236 divino

233 2141 327 2168 inrogat
340 2148 390 2164 eon-

205 2164 285 2189 icariis.

402 2241 511 2274 busris
536 2245 740 2286 apostolicis,
767 2257 803 2278 ac
828 2247 924 2279 etiam
948 2247 980 2280 in
1013 2249 1164 2292 provin-'

402 2293 539 2327 cialibus
565 2301 597 2327 et
621 2297 828 2339 synodalibus
853 2300 1000 2333 conciliis
1027 2301 1138 2341 editis,

402 2347 608 2388 generalibus
632 2349 680 2381 vel
705 2349 912 2392 specialibus,
938 2350 1160 2386 constitutio-⁴

437 2438 447 2462 1
471 2435 542 2462 Edit.
567 2437 646 2464 Main.
673 2437 737 2473 legit
754 2440 937 2474 percipiendi
957 2449 1004 2476 pro
1024 2443 1141 2476 praeci-

397 2479 500 2514 piendi
519 2486 556 2510 (a.
573 2482 623 2512 T.).

437 2522 454 2548 2
475 2523 543 2550 Male
565 2523 629 2550 edit.
651 2524 729 2552 Μαίη.
747 2525 811 2561 legit
828 2527 900 2561 pari
919 2531 984 2555 actu
1006 2536 1053 2564 pro
1072 2530 1142 2564 pari

401 2574 434 2592 ac
455 2570 485 2594 tu
507 2568 543 2601 (R.
562 2571 612 2602 τ.)-

1185 2249 1284 2281 cultui
1300 2250 1456 2289 dedicata,
1470 2261 1506 2284 ex
1521 2255 1614 2285 causa
1626 2253 1772 2296 pignoris
1787 2256 1836 2288 vel
1850 2255 1921 2294 alia,

1162 2302 1354 2341 ¹occasione
1385 2304 1555 2337 solutionis
1592 2306 1787 2339 decimarum
1814 2308 1924 2341 huius-

1184 2355 1281 2395 modi,
1302 2357 1486 2389 nnllatenus
1507 2358 1682 2401 capiantur,
1702 2359 1925 2393 distrahantur

1182 2408 1232 2440 vel
1266 2415 1488 2451 occupentur,
1516 2411 1666 2454 quodque
1702 2413 1924 2454 praesentium

1186 2460 1362 2493 litterarum
1389 2463 1612 2505 transumptis,
1639 2469 1692 2497 tuo
1717 2465 1766 2497 vel
1792 2466 1924 2498 alterius

1185 2513 1319 2555 praelati
1353 2515 1563 2548 ecclesiastici
1593 2516 1701 2559 sigillo
1729 2527 1766 2550 ac
1800 2518 1923 2560 publici

1185 2565 1303 2598 notarii
1341 2567 1579 2611 subscriptione
1616 2570 1772 2607 munitis,
1809 2570 1922 2603 eadem
