2247 3208
215 230 308 257 Aac.
332 229 397 257 ¹663
442 221 505 254 112

238 606 273 625 (31⁴1

278 606 357 626 esulae.

410 281 597 311 remanente
623 274 813 308 earumdem
838 270 1016 305 Innocentii
1044 279 1139 313 prae-

410 328 592 363 decessoris
619 327 799 360 litterarum
825 323 1066 367 dispositione),
1093 327 1139 354 te-

408 392 487 415 nore
508 379 740 424 praesentium,
759 382 918 421 perpetuo
936 385 1136 414 revocamus,

407 436 611 475 abrogamus,
634 442 807 471 cassamus,
834 430 997 462 irritamus
1023 434 1055 461 et
1084 438 1139 460 an-

407 487 581 526 nullamus,
601 485 788 527 viribusque
814 488 846 516 et
869 482 984 516 effectu
1009 481 1137 525 penitus

407 544 439 571 et
463 539 595 571 omnino
621 548 806 570 vacuamus.

449 591 464 634 ᾗ
487 590 518 623 9.
545 591 765 623 Decernentes
791 590 922 622 easdem
945 592 1136 631 praesentes

407 643 551 684 litteras,
579 643 675 675 etiam
700 653 737 675 ex
763 653 801 675 eo
830 642 916 685 quod
941 641 1135 684 quicumque

406 696 438 729 in
463 695 651 739 praemissis
676 695 837 727 interesse
871 695 1050 734 habentes,
1078 703 1135 725 seu

405 749 528 781 habere
551 748 799 791 quomodolibet
815 747 1077 790 praetendenteS,
1096 746 1135 777 ad

404 800 459 834 illa
482 800 595 839 vocati,
621 800 709 833 citati
735 805 767 832 et
790 799 888 832 auditi
913 809 979 831 non
1003 798 1131 838 suerint,

403 863 464 886 nec
488 853 551 886 illis
577 853 812 892 consenserint,
831 858 885 884 aut
909 862 946 883 ex
971 852 1033 884 alia
1058 860 1134 894 qua-

403 916 540 949 cumque
566 909 670 946 causa,
697 905 877 944 occasione,
906 909 1076 947 praetextu
1102 909 1134 936 et

402 959 527 1001 capite,
555 958 651 991 etiam
676 958 708 990 in
733 968 872 1000 corpore
897 957 973 989 iuris
999 957 1130 996 clauso,

401 1012 492 1044 nullo
518 1021 660 1054 unquam
686 1015 832 1053 tempore
854 1010 893 1042 de
913 1009 1130 1052 subreptionis

401 1065 451 1097 vel
477 1064 678 1106 obreptionis
708 1068 762 1095 aut
786 1063 941 1095 nullitatis
962 1063 1051 1103 vitio,
1074 1073 1131 1095 seu

399 1115 590 1149 intentionis
609 1121 740 1148 nostrae
758 1120 811 1147 aut
832 1115 989 1147 interesse
1008 1116 1131 1147 haben-

400 1168 476 1201 tium
509 1179 688 1201 consensus
723 1167 825 1200 aliove
858 1168 1005 1210 quolibet
1034 1167 1130 1200 etiam

399 1220 602 1253 substantiali
623 1226 654 1253 et
669 1219 867 1253 individuam
883 1219 1128 1262 expressionem

399 1273 588 1317 requirente
615 1273 743 1306 defectu
774 1272 901 1312 notari,
927 1271 1127 1315 impugnari,

398 1326 561 1368 redargui,
586 1325 738 1365 rescindi,
769 1325 912 1367 infringi,
938 1325 1126 1366 retractari,

397 1384 452 1412 aut
475 1380 514 1412 ad
540 1380 696 1412 terminos
728 1380 806 1412 iuris
833 1380 966 1419 reduci,
991 1390 1048 1412 seu
1073 1380 1128 1412 ad-

397 1443 508 1465 versus
533 1433 604 1466 illas
630 1433 844 1476 aperititionis
880 1432 966 1474 oris,
997 1433 1127 1466 restitu-

398 1485 492 1518 tionis
510 1485 543 1518 in
559 1486 734 1528 integrum,
752 1486 877 1519 aliudve
899 1486 1125 1529 quodcumque

395 1538 485 1578 iuris,
511 1539 585 1572 sacti
603 1540 653 1572 vel
683 1539 805 1581 gratiae
825 1539 1003 1572 remedium
1020 1539 1126 1572 inten-

396 1591 453 1623 tari
485 1592 535 1624 vel
560 1591 739 1635 impetrari,
774 1597 829 1624 aut
852 1592 1047 1635 impetrato,
1075 1594 1124 1626 vel

395 1643 490 1675 etiam
515 1650 621 1685 motu,
652 1645 785 1678 scientia
810 1650 841 1677 et
863 1646 1032 1688 potestatis
1057 1647 1124 1689 ple-

394 1696 540 1729 nitudine
575 1697 708 1740 paribus
737 1708 906 1738 concesso,
942 1699 1124 1742 quempiam

393 1749 425 1781 in
460 1749 579 1782 iudicio
610 1751 659 1783 vel
686 1756 775 1783 extra
796 1751 892 1784 illud
928 1751 973 1783 uti
1009 1762 1066 1785 seu
1090 1763 1123 1785 se

392 1801 630 1846 iuvareposse3
649 1804 706 1836 sed
723 1804 809 1846 ipsas
826 1809 1018 1847 praesentes
1039 1806 1124 1838 litte-

392 1864 443 1887 ras
468 1865 600 1898 semper
624 1861 655 1889 et
678 1862 836 1899 perpetuo
861 1856 983 1897 firma&
1001 1858 1122 1890 validas

392 1912 424 1939 et
449 1906 596 1941 efficaces
633 1910 773 1942 existere
799 1914 831 1942 et
854 1910 943 1950 sore,
978 1912 1122 1954 suosque

390 1961 555 2003 plenarios
577 1966 609 1993 et
632 1962 776 2004 integros
803 1962 936 1995 effectus
962 1964 1073 1996 sortiri
1091 1969 1123 1996 et

391 2014 552 2054 obtinere,
579 2025 615 2047 ac
643 2015 724 2055 illis,
752 2016 791 2048 ad
817 2026 900 2059 quos
932 2021 1059 2059 spectat
1090 2021 1122 2049 et

390 2076 450 2108 pro
467 2071 613 2109 tempore
628 2069 932 2112 quomodocumque
950 2069 1119 2112 spectabit,

390 2119 578 2162 plenissime
594 2120 774 2163 suffragari,
790 2122 902 2164 sicque
917 2127 949 2154 et
972 2132 1037 2154 non
1062 2121 1120 2155 ali-

391 2176 439 2203 ter
463 2172 495 2204 in
519 2173 707 2215 praemissis
732 2184 792 2216 per
817 2184 1043 2217 quoscumque
1071 2174 1120 2206 iu-

390 2225 477 2257 dices
514 2226 696 2258 ordinarios
732 2232 764 2259 et
796 2227 987 2270 delegatos,
1021 2227 1118 2260 etiam

390 2287 559 2310 causarum
585 2279 696 2321 palatii
721 2280 893 2323 apostolici
926 2280 1092 2313 auditores
1108 2307 1115 2321 ‚

389 2341 424 2362 ac
450 2329 480 2362 S.
501 2330 537 2362 R.
554 2330 587 2363 E.
613 2332 805 2371 caidiuales‚
832 2333 927 2365 etiam
953 2333 992 2365 de
1016 2334 1117 2366 latere

389 2383 527 2425 legatos,
555 2389 585 2416 ct
609 2385 687 2417 alios
714 2385 896 2429 quoslibet,
927 2386 1037 2429 quavis
1063 2397 1117 2418 au-

389 2436 535 2469 ctoritate
554 2442 586 2470 et
609 2443 767 2480 potestate
792 2440 963 2482 fungentes
991 2444 1024 2472 et
1047 2439 1117 2472 sun-

388 2494 519 2529 cun-os,
545 2491 670 2523 sublata
705 2491 750 2523 eis
779 2497 810 2524 et
844 2503 958 2525 eorum
983 2493 1118 2526 cuilibet

387 2543 497 2585 quavis
523 2544 616 2576 aliter
640 2545 802 2577 iudicandi
828 2551 859 2578 et
882 2546 1115 2589 interpretandi

387 2596 537 2629 facultate
563 2602 595 2630 et
619 2597 829 2639 auctoritate,
854 2599 991 2633 iudicari
1009 2604 1042 2633 et
1061 2600 1116 2633 de-

991 221 1169 247 BULLARIUM
1193 220 1342 244 ROMANUM

1171 265 1257 299 finiri
1290 267 1411 299 debere
1431 292 1438 305 ,
1469 276 1506 298 ac
1537 265 1666 298 irritum
1691 270 1723 298 et
1746 267 1842 298 inane
1876 266 1902 299 si

1171 329 1266 352 secus
1297 329 1398 362 super
1423 318 1473 351 his
1494 328 1512 350 a
1529 329 1705 362 quoquam,
1721 319 1833 361 quavis
1847 329 1903 350 au-

1172 372 1344 412 ctoritate,
1370 371 1513 404 scienter
1537 371 1587 404 vel
1612 371 1811 413 ignoranter,
1826 381 1902 404 con-

1172 425 1283 467 tigerit
1306 425 1471 457 attentari.

1214 478 1229 521 ἓ
1254 476 1307 510 10.
1323 477 1393 510 Non
1411 476 1614 510 obstantibus
1633 476 1709 510 dicti
1722 477 1900 510 Innocentii

1171 531 1432 574 praedecessoris
1455 530 1581 571 litteris,
1599 541 1726 564 necnon
1751 531 1899 564 omnibus

1171 589 1203 616 et
1227 584 1361 626 singulis
1386 584 1462 623 illis,
1481 592 1561 627 quae
1586 584 1756 617 memorati
1782 584 1901 626 Grego-

1170 637 1237 669 rius
1266 637 1330 669 XIV
1361 648 1398 670 ac
1426 637 1542 669 Paulus
1575 637 1597 669 V
1632 642 1664 669 et
1694 637 1899 669 Innocentius

1170 691 1441 732 praedecessores
1454 691 1625 722 voluerunt
1643 690 1676 722 in
1694 689 1770 730 suis,
1788 695 1820 722 et
1840 700 1898 722 nos

1169 743 1325 776 voluimus
1356 743 1388 775 in
1416 743 1535 776 nostris
1571 743 1751 785 respective
1784 743 1899 776 litteris

1169 796 1320 838 praefatis
1345 806 1411 828 non
1437 797 1566 829 obstare
1586 822 1592 835 ‚
1614 795 1797 839 ceterisque
1822 806 1899 829 con-

1169 848 1273 880 trariis
1300 848 1567 891 quibuscumque.

1210 901 1224 942 g
1249 900 1301 932 tl.
1330 901 1480 933 Volumus
1511 906 1617 933 autem
1647 906 1682 932 ut
1709 901 1896 934 earumdem

1166 953 1388 995 praesentium
1405 952 1584 985 litterarum
1602 953 1822 996 transumptis,
1840 965 1896 986 seu

1166 1006 1340 1048 exenwlis,
1361 1006 1457 1037 etiam
1482 1006 1665 1048 impressis,
1684 1016 1781 1038 manu
1799 1007 1897 1039 alicu-

1165 1057 1214 1089 ius
1240 1057 1358 1090 notarii
1384 1057 1506 1100 publici
1524 1059 1574 1090 vel
1599 1059 1765 1090 secretarii
1792 1059 1895 1092 dictae

1164 1109 1333 1142 Societatis
1352 1109 1557 1153 subscriptis,
1575 1115 1607 1142 et
1632 1111 1739 1153 sigillo
1758 1122 1896 1154 praepo—

1164 1163 1215 1195 siti
1241 1164 1289 1196 vel
1311 1163 1421 1195 vicarii
1441 1162 1602 1205 generalis
1623 1163 1768 1196 eiusdem
1789 1164 1896 1197 Socie-

1163 1217 1252 1257 tatis,
1270 1222 1324 1249 aut
1342 1216 1478 1249 alicuius
1496 1226 1657 1259 personae
1683 1216 1715 1248 in
1741 1217 1896 1250 ecclesia-

1163 1270 1244 1302 stica
1268 1270 1423 1313 dignitate
1449 1269 1647 1302 constitutae
1673 1271 1820 1311 munitis,
1844 1282 1895 1303 ea-

1162 1324 1235 1356 dem
1260 1334 1396 1366 prorsus
1422 1322 1501 1356 fides
1527 1323 1560 1355 in
1585 1323 1705 1356 iudicio
1740 1330 1772 1356 et
1804 1329 1894 1357 extra

1161 1376 1383 1416 adhibeatur,
1422 1386 1505 1419 quae
1545 1376 1775 1419 praesentibus
1812 1376 1892 1420 ipsis

1160 1430 1401 1470 adhiberetur,
1435 1430 1462 1462 si
1498 1429 1606 1462 forent
1642 1429 1806 1462 exhibitae
1842 1430 1893 1463 vel

1160 1487 1324 1515 ostensae.

1202 1535 1318 1567 Datum
1344 1534 1477 1575 Romae,
1504 1534 1591 1578 apud
1616 1534 1647 1567 S.
1674 1534 1806 1567 Mariam
1831 1534 1894 1567 Ma-

1158 1588 1275 1628 iorem,
1295 1588 1356 1620 sub
1382 1589 1502 1621 annulo
1528 1587 1715 1628 Piscatoris‚
1742 1587 1794 1621 die
1819 1588 1892 1621 1ia-

1158 1641 1264 1674 nuarii
1296 1648 1459 1681 MDCLxm,
1477 1639 1687 1684 pontificatus
1711 1640 1816 1673 nostri
1835 1651 1892 1673 an-

1158 1704 1200 1727 no
1225 1703 1293 1726 vm.

1193 1755 1253 1782 Dat.
1269 1755 1312 1782 die
1329 1756 1340 1782 1
1358 1754 1472 1782 ianuarii
1489 1753 1566 1788 1663,
1583 1753 1679 1789 pontif.
1697 1761 1767 1781 anno
1786 1760 1844 1781 v111.

1443 1898 1595 1932 CDXVIII.

1155 1980 1338 2014 Prolm'bitio
1357 1979 1579 2012 ecclesiasticis
1592 1980 1733 2012 civitatis
1750 1980 1889 2013 Barchi-

1198 2034 1347 2066 nonensis
1372 2038 1399 2066 ει
1421 2033 1628 2076 principatus
1647 2033 1834 2067 Cataloiziae
1849 2044 1888 2066 ne

1197 2086 1422 2119 eoecommissas
1453 2095 1548 2128 super
1570 2086 1738 2119 sortitione
1761 2086 1884 2128 officia-

1197 2139 1281 2172 lium
1303 2137 1456 2181 facianffl.

1344 2218 1509 2244 Alexander
1529 2217 1607 2250 Papa
1625 2217 1686 2249 vu,

1269 2264 1304 2290 ad
1320 2264 1493 2297 perpetuam
1512 2262 1557 2290 rei
1576 2262 1760 2289 memoriam.

1194 2333 1368 2367 Pastoralis
1394 2333 1512 2373 officii,
1538 2334 1625 2376 quod
1659 2339 1792 2367 auctore
1817 2334 1884 2367 Deo

1151 2387 1315 2429 gerimus,
1348 2386 1535 2419 sollicitudo
1570 2397 1630 2420 nos
1665 2387 1818 2419 admonet
1849 2391 1885 2419 ut

1150 2449 1285 2482 gregem
1311 2439 1511 2472 dominicum
1534 2450 1631 2472 curae
1656 2444 1789 2472 nostrae
1815 2449 1885 2472 cre-

1150 2493 1251 2526 ditum
1266 2494 1305 2526 ab
1320 2492 1407 2526 omni
1424 2492 1604 2526 offensione
1621 2502 1774 2526 securum
1790 2501 1884 2536 prae-

1182 2607 1196 2635 1
1213 2607 1250 2634 Ex
1265 2606 1373 2642 Regest.
1389 2606 1416 2634 'm
1431 2606 1534 2635 Secret.
1550 2605 1629 2634 Brev.

1919 218 1967 244 An.
1985 218 2012 244 C.
2035 218 2101 249 ¹663

1985 492 2082 516 Der-uati

1916 521 2028 539 contrari-»i
2036 526 2075 539 ιιιιι.

1927 2337 2068 2359 Prooemium.
