2247 3208
189 204 288 233 *An.C.
311 204 378 232 1665
423 197 486 231 398

386 258 549 296 pererant,
576 253 714 292 vivendi,
740 253 801 285 nisi
820 263 837 285 a
856 253 938 284 dicta
954 253 1118 295 provincia
1139 263 1140 266 ¹

385 306 514 338 maioris
538 305 696 337 Turoniae
722 305 853 337 omnino
879 310 1116 347 separarentur,

385 365 449 391 tum
474 363 609 400 propter
633 357 837 400 exiguitatem
864 358 1026 400 ipsorum,
1053 363 1117 390 tum

383 415 517 453 propter
541 410 709 452 penuriam
739 410 883 442 locorum
910 414 938 442 et
965 409 1138 442 iniuriam¹

384 468 562 505 temporum
577 473 584 501 3
604 462 740 504 ideoque
754 461 847 494 nobis
865 462 1054 494 eorumdem
1069 472 1118 493 ex-

382 514 573 557 ponentium
598 515 728 547 nomine
750 514 916 546 humiliter
934 515 1116 557 supplicato

381 572 415 598 ut
438 566 484 599 eis
509 567 547 599 de
573 566 680 599 medio
705 571 891 609 opportuno
912 568 1057 609 regulam
1076 567 1114 599 ad

380 618 517 650 litteram
544 618 735 651 observandi
760 618 846 650 iuxta
878 618 1115 661 praescriptum

381 671 598 712 praefatarum
635 670 809 703 Clementis
853 670 1113 714 praedecessoris

380 722 570 762 litterarum,
588 723 704 765 quibus
730 732 843 755 omnes
857 728 888 754 et
905 722 1022 763 singuli
1041 722 1114 754 sub·
1134 751 1135 755 ,

379 775 590 817 scripserunt,
605 775 787 818 providere,
809 781 840 807 et
855 775 893 807 ad
912 775 998 806 hunc
1018 774 1114 806 finem
1134 793 1135 797 =

379 828 466 868 (cum
490 827 551 860 soli
574 828 689 860 fratres
707 827 871 860 recollecti
887 827 917 859 in
935 827 1034 859 Gallia
1053 827 1113 859 sub

379 880 473 912 dictis
499 879 673 912 Clementis
703 880 966 923 praedecessoris
997 880 1112 912 litteris

378 932 524 973 regulam
552 933 731 974 servarent)
762 932 839 974 ipsis
868 937 922 971 ut,
949 935 1012 964 una
1041 943 1112 963 cum

379 984 530 1025 praefatis
556 984 620 1016 suis
645 984 747 1015 tribus
779 984 1009 1020 conventibus,
1038 983 1113 1015 vici-

377 1036 461 1069 niori
477 1041 530 1068 aut
550 1036 760 1069 commodiori
778 1036 962 1078 provinciae
982 1036 1112 1067 fratrum

378 1090 626 1121 recollectorum
637 1099 692 1120 seu
703 1089 950 1121 reformatorum
961 1089 993 1120 in
1001 1089 1112 1127 Gallia,

377 1151 493 1183 nempe
519 1139 703 1182 provinciae
718 1140 748 1172 S.
765 1140 879 1172 Mariae
896 1141 1110 1182 Magdalenae,

377 1202 469 1235 quae,
495 1197 657 1224 annuente
684 1197 757 1224 tunc
783 1193 938 1225 existente
963 1194 1111 1226 ministro

377 1244 520 1286 generali
550 1244 623 1277 dicti
648 1244 786 1285 Ordinis,
814 1255 868 1277 cos
893 1246 1038 1288 recipere
1057 1257 1112 1289 pa-

378 1303 445 1330 rata
471 1302 549 1335 erat,
575 1302 700 1329 servato
732 1302 839 1330 tamen
865 1298 933 1330 iure
959 1299 1112 1331 uniuscu-

377 1350 501 1392 iusque,
515 1349 600 1382 uniri
615 1354 646 1381 et
662 1349 860 1392 incorporari
878 1352 1021 1383 valerent
1040 1361 1113 1394 per-

376 1403 516 1442 mittere,
541 1413 576 1435 ac
601 1403 639 1434 ad
665 1403 747 1434 lianc
771 1402 925 1435 unionem
951 1408 982 1435 et
1005 1404 1113 1436 incor-

376 1456 579 1498 porationem
623 1455 853 1498 perficiendam
893 1457 1112 1489 commissario

377 1519 436 1551 per
460 1509 609 1541 eumdem
636 1508 819 1540 ministrum
846 1510 1031 1551 generalem
1057 1510 1112 1542 de-

377 1560 520 1602 putando
552 1561 680 1602 plenam
713 1566 906 1602 potestatem
931 1562 1110 1594 concedere

378 1613 416 1645 de
443 1612 643 1655 benignitate
677 1613 854 1656 apostolica
883 1614 1110 1656 dignaremur:

378 1677 443 1706 nos,
458 1666 639 1698 huiusmodi
654 1666 945 1709 supplicationibus
957 1668 1111 1709 inclinati,

378 1719 416 1751 de
435 1719 672 1752 venerabilium
691 1720 825 1752 fratrum
843 1726 1023 1754 nostrorum
1041 1732 1112 1753 san-

378 1778 445 1804 ctae
471 1772 633 1804 Romanae
650 1772 810 1805 Ecclesiae
828 1774 1039 1806 cardinalium
1057 1785 1113 1806 ne-

378 1825 472 1867 gotiis
508 1829 538 1856 ct
569 1825 857 1858 consultationibus
889 1826 1111 1869 episcoporum

378 1883 409 1909 et
423 1877 618 1919 regularium
633 1878 890 1920 praepositorum
904 1880 1049 1919 consilio,
1069 1885 1113 1912 at-

379 1930 473 1963 tentis
507 1930 667 1970 narratis,
696 1940 731 1963 ac
767 1931 875 1964 audito
900 1942 958 1974 per
982 1933 1110 1971 eosdem

378 1983 570 2023 cardinales,
585 1988 616 2015 et
641 1984 863 2016 consentiente
887 1986 1030 2027 praefato
1053 1986 1112 2018 mi-

378 2035 477 2068 nistro
492 2035 634 2077 generali
648 2035 774 2069 Ordinis
791 2036 986 2077 huiusmodi,
998 2043 1033 2069 ut
1049 2048 1113 2070 me-

378 2087 492 2120 morati
507 2093 571 2119 tres
583 2093 766 2128 conventus,
780 2089 932 2121 nimirum
945 2089 1112 2122 Vastinen-

378 2139 433 2178 sis,
460 2139 690 2182 Inycastrensis
715 2146 746 2172 et
761 2140 1109 2183 Castrireginaldcnsis,

379 2191 463 2223 uniri
489 2197 520 2224 et
544 2191 745 2234 incorporari
770 2198 901 2235 possent
925 2194 1110 2236 provinciae

378 2243 522 2276 viciniori
548 2248 602 2275 aut
628 2244 835 2277 commodiori
865 2246 1111 2278 reformatorum

378 2306 435 2327 seu
455 2297 712 2335 recollectorum‚
730 2297 916 2329 auctoritate
937 2298 1111 2340 apostolica

378 2347 597 2380 concessimus
622 2353 653 2380 et
677 2348 876 2388 indulsimus,
902 2360 937 2381 ac
963 2349 1058 2382 liuius
1078 2361 1112 2381 u-

377 2400 484 2432 nionis
506 2405 536 2432 et
549 2400 817 2443 incorporationis
832 2402 995 2434 faciendae
1015 2404 1111 2435 facul-

379 2456 474 2483 tatem
511 2453 730 2485 commissario
756 2454 794 2485 ab
820 2455 932 2487 eodem
962 2455 1109 2487 ministro

377 2505 520 2546 generali
557 2505 739 2547 deputando
777 2507 889 2539 eadem
923 2508 1109 2539 auctoritate

377 2556 557 2598 tribuimus,
583 2563 612 2589 ct
638 2558 715 2590 alias
740 2564 835 2601 prout
858 2559 889 2591 in
916 2561 1032 2592 nostris
1058 2561 1111 2593 de-

1137 364 1143 383 l

966 206 1146 230 Brttffltt'n
1169 206 1320 231 neutrum

1160 264 1258 296 super
1283 255 1315 286 in
1340 254 1436 287 simili
1474 255 1573 288 forma
1603 257 1711 289 Brevis
1747 256 1797 289 die
1829 266 1895 289 xvii

1161 306 1353 347 septembris
1388 317 1530 340 iunctxm
1566 309 1721 350 expeditis
1753 309 1892 349 litteris,

1160 368 1294 399 quarum
1319 363 1469 391 tenorem
1494 361 1725 402 praesentibus
1750 371 1809 403 pro
1830 362 1895 403 ple-

1159 420 1200 441 ne
1238 415 1269 442 et
1302 410 1500 443 sufficienter
1533 422 1690 454 expresso
1716 418 1747 444 et
1772 413 1893 445 inserto

1160 463 1275 495 haberi
1300 464 1455 502 volumus,
1480 464 1613 496 uberius
1638 465 1831 497 continetur.

1203 515 1217 557 ἓ
1241 514 1272 547 2.
1300 515 1377 548 Cum
1397 521 1516 555 autem,
1535 517 1617 548 sicut
1646 517 1782 550 dilectus
1807 519 1893 561 pari-

1159 573 1208 599 ter
1232 567 1316 600 filius
1350 568 1504 601 Pacisieus
1529 579 1545 601 a
1571 568 1602 601 S.
1629 569 1766 610 Valerio,
1793 580 1892 612 agens

1157 619 1320 660 generalis
1353 620 1496 652 omnium
1531 621 1667 653 fratrum
1702 622 1892 655 recotteeio-

1156 682 1227 704 rum
1252 672 1371 704 Galliae
1397 672 1472 705 dicti
1497 672 1625 705 Ordinis
1644 678 1675 705 et
1700 680 1892 716 procurator

1156 724 1306 766 specialis
1323 725 1485 767 praefatae
1501 725 1667 757 custodiae
1685 725 1738 758 SS.
1761 725 1891 759 Trinita-

1157 777 1205 812 tis,
1222 776 1315 808 nobis
1341 787 1444 819 nuper
1468 777 1585 819 exponi
1612 778 1695 817 fecit,
1722 778 1800 811 unio
1824 778 1891 821 qui-

1156 829 1229 860 dem
1256 828 1442 862 huiusmodi
1469 829 1577 871 zigore
1598 830 1816 872 praefatarum
1833 841 1891 864 no-

1155 886 1294 912 strarum
1319 881 1500 914 litterarum
1522 883 1604 913 l'acta
1622 882 1730 921 fuerit,
1750 884 1807 915 sed
1824 893 1890 916 non

1155 943 1283 965 omnem
1315 944 1408 966 suum
1445 934 1594 967 effectum
1621 935 1791 975 habuerit,
1817 936 1890 978 quia

1155 985 1270 1017 fratres
1286 996 1350 1018 non
1368 986 1534 1019 resormati
1561 987 1744 1019 executioni
1766 997 1890 1020 earum-

1155 1038 1227 1069 dem
1252 1038 1435 1070 litterarum
1466 1049 1538 1071 sese
1570 1045 1814 1082 opposuerunt,
1839 1050 1891 1072 va-

1154 1089 1286 1132 riosque
1313 1091 1453 1133 desuper
1470 1101 1618 1123 recursus
1636 1091 1675 1123 ad
1697 1091 1819 1124 iudices
1837 1092 1891 1124 lai-

1154 1152 1208 1174 cos
1235 1143 1435 1182 lialJuerunt·,
1461 1143 1534 1175 dicti
1562 1148 1666 1176 tamen
1688 1144 1804 1176 fratres
1822 1154 1889 1176 non

1153 1196 1316 1228 reformati
1350 1196 1501 1228 fratribus
1538 1197 1719 1229 reformatis
1753 1207 1812 1229 seu
1840 1207 1890 1229 re-

1153 1248 1297 1280 collectis
1334 1248 1436 1281 dictae
1473 1249 1640 1282 custodiae
1677 1249 1890 1292 promiserint

1153 1310 1187 1332 se
1200 1300 1394 1333 benevolum
1409 1301 1631 1334 reformationi
1647 1302 1789 1334 favorem
1803 1301 1890 1334 dein-

1153 1363 1229 1395 ceps
1254 1364 1324 1385 esse
1350 1354 1566 1396 praestituros
1590 1355 1615 1386 si
1640 1355 1753 1387 eadem
1781 1359 1890 1387 eusto-

1153 1405 1205 1437 dia
1229 1406 1261 1437 in
1288 1416 1382 1445 eum,
1408 1406 1439 1438 in
1465 1417 1529 1449 quo
1554 1412 1628 1438 ante
1653 1406 1771 1438 dictam
1795 1405 1889 1438 unio-

1153 1468 1227 1490 nem
1254 1464 1334 1498 erat,
1356 1464 1472 1491 statum
1489 1459 1728 1496 restitueretur,
1747 1468 1888 1501 spesque

1153 1511 1292 1553 proinde
1318 1511 1469 1553 etl‘ulgeat
1494 1512 1649 1544 maiorem
1681 1512 1742 1544 hac
1767 1511 1817 1544 via
1842 1511 1889 1542 fu-

1155 1570 1257 1596 turam
1288 1564 1525 1597 reformationis
1552 1564 1777 1597 extensionem
1800 1563 1888 1595 iuxta

1154 1616 1420 1659 protestationem
1456 1617 1578 1649 eisdem
1609 1616 1761 1649 fratribus
1785 1616 1889 1648 refor-

1153 1669 1244 1701 matis
1261 1679 1278 1700 a
1302 1679 1366 1702 non
1383 1669 1562 1701 reformatis
1583 1669 1716 1708 factam;
1737 1678 1887 1711 cumque,

1155 1721 1204 1754 his
1238 1727 1269 1754 ct
1300 1721 1371 1754 aliis
1400 1721 1643 1764 congregationi
1669 1722 1889 1764 praefatorum

1154 1774 1366 1806 cardinalium
1391 1774 1554 1816 expositis,
1581 1784 1616 1806 ac
1640 1774 1740 1817 petito
1766 1774 1815 1815 (ut
1838 1783 1890 1805 eo-

1154 1826 1300 1858 rumdem
1326 1827 1461 1858 fratrum
1486 1828 1731 1859 reformatorum
1756 1835 1814 1858 se'i
1839 1835 1890 1857 re-

1154 1880 1363 1911 collectorum
1376 1879 1531 1919 custodia,
1545 1879 1729 1911 huiusmodi
1747 1877 1889 1910 necessi-

1155 1931 1226 1963 tatis
1251 1936 1283 1963 et
1306 1942 1498 1974 progressus
1521 1931 1758 1965 reformationis
1779 1930 1889 1962 habita

1155 1984 1287 2023 ratione,
1313 1984 1548 2027 ordinaretur):
1573 1982 1607 2016 1⁰
1629 1989 1664 2016 ut
1681 1984 1766 2016 dicta
1782 1988 1890 2015 custo-

1155 2037 1206 2069 dia
1237 2036 1290 2068 SS.
1317 2036 1478 2068 Trinitatis
1510 2037 1543 2068 in
1563 2037 1733 2079 pristinum
1760 2041 1888 2074 statum,

1154 2089 1185 2121 in
1211 2100 1273 2132 quo
1300 2094 1367 2121 erat
1380 2094 1452 2121 ante
1470 2089 1633 2129 unionem,
1651 2089 1886 2127 restitueretur,

1154 2152 1226 2174 cum
1251 2141 1399 2173 omnibus
1424 2142 1547 2173 iuribus
1573 2147 1604 2174 et
1627 2140 1802 2184 privilegiis
1826 2140 1887 2183 ipsi

1153 2204 1212 2237 per
1247 2193 1370 2226 litteras
1404 2194 1623 2236 praefatorum
1659 2192 1831 2227 Clementis
1856 2197 1889 2224 et

1154 2246 1271 2279 Urbani
1291 2247 1591 2288 praedecessorum,
1616 2256 1752 2289 quarum
1775 2245 1887 2287 vigore

1155 2300 1212 2331 fuit
1237 2304 1342 2332 erecta
1367 2304 1397 2331 ct
1422 2299 1617 2338 confirmata,
1636 2297 1808 2336 concessis,
1827 2296 1887 2328 ite-

1154 2362 1288 2394 rumque
1315 2352 1550 2395 approbaretur
1573 2356 1604 2383 et
1632 2350 1885 2390 confirmaretur,

1154 2404 1277 2436 scilicet
1301 2415 1374 2436 cum
1399 2404 1530 2436 custode
1562 2403 1593 2435 in
1625 2402 1766 2445 capitulo
1791 2411 1888 2443 gene-

1155 2457 1210 2488 rati
1237 2455 1429 2498 suffragante
1454 2462 1486 2488 ct
1509 2455 1646 2488 novitios
1671 2455 1708 2486 ad
1739 2454 1886 2486 ordinem

1154 2509 1332 2550 recipiendi
1358 2514 1549 2550 potestatem
1576 2508 1728 2544 habente,
1755 2516 1791 2537 ac
1815 2505 1885 2537 aliis

1154 2561 1267 2603 quibus
1292 2572 1391 2603 usque
1416 2561 1454 2592 ad
1481 2565 1605 2602 tempus
1630 2558 1732 2591 dictae
1752 2557 1884 2590 unionis

1907 209 1956 235 λη.
1969 208 1997 235 C.
2023 209 2088 238 ίίέὓδ

1932 530 2007 549 Motiva
2021 532 2087 550 inut't-

1904 558 1973 577 tinnis,
