2247 3208
135 241 184 268 An.
205 240 234 269 C.
252 241 319 268 ¹664

923 246 1110 270 ALEXANDER
1136 247 1177 271 VII
1205 249 1251 271 Pr.

327 294 520 333 perpetuum
546 291 684 334 desupra·
705 293 869 325 silentium
891 295 1002 326 eadem
1021 305 1069 326 au-

327 343 478 376 ctoritate
504 344 701 387 imponendi,
729 356 829 389 osque
855 346 1066 387 ocrludendi;

327 406 454 429 necnon
481 407 701 441 quascumque
726 398 992 439 informationes,
1020 399 1068 431 in-

326 449 532 492 quisitiones,
560 451 742 491 relationes,
771 452 917 484 examina
942 458 973 484 ct
997 463 1067 495 pro-

325 510 440 540 cessus,
469 503 594 546 aliaque
620 509 702 543 acta,
730 504 794 537 sive
821 504 984 537 iudicialia
1001 505 1065 538 sive

325 555 600 597 extraiudicialia,
628 557 653 589 si
678 568 739 600 qua
765 562 876 590 contra
901 557 1064 599 praelatos

325 619 438 642 omnes
463 614 495 642 et
519 610 676 652 singulos,
703 620 783 653 quos
808 611 888 642 sieut
914 610 1065 652 praemit-

325 662 403 696 titur
427 664 643 697 absolvendos
669 668 700 696 et
725 663 909 696 liberandos
924 664 1060 703 duxeris,

324 717 494 749 occasione
519 717 567 749 vel
593 718 687 748 causa
712 717 983 759 praemissorum,
1006 727 1062 749 seu

324 769 459 802 alicuius
484 778 613 809 eorum,
639 779 675 801 ac
698 769 772 801 inde
801 774 981 801 secutorum
1007 779 1062 802 seu

324 821 575 864 dependentium
596 831 872 865 quorumcumque
891 833 949 865 per
967 829 1063 866 quos-

323 884 460 917 cumque
486 876 622 917 legatos,
649 874 851 917 vicelegatos,
883 875 1062 918 praesiden-

323 933 378 967 tes,
405 927 655 970 gubernatoreS,
682 928 857 967 auditores,
884 928 1006 962 iudices
1030 932 1062 961 et

322 980 402 1014 alios
427 980 591 1024 quoslibet
616 986 745 1014 nostros
770 986 802 1013 et
825 981 915 1014 Sedis
940 982 1061 1024 praesa-

321 1039 371 1066 tae
384 1032 536 1066 officiales
554 1038 585 1065 et
609 1033 772 1066 ministros
789 1044 991 1077 quacumque
1012 1045 1061 1066 au-

322 1087 468 1121 ctoritate
495 1087 674 1130 fungentes
689 1088 882 1130 ubicumque
908 1092 939 1120 et
962 1098 1061 1131 quan-

322 1139 504 1183 documque
522 1140 610 1179 sacta,
633 1140 767 1172 formata
780 1145 810 1172 et
827 1140 978 1172 fabricata
995 1140 1062 1172 sue-

321 1192 394 1233 rint,
421 1192 504 1225 dicta
528 1192 714 1225 auctoritate
739 1193 896 1231 cassandi,
912 1193 1059 1225 irritandi

322 1250 353 1278 et
377 1245 575 1285 annullandi,
600 1245 787 1288 viribusque
814 1250 845 1278 et
868 1245 980 1278 ellectu
1006 1256 1061 1288 pe-

321 1299 406 1331 nitus
430 1304 461 1332 et
484 1298 615 1332 omnino
640 1298 814 1337 menandi,
842 1304 873 1331 et
897 1299 936 1330 ab
955 1298 1060 1331 omni-

320 1351 380 1384 bus
405 1356 436 1384 et
459 1351 603 1394 singulis,
630 1351 669 1383 ad
694 1361 773 1393 quos
797 1356 919 1394 spectat
937 1356 968 1383 et
992 1362 1059 1394 per-

322 1405 408 1445 tinet,
435 1414 491 1437 seu
516 1404 677 1447 spectabit
700 1404 810 1447 quovis
836 1405 934 1437 mido
960 1405 991 1437 in
1017 1405 1059 1437 su-

320 1463 436 1497 turum,
463 1457 502 1490 de
526 1457 624 1497 libris,
651 1457 735 1490 notis
760 1462 792 1489 et
816 1457 1000 1500 seripturis,
1026 1458 1059 1490 in

320 1511 437 1554 quibus
463 1510 571 1554 aliqua
594 1510 725 1543 illorum
758 1511 879 1544 mentio
905 1512 986 1543 facta
1009 1522 1059 1544 re-

321 1563 483 1607 periatur,
511 1563 600 1596 omni
637 1564 727 1596 mora
752 1568 783 1596 et
807 1563 1059 1597 contradictione

320 1627 375 1649 seu
389 1617 652 1659 tergiversatione
671 1618 802 1658 remota,
818 1616 986 1650 confestim
997 1627 1060 1649 cas-

320 1670 391 1709 sari,
418 1670 527 1703 delere
553 1674 584 1702 et
608 1669 732 1710 aboliri,
759 1681 795 1703 ac
820 1680 877 1714 pro
907 1670 1057 1710 cassatis,

320 1721 450 1763 deletis,
477 1722 622 1762 abolitis,
649 1723 830 1764 annullatis,
859 1723 965 1763 irritis,
990 1722 1060 1755 viri-

320 1775 444 1819 busque
470 1781 502 1808 et
525 1774 638 1808 effectu
662 1776 768 1809 vacuis
793 1776 920 1819 penitus
948 1780 979 1809 et
996 1786 1061 1808 om-

321 1828 397 1861 nino
422 1828 534 1861 haberi
566 1833 598 1861 et
626 1829 750 1862 censeri
783 1830 921 1876 debere,
947 1829 1059 1862 eaden]

321 1882 509 1915 auctoritate
544 1882 743 1922 mandandi,
777 1882 905 1925 illisque
938 1883 1059 1915 nullam

320 1945 451 1978 prorsus
475 1933 571 1967 fidem
596 1934 628 1966 in
652 1934 770 1967 iudicio
791 1935 839 1967 vel
868 1939 956 1967 extra
980 1934 1059 1967 illud

321 1987 516 2031 ubicumque
550 1987 680 2027 haberi,
708 1987 843 2030 perinde
868 1998 903 2020 ac
928 1988 953 2020 si
979 1998 1061 2020 nun-

321 2051 417 2084 quam
441 2045 645 2074 emanassent
669 2046 722 2073 aut
741 2040 928 2080 extitissent,
943 2051 979 2073 ac
998 2051 1061 2074 om-

321 2103 378 2125 nes
403 2098 434 2126 et
457 2093 600 2135 singulos
634 2093 805 2136 praefatos,
832 2093 948 2136 quibus
973 2093 1061 2126 abso-

321 2145 478 2178 lutionem
504 2151 535 2178 et
558 2145 798 2186 liberationem,
812 2151 847 2178 ut
871 2146 1059 2189 praefertur,

322 2198 534 2238 concesseris,
570 2199 608 2231 ad
640 2199 832 2232 verificanda
865 2199 1059 2243 praemissa,

323 2257 455 2292 autea,
481 2254 531 2285 vel
564 2253 692 2286 illorum
725 2253 850 2296 aliqua,
882 2264 1061 2297 eorumque

322 2315 442 2345 causas,
469 2306 549 2345 loca,
574 2311 731 2349 tempora,
758 2306 926 2349 qualitates
951 2311 983 2340 et
1006 2306 1062 2339 cir-

324 2358 532 2391 cumstantias
565 2358 597 2391 in
630 2358 747 2391 iudicio
780 2361 829 2392 vel
862 2365 951 2392 extra
981 2360 1061 2393 illud

324 2411 534 2455 exprimenda
557 2412 606 2444 vel
632 2412 803 2444 revelanda
821 2414 1003 2446 nullatenus
1020 2417 1062 2446 te-

324 2465 403 2505 neri,
430 2475 537 2507 neque
561 2465 600 2497 ad
618 2464 649 2497 id
667 2465 733 2498 ullo
758 2475 900 2508 unquam
918 2470 1061 2509 tempore

325 2517 440 2550 invitos
465 2517 537 2560 cogi
554 2518 604 2550 vel
622 2518 771 2560 compelli
796 2529 898 2561 posse,
913 2520 1061 2562 solasque

325 2569 445 2603 litteras
470 2575 596 2603 tuarum
622 2571 834 2604 absolutionis
854 2577 885 2604 et
904 2572 1063 2605 liberatio-

325 2623 375 2656 nis
400 2623 585 2656 huiusmodi
602 2624 641 2656 ad
666 2624 898 2667 probationem,
924 2625 1063 2658 verifica-

416 2684 494 2713 Buil.
514 2685 598 2714 Rom.
615 2700 649 2706 --
666 2686 725 2714 Vol.
746 2686 836 2715 XVII.
980 2687 1011 2714 41

1112 294 1231 327 tionem
1257 300 1288 328 et
1313 296 1569 331 iustificationem
1584 300 1727 332 omnium
1741 306 1772 332 et
1785 301 1849 333 sin-

1111 348 1257 387 gularum
1283 349 1456 391 gratiarum
1488 352 1735 393 praemissarum
1767 355 1847 387 sufli-

1109 409 1190 439 cere,
1218 411 1277 433 nec
1303 402 1433 434 alterius
1452 404 1650 445 probationis
1676 407 1847 439 adminicu-

1110 452 1178 484 lum
1203 454 1240 485 ad
1268 454 1328 486 lior
1343 455 1472 496 requiri,
1488 456 1570 487 <ti->1:⁴1
1585 458 1774 490 auctoritate
1797 460 1846 492 de-

1108 505 1261 537 cernendi
1288 506 1407 548 pariter
1432 512 1463 539 et
1486 509 1692 547 derlarandi;
1719 512 1845 555 :iliaque

1107 557 1215 589 omnia
1240 562 1272 590 et
1294 558 1422 601 singula
1448 559 1478 592 in
1505 562 1688 603 praemissis·
1714 575 1846 606 quomo-

1107 609 1229 642 dolihet
1252 612 1433 644 necessaria
1458 618 1488 645 et
1521 620 1723 657 opportuna,
1752 624 1846 659 prout

1106 663 1256 705 expedire
1283 663 1471 697 indicaveris
1504 671 1535 698 et
1566 667 1623 699 tibi
1655 669 1753 710 magis
1779 672 1846 713 pla-

1105 715 1214 755 cuerit,
1243 716 1387 756 dicendi,
1415 720 1598 757 mandandi,
1626 722 1842 763 «deffiniendi,

1104 767 1285 809 ordinandi,
1314 769 1460 809 faciendi,
1488 773 1620 814 gerendi
1639 779 1666 805 et
1683 785 1845 818 exequen-

1105 819 1144 859 di,
1171 831 1207 853 ae
1231 823 1411 856 executioni
1436 825 1579 857 mandari
1600 825 1730 859 iubendi
1746 833 1777 860 et
1792 840 1844 861 cu-

1103 873 1203 912 randi,
1219 875 1449 917 plenissimam,
1468 877 1651 911 latissimam
1670 885 1701 912 et
1718 882 1844 916 aumlis-

1103 925 1236 967 simam,
1263 938 1300 960 ac
1330 929 1527 962 liberrimam
1561 936 1592 963 et
1624 933 1842 968 omnimodam

1104 979 1303 1021 facultatem,
1331 987 1520 1024 potestatem
1547 988 1578 1015 et
1602 986 1840 1028 auctoritatem,

1103 1036 1223 1073 tenore,
1245 1036 1464 1077 praesentium
1491 1036 1660 1070 tribuimus
1678 1044 1708 1070 et
1728 1039 1843 1083 imper-

1103 1085 1210 1118 timur.
1240 1087 1283 1119 Ao
1309 1087 1365 1119 tihi
1391 1094 1425 1120 ut
1450 1089 1488 1121 de
1514 1090 1663 1123 (minibus
1682 1096 1712 1124 et
1737 1093 1842 1135 singu-

1102 1139 1139 1170 lis
1164 1150 1245 1182 quae
1271 1142 1488 1183 praesentium
1513 1143 1620 1185 vigore
1646 1146 1842 1186 quomodoli-

1101 1192 1155 1223 bet
1179 1193 1293 1235 egeris,
1320 1194 1465 1236 gesseris,
1485 1196 1605 1235 feceris,
1626 1199 1839 1239 mandaveris,

1102 1245 1290 1286 decreveris
1318 1246 1456 1287 iusseris,
1484 1254 1634 1281 executus
1661 1251 1777 1290 fueris,
1805 1263 1842 1284 ac

1101 1298 1281 1331 executioni
1307 1300 1493 1333 demandari
1520 1304 1690 1343 curaveriS,
1718 1306 1840 1338 nullam

1101 1352 1245 1391 omnino,
1261 1363 1377 1396 neque
1402 1354 1503 1393 nobis,
1526 1365 1630 1398 neque
1652 1359 1842 1390 suecessori-

1100 1404 1160 1437 bus
1184 1406 1301 1438 nostris
1334 1406 1488 1440 Romanis
1524 1408 1754 1448 Pontificibus,
1782 1422 1842 1443 nec

1101 1468 1190 1490 sacro
1222 1458 1455 1491 venerabilium
1490 1460 1621 1493 fratrum
1658 1467 1841 1496 nostrorum

1102 1511 1246 1543 eiusdem
1272 1511 1302 1544 S.
1331 1511 1367 1543 R.
1395 1512 1429 1544 E.
1458 1513 1668 1546 cardinalium
1692 1516 1839 1558 collegio,

1102 1569 1155 1595 aut
1168 1564 1265 1596 cuivis
1283 1565 1346 1603 alii,
1366 1570 1590 1609 praeterquam
1607 1567 1667 1600 soli
1685 1568 1758 1607 Deo,
1774 1570 1841 1601 ullo

1102 1628 1243 1659 unquam
1269 1623 1412 1661 tempore
1446 1619 1603 1652 rationem
1629 1621 1723 1653 etiam
1748 1622 1841 1654 mini-

1102 1680 1186 1716 mam
1210 1671 1346 1703 reddere
1372 1672 1518 1711 tenearis,
1542 1683 1600 1704 nec
1617 1674 1655 1705 ad
1682 1673 1712 1706 id
1731 1675 1841 1716 quovis

1102 1723 1197 1755 modo
1223 1723 1293 1766 cogi
1319 1729 1350 1756 ct
1369 1725 1518 1767 compelli
1540 1725 1653 1767 possis,
1672 1731 1769 1766 motu,
1792 1727 1840 1760 de-

1103 1776 1305 1817 liberatione,
1331 1777 1464 1809 scientia
1479 1783 1511 1810 et
1523 1779 1689 1821 potestatis
1705 1780 1841 1822 plenitu-

1103 1828 1177 1862 dine
1202 1829 1333 1872 paribus
1349 1831 1557 1864 concedimus
1575 1837 1606 1864 et
1620 1832 1837 1875 indulgemus.

1146 1882 1160 1924 g
1185 1881 1216 1915 3.
1252 1882 1465 1915 Decernentes
1496 1885 1625 1917 easdem
1655 1891 1841 1928 praesentes

1103 1935 1233 1973 litteras,
1252 1939 1283 1967 et
1304 1934 1335 1966 in
1360 1935 1405 1967 eis
1430 1940 1587 1975 contenta,
1611 1947 1646 1969 ac
1665 1937 1740 1970 inde
1757 1949 1841 1971 secu-

1102 1993 1173 2020 tura
1197 1998 1428 2031 quaecumque,
1456 1989 1551 2021 etiam
1574 2001 1610 2022 ex
1627 2000 1666 2023 eo
1679 1992 1764 2033 quod
1778 2003 1842 2025 mo-

1103 2046 1135 2073 tu
1161 2040 1292 2084 proprio
1318 2041 1544 2081 emanaverint,
1572 2053 1631 2075 nec
1654 2043 1721 2076 fisci
1742 2046 1842 2078 nostri

1103 2099 1290 2138 procurator
1315 2099 1346 2126 et
1370 2105 1514 2127 camerae
1539 2100 1667 2129 nostrae
1692 2098 1844 2140 apostoli-

1103 2158 1157 2180 cae
1182 2147 1416 2181 commissarius
1430 2149 1600 2190 generalis,
1617 2154 1648 2181 et
1667 2150 1720 2182 alii
1742 2151 1843 2183 nostri

1103 2204 1135 2232 et
1158 2200 1259 2233 dictae
1280 2199 1369 2233 Sedis
1394 2200 1545 2233 officiales
1570 2206 1602 2233 et
1625 2201 1770 2243 ministri,
1798 2214 1843 2236 ce-

1103 2253 1228 2295 terique
1254 2253 1286 2285 in
1320 2253 1503 2296 praemissis
1529 2255 1684 2287 interesse
1710 2267 1843 2299 quomo-

1104 2306 1225 2339 dolibet
1249 2306 1425 2346 hahentes,
1451 2317 1506 2339 seu
1542 2308 1662 2340 habere
1699 2315 1843 2352 praeten-

1104 2359 1224 2400 dentes
1244 2359 1282 2392 ad
1304 2359 1358 2392 illa
1381 2360 1492 2400 vocati,
1510 2360 1596 2393 citati
1612 2366 1643 2393 et
1659 2362 1758 2394 auditi
1780 2363 1843 2395 sue-

1103 2412 1176 2452 rint,
1202 2422 1307 2455 neque
1332 2422 1403 2445 cum
1428 2413 1473 2445 ei*
1490 2414 1718 2446 concordatum
1736 2414 1842 2447 extite-

1104 2465 1152 2505 rit,
1179 2465 1304 2508 ipsique
1329 2465 1368 2498 ad
1393 2465 1423 2497 id
1450 2475 1513 2498 non
1532 2467 1764 2507 consenserint,
1786 2478 1842 2501 seu

1105 2520 1189 2562 quod
1214 2529 1278 2552 non
1303 2519 1356 2559 sic,
1382 2519 1437 2552 sed
1462 2519 1554 2552 aliter
1587 2520 1702 2552 sactum
1727 2531 1759 2553 se
1786 2521 1842 2553 ha-

1104 2572 1217 2611 buerit,
1244 2578 1276 2605 et
1300 2572 1475 2615 praemissa
1492 2583 1563 2605 cum
1580 2583 1691 2605 eorum
1708 2573 1843 2606 circum-

1104 2625 1227 2659 stantiis
1252 2630 1283 2659 et
1307 2625 1523 2670 qualitatibus,
1550 2625 1647 2659 etiam
1673 2634 1842 2670 quantum-

1742 244 1800 276 3021
1851 253 1900 279 An.
1922 253 1949 279 c,
1971 254 2036 280 ieet

1880 1897 1991 1917 Decretum
2010 1903 2036 1917 n·-

1853 1925 1925 1944 filans.
