<?xml version="1.0" encoding="UTF-8"?>
<!DOCTYPE html PUBLIC "-//W3C//DTD XHTML 1.0 Transitional//EN"
    "http://www.w3.org/TR/xhtml1/DTD/xhtml1-transitional.dtd">
<html xmlns="http://www.w3.org/1999/xhtml" xml:lang="en" lang="en">
 <head>
  <title>
</title>
<meta http-equiv="Content-Type" content="text/html;charset=utf-8" />
  <meta name='ocr-system' content='tesseract 3.04.00' />
  <meta name='ocr-capabilities' content='ocr_page ocr_carea ocr_par ocr_line ocrx_word'/>
</head>
<body>
  <div class='ocr_page' id='page_1' title='image "./bullarumdiplomat17cath_0378.png"; bbox 0 0 2247 3208; ppageno 0'>
   <div class='ocr_carea' id='block_1_1' title="bbox 176 220 363 246">
    <p class='ocr_par' dir='ltr' id='par_1_1' title="bbox 176 220 363 246">
     <span class='ocr_line' id='line_1_1' title="bbox 176 220 363 246; baseline -0.005 0"><span class='ocrx_word' id='word_1_1' title='bbox 176 221 224 246; x_wconf 74' lang='grc' dir='ltr'>ΛΗ,</span> <span class='ocrx_word' id='word_1_2' title='bbox 249 221 276 246; x_wconf 89' lang='lat' dir='ltr'>C.</span> <span class='ocrx_word' id='word_1_3' title='bbox 299 220 363 246; x_wconf 71' lang='lat' dir='ltr'>teat</span> 
     </span>
    </p>
   </div>
   <div class='ocr_carea' id='block_1_2' title="bbox 328 209 1104 2632">
    <p class='ocr_par' dir='ltr' id='par_1_2' title="bbox 328 209 1104 2632">
     <span class='ocr_line' id='line_1_2' title="bbox 409 209 473 243; baseline -0.016 0"><span class='ocrx_word' id='word_1_4' title='bbox 409 209 473 243; x_wconf 66' lang='lat'>:320</span> 
     </span>
     <span class='ocr_line' id='line_1_3' title="bbox 367 260 1104 311; baseline -0.012 -11"><span class='ocrx_word' id='word_1_5' title='bbox 367 266 585 311; x_wconf 79' lang='lat' dir='ltr'>spiritualiluis</span> <span class='ocrx_word' id='word_1_6' title='bbox 604 274 698 306; x_wconf 86' lang='lat' dir='ltr'>quam</span> <span class='ocrx_word' id='word_1_7' title='bbox 725 261 956 304; x_wconf 69' lang='lat' dir='ltr'>temporalibus</span> <span class='ocrx_word' id='word_1_8' title='bbox 982 260 1042 292; x_wconf 89' lang='lat' dir='ltr'>sibi</span> <span class='ocrx_word' id='word_1_9' title='bbox 1061 269 1104 291; x_wconf 79' lang='lat' dir='ltr'>re-</span> 
     </span>
     <span class='ocr_line' id='line_1_4' title="bbox 367 313 1104 363; baseline -0.011 -11"><span class='ocrx_word' id='word_1_10' title='bbox 367 319 508 363; x_wconf 85' lang='lat' dir='ltr'>spective</span> <span class='ocrx_word' id='word_1_11' title='bbox 524 315 765 359; x_wconf 78' lang='lat' dir='ltr'>quomodolibet</span> <span class='ocrx_word' id='word_1_12' title='bbox 791 313 954 347; x_wconf 83' lang='lat' dir='ltr'>concessis</span> <span class='ocrx_word' id='word_1_13' title='bbox 971 318 1001 345; x_wconf 90' lang='lat' dir='ltr'>et</span> <span class='ocrx_word' id='word_1_14' title='bbox 1020 323 1104 345; x_wconf 89' lang='lat' dir='ltr'>com-</span> 
     </span>
     <span class='ocr_line' id='line_1_5' title="bbox 367 365 1103 414; baseline -0.01 -11"><span class='ocrx_word' id='word_1_15' title='bbox 367 369 551 414; x_wconf 83' lang='lat' dir='ltr'>petentibus</span> <span class='ocrx_word' id='word_1_16' title='bbox 576 368 642 407; x_wconf 89' lang='lat' dir='ltr'>uti,</span> <span class='ocrx_word' id='word_1_17' title='bbox 670 368 747 407; x_wconf 82' lang='lat' dir='ltr'>frui,</span> <span class='ocrx_word' id='word_1_18' title='bbox 775 366 870 410; x_wconf 87' lang='lat' dir='ltr'>potiri</span> <span class='ocrx_word' id='word_1_19' title='bbox 902 371 933 397; x_wconf 92' lang='lat' dir='ltr'>et</span> <span class='ocrx_word' id='word_1_20' title='bbox 965 365 1103 407; x_wconf 79' lang='lat' dir='ltr'>gaudere</span> 
     </span>
     <span class='ocr_line' id='line_1_6' title="bbox 366 417 1102 461; baseline -0.008 -6"><span class='ocrx_word' id='word_1_21' title='bbox 366 423 467 455; x_wconf 87' lang='lat' dir='ltr'>libere</span> <span class='ocrx_word' id='word_1_22' title='bbox 492 426 523 453; x_wconf 89' lang='lat' dir='ltr'>et</span> <span class='ocrx_word' id='word_1_23' title='bbox 547 420 632 454; x_wconf 84' lang='lat' dir='ltr'>licite</span> <span class='ocrx_word' id='word_1_24' title='bbox 665 421 810 459; x_wconf 85' lang='lat' dir='ltr'>valeant,</span> <span class='ocrx_word' id='word_1_25' title='bbox 836 430 872 451; x_wconf 91' lang='lat' dir='ltr'>ac</span> <span class='ocrx_word' id='word_1_26' title='bbox 904 418 1045 461; x_wconf 89' lang='lat' dir='ltr'>denique</span> <span class='ocrx_word' id='word_1_27' title='bbox 1069 417 1102 449; x_wconf 91' lang='lat' dir='ltr'>in</span> 
     </span>
     <span class='ocr_line' id='line_1_7' title="bbox 365 471 1102 518; baseline -0.005 -12"><span class='ocrx_word' id='word_1_28' title='bbox 365 474 538 518; x_wconf 85' lang='lat' dir='ltr'>pristinum</span> <span class='ocrx_word' id='word_1_29' title='bbox 565 478 595 506; x_wconf 87' lang='lat' dir='ltr'>et</span> <span class='ocrx_word' id='word_1_30' title='bbox 619 483 692 506; x_wconf 88' lang='lat' dir='ltr'>eum</span> <span class='ocrx_word' id='word_1_31' title='bbox 728 473 760 505; x_wconf 91' lang='lat' dir='ltr'>in</span> <span class='ocrx_word' id='word_1_32' title='bbox 786 482 850 515; x_wconf 90' lang='lat' dir='ltr'>quo</span> <span class='ocrx_word' id='word_1_33' title='bbox 886 476 958 504; x_wconf 88' lang='lat' dir='ltr'>ante</span> <span class='ocrx_word' id='word_1_34' title='bbox 984 471 1102 503; x_wconf 90' lang='lat' dir='ltr'>dictam</span> 
     </span>
     <span class='ocr_line' id='line_1_8' title="bbox 365 523 1101 568; baseline -0.005 -9"><span class='ocrx_word' id='word_1_35' title='bbox 365 527 450 559; x_wconf 84' lang='lat' dir='ltr'>diem</span> <span class='ocrx_word' id='word_1_36' title='bbox 483 536 554 559; x_wconf 81' lang='lat' dir='ltr'>xxw</span> <span class='ocrx_word' id='word_1_37' title='bbox 586 526 728 559; x_wconf 74' lang='lat' dir='ltr'>octobris</span> <span class='ocrx_word' id='word_1_38' title='bbox 762 524 906 568; x_wconf 78' lang='lat' dir='ltr'>proxime</span> <span class='ocrx_word' id='word_1_39' title='bbox 938 523 1101 567; x_wconf 85' lang='lat' dir='ltr'>praeteriti</span> 
     </span>
     <span class='ocr_line' id='line_1_9' title="bbox 364 577 1102 622; baseline -0.004 -10"><span class='ocrx_word' id='word_1_40' title='bbox 364 579 611 622; x_wconf 75' lang='lat' dir='ltr'>quomodolibet</span> <span class='ocrx_word' id='word_1_41' title='bbox 634 583 734 618; x_wconf 86' lang='lat' dir='ltr'>erant,</span> <span class='ocrx_word' id='word_1_42' title='bbox 755 583 871 611; x_wconf 89' lang='lat' dir='ltr'>statum</span> <span class='ocrx_word' id='word_1_43' title='bbox 896 578 928 610; x_wconf 88' lang='lat' dir='ltr'>in</span> <span class='ocrx_word' id='word_1_44' title='bbox 953 577 1102 610; x_wconf 88' lang='lat' dir='ltr'>omnibus</span> 
     </span>
     <span class='ocr_line' id='line_1_10' title="bbox 364 630 1101 676; baseline -0.005 -11"><span class='ocrx_word' id='word_1_45' title='bbox 364 638 395 665; x_wconf 87' lang='lat' dir='ltr'>et</span> <span class='ocrx_word' id='word_1_46' title='bbox 418 642 476 676; x_wconf 89' lang='lat' dir='ltr'>per</span> <span class='ocrx_word' id='word_1_47' title='bbox 499 632 608 665; x_wconf 83' lang='lat' dir='ltr'>omnia</span> <span class='ocrx_word' id='word_1_48' title='bbox 633 643 668 665; x_wconf 92' lang='lat' dir='ltr'>ac</span> <span class='ocrx_word' id='word_1_49' title='bbox 693 632 798 675; x_wconf 90' lang='lat' dir='ltr'>quoad</span> <span class='ocrx_word' id='word_1_50' title='bbox 823 630 942 671; x_wconf 87' lang='lat' dir='ltr'>omnia,</span> <span class='ocrx_word' id='word_1_51' title='bbox 967 630 1101 673; x_wconf 77' lang='lat' dir='ltr'>perinde</span> 
     </span>
     <span class='ocr_line' id='line_1_11' title="bbox 328 684 1098 729; baseline -0.004 -11"><span class='ocrx_word' id='word_1_52' title='bbox 328 687 337 695; x_wconf 85' lang='lat'>&#39;</span> <span class='ocrx_word' id='word_1_53' title='bbox 364 697 400 718; x_wconf 85' lang='lat' dir='ltr'>ac</span> <span class='ocrx_word' id='word_1_54' title='bbox 417 686 442 718; x_wconf 89' lang='lat' dir='ltr'>si</span> <span class='ocrx_word' id='word_1_55' title='bbox 458 686 496 719; x_wconf 89' lang='lat' dir='ltr'>de</span> <span class='ocrx_word' id='word_1_56' title='bbox 514 685 697 729; x_wconf 73' lang='lat' dir='ltr'>praemissis</span> <span class='ocrx_word' id='word_1_57' title='bbox 714 695 876 728; x_wconf 89' lang='lat' dir='ltr'>nunquam</span> <span class='ocrx_word' id='word_1_58' title='bbox 893 684 1098 727; x_wconf 69' lang='lat' dir='ltr'>cogitassent,</span> 
     </span>
     <span class='ocr_line' id='line_1_12' title="bbox 363 737 1101 781; baseline 0 -11"><span class='ocrx_word' id='word_1_59' title='bbox 363 743 458 781; x_wconf 87' lang='lat' dir='ltr'>prout</span> <span class='ocrx_word' id='word_1_60' title='bbox 483 739 539 770; x_wconf 91' lang='lat' dir='ltr'>tibi</span> <span class='ocrx_word' id='word_1_61' title='bbox 557 738 724 777; x_wconf 88' lang='lat' dir='ltr'>videbitur,</span> <span class='ocrx_word' id='word_1_62' title='bbox 745 738 828 771; x_wconf 80' lang='lat' dir='ltr'>dicta</span> <span class='ocrx_word' id='word_1_63' title='bbox 848 737 1034 770; x_wconf 83' lang='lat' dir='ltr'>auctoritate</span> <span class='ocrx_word' id='word_1_64' title='bbox 1052 746 1101 770; x_wconf 80' lang='lat' dir='ltr'>rc-</span> 
     </span>
     <span class='ocr_line' id='line_1_13' title="bbox 363 790 1100 834; baseline -0.003 -11"><span class='ocrx_word' id='word_1_65' title='bbox 363 791 528 832; x_wconf 85' lang='lat' dir='ltr'>stituendi,</span> <span class='ocrx_word' id='word_1_66' title='bbox 555 791 735 834; x_wconf 76' lang='lat' dir='ltr'>reponendi</span> <span class='ocrx_word' id='word_1_67' title='bbox 761 796 791 824; x_wconf 85' lang='lat' dir='ltr'>et</span> <span class='ocrx_word' id='word_1_68' title='bbox 815 791 958 834; x_wconf 73' lang='lat' dir='ltr'>plenarie</span> <span class='ocrx_word' id='word_1_69' title='bbox 983 790 1100 822; x_wconf 85' lang='lat' dir='ltr'>reinte-</span> 
     </span>
     <span class='ocr_line' id='line_1_14' title="bbox 363 842 1101 886; baseline -0.003 -10"><span class='ocrx_word' id='word_1_70' title='bbox 363 844 487 886; x_wconf 79' lang='lat' dir='ltr'>grandi,</span> <span class='ocrx_word' id='word_1_71' title='bbox 506 854 543 876; x_wconf 91' lang='lat' dir='ltr'>ac</span> <span class='ocrx_word' id='word_1_72' title='bbox 567 843 741 883; x_wconf 80' lang='lat' dir='ltr'>restitutos,</span> <span class='ocrx_word' id='word_1_73' title='bbox 762 842 920 886; x_wconf 84' lang='lat' dir='ltr'>repositos</span> <span class='ocrx_word' id='word_1_74' title='bbox 937 847 967 875; x_wconf 88' lang='lat' dir='ltr'>et</span> <span class='ocrx_word' id='word_1_75' title='bbox 991 843 1101 885; x_wconf 87' lang='lat' dir='ltr'>plena-</span> 
     </span>
     <span class='ocr_line' id='line_1_15' title="bbox 363 894 1098 939; baseline -0.003 -10"><span class='ocrx_word' id='word_1_76' title='bbox 363 896 409 929; x_wconf 86' lang='lat' dir='ltr'>rie</span> <span class='ocrx_word' id='word_1_77' title='bbox 434 897 646 939; x_wconf 81' lang='lat' dir='ltr'>reintcgratos</span> <span class='ocrx_word' id='word_1_78' title='bbox 667 906 738 929; x_wconf 84' lang='lat' dir='ltr'>esse</span> <span class='ocrx_word' id='word_1_79' title='bbox 763 901 794 928; x_wconf 84' lang='lat' dir='ltr'>et</span> <span class='ocrx_word' id='word_1_80' title='bbox 818 896 884 928; x_wconf 83' lang='lat' dir='ltr'>sore</span> <span class='ocrx_word' id='word_1_81' title='bbox 903 894 1098 928; x_wconf 85' lang='lat' dir='ltr'>decernendi</span> 
     </span>
     <span class='ocr_line' id='line_1_16' title="bbox 363 949 1099 991; baseline -0.004 -9"><span class='ocrx_word' id='word_1_82' title='bbox 363 955 394 982; x_wconf 89' lang='lat' dir='ltr'>et</span> <span class='ocrx_word' id='word_1_83' title='bbox 418 949 614 990; x_wconf 85' lang='lat' dir='ltr'>declarandi,</span> <span class='ocrx_word' id='word_1_84' title='bbox 634 958 761 982; x_wconf 88' lang='lat' dir='ltr'>necnon</span> <span class='ocrx_word' id='word_1_85' title='bbox 787 958 915 981; x_wconf 85' lang='lat' dir='ltr'>omnem</span> <span class='ocrx_word' id='word_1_86' title='bbox 941 952 971 980; x_wconf 87' lang='lat' dir='ltr'>ct</span> <span class='ocrx_word' id='word_1_87' title='bbox 987 957 1099 991; x_wconf 84' lang='lat' dir='ltr'>quam-</span> 
     </span>
     <span class='ocr_line' id='line_1_17' title="bbox 363 1001 1098 1046; baseline -0.003 -11"><span class='ocrx_word' id='word_1_88' title='bbox 363 1013 498 1046; x_wconf 81' lang='lat' dir='ltr'>cumque</span> <span class='ocrx_word' id='word_1_89' title='bbox 523 1013 559 1036; x_wconf 86' lang='lat' dir='ltr'>ac</span> <span class='ocrx_word' id='word_1_90' title='bbox 583 1004 850 1046; x_wconf 78' lang='lat' dir='ltr'>qualemcumque</span> <span class='ocrx_word' id='word_1_91' title='bbox 886 1001 1098 1034; x_wconf 75' lang='lat' dir='ltr'>inhabilitatis</span> 
     </span>
     <span class='ocr_line' id='line_1_18' title="bbox 362 1054 1099 1098; baseline -0.003 -10"><span class='ocrx_word' id='word_1_92' title='bbox 362 1061 393 1089; x_wconf 85' lang='lat' dir='ltr'>et</span> <span class='ocrx_word' id='word_1_93' title='bbox 422 1055 574 1088; x_wconf 80' lang='lat' dir='ltr'>infamiae</span> <span class='ocrx_word' id='word_1_94' title='bbox 606 1061 669 1088; x_wconf 88' lang='lat' dir='ltr'>tam</span> <span class='ocrx_word' id='word_1_95' title='bbox 702 1054 779 1088; x_wconf 80' lang='lat' dir='ltr'>iuris</span> <span class='ocrx_word' id='word_1_96' title='bbox 812 1065 908 1098; x_wconf 85' lang='lat' dir='ltr'>quam</span> <span class='ocrx_word' id='word_1_97' title='bbox 940 1054 1035 1093; x_wconf 85' lang='lat' dir='ltr'>sacti,</span> <span class='ocrx_word' id='word_1_98' title='bbox 1068 1059 1099 1086; x_wconf 91' lang='lat' dir='ltr'>et</span> 
     </span>
     <span class='ocr_line' id='line_1_19' title="bbox 361 1108 1097 1152; baseline -0.003 -11"><span class='ocrx_word' id='word_1_99' title='bbox 361 1109 457 1142; x_wconf 81' lang='lat' dir='ltr'>aliam</span> <span class='ocrx_word' id='word_1_100' title='bbox 494 1109 669 1152; x_wconf 83' lang='lat' dir='ltr'>quamlibet</span> <span class='ocrx_word' id='word_1_101' title='bbox 700 1109 856 1141; x_wconf 77' lang='lat' dir='ltr'>maculam</span> <span class='ocrx_word' id='word_1_102' title='bbox 888 1108 952 1141; x_wconf 83' lang='lat' dir='ltr'>sive</span> <span class='ocrx_word' id='word_1_103' title='bbox 988 1112 1097 1140; x_wconf 88' lang='lat' dir='ltr'>notam</span> 
     </span>
     <span class='ocr_line' id='line_1_20' title="bbox 361 1162 1097 1206; baseline -0.003 -11"><span class='ocrx_word' id='word_1_104' title='bbox 361 1174 398 1195; x_wconf 80' lang='lat' dir='ltr'>ex</span> <span class='ocrx_word' id='word_1_105' title='bbox 417 1162 603 1206; x_wconf 77' lang='lat' dir='ltr'>praemissis</span> <span class='ocrx_word' id='word_1_106' title='bbox 617 1163 857 1205; x_wconf 77' lang='lat' dir='ltr'>quomodolibet</span> <span class='ocrx_word' id='word_1_107' title='bbox 879 1162 1097 1204; x_wconf 73' lang='lat' dir='ltr'>insurgentem</span> 
     </span>
     <span class='ocr_line' id='line_1_21' title="bbox 360 1213 1098 1258; baseline 0 -12"><span class='ocrx_word' id='word_1_108' title='bbox 360 1216 410 1248; x_wconf 88' lang='lat' dir='ltr'>vcl</span> <span class='ocrx_word' id='word_1_109' title='bbox 432 1220 638 1255; x_wconf 81' lang='lat' dir='ltr'>contractam,</span> <span class='ocrx_word' id='word_1_110' title='bbox 657 1215 696 1247; x_wconf 91' lang='lat' dir='ltr'>ab</span> <span class='ocrx_word' id='word_1_111' title='bbox 721 1215 798 1258; x_wconf 81' lang='lat' dir='ltr'>ipsis</span> <span class='ocrx_word' id='word_1_112' title='bbox 823 1214 971 1247; x_wconf 85' lang='lat' dir='ltr'>omnibus</span> <span class='ocrx_word' id='word_1_113' title='bbox 988 1219 1019 1246; x_wconf 86' lang='lat' dir='ltr'>et</span> <span class='ocrx_word' id='word_1_114' title='bbox 1034 1213 1098 1246; x_wconf 88' lang='lat' dir='ltr'>sin-</span> 
     </span>
     <span class='ocr_line' id='line_1_22' title="bbox 361 1267 1096 1311; baseline -0.001 -11"><span class='ocrx_word' id='word_1_115' title='bbox 361 1268 444 1310; x_wconf 76' lang='lat' dir='ltr'>gulis</span> <span class='ocrx_word' id='word_1_116' title='bbox 469 1268 646 1311; x_wconf 78' lang='lat' dir='ltr'>respective</span> <span class='ocrx_word' id='word_1_117' title='bbox 674 1268 802 1310; x_wconf 83' lang='lat' dir='ltr'>penitus</span> <span class='ocrx_word' id='word_1_118' title='bbox 827 1273 858 1301; x_wconf 85' lang='lat' dir='ltr'>et</span> <span class='ocrx_word' id='word_1_119' title='bbox 881 1267 1011 1301; x_wconf 88' lang='lat' dir='ltr'>omnino</span> <span class='ocrx_word' id='word_1_120' title='bbox 1038 1267 1096 1300; x_wconf 88' lang='lat' dir='ltr'>tol-</span> 
     </span>
     <span class='ocr_line' id='line_1_23' title="bbox 361 1320 1097 1363; baseline -0.003 -10"><span class='ocrx_word' id='word_1_121' title='bbox 361 1320 463 1359; x_wconf 88' lang='lat' dir='ltr'>lendi,</span> <span class='ocrx_word' id='word_1_122' title='bbox 491 1320 695 1363; x_wconf 82' lang='lat' dir='ltr'>abstergendi</span> <span class='ocrx_word' id='word_1_123' title='bbox 728 1325 759 1353; x_wconf 91' lang='lat' dir='ltr'>et</span> <span class='ocrx_word' id='word_1_124' title='bbox 783 1320 952 1359; x_wconf 83' lang='lat' dir='ltr'>abolendi,</span> <span class='ocrx_word' id='word_1_125' title='bbox 979 1329 1015 1352; x_wconf 85' lang='lat' dir='ltr'>ac</span> <span class='ocrx_word' id='word_1_126' title='bbox 1038 1329 1097 1362; x_wconf 81' lang='lat' dir='ltr'>per</span> 
     </span>
     <span class='ocr_line' id='line_1_24' title="bbox 360 1373 1096 1417; baseline -0.001 -11"><span class='ocrx_word' id='word_1_127' title='bbox 360 1374 535 1417; x_wconf 87' lang='lat' dir='ltr'>praemissa</span> <span class='ocrx_word' id='word_1_128' title='bbox 560 1383 671 1405; x_wconf 87' lang='lat' dir='ltr'>eorum</span> <span class='ocrx_word' id='word_1_129' title='bbox 704 1374 847 1406; x_wconf 84' lang='lat' dir='ltr'>omnium</span> <span class='ocrx_word' id='word_1_130' title='bbox 871 1374 919 1406; x_wconf 87' lang='lat' dir='ltr'>vel</span> <span class='ocrx_word' id='word_1_131' title='bbox 953 1373 1096 1415; x_wconf 78' lang='lat' dir='ltr'>singulo-</span> 
     </span>
     <span class='ocr_line' id='line_1_25' title="bbox 360 1425 1096 1467; baseline -0.001 -9"><span class='ocrx_word' id='word_1_132' title='bbox 360 1437 431 1459; x_wconf 89' lang='lat' dir='ltr'>rum</span> <span class='ocrx_word' id='word_1_133' title='bbox 455 1426 556 1465; x_wconf 85' lang='lat' dir='ltr'>statui,</span> <span class='ocrx_word' id='word_1_134' title='bbox 582 1425 708 1465; x_wconf 88' lang='lat' dir='ltr'>honori,</span> <span class='ocrx_word' id='word_1_135' title='bbox 735 1426 843 1465; x_wconf 83' lang='lat' dir='ltr'>famae,</span> <span class='ocrx_word' id='word_1_136' title='bbox 869 1425 978 1465; x_wconf 90' lang='lat' dir='ltr'>titulis,</span> <span class='ocrx_word' id='word_1_137' title='bbox 997 1425 1096 1467; x_wconf 77' lang='lat' dir='ltr'>digni-</span> 
     </span>
     <span class='ocr_line' id='line_1_26' title="bbox 359 1478 1095 1517; baseline -0.001 -6"><span class='ocrx_word' id='word_1_138' title='bbox 359 1479 476 1511; x_wconf 83' lang='lat' dir='ltr'>tatibus</span> <span class='ocrx_word' id='word_1_139' title='bbox 494 1484 525 1511; x_wconf 88' lang='lat' dir='ltr'>et</span> <span class='ocrx_word' id='word_1_140' title='bbox 549 1478 670 1517; x_wconf 79' lang='lat' dir='ltr'>officiis,</span> <span class='ocrx_word' id='word_1_141' title='bbox 686 1478 967 1517; x_wconf 80' lang='lat' dir='ltr'>iurisdictionibus,</span> <span class='ocrx_word' id='word_1_142' title='bbox 994 1478 1095 1510; x_wconf 86' lang='lat' dir='ltr'>domi—</span> 
     </span>
     <span class='ocr_line' id='line_1_27' title="bbox 359 1530 1096 1574; baseline -0.003 -11"><span class='ocrx_word' id='word_1_143' title='bbox 359 1531 440 1572; x_wconf 90' lang='lat' dir='ltr'>niis,</span> <span class='ocrx_word' id='word_1_144' title='bbox 470 1531 620 1574; x_wconf 80' lang='lat' dir='ltr'>regibus,</span> <span class='ocrx_word' id='word_1_145' title='bbox 647 1531 768 1571; x_wconf 81' lang='lat' dir='ltr'>feudis,</span> <span class='ocrx_word' id='word_1_146' title='bbox 795 1531 1018 1570; x_wconf 84' lang='lat' dir='ltr'>allodialibus,</span> <span class='ocrx_word' id='word_1_147' title='bbox 1048 1530 1096 1562; x_wconf 90' lang='lat' dir='ltr'>in-</span> 
     </span>
     <span class='ocr_line' id='line_1_28' title="bbox 358 1583 1092 1627; baseline -0.001 -11"><span class='ocrx_word' id='word_1_148' title='bbox 358 1584 541 1624; x_wconf 82' lang='lat' dir='ltr'>vestituris,</span> <span class='ocrx_word' id='word_1_149' title='bbox 568 1584 795 1624; x_wconf 86' lang='lat' dir='ltr'>maioratibus,</span> <span class='ocrx_word' id='word_1_150' title='bbox 822 1583 1092 1627; x_wconf 79' lang='lat' dir='ltr'>prirnogenituris,</span> 
     </span>
     <span class='ocr_line' id='line_1_29' title="bbox 358 1636 1092 1677; baseline -0.001 -9"><span class='ocrx_word' id='word_1_151' title='bbox 358 1636 635 1677; x_wconf 83' lang='lat' dir='ltr'>fideicommissis,</span> <span class='ocrx_word' id='word_1_152' title='bbox 662 1636 957 1676; x_wconf 84' lang='lat' dir='ltr'>substitutionibus,</span> <span class='ocrx_word' id='word_1_153' title='bbox 987 1636 1092 1676; x_wconf 85' lang='lat' dir='ltr'>rebus,</span> 
     </span>
     <span class='ocr_line' id='line_1_30' title="bbox 360 1689 1095 1731; baseline 0 -11"><span class='ocrx_word' id='word_1_154' title='bbox 360 1689 523 1729; x_wconf 78' lang='lat' dir='ltr'>fructibus,</span> <span class='ocrx_word' id='word_1_155' title='bbox 550 1690 730 1731; x_wconf 79' lang='lat' dir='ltr'>ceterisque</span> <span class='ocrx_word' id='word_1_156' title='bbox 755 1689 849 1722; x_wconf 88' lang='lat' dir='ltr'>bonis</span> <span class='ocrx_word' id='word_1_157' title='bbox 873 1689 1047 1721; x_wconf 86' lang='lat' dir='ltr'>mobilibus</span> <span class='ocrx_word' id='word_1_158' title='bbox 1064 1694 1095 1720; x_wconf 84' lang='lat' dir='ltr'>et</span> 
     </span>
     <span class='ocr_line' id='line_1_31' title="bbox 359 1741 1094 1785; baseline -0.001 -11"><span class='ocrx_word' id='word_1_159' title='bbox 359 1742 535 1781; x_wconf 84' lang='lat' dir='ltr'>stabilibus,</span> <span class='ocrx_word' id='word_1_160' title='bbox 561 1742 747 1785; x_wconf 74' lang='lat' dir='ltr'>privilegiis,</span> <span class='ocrx_word' id='word_1_161' title='bbox 775 1742 883 1784; x_wconf 75' lang='lat' dir='ltr'>gratiis</span> <span class='ocrx_word' id='word_1_162' title='bbox 908 1747 938 1773; x_wconf 86' lang='lat' dir='ltr'>et</span> <span class='ocrx_word' id='word_1_163' title='bbox 962 1741 1094 1773; x_wconf 89' lang='lat' dir='ltr'>indultis</span> 
     </span>
     <span class='ocr_line' id='line_1_32' title="bbox 359 1794 1094 1838; baseline -0.001 -11"><span class='ocrx_word' id='word_1_164' title='bbox 359 1795 552 1838; x_wconf 83' lang='lat' dir='ltr'>apostolicis,</span> <span class='ocrx_word' id='word_1_165' title='bbox 572 1805 608 1827; x_wconf 86' lang='lat' dir='ltr'>ac</span> <span class='ocrx_word' id='word_1_166' title='bbox 640 1795 761 1827; x_wconf 83' lang='lat' dir='ltr'>iuribus</span> <span class='ocrx_word' id='word_1_167' title='bbox 790 1800 821 1826; x_wconf 80' lang='lat' dir='ltr'>et.</span> <span class='ocrx_word' id='word_1_168' title='bbox 850 1794 919 1827; x_wconf 84' lang='lat' dir='ltr'>aliis</span> <span class='ocrx_word' id='word_1_169' title='bbox 943 1794 1094 1837; x_wconf 82' lang='lat' dir='ltr'>praefatis</span> 
     </span>
     <span class='ocr_line' id='line_1_33' title="bbox 359 1847 1094 1891; baseline -0.003 -11"><span class='ocrx_word' id='word_1_170' title='bbox 359 1849 483 1880; x_wconf 89' lang='lat' dir='ltr'>nullum</span> <span class='ocrx_word' id='word_1_171' title='bbox 507 1848 639 1883; x_wconf 90' lang='lat' dir='ltr'>omnino</span> <span class='ocrx_word' id='word_1_172' title='bbox 657 1848 901 1891; x_wconf 79' lang='lat' dir='ltr'>praeiudicium,</span> <span class='ocrx_word' id='word_1_173' title='bbox 927 1848 1021 1881; x_wconf 79' lang='lat' dir='ltr'>etiam</span> <span class='ocrx_word' id='word_1_174' title='bbox 1042 1847 1094 1879; x_wconf 91' lang='lat' dir='ltr'>mi-</span> 
     </span>
     <span class='ocr_line' id='line_1_34' title="bbox 359 1900 1093 1940; baseline 0 -8"><span class='ocrx_word' id='word_1_175' title='bbox 359 1900 489 1940; x_wconf 85' lang='lat' dir='ltr'>nimum,</span> <span class='ocrx_word' id='word_1_176' title='bbox 520 1901 651 1940; x_wconf 86' lang='lat' dir='ltr'>illatum,</span> <span class='ocrx_word' id='word_1_177' title='bbox 680 1906 825 1933; x_wconf 77' lang='lat' dir='ltr'>exortura</span> <span class='ocrx_word' id='word_1_178' title='bbox 844 1902 892 1933; x_wconf 86' lang='lat' dir='ltr'>vel</span> <span class='ocrx_word' id='word_1_179' title='bbox 919 1900 1093 1939; x_wconf 88' lang='lat' dir='ltr'>inductum,</span> 
     </span>
     <span class='ocr_line' id='line_1_35' title="bbox 359 1953 1094 1996; baseline 0 -11"><span class='ocrx_word' id='word_1_180' title='bbox 359 1963 418 1985; x_wconf 88' lang='lat' dir='ltr'>nec</span> <span class='ocrx_word' id='word_1_181' title='bbox 431 1953 561 1996; x_wconf 88' lang='lat' dir='ltr'>aliquod</span> <span class='ocrx_word' id='word_1_182' title='bbox 582 1954 629 1986; x_wconf 88' lang='lat' dir='ltr'>ius</span> <span class='ocrx_word' id='word_1_183' title='bbox 651 1954 728 1986; x_wconf 74' lang='lat' dir='ltr'>fisco</span> <span class='ocrx_word' id='word_1_184' title='bbox 746 1959 864 1993; x_wconf 77' lang='lat' dir='ltr'>nostro,</span> <span class='ocrx_word' id='word_1_185' title='bbox 883 1954 933 1986; x_wconf 85' lang='lat' dir='ltr'>vel</span> <span class='ocrx_word' id='word_1_186' title='bbox 951 1963 1094 1985; x_wconf 62' lang='lat' dir='ltr'>ccunerae</span> 
     </span>
     <span class='ocr_line' id='line_1_36' title="bbox 358 2006 1095 2050; baseline 0.001 -13"><span class='ocrx_word' id='word_1_187' title='bbox 358 2010 484 2038; x_wconf 88' lang='lat' dir='ltr'>nostrae</span> <span class='ocrx_word' id='word_1_188' title='bbox 500 2006 706 2050; x_wconf 85' lang='lat' dir='ltr'>apostolicae,</span> <span class='ocrx_word' id='word_1_189' title='bbox 718 2017 773 2039; x_wconf 86' lang='lat' dir='ltr'>seu</span> <span class='ocrx_word' id='word_1_190' title='bbox 788 2007 934 2049; x_wconf 79' lang='lat' dir='ltr'>cuiquam</span> <span class='ocrx_word' id='word_1_191' title='bbox 948 2006 1047 2046; x_wconf 81' lang='lat' dir='ltr'>alteri,</span> <span class='ocrx_word' id='word_1_192' title='bbox 1063 2006 1095 2038; x_wconf 89' lang='lat' dir='ltr'>in</span> 
     </span>
     <span class='ocr_line' id='line_1_37' title="bbox 359 2058 1095 2102; baseline 0.001 -12"><span class='ocrx_word' id='word_1_193' title='bbox 359 2058 422 2091; x_wconf 92' lang='lat' dir='ltr'>illis</span> <span class='ocrx_word' id='word_1_194' title='bbox 447 2060 494 2091; x_wconf 86' lang='lat' dir='ltr'>vel</span> <span class='ocrx_word' id='word_1_195' title='bbox 520 2059 558 2091; x_wconf 90' lang='lat' dir='ltr'>ad</span> <span class='ocrx_word' id='word_1_196' title='bbox 584 2059 638 2091; x_wconf 85' lang='lat' dir='ltr'>illa</span> <span class='ocrx_word' id='word_1_197' title='bbox 664 2059 861 2102; x_wconf 76' lang='lat' dir='ltr'>acquisitum,</span> <span class='ocrx_word' id='word_1_198' title='bbox 881 2064 934 2092; x_wconf 90' lang='lat' dir='ltr'>aut</span> <span class='ocrx_word' id='word_1_199' title='bbox 958 2059 990 2091; x_wconf 89' lang='lat' dir='ltr'>in</span> <span class='ocrx_word' id='word_1_200' title='bbox 1015 2059 1095 2091; x_wconf 88' lang='lat' dir='ltr'>alios</span> 
     </span>
     <span class='ocr_line' id='line_1_38' title="bbox 358 2112 1096 2154; baseline 0 -10"><span class='ocrx_word' id='word_1_201' title='bbox 358 2112 546 2144; x_wconf 84' lang='lat' dir='ltr'>translatum</span> <span class='ocrx_word' id='word_1_202' title='bbox 564 2112 660 2144; x_wconf 84' lang='lat' dir='ltr'>fuisse</span> <span class='ocrx_word' id='word_1_203' title='bbox 686 2122 743 2144; x_wconf 83' lang='lat' dir='ltr'>nee</span> <span class='ocrx_word' id='word_1_204' title='bbox 762 2122 850 2151; x_wconf 78' lang='lat' dir='ltr'>esse,</span> <span class='ocrx_word' id='word_1_205' title='bbox 870 2122 930 2144; x_wconf 87' lang='lat' dir='ltr'>nec</span> <span class='ocrx_word' id='word_1_206' title='bbox 955 2122 1096 2154; x_wconf 87' lang='lat' dir='ltr'>unquam</span> 
     </span>
     <span class='ocr_line' id='line_1_39' title="bbox 361 2165 1096 2204; baseline -0.001 -7"><span class='ocrx_word' id='word_1_207' title='bbox 361 2165 437 2204; x_wconf 84' lang='lat' dir='ltr'>sore,</span> <span class='ocrx_word' id='word_1_208' title='bbox 457 2165 568 2197; x_wconf 77' lang='lat' dir='ltr'>eadem</span> <span class='ocrx_word' id='word_1_209' title='bbox 589 2165 776 2197; x_wconf 78' lang='lat' dir='ltr'>auctoritate</span> <span class='ocrx_word' id='word_1_210' title='bbox 795 2165 989 2198; x_wconf 84' lang='lat' dir='ltr'>decernendi</span> <span class='ocrx_word' id='word_1_211' title='bbox 1015 2165 1096 2196; x_wconf 89' lang='lat' dir='ltr'>simi-</span> 
     </span>
     <span class='ocr_line' id='line_1_40' title="bbox 360 2218 1096 2260; baseline -0.001 -10"><span class='ocrx_word' id='word_1_212' title='bbox 360 2218 434 2250; x_wconf 86' lang='lat' dir='ltr'>liter</span> <span class='ocrx_word' id='word_1_213' title='bbox 458 2223 489 2250; x_wconf 85' lang='lat' dir='ltr'>ct</span> <span class='ocrx_word' id='word_1_214' title='bbox 513 2218 715 2257; x_wconf 84' lang='lat' dir='ltr'>declarandi;</span> <span class='ocrx_word' id='word_1_215' title='bbox 746 2223 911 2260; x_wconf 66' lang='lat' dir='ltr'>praeterea</span> <span class='ocrx_word' id='word_1_216' title='bbox 937 2228 1048 2250; x_wconf 88' lang='lat' dir='ltr'>omnes</span> <span class='ocrx_word' id='word_1_217' title='bbox 1066 2222 1096 2249; x_wconf 88' lang='lat' dir='ltr'>et</span> 
     </span>
     <span class='ocr_line' id='line_1_41' title="bbox 360 2270 1097 2313; baseline -0.001 -11"><span class='ocrx_word' id='word_1_218' title='bbox 360 2270 504 2313; x_wconf 83' lang='lat' dir='ltr'>singulos</span> <span class='ocrx_word' id='word_1_219' title='bbox 524 2270 694 2312; x_wconf 79' lang='lat' dir='ltr'>praefatos,</span> <span class='ocrx_word' id='word_1_220' title='bbox 715 2270 830 2313; x_wconf 90' lang='lat' dir='ltr'>quibus</span> <span class='ocrx_word' id='word_1_221' title='bbox 860 2270 1097 2303; x_wconf 88' lang='lat' dir='ltr'>absolutionem</span> 
     </span>
     <span class='ocr_line' id='line_1_42' title="bbox 361 2323 1096 2366; baseline -0.003 -10"><span class='ocrx_word' id='word_1_222' title='bbox 361 2323 624 2357; x_wconf 89' lang='lat' dir='ltr'>etliberationem</span> <span class='ocrx_word' id='word_1_223' title='bbox 636 2323 820 2356; x_wconf 81' lang='lat' dir='ltr'>huiusmodi</span> <span class='ocrx_word' id='word_1_224' title='bbox 832 2323 939 2365; x_wconf 80' lang='lat' dir='ltr'>vigore</span> <span class='ocrx_word' id='word_1_225' title='bbox 951 2333 1096 2366; x_wconf 84' lang='lat' dir='ltr'>praesen-</span> 
     </span>
     <span class='ocr_line' id='line_1_43' title="bbox 361 2376 1096 2419; baseline -0.001 -10"><span class='ocrx_word' id='word_1_226' title='bbox 361 2377 441 2409; x_wconf 89' lang='lat' dir='ltr'>tium</span> <span class='ocrx_word' id='word_1_227' title='bbox 461 2376 665 2416; x_wconf 75' lang='lat' dir='ltr'>concesseris,</span> <span class='ocrx_word' id='word_1_228' title='bbox 685 2377 774 2409; x_wconf 87' lang='lat' dir='ltr'>nullo</span> <span class='ocrx_word' id='word_1_229' title='bbox 792 2386 932 2419; x_wconf 89' lang='lat' dir='ltr'>unquam</span> <span class='ocrx_word' id='word_1_230' title='bbox 951 2381 1096 2419; x_wconf 85' lang='lat' dir='ltr'>tempore</span> 
     </span>
     <span class='ocr_line' id='line_1_44' title="bbox 362 2428 1096 2472; baseline -0.003 -10"><span class='ocrx_word' id='word_1_231' title='bbox 362 2439 459 2472; x_wconf 87' lang='lat' dir='ltr'>super</span> <span class='ocrx_word' id='word_1_232' title='bbox 482 2428 672 2472; x_wconf 74' lang='lat' dir='ltr'>praemissis,</span> <span class='ocrx_word' id='word_1_233' title='bbox 697 2438 752 2460; x_wconf 90' lang='lat' dir='ltr'>seu</span> <span class='ocrx_word' id='word_1_234' title='bbox 773 2437 883 2461; x_wconf 89' lang='lat' dir='ltr'>eorum</span> <span class='ocrx_word' id='word_1_235' title='bbox 909 2428 1026 2471; x_wconf 89' lang='lat' dir='ltr'>aliquo,</span> <span class='ocrx_word' id='word_1_236' title='bbox 1047 2428 1096 2460; x_wconf 93' lang='lat' dir='ltr'>vel</span> 
     </span>
     <span class='ocr_line' id='line_1_45' title="bbox 363 2480 1098 2526; baseline -0.004 -11"><span class='ocrx_word' id='word_1_237' title='bbox 363 2481 531 2526; x_wconf 82' lang='lat' dir='ltr'>aliquibus,</span> <span class='ocrx_word' id='word_1_238' title='bbox 552 2481 645 2514; x_wconf 89' lang='lat' dir='ltr'>etiam</span> <span class='ocrx_word' id='word_1_239' title='bbox 664 2482 716 2514; x_wconf 84' lang='lat' dir='ltr'>hic</span> <span class='ocrx_word' id='word_1_240' title='bbox 730 2481 834 2513; x_wconf 90' lang='lat' dir='ltr'>minus</span> <span class='ocrx_word' id='word_1_241' title='bbox 852 2482 947 2524; x_wconf 85' lang='lat' dir='ltr'>plene</span> <span class='ocrx_word' id='word_1_242' title='bbox 965 2486 995 2513; x_wconf 92' lang='lat' dir='ltr'>et</span> <span class='ocrx_word' id='word_1_243' title='bbox 1011 2480 1098 2513; x_wconf 80' lang='lat' dir='ltr'>suffi-</span> 
     </span>
     <span class='ocr_line' id='line_1_46' title="bbox 363 2533 1098 2578; baseline -0.004 -10"><span class='ocrx_word' id='word_1_244' title='bbox 363 2536 485 2569; x_wconf 84' lang='lat' dir='ltr'>cienter</span> <span class='ocrx_word' id='word_1_245' title='bbox 508 2533 699 2578; x_wconf 82' lang='lat' dir='ltr'>specificatis</span> <span class='ocrx_word' id='word_1_246' title='bbox 720 2539 750 2565; x_wconf 86' lang='lat' dir='ltr'>et</span> <span class='ocrx_word' id='word_1_247' title='bbox 764 2534 931 2576; x_wconf 80' lang='lat' dir='ltr'>expressis,</span> <span class='ocrx_word' id='word_1_248' title='bbox 950 2544 986 2566; x_wconf 87' lang='lat' dir='ltr'>ac</span> <span class='ocrx_word' id='word_1_249' title='bbox 1003 2533 1098 2566; x_wconf 88' lang='lat' dir='ltr'>etiam</span> 
     </span>
     <span class='ocr_line' id='line_1_47' title="bbox 362 2586 1098 2632; baseline -0.004 -10"><span class='ocrx_word' id='word_1_250' title='bbox 362 2588 489 2632; x_wconf 86' lang='lat' dir='ltr'>penitus</span> <span class='ocrx_word' id='word_1_251' title='bbox 504 2587 646 2627; x_wconf 81' lang='lat' dir='ltr'>occultis,</span> <span class='ocrx_word' id='word_1_252' title='bbox 662 2586 855 2629; x_wconf 86' lang='lat' dir='ltr'>illorumque</span> <span class='ocrx_word' id='word_1_253' title='bbox 870 2586 1010 2627; x_wconf 77' lang='lat' dir='ltr'>annexis,</span> <span class='ocrx_word' id='word_1_254' title='bbox 1026 2595 1098 2619; x_wconf 87' lang='lat' dir='ltr'>con-</span> 
     </span>
    </p>
   </div>
   <div class='ocr_carea' id='block_1_3' title="bbox 951 211 1305 236">
    <p class='ocr_par' dir='ltr' id='par_1_3' title="bbox 951 211 1305 236">
     <span class='ocr_line' id='line_1_48' title="bbox 951 211 1305 236; baseline -0.006 0"><span class='ocrx_word' id='word_1_255' title='bbox 951 213 1129 236; x_wconf 47' lang='lat' dir='ltr'>sst&#39;LLrttttt&#39;M</span> <span class='ocrx_word' id='word_1_256' title='bbox 1156 211 1305 235; x_wconf 45' lang='lat' dir='ltr'>Romulus!</span> 
     </span>
    </p>
   </div>
   <div class='ocr_carea' id='block_1_4' title="bbox 1136 257 1882 2625">
    <p class='ocr_par' dir='ltr' id='par_1_4' title="bbox 1136 257 1882 2625">
     <span class='ocr_line' id='line_1_49' title="bbox 1147 257 1881 301; baseline -0.001 -12"><span class='ocrx_word' id='word_1_257' title='bbox 1147 259 1236 290; x_wconf 81' lang='lat' dir='ltr'>nexis</span> <span class='ocrx_word' id='word_1_258' title='bbox 1262 263 1292 290; x_wconf 87' lang='lat' dir='ltr'>ct</span> <span class='ocrx_word' id='word_1_259' title='bbox 1316 258 1581 301; x_wconf 75' lang='lat' dir='ltr'>dependentibus,</span> <span class='ocrx_word' id='word_1_260' title='bbox 1606 268 1642 291; x_wconf 86' lang='lat' dir='ltr'>ac</span> <span class='ocrx_word' id='word_1_261' title='bbox 1666 258 1739 291; x_wconf 89' lang='lat' dir='ltr'>inde</span> <span class='ocrx_word' id='word_1_262' title='bbox 1764 257 1881 290; x_wconf 84' lang='lat' dir='ltr'>secutis</span> 
     </span>
     <span class='ocr_line' id='line_1_50' title="bbox 1147 310 1881 355; baseline -0.001 -12"><span class='ocrx_word' id='word_1_263' title='bbox 1147 311 1410 354; x_wconf 86' lang='lat' dir='ltr'>quibuscumque,</span> <span class='ocrx_word' id='word_1_264' title='bbox 1429 321 1603 355; x_wconf 89' lang='lat' dir='ltr'>eorumque</span> <span class='ocrx_word' id='word_1_265' title='bbox 1626 313 1728 351; x_wconf 75' lang='lat' dir='ltr'>eausa,</span> <span class='ocrx_word' id='word_1_266' title='bbox 1754 310 1881 343; x_wconf 85' lang='lat' dir='ltr'>ratione</span> 
     </span>
     <span class='ocr_line' id='line_1_51' title="bbox 1146 363 1880 407; baseline -0.003 -11"><span class='ocrx_word' id='word_1_267' title='bbox 1146 369 1175 396; x_wconf 86' lang='lat' dir='ltr'>et</span> <span class='ocrx_word' id='word_1_268' title='bbox 1194 364 1371 405; x_wconf 81' lang='lat' dir='ltr'>occasione,</span> <span class='ocrx_word' id='word_1_269' title='bbox 1387 363 1498 407; x_wconf 90' lang='lat' dir='ltr'>quovis</span> <span class='ocrx_word' id='word_1_270' title='bbox 1512 369 1677 407; x_wconf 82' lang='lat' dir='ltr'>praetextu</span> <span class='ocrx_word' id='word_1_271' title='bbox 1691 369 1722 397; x_wconf 86' lang='lat' dir='ltr'>et</span> <span class='ocrx_word' id='word_1_272' title='bbox 1734 363 1880 407; x_wconf 88' lang='lat' dir='ltr'>quaesito</span> 
     </span>
     <span class='ocr_line' id='line_1_52' title="bbox 1145 415 1881 459; baseline -0.001 -10"><span class='ocrx_word' id='word_1_273' title='bbox 1145 417 1254 449; x_wconf 87' lang='lat' dir='ltr'>colore</span> <span class='ocrx_word' id='word_1_274' title='bbox 1277 417 1326 449; x_wconf 87' lang='lat' dir='ltr'>vel</span> <span class='ocrx_word' id='word_1_275' title='bbox 1353 416 1493 459; x_wconf 82' lang='lat' dir='ltr'>ingenio,</span> <span class='ocrx_word' id='word_1_276' title='bbox 1509 416 1657 455; x_wconf 82' lang='lat' dir='ltr'>accusari,</span> <span class='ocrx_word' id='word_1_277' title='bbox 1676 416 1804 459; x_wconf 87' lang='lat' dir='ltr'>inquiri,</span> <span class='ocrx_word' id='word_1_278' title='bbox 1826 415 1881 448; x_wconf 85' lang='lat' dir='ltr'>de-</span> 
     </span>
     <span class='ocr_line' id='line_1_53' title="bbox 1145 468 1881 513; baseline -0.003 -12"><span class='ocrx_word' id='word_1_279' title='bbox 1145 468 1309 508; x_wconf 87' lang='lat' dir='ltr'>nunciari,</span> <span class='ocrx_word' id='word_1_280' title='bbox 1333 468 1511 513; x_wconf 88' lang='lat' dir='ltr'>querelari,</span> <span class='ocrx_word' id='word_1_281' title='bbox 1537 468 1616 511; x_wconf 87' lang='lat' dir='ltr'>capi,</span> <span class='ocrx_word' id='word_1_282' title='bbox 1643 468 1810 508; x_wconf 79' lang='lat' dir='ltr'>carcerari,</span> <span class='ocrx_word' id='word_1_283' title='bbox 1833 478 1881 499; x_wconf 87' lang='lat' dir='ltr'>ar-</span> 
     </span>
     <span class='ocr_line' id='line_1_54' title="bbox 1144 521 1882 564; baseline -0.003 -10"><span class='ocrx_word' id='word_1_284' title='bbox 1144 522 1276 561; x_wconf 83' lang='lat' dir='ltr'>restari,</span> <span class='ocrx_word' id='word_1_285' title='bbox 1303 521 1494 564; x_wconf 82' lang='lat' dir='ltr'>interrogari</span> <span class='ocrx_word' id='word_1_286' title='bbox 1529 522 1578 553; x_wconf 89' lang='lat' dir='ltr'>vel</span> <span class='ocrx_word' id='word_1_287' title='bbox 1609 521 1801 560; x_wconf 82' lang='lat' dir='ltr'>examinari,</span> <span class='ocrx_word' id='word_1_288' title='bbox 1828 526 1882 552; x_wconf 85' lang='lat' dir='ltr'>aut</span> 
     </span>
     <span class='ocr_line' id='line_1_55' title="bbox 1144 572 1882 617; baseline -0.003 -10"><span class='ocrx_word' id='word_1_289' title='bbox 1144 575 1222 608; x_wconf 81' lang='lat' dir='ltr'>alias</span> <span class='ocrx_word' id='word_1_290' title='bbox 1240 575 1272 607; x_wconf 91' lang='lat' dir='ltr'>in</span> <span class='ocrx_word' id='word_1_291' title='bbox 1292 584 1404 607; x_wconf 88' lang='lat' dir='ltr'>corum</span> <span class='ocrx_word' id='word_1_292' title='bbox 1418 573 1574 617; x_wconf 87' lang='lat' dir='ltr'>personis,</span> <span class='ocrx_word' id='word_1_293' title='bbox 1593 573 1704 613; x_wconf 87' lang='lat' dir='ltr'>feudis,</span> <span class='ocrx_word' id='word_1_294' title='bbox 1723 572 1882 606; x_wconf 83' lang='lat' dir='ltr'>allodiali-</span> 
     </span>
     <span class='ocr_line' id='line_1_56' title="bbox 1144 625 1882 667; baseline -0.004 -7"><span class='ocrx_word' id='word_1_295' title='bbox 1144 628 1212 667; x_wconf 89' lang='lat' dir='ltr'>bus,</span> <span class='ocrx_word' id='word_1_296' title='bbox 1231 627 1517 667; x_wconf 84' lang='lat' dir='ltr'>iurisdictionibus,</span> <span class='ocrx_word' id='word_1_297' title='bbox 1538 626 1632 659; x_wconf 89' lang='lat' dir='ltr'>bonis</span> <span class='ocrx_word' id='word_1_298' title='bbox 1652 625 1826 658; x_wconf 85' lang='lat' dir='ltr'>mobilibus</span> <span class='ocrx_word' id='word_1_299' title='bbox 1850 630 1882 657; x_wconf 89' lang='lat' dir='ltr'>et</span> 
     </span>
     <span class='ocr_line' id='line_1_57' title="bbox 1144 677 1882 722; baseline -0.004 -10"><span class='ocrx_word' id='word_1_300' title='bbox 1144 680 1371 719; x_wconf 81' lang='lat' dir='ltr'>immobilibus,</span> <span class='ocrx_word' id='word_1_301' title='bbox 1393 678 1578 722; x_wconf 80' lang='lat' dir='ltr'>privilegiis,</span> <span class='ocrx_word' id='word_1_302' title='bbox 1599 677 1707 720; x_wconf 77' lang='lat' dir='ltr'>gratiis</span> <span class='ocrx_word' id='word_1_303' title='bbox 1728 682 1759 710; x_wconf 88' lang='lat' dir='ltr'>et</span> <span class='ocrx_word' id='word_1_304' title='bbox 1775 677 1882 710; x_wconf 88' lang='lat' dir='ltr'>indul-</span> 
     </span>
     <span class='ocr_line' id='line_1_58' title="bbox 1143 729 1881 774; baseline -0.004 -9"><span class='ocrx_word' id='word_1_305' title='bbox 1143 733 1192 773; x_wconf 84' lang='lat' dir='ltr'>tis,</span> <span class='ocrx_word' id='word_1_306' title='bbox 1210 743 1245 765; x_wconf 90' lang='lat' dir='ltr'>ac</span> <span class='ocrx_word' id='word_1_307' title='bbox 1262 731 1386 765; x_wconf 85' lang='lat' dir='ltr'>iuribus</span> <span class='ocrx_word' id='word_1_308' title='bbox 1411 737 1442 763; x_wconf 90' lang='lat' dir='ltr'>et</span> <span class='ocrx_word' id='word_1_309' title='bbox 1465 731 1560 764; x_wconf 84' lang='lat' dir='ltr'>rebus</span> <span class='ocrx_word' id='word_1_310' title='bbox 1578 730 1783 774; x_wconf 86' lang='lat' dir='ltr'>quibuslibet,</span> <span class='ocrx_word' id='word_1_311' title='bbox 1802 729 1881 763; x_wconf 89' lang='lat' dir='ltr'>aliis-</span> 
     </span>
     <span class='ocr_line' id='line_1_59' title="bbox 1143 783 1882 829; baseline -0.004 -11"><span class='ocrx_word' id='word_1_312' title='bbox 1143 796 1204 829; x_wconf 86' lang='lat' dir='ltr'>que</span> <span class='ocrx_word' id='word_1_313' title='bbox 1219 796 1315 828; x_wconf 88' lang='lat' dir='ltr'>supra</span> <span class='ocrx_word' id='word_1_314' title='bbox 1333 785 1498 828; x_wconf 55' lang='lat' dir='ltr'>expressis</span> <span class='ocrx_word' id='word_1_315' title='bbox 1514 783 1656 823; x_wconf 85' lang='lat' dir='ltr'>civiliter,</span> <span class='ocrx_word' id='word_1_316' title='bbox 1672 783 1882 816; x_wconf 86' lang='lat' dir='ltr'>criminaliter</span> 
     </span>
     <span class='ocr_line' id='line_1_60' title="bbox 1142 836 1881 880; baseline -0.003 -9"><span class='ocrx_word' id='word_1_317' title='bbox 1142 840 1191 871; x_wconf 91' lang='lat' dir='ltr'>vel</span> <span class='ocrx_word' id='word_1_318' title='bbox 1212 838 1342 878; x_wconf 81' lang='lat' dir='ltr'>mixtim,</span> <span class='ocrx_word' id='word_1_319' title='bbox 1362 843 1415 870; x_wconf 89' lang='lat' dir='ltr'>aut</span> <span class='ocrx_word' id='word_1_320' title='bbox 1432 837 1509 870; x_wconf 77' lang='lat' dir='ltr'>alias</span> <span class='ocrx_word' id='word_1_321' title='bbox 1527 836 1780 880; x_wconf 89' lang='lat' dir='ltr'>quomodolibet,</span> <span class='ocrx_word' id='word_1_322' title='bbox 1802 836 1881 869; x_wconf 89' lang='lat' dir='ltr'>dire-</span> 
     </span>
     <span class='ocr_line' id='line_1_61' title="bbox 1143 883 1876 933; baseline -0.004 -10"><span class='ocrx_word' id='word_1_323' title='bbox 1143 896 1191 923; x_wconf 90' lang='lat' dir='ltr'>cte</span> <span class='ocrx_word' id='word_1_324' title='bbox 1225 891 1272 923; x_wconf 89' lang='lat' dir='ltr'>vel</span> <span class='ocrx_word' id='word_1_325' title='bbox 1304 883 1479 929; x_wconf 84' lang='lat' dir='ltr'>indirecte,</span> <span class='ocrx_word' id='word_1_326' title='bbox 1495 889 1631 933; x_wconf 83' lang='lat' dir='ltr'>&#39;publice</span> <span class='ocrx_word' id='word_1_327' title='bbox 1657 890 1706 922; x_wconf 88' lang='lat' dir='ltr'>vel</span> <span class='ocrx_word' id='word_1_328' title='bbox 1732 890 1876 928; x_wconf 85' lang='lat' dir='ltr'>occulte,</span> 
     </span>
     <span class='ocr_line' id='line_1_62' title="bbox 1142 943 1880 985; baseline -0.003 -9"><span class='ocrx_word' id='word_1_329' title='bbox 1142 943 1339 976; x_wconf 85' lang='lat' dir='ltr'>coniunctim</span> <span class='ocrx_word' id='word_1_330' title='bbox 1352 944 1401 975; x_wconf 88' lang='lat' dir='ltr'>vel</span> <span class='ocrx_word' id='word_1_331' title='bbox 1417 943 1549 982; x_wconf 87' lang='lat' dir='ltr'>divisim,</span> <span class='ocrx_word' id='word_1_332' title='bbox 1565 943 1737 982; x_wconf 82' lang='lat' dir='ltr'>molestari,</span> <span class='ocrx_word' id='word_1_333' title='bbox 1756 948 1880 985; x_wconf 86' lang='lat' dir='ltr'>pertur-</span> 
     </span>
     <span class='ocr_line' id='line_1_63' title="bbox 1141 995 1879 1039; baseline -0.001 -11"><span class='ocrx_word' id='word_1_334' title='bbox 1141 996 1219 1035; x_wconf 88' lang='lat' dir='ltr'>bari,</span> <span class='ocrx_word' id='word_1_335' title='bbox 1231 996 1347 1035; x_wconf 87' lang='lat' dir='ltr'>vexari,</span> <span class='ocrx_word' id='word_1_336' title='bbox 1364 995 1542 1039; x_wconf 85' lang='lat' dir='ltr'>inquietari,</span> <span class='ocrx_word' id='word_1_337' title='bbox 1555 999 1608 1028; x_wconf 89' lang='lat' dir='ltr'>aut</span> <span class='ocrx_word' id='word_1_338' title='bbox 1622 995 1772 1038; x_wconf 84' lang='lat' dir='ltr'>impediri</span> <span class='ocrx_word' id='word_1_339' title='bbox 1785 1006 1802 1027; x_wconf 89' lang='lat' dir='ltr'>a</span> <span class='ocrx_word' id='word_1_340' title='bbox 1815 995 1879 1038; x_wconf 92' lang='lat' dir='ltr'>qui-</span> 
     </span>
     <span class='ocr_line' id='line_1_64' title="bbox 1140 1047 1879 1091; baseline -0.001 -10"><span class='ocrx_word' id='word_1_341' title='bbox 1140 1049 1247 1081; x_wconf 83' lang='lat' dir='ltr'>busvis</span> <span class='ocrx_word' id='word_1_342' title='bbox 1273 1049 1431 1081; x_wconf 87' lang='lat' dir='ltr'>iudicibus</span> <span class='ocrx_word' id='word_1_343' title='bbox 1454 1054 1485 1081; x_wconf 90' lang='lat' dir='ltr'>et</span> <span class='ocrx_word' id='word_1_344' title='bbox 1502 1047 1649 1091; x_wconf 87' lang='lat' dir='ltr'>personis</span> <span class='ocrx_word' id='word_1_345' title='bbox 1678 1058 1879 1090; x_wconf 85' lang='lat' dir='ltr'>quacumque</span> 
     </span>
     <span class='ocr_line' id='line_1_65' title="bbox 1141 1100 1879 1144; baseline -0.001 -10"><span class='ocrx_word' id='word_1_346' title='bbox 1141 1102 1327 1135; x_wconf 79' lang='lat' dir='ltr'>auctoritate</span> <span class='ocrx_word' id='word_1_347' title='bbox 1339 1106 1370 1133; x_wconf 90' lang='lat' dir='ltr'>et</span> <span class='ocrx_word' id='word_1_348' title='bbox 1383 1105 1538 1144; x_wconf 83' lang='lat' dir='ltr'>potestate</span> <span class='ocrx_word' id='word_1_349' title='bbox 1550 1100 1757 1143; x_wconf 75' lang='lat' dir='ltr'>fungentibus</span> <span class='ocrx_word' id='word_1_350' title='bbox 1770 1105 1801 1133; x_wconf 85' lang='lat' dir='ltr'>et</span> <span class='ocrx_word' id='word_1_351' title='bbox 1814 1101 1879 1133; x_wconf 79' lang='lat' dir='ltr'>sun-</span> 
     </span>
     <span class='ocr_line' id='line_1_66' title="bbox 1140 1153 1879 1194; baseline -0.003 -7"><span class='ocrx_word' id='word_1_352' title='bbox 1140 1155 1249 1194; x_wconf 84' lang='lat' dir='ltr'>cturis,</span> <span class='ocrx_word' id='word_1_353' title='bbox 1269 1155 1364 1188; x_wconf 87' lang='lat' dir='ltr'>ctiam</span> <span class='ocrx_word' id='word_1_354' title='bbox 1382 1153 1412 1187; x_wconf 88' lang='lat' dir='ltr'>S.</span> <span class='ocrx_word' id='word_1_355' title='bbox 1428 1154 1464 1186; x_wconf 79' lang='lat' dir='ltr'>R.</span> <span class='ocrx_word' id='word_1_356' title='bbox 1482 1153 1516 1186; x_wconf 84' lang='grc' dir='ltr'>Ε.</span> <span class='ocrx_word' id='word_1_357' title='bbox 1537 1153 1763 1192; x_wconf 83' lang='lat' dir='ltr'>cardinalibus,</span> <span class='ocrx_word' id='word_1_358' title='bbox 1783 1153 1879 1186; x_wconf 86' lang='lat' dir='ltr'>etiam</span> 
     </span>
     <span class='ocr_line' id='line_1_67' title="bbox 1140 1201 1876 1251; baseline -0.004 -10"><span class='ocrx_word' id='word_1_359' title='bbox 1140 1209 1178 1241; x_wconf 90' lang='lat' dir='ltr'>de</span> <span class='ocrx_word' id='word_1_360' title='bbox 1205 1201 1304 1241; x_wconf 81' lang='lat' dir='ltr'>latere</span> <span class='ocrx_word' id='word_1_361' title='bbox 1327 1207 1457 1250; x_wconf 80' lang='lat' dir='ltr'>legatis,</span> <span class='ocrx_word' id='word_1_362' title='bbox 1485 1217 1580 1251; x_wconf 87' lang='lat' dir='ltr'>posse</span> <span class='ocrx_word' id='word_1_363' title='bbox 1604 1215 1709 1250; x_wconf 88' lang='lat' dir='ltr'>neque</span> <span class='ocrx_word' id='word_1_364' title='bbox 1734 1206 1852 1239; x_wconf 88' lang='lat' dir='ltr'>debere</span> <span class='ocrx_word' id='word_1_365' title='bbox 1869 1234 1876 1247; x_wconf 90' lang='lat'>,</span> 
     </span>
     <span class='ocr_line' id='line_1_68' title="bbox 1139 1259 1876 1300; baseline -0.004 -5"><span class='ocrx_word' id='word_1_366' title='bbox 1139 1263 1222 1295; x_wconf 77' lang='lat' dir='ltr'>dicta</span> <span class='ocrx_word' id='word_1_367' title='bbox 1242 1261 1432 1294; x_wconf 90' lang='lat' dir='ltr'>auctoritate</span> <span class='ocrx_word' id='word_1_368' title='bbox 1450 1260 1609 1293; x_wconf 86' lang='lat' dir='ltr'>statuendi</span> <span class='ocrx_word' id='word_1_369' title='bbox 1628 1264 1660 1296; x_wconf 87' lang='lat' dir='ltr'>et</span> <span class='ocrx_word' id='word_1_370' title='bbox 1683 1259 1876 1300; x_wconf 83' lang='lat' dir='ltr'>mandandi·,</span> 
     </span>
     <span class='ocr_line' id='line_1_69' title="bbox 1138 1312 1879 1354; baseline -0.001 -8"><span class='ocrx_word' id='word_1_371' title='bbox 1138 1320 1170 1347; x_wconf 89' lang='lat' dir='ltr'>et</span> <span class='ocrx_word' id='word_1_372' title='bbox 1193 1313 1404 1347; x_wconf 84' lang='lat' dir='ltr'>nibilominus</span> <span class='ocrx_word' id='word_1_373' title='bbox 1434 1313 1584 1346; x_wconf 86' lang='lat' dir='ltr'>omnibus</span> <span class='ocrx_word' id='word_1_374' title='bbox 1613 1321 1643 1345; x_wconf 81' lang='lat' dir='ltr'>et</span> <span class='ocrx_word' id='word_1_375' title='bbox 1675 1312 1808 1354; x_wconf 72' lang='lat' dir='ltr'>singulis</span> <span class='ocrx_word' id='word_1_376' title='bbox 1832 1312 1879 1345; x_wconf 89' lang='lat' dir='ltr'>lc-</span> 
     </span>
     <span class='ocr_line' id='line_1_70' title="bbox 1138 1364 1878 1411; baseline -0.003 -12"><span class='ocrx_word' id='word_1_377' title='bbox 1138 1368 1230 1411; x_wconf 80' lang='lat' dir='ltr'>gatis,</span> <span class='ocrx_word' id='word_1_378' title='bbox 1256 1366 1453 1409; x_wconf 84' lang='lat' dir='ltr'>vicelegatis,</span> <span class='ocrx_word' id='word_1_379' title='bbox 1480 1365 1770 1408; x_wconf 81' lang='lat' dir='ltr'>gubernatoribus,</span> <span class='ocrx_word' id='word_1_380' title='bbox 1798 1364 1878 1397; x_wconf 89' lang='lat' dir='ltr'>iudi-</span> 
     </span>
     <span class='ocr_line' id='line_1_71' title="bbox 1138 1410 1876 1462; baseline -0.004 -9"><span class='ocrx_word' id='word_1_381' title='bbox 1138 1421 1235 1459; x_wconf 87' lang='lat' dir='ltr'>cibus,</span> <span class='ocrx_word' id='word_1_382' title='bbox 1260 1419 1445 1461; x_wconf 79' lang='lat' dir='ltr'>barigellis,</span> <span class='ocrx_word' id='word_1_383' title='bbox 1471 1410 1666 1462; x_wconf 77' lang='lat' dir='ltr'>capitaneiS,</span> <span class='ocrx_word' id='word_1_384' title='bbox 1693 1417 1876 1461; x_wconf 85' lang='lat' dir='ltr'>ceterisque</span> 
     </span>
     <span class='ocr_line' id='line_1_72' title="bbox 1138 1469 1876 1514; baseline -0.004 -9"><span class='ocrx_word' id='word_1_385' title='bbox 1138 1473 1276 1506; x_wconf 84' lang='lat' dir='ltr'>iustitiae</span> <span class='ocrx_word' id='word_1_386' title='bbox 1293 1472 1445 1505; x_wconf 80' lang='lat' dir='ltr'>ministris</span> <span class='ocrx_word' id='word_1_387' title='bbox 1465 1471 1690 1514; x_wconf 87' lang='lat' dir='ltr'>praesentibus</span> <span class='ocrx_word' id='word_1_388' title='bbox 1706 1469 1876 1510; x_wconf 78' lang='lat' dir='ltr'>etsuturis,</span> 
     </span>
     <span class='ocr_line' id='line_1_73' title="bbox 1139 1523 1879 1559; baseline -0.004 -1"><span class='ocrx_word' id='word_1_389' title='bbox 1139 1532 1201 1559; x_wconf 85' lang='lat' dir='ltr'>tam</span> <span class='ocrx_word' id='word_1_390' title='bbox 1227 1525 1315 1557; x_wconf 85' lang='lat' dir='ltr'>urbis</span> <span class='ocrx_word' id='word_1_391' title='bbox 1340 1530 1370 1557; x_wconf 87' lang='lat' dir='ltr'>et</span> <span class='ocrx_word' id='word_1_392' title='bbox 1394 1524 1529 1557; x_wconf 83' lang='lat' dir='ltr'>civitatis</span> <span class='ocrx_word' id='word_1_393' title='bbox 1555 1523 1789 1556; x_wconf 85' lang='lat' dir='ltr'>Avenionensis</span> <span class='ocrx_word' id='word_1_394' title='bbox 1819 1523 1879 1556; x_wconf 92' lang='lat' dir='ltr'>hu-</span> 
     </span>
     <span class='ocr_line' id='line_1_74' title="bbox 1138 1576 1878 1622; baseline -0.005 -10"><span class='ocrx_word' id='word_1_395' title='bbox 1138 1579 1283 1617; x_wconf 80' lang='lat' dir='ltr'>iusmodi,</span> <span class='ocrx_word' id='word_1_396' title='bbox 1311 1588 1407 1622; x_wconf 85' lang='lat' dir='ltr'>quam</span> <span class='ocrx_word' id='word_1_397' title='bbox 1431 1577 1571 1610; x_wconf 86' lang='lat' dir='ltr'>universi</span> <span class='ocrx_word' id='word_1_398' title='bbox 1595 1576 1699 1609; x_wconf 87' lang='lat' dir='ltr'>Status</span> <span class='ocrx_word' id='word_1_399' title='bbox 1720 1576 1878 1609; x_wconf 84' lang='lat' dir='ltr'>Ecclesia-</span> 
     </span>
     <span class='ocr_line' id='line_1_75' title="bbox 1136 1628 1878 1671; baseline -0.008 -6"><span class='ocrx_word' id='word_1_400' title='bbox 1136 1632 1216 1671; x_wconf 86' lang='lat' dir='ltr'>stici,</span> <span class='ocrx_word' id='word_1_401' title='bbox 1238 1631 1374 1665; x_wconf 83' lang='lat' dir='ltr'>mediate</span> <span class='ocrx_word' id='word_1_402' title='bbox 1392 1631 1441 1663; x_wconf 88' lang='lat' dir='ltr'>vel</span> <span class='ocrx_word' id='word_1_403' title='bbox 1460 1629 1642 1662; x_wconf 87' lang='lat' dir='ltr'>immediate</span> <span class='ocrx_word' id='word_1_404' title='bbox 1663 1628 1757 1660; x_wconf 89' lang='lat' dir='ltr'>nobis</span> <span class='ocrx_word' id='word_1_405' title='bbox 1773 1628 1878 1660; x_wconf 86' lang='lat' dir='ltr'>subie-</span> 
     </span>
     <span class='ocr_line' id='line_1_76' title="bbox 1138 1681 1878 1725; baseline -0.007 -8"><span class='ocrx_word' id='word_1_406' title='bbox 1138 1685 1188 1725; x_wconf 83' lang='lat' dir='ltr'>cti,</span> <span class='ocrx_word' id='word_1_407' title='bbox 1216 1696 1251 1717; x_wconf 86' lang='lat' dir='ltr'>ac</span> <span class='ocrx_word' id='word_1_408' title='bbox 1275 1683 1370 1716; x_wconf 82' lang='lat' dir='ltr'>etiam</span> <span class='ocrx_word' id='word_1_409' title='bbox 1395 1683 1540 1716; x_wconf 88' lang='lat' dir='ltr'>eiusdem</span> <span class='ocrx_word' id='word_1_410' title='bbox 1564 1681 1595 1714; x_wconf 83' lang='lat' dir='ltr'>S.</span> <span class='ocrx_word' id='word_1_411' title='bbox 1619 1681 1656 1713; x_wconf 81' lang='lat' dir='ltr'>R.</span> <span class='ocrx_word' id='word_1_412' title='bbox 1680 1681 1714 1713; x_wconf 86' lang='lat' dir='ltr'>E.</span> <span class='ocrx_word' id='word_1_413' title='bbox 1735 1681 1878 1713; x_wconf 80' lang='lat' dir='ltr'>cardina-</span> 
     </span>
     <span class='ocr_line' id='line_1_77' title="bbox 1137 1733 1877 1779; baseline -0.008 -8"><span class='ocrx_word' id='word_1_414' title='bbox 1137 1739 1240 1779; x_wconf 84' lang='lat' dir='ltr'>libus,</span> <span class='ocrx_word' id='word_1_415' title='bbox 1275 1743 1307 1770; x_wconf 87' lang='lat' dir='ltr'>et</span> <span class='ocrx_word' id='word_1_416' title='bbox 1341 1737 1596 1779; x_wconf 77' lang='lat' dir='ltr'>(piibuscumque</span> <span class='ocrx_word' id='word_1_417' title='bbox 1635 1733 1705 1767; x_wconf 90' lang='lat' dir='ltr'>aliis</span> <span class='ocrx_word' id='word_1_418' title='bbox 1729 1733 1877 1777; x_wconf 84' lang='lat' dir='ltr'>personis</span> 
     </span>
     <span class='ocr_line' id='line_1_78' title="bbox 1138 1786 1877 1832; baseline -0.007 -9"><span class='ocrx_word' id='word_1_419' title='bbox 1138 1792 1294 1823; x_wconf 82' lang='lat' dir='ltr'>interesse</span> <span class='ocrx_word' id='word_1_420' title='bbox 1313 1790 1451 1832; x_wconf 76' lang='lat' dir='ltr'>desuper</span> <span class='ocrx_word' id='word_1_421' title='bbox 1468 1787 1715 1831; x_wconf 86' lang='lat' dir='ltr'>quomodolibet</span> <span class='ocrx_word' id='word_1_422' title='bbox 1733 1786 1877 1819; x_wconf 87' lang='lat' dir='ltr'>habenti-</span> 
     </span>
     <span class='ocr_line' id='line_1_79' title="bbox 1137 1838 1877 1884; baseline -0.007 -9"><span class='ocrx_word' id='word_1_423' title='bbox 1137 1844 1203 1882; x_wconf 85' lang='lat' dir='ltr'>bus,</span> <span class='ocrx_word' id='word_1_424' title='bbox 1231 1854 1285 1875; x_wconf 75' lang='lat' dir='ltr'>seu</span> <span class='ocrx_word' id='word_1_425' title='bbox 1312 1843 1431 1875; x_wconf 87' lang='lat' dir='ltr'>babere</span> <span class='ocrx_word' id='word_1_426' title='bbox 1449 1840 1747 1884; x_wconf 85' lang='lat' dir='ltr'>praetendentibus,</span> <span class='ocrx_word' id='word_1_427' title='bbox 1766 1849 1806 1871; x_wconf 88' lang='lat' dir='ltr'>ne</span> <span class='ocrx_word' id='word_1_428' title='bbox 1825 1838 1877 1871; x_wconf 85' lang='lat' dir='ltr'>ali-</span> 
     </span>
     <span class='ocr_line' id='line_1_80' title="bbox 1138 1889 1875 1939; baseline -0.005 -13"><span class='ocrx_word' id='word_1_429' title='bbox 1138 1896 1214 1939; x_wconf 85' lang='lat' dir='ltr'>quid</span> <span class='ocrx_word' id='word_1_430' title='bbox 1240 1896 1271 1928; x_wconf 88' lang='lat' dir='ltr'>in</span> <span class='ocrx_word' id='word_1_431' title='bbox 1296 1905 1461 1938; x_wconf 85' lang='lat' dir='ltr'>personas,</span> <span class='ocrx_word' id='word_1_432' title='bbox 1474 1889 1583 1933; x_wconf 65' lang='lat' dir='ltr'>leuda,</span> <span class='ocrx_word' id='word_1_433' title='bbox 1610 1892 1786 1932; x_wconf 84' lang='lat' dir='ltr'>allodialia,</span> <span class='ocrx_word' id='word_1_434' title='bbox 1814 1900 1875 1931; x_wconf 75' lang='lat' dir='ltr'>reS,</span> 
     </span>
     <span class='ocr_line' id='line_1_81' title="bbox 1138 1944 1875 1989; baseline -0.007 -8"><span class='ocrx_word' id='word_1_435' title='bbox 1138 1949 1393 1987; x_wconf 84' lang='lat' dir='ltr'>iurisdictiones,</span> <span class='ocrx_word' id='word_1_436' title='bbox 1420 1947 1545 1989; x_wconf 86' lang='lat' dir='ltr'>aliaque</span> <span class='ocrx_word' id='word_1_437' title='bbox 1570 1946 1658 1985; x_wconf 89' lang='lat' dir='ltr'>iura,</span> <span class='ocrx_word' id='word_1_438' title='bbox 1683 1955 1754 1985; x_wconf 86' lang='lat' dir='ltr'>res,</span> <span class='ocrx_word' id='word_1_439' title='bbox 1780 1944 1875 1985; x_wconf 87' lang='lat' dir='ltr'>bona,</span> 
     </span>
     <span class='ocr_line' id='line_1_82' title="bbox 1137 2000 1877 2041; baseline -0.007 -7"><span class='ocrx_word' id='word_1_440' title='bbox 1137 2002 1270 2035; x_wconf 86' lang='lat' dir='ltr'>mobilia</span> <span class='ocrx_word' id='word_1_441' title='bbox 1295 2006 1326 2033; x_wconf 92' lang='lat' dir='ltr'>ct</span> <span class='ocrx_word' id='word_1_442' title='bbox 1351 2000 1541 2039; x_wconf 88' lang='lat' dir='ltr'>immobilia,</span> <span class='ocrx_word' id='word_1_443' title='bbox 1568 2004 1739 2041; x_wconf 86' lang='lat' dir='ltr'>ceteraque</span> <span class='ocrx_word' id='word_1_444' title='bbox 1764 2007 1877 2040; x_wconf 82' lang='lat' dir='ltr'>supra-</span> 
     </span>
     <span class='ocr_line' id='line_1_83' title="bbox 1139 2050 1874 2095; baseline -0.008 -8"><span class='ocrx_word' id='word_1_445' title='bbox 1139 2055 1223 2088; x_wconf 84' lang='lat' dir='ltr'>dicta</span> <span class='ocrx_word' id='word_1_446' title='bbox 1237 2054 1380 2087; x_wconf 90' lang='lat' dir='ltr'>omnium</span> <span class='ocrx_word' id='word_1_447' title='bbox 1391 2059 1418 2086; x_wconf 91' lang='lat' dir='ltr'>et</span> <span class='ocrx_word' id='word_1_448' title='bbox 1434 2053 1633 2095; x_wconf 82' lang='lat' dir='ltr'>singulorum</span> <span class='ocrx_word' id='word_1_449' title='bbox 1648 2050 1874 2093; x_wconf 81' lang='lat' dir='ltr'>praefatorum,</span> 
     </span>
     <span class='ocr_line' id='line_1_84' title="bbox 1139 2103 1877 2151; baseline -0.008 -11"><span class='ocrx_word' id='word_1_450' title='bbox 1139 2108 1252 2151; x_wconf 89' lang='lat' dir='ltr'>quibus</span> <span class='ocrx_word' id='word_1_451' title='bbox 1277 2106 1512 2139; x_wconf 86' lang='lat' dir='ltr'>absolutionem</span> <span class='ocrx_word' id='word_1_452' title='bbox 1530 2110 1560 2137; x_wconf 90' lang='lat' dir='ltr'>et</span> <span class='ocrx_word' id='word_1_453' title='bbox 1576 2103 1817 2142; x_wconf 86' lang='lat' dir='ltr'>liberationem,</span> <span class='ocrx_word' id='word_1_454' title='bbox 1842 2107 1877 2134; x_wconf 85' lang='lat' dir='ltr'>ut</span> 
     </span>
     <span class='ocr_line' id='line_1_85' title="bbox 1139 2154 1877 2204; baseline -0.009 -11"><span class='ocrx_word' id='word_1_455' title='bbox 1139 2161 1332 2204; x_wconf 80' lang='lat' dir='ltr'>praefertur,</span> <span class='ocrx_word' id='word_1_456' title='bbox 1359 2158 1537 2202; x_wconf 86' lang='lat' dir='ltr'>impartitus</span> <span class='ocrx_word' id='word_1_457' title='bbox 1568 2156 1685 2196; x_wconf 81' lang='lat' dir='ltr'>fueris,</span> <span class='ocrx_word' id='word_1_458' title='bbox 1719 2160 1774 2188; x_wconf 85' lang='lat' dir='ltr'>aut</span> <span class='ocrx_word' id='word_1_459' title='bbox 1797 2154 1877 2187; x_wconf 74' lang='lat' dir='ltr'>alias</span> 
     </span>
     <span class='ocr_line' id='line_1_86' title="bbox 1139 2207 1877 2257; baseline -0.007 -13"><span class='ocrx_word' id='word_1_460' title='bbox 1139 2213 1311 2257; x_wconf 86' lang='lat' dir='ltr'>quicquam</span> <span class='ocrx_word' id='word_1_461' title='bbox 1336 2211 1423 2244; x_wconf 85' lang='lat' dir='ltr'>aliud</span> <span class='ocrx_word' id='word_1_462' title='bbox 1444 2211 1476 2243; x_wconf 89' lang='lat' dir='ltr'>in</span> <span class='ocrx_word' id='word_1_463' title='bbox 1498 2219 1610 2243; x_wconf 90' lang='lat' dir='ltr'>eorum</span> <span class='ocrx_word' id='word_1_464' title='bbox 1628 2219 1687 2241; x_wconf 85' lang='lat' dir='ltr'>seu</span> <span class='ocrx_word' id='word_1_465' title='bbox 1704 2207 1877 2241; x_wconf 86' lang='lat' dir='ltr'>cuiuslibet</span> 
     </span>
     <span class='ocr_line' id='line_1_87' title="bbox 1139 2263 1877 2309; baseline -0.008 -10"><span class='ocrx_word' id='word_1_466' title='bbox 1139 2267 1269 2300; x_wconf 88' lang='lat' dir='ltr'>illorum</span> <span class='ocrx_word' id='word_1_467' title='bbox 1304 2263 1539 2309; x_wconf 87' lang='lat' dir='ltr'>praeiudicium</span> <span class='ocrx_word' id='word_1_468' title='bbox 1575 2267 1689 2295; x_wconf 90' lang='lat' dir='ltr'>contra</span> <span class='ocrx_word' id='word_1_469' title='bbox 1728 2265 1877 2294; x_wconf 85' lang='lat' dir='ltr'>tenorem</span> 
     </span>
     <span class='ocr_line' id='line_1_88' title="bbox 1140 2312 1877 2352; baseline -0.011 0"><span class='ocrx_word' id='word_1_470' title='bbox 1140 2325 1211 2352; x_wconf 86' lang='lat' dir='ltr'>tuae</span> <span class='ocrx_word' id='word_1_471' title='bbox 1236 2317 1449 2350; x_wconf 70' lang='lat' dir='ltr'>absolutionis</span> <span class='ocrx_word' id='word_1_472' title='bbox 1474 2321 1506 2349; x_wconf 90' lang='lat' dir='ltr'>et</span> <span class='ocrx_word' id='word_1_473' title='bbox 1529 2314 1733 2348; x_wconf 86' lang='lat' dir='ltr'>liberationis</span> <span class='ocrx_word' id='word_1_474' title='bbox 1763 2312 1877 2345; x_wconf 86' lang='lat' dir='ltr'>huius-</span> 
     </span>
     <span class='ocr_line' id='line_1_89' title="bbox 1138 2364 1876 2410; baseline -0.011 -5"><span class='ocrx_word' id='word_1_475' title='bbox 1138 2372 1226 2406; x_wconf 91' lang='lat' dir='ltr'>modi</span> <span class='ocrx_word' id='word_1_476' title='bbox 1252 2371 1356 2404; x_wconf 88' lang='lat' dir='ltr'>sacere</span> <span class='ocrx_word' id='word_1_477' title='bbox 1372 2370 1421 2402; x_wconf 90' lang='lat' dir='ltr'>vel</span> <span class='ocrx_word' id='word_1_478' title='bbox 1450 2374 1609 2402; x_wconf 83' lang='lat' dir='ltr'>attentare</span> <span class='ocrx_word' id='word_1_479' title='bbox 1630 2376 1762 2410; x_wconf 89' lang='lat' dir='ltr'>quoquo</span> <span class='ocrx_word' id='word_1_480' title='bbox 1778 2364 1876 2397; x_wconf 89' lang='lat' dir='ltr'>modo</span> 
     </span>
     <span class='ocr_line' id='line_1_90' title="bbox 1140 2418 1877 2466; baseline -0.014 -8"><span class='ocrx_word' id='word_1_481' title='bbox 1140 2424 1278 2458; x_wconf 86' lang='lat' dir='ltr'>audeant</span> <span class='ocrx_word' id='word_1_482' title='bbox 1290 2434 1346 2456; x_wconf 90' lang='lat' dir='ltr'>scu</span> <span class='ocrx_word' id='word_1_483' title='bbox 1360 2425 1575 2466; x_wconf 87' lang='lat' dir='ltr'>praesumant,</span> <span class='ocrx_word' id='word_1_484' title='bbox 1587 2418 1774 2453; x_wconf 85' lang='lat' dir='ltr'>auctoritate</span> <span class='ocrx_word' id='word_1_485' title='bbox 1787 2425 1877 2460; x_wconf 88' lang='lat' dir='ltr'>prae-</span> 
     </span>
     <span class='ocr_line' id='line_1_91' title="bbox 1140 2468 1875 2515; baseline -0.014 -4"><span class='ocrx_word' id='word_1_486' title='bbox 1140 2478 1203 2511; x_wconf 85' lang='lat' dir='ltr'>fata</span> <span class='ocrx_word' id='word_1_487' title='bbox 1216 2476 1387 2510; x_wconf 87' lang='lat' dir='ltr'>districtius</span> <span class='ocrx_word' id='word_1_488' title='bbox 1404 2473 1574 2508; x_wconf 88' lang='lat' dir='ltr'>inhibendi</span> <span class='ocrx_word' id='word_1_489' title='bbox 1591 2477 1623 2505; x_wconf 86' lang='lat' dir='ltr'>ct</span> <span class='ocrx_word' id='word_1_490' title='bbox 1639 2468 1875 2515; x_wconf 81' lang='lat' dir='ltr'>p1·aecipiendi;</span> 
     </span>
     <span class='ocr_line' id='line_1_92' title="bbox 1140 2521 1877 2573; baseline -0.012 -10"><span class='ocrx_word' id='word_1_491' title='bbox 1140 2530 1269 2573; x_wconf 90' lang='lat' dir='ltr'>illisque</span> <span class='ocrx_word' id='word_1_492' title='bbox 1305 2528 1453 2562; x_wconf 87' lang='lat' dir='ltr'>omnibus</span> <span class='ocrx_word' id='word_1_493' title='bbox 1479 2532 1510 2559; x_wconf 89' lang='lat' dir='ltr'>et</span> <span class='ocrx_word' id='word_1_494' title='bbox 1539 2524 1693 2567; x_wconf 52' lang='lat' dir='ltr'>singule,</span> <span class='ocrx_word' id='word_1_495' title='bbox 1720 2533 1757 2556; x_wconf 86' lang='lat' dir='ltr'>ae</span> <span class='ocrx_word' id='word_1_496' title='bbox 1781 2521 1877 2555; x_wconf 86' lang='lat' dir='ltr'>etiam</span> 
     </span>
     <span class='ocr_line' id='line_1_93' title="bbox 1140 2573 1876 2625; baseline -0.014 -8"><span class='ocrx_word' id='word_1_497' title='bbox 1140 2584 1215 2617; x_wconf 86' lang='lat' dir='ltr'>fisco</span> <span class='ocrx_word' id='word_1_498' title='bbox 1239 2587 1361 2622; x_wconf 86' lang='lat' dir='ltr'>nostro,</span> <span class='ocrx_word' id='word_1_499' title='bbox 1387 2581 1549 2625; x_wconf 86' lang='lat' dir='ltr'>ipsiusque</span> <span class='ocrx_word' id='word_1_500' title='bbox 1571 2577 1638 2611; x_wconf 83' lang='lat' dir='ltr'>sisci</span> <span class='ocrx_word' id='word_1_501' title='bbox 1664 2573 1876 2620; x_wconf 85' lang='lat' dir='ltr'>procuratori,</span> 
     </span>
    </p>
   </div>
   <div class='ocr_carea' id='block_1_5' title="bbox 1893 205 2071 232">
    <p class='ocr_par' dir='ltr' id='par_1_5' title="bbox 1893 205 2071 232">
     <span class='ocr_line' id='line_1_94' title="bbox 1893 205 2071 232; baseline -0.017 0"><span class='ocrx_word' id='word_1_502' title='bbox 1893 207 1939 232; x_wconf 75' lang='lat' dir='ltr'>An.</span> <span class='ocrx_word' id='word_1_503' title='bbox 1957 205 1984 232; x_wconf 87' lang='lat' dir='ltr'>C.</span> <span class='ocrx_word' id='word_1_504' title='bbox 2008 205 2071 232; x_wconf 62' lang='lat' dir='ltr'>teus</span> 
     </span>
    </p>
   </div>
   <div class='ocr_carea' id='block_1_6' title="bbox 2240 166 2247 1015">
    <p class='ocr_par' dir='ltr' id='par_1_6' title="bbox 2240 166 2247 1015">
     <span class='ocr_line' id='line_1_95' title="bbox 2240 166 2247 1015; baseline 0 0"><span class='ocrx_word' id='word_1_505' title='bbox 2240 166 2247 1015; x_wconf 95' lang='lat' dir='ltr'> </span> 
     </span>
    </p>
   </div>
   <div class='ocr_carea' id='block_1_7' title="bbox 2241 166 2247 1015">
    <p class='ocr_par' dir='ltr' id='par_1_7' title="bbox 2241 166 2247 1015">
     <span class='ocr_line' id='line_1_96' title="bbox 2241 166 2247 1015; baseline 0 0"><span class='ocrx_word' id='word_1_506' title='bbox 2241 166 2247 1015; x_wconf 95' lang='lat' dir='ltr'> </span> 
     </span>
    </p>
   </div>
   <div class='ocr_carea' id='block_1_8' title="bbox 2218 475 2247 1776">
    <p class='ocr_par' dir='ltr' id='par_1_8' title="bbox 2218 475 2247 1776">
     <span class='ocr_line' id='line_1_97' title="bbox 2218 475 2247 1776; baseline 0 0"><span class='ocrx_word' id='word_1_507' title='bbox 2218 475 2247 1776; x_wconf 95' lang='lat' dir='ltr'> </span> 
     </span>
    </p>
   </div>
  </div>
 </body>
</html>
