2247 3208
152 258 202 284 An.
224 257 253 283 Γ..
272 253 339 282 1669

185 421 284 442 Declaral
308 425 329 443 ul.

145 447 166 468 lu
182 448 274 470 rubrica.

137 1054 259 1074 ‘terminum
271 1054 322 1074 duo-

138 1086 182 1100 rum
219 1087 321 1101 mensium

138 1107 164 1125 ad
187 1107 250 1127 aliam
274 1108 320 1127 reli-

140 1138 222 1156 guonem
255 1135 322 1153 tram-

138 1159 202 1204 ¹eundi
217 1165 319 1185 praescri-

154 1185 176 1205 it.

175 1632 246 1652 Poena
271 1638 318 1652 con-

134 1661 280 1679 trau-nimum.

143 2132 146 2134 .
159 2105 270 2127 Decretum
289 2107 315 2127 ir-

130 2135 204 2154 riuus.

342 302 447 334 denda
464 306 494 334 et
512 299 758 339 consideranda,
777 299 928 332 viderunt
948 304 979 331 et
1002 308 1078 331 con-

342 355 541 393 siderarunt,

383 408 398 450 g
429 407 461 440 ⁶2.
499 406 695 440 Auctoritate
728 405 927 449 apostolica,
964 409 1076 437 tenore

340 460 566 504 praesentium,
587 459 790 493 decernimus
817 464 847 491 et
872 459 1076 491 declaramus

338 519 535 547 memoratos
554 518 731 547 conventus
746 512 937 551 Liciensem‚
952 510 1074 550 Grumi,

339 567 495 610 Ripaldae
521 572 553 598 et
589 565 796 605 Caldarolae,
822 575 895 596 cum
926 563 1075 596 omnihus

337 631 450 653 eorum
470 620 574 659 bonis,
593 619 715 651 iuribus
741 622 772 650 et
788 616 1009 660 pertinentiis,
1028 626 1076 648 sa-

337 675 457 715 craque
484 678 515 704 et
539 671 676 714 profana
701 668 905 713 supellectili,
925 669 963 701 ad
984 679 1075 712 prae-

337 724 457 758 dictum
483 724 634 757 Ordinem
662 724 795 755 fratrum
819 721 976 754 Minorum
993 720 1074 754 Con-

336 777 529 811 ventualium
554 776 654 810 sancti
680 774 839 808 Francisci
871 779 1016 817 spectare
1043 779 1075 806 et

336 831 512 873 pertinere,
528 830 660 873 eiusque
674 828 802 862 Ordinis
816 828 1000 872 superiores
1014 838 1074 871 per

335 882 519 916 Ordinarios
533 884 680 915 locorum
695 882 727 914 in
741 881 982 925 possessionem
998 891 1073 914 con-

335 941 485 968 ventuum
524 946 560 968 ac
591 936 752 970 bonorum
782 934 966 967 huiusmodi
1002 943 1073 966 esse

335 988 568 1021 immittendos.

377 1041 404 1083 ς.
431 1040 462 1073 5.
490 1040 653 1073 Fratribus
680 1046 786 1073 autem
812 1040 1005 1072 Reformatis
1030 1040 1073 1072 le-

333 1093 442 1135 gitime
467 1093 500 1126 in
525 1093 638 1127 eodem
661 1093 781 1126 Ordine
807 1094 982 1136 professis,
1018 1095 1073 1127 de-

333 1147 482 1188 gentibus
507 1146 540 1179 in
566 1146 658 1179 dictis
689 1152 827 1189 quatuor
844 1147 1070 1187 conventibus,

334 1210 392 1242 per
418 1200 549 1232 eosdem
574 1199 774 1239 Ordinarios,
799 1199 988 1232 auctoritate
1014 1211 1072 1233 no-

333 1254 407 1291 stra,
428 1252 551 1294 iniungi
569 1253 716 1285 volumus
743 1257 777 1284 ut
798 1252 881 1284 intra
901 1252 1072 1285 terminum

333 1305 470 1337 duorum
497 1305 656 1337 mensium
684 1309 846 1338 transeant
878 1305 918 1337 ad
949 1305 1070 1337 dictum

331 1357 484 1390 Ordinem
512 1359 644 1392 fratrum
677 1358 837 1390 Minorum
871 1358 1071 1391 Conventua-

331 1411 426 1451 lium,
460 1413 508 1444 vel
544 1412 583 1444 ad
608 1412 703 1444 aliam
728 1411 923 1454 religionem
960 1422 1069 1455 parem

329 1463 378 1495 vel
395 1463 589 1496 strictiorem
612 1474 630 1496 a
643 1463 725 1496 Sede
748 1463 933 1507 Apostolica
952 1475 1071 1507 appro-

330 1520 405 1555 tam,
431 1516 462 1548 in
489 1527 561 1559 qua,
586 1521 621 1549 ut
645 1527 750 1560 supra,
768 1516 952 1550 invenerint
971 1517 1070 1550 hene-

330 1569 421 1601 votos
446 1574 647 1612 receptores.

375 1621 389 1663 ἓ
414 1621 445 1654 6.
473 1621 564 1659 Quod
590 1621 615 1654 si
641 1627 793 1655 neutrum
825 1622 1066 1665 praestiterint,

331 1674 443 1716 elapso
458 1674 605 1714 termino,
620 1674 874 1717 perOrdinarios
888 1674 1069 1707 antedictos

332 1727 410 1759 iuris
437 1727 591 1760 remediis
615 1728 853 1770 compellantur
877 1737 893 1759 a
912 1737 1069 1761 memora-

332 1780 370 1812 tis
390 1780 602 1813 conventibus
620 1780 797 1819 discedere,
817 1786 848 1813 et
865 1780 998 1814 dimisso
1017 1781 1069 1814 ha-

328 1832 396 1865 bitu
419 1833 680 1866 Reformatorum
702 1833 740 1866 ad
762 1833 954 1876 religionem
973 1834 1068 1867 dicto-

327 1895 396 1918 rum
432 1886 564 1919 fratrum
599 1886 868 1919 Conventualium
905 1878 1090 1927 transire,¹

327 1938 461 1982 eiusque
497 1939 645 1972 habitum
680 1950 867 1980 assumere,
894 1944 929 1971 ut
964 1940 996 1972 in
1029 1944 1090 1973 eo'

328 1992 435 2035 quoad
467 1992 605 2025 vixerint
636 1999 869 2036 permaneant,
896 2004 953 2025 nec
991 1993 1066 2026 inde

328 2045 503 2078 abscedant
523 2047 582 2079 sub
607 2048 715 2089 poena
739 2046 929 2089 apostasiae.

371 2098 386 2140 g
406 2097 436 2130 7.
454 2098 670 2132 Decernentes
687 2099 809 2142 pariter
827 2099 958 2132 easdem
975 2109 1067 2142 prae-

327 2157 436 2184 sentes
463 2152 584 2184 litteras
609 2163 738 2195 semper
761 2152 877 2191 firmas,
892 2151 1013 2185 validas
1036 2158 1066 2185 et

328 2205 474 2238 efficaces
500 2205 638 2237 existere
664 2211 694 2237 et
719 2205 804 2245 fore,
831 2215 972 2248 suosque
997 2206 1066 2248 ple-

328 2257 433 2289 narios
459 2262 491 2290 et
514 2257 656 2300 integros
674 2257 806 2291 effectus
827 2258 935 2290 sortiri
958 2263 989 2290 et
1013 2259 1065 2290 ob—

328 2310 443 2350 tinere,
471 2321 507 2342 ac
530 2310 603 2350 illis,
621 2311 661 2343 ad
682 2321 763 2353 quos
795 2316 919 2353 spectat
951 2316 982 2343 et
1006 2322 1064 2354 pro
1085 2324 1087 2339 ι

328 2367 475 2405 tempore
493 2363 659 2406 spectabit,
677 2363 865 2406 plenissime
886 2363 1063 2406 suffragari,

327 2420 360 2447 et
376 2415 415 2447 ab
441 2415 487 2447 eis
504 2416 683 2458 respective
702 2415 935 2449 inviolabiliter
954 2417 1063 2448 obser·
1085 2407 1086 2412 ¹

326 2468 414 2508 vari,
447 2468 558 2511 sicque
591 2468 623 2500 in
656 2468 842 2511 praemissis
872 2479 930 2511 per
967 2479 1065 2512 quos-

326 2530 464 2564 cumque
483 2521 605 2553 iudices
631 2521 812 2554 ordinarios
837 2527 866 2553 et
886 2521 1064 2563 delegatos,

327 2573 424 2606 etiam
447 2584 615 2606 causarum
640 2574 750 2617 palatii
776 2574 947 2617 apostolici
973 2573 1063 2606 audi-

326 2632 425 2667 toreS,
447 2627 579 2660 iudicari
608 2632 638 2660 et
656 2626 779 2660 definiri
808 2627 947 2667 debere,
973 2638 1006 2659 ac
1025 2627 1065 2659 ir-
1084 2655 1087 2666 ,

971 248 1113 274 CLEMENS
1138 251 1167 273 lx
1192 248 1247 274 PP·
1278 264 1293 272 —„

1760 238 1824 272 779
1870 248 1919 274 An.
1940 244 2053 274 (3.1669

1122 298 1217 330 ritum
1243 303 1275 331 et
1298 298 1394 331 inane
1414 297 1570 342 quidquid
1588 308 1679 331 secus
1701 297 1860 341 superbis

1121 362 1138 383 a
1163 361 1336 395 quoquam,
1365 352 1475 395 quavis
1501 352 1698 393 auctoritate,
1719 350 1860 385 scienter

1120 405 1170 436 vel
1196 403 1390 446 ignoranter,
1413 405 1585 448 contigerit
1609 405 1769 438 attentari.

1164 456 1178 498 ἐ
1203 456 1233 490 8.
1261 456 1329 490 Non
1355 457 1556 491 obstantibus
1590 458 1796 502 praemissis,
1823 466 1988 513 acmqffiosn
2004 472 2052 486 cou-

1119 509 1405 543 constitutionibus
1432 515 1463 543 et
1487 511 1746 544 ordinationibus
1767 523 1859 555 apos-
1944 508 1949 512 ”

1118 561 1231 601 tolicis,
1250 573 1378 595 necnon
1405 563 1552 596 omnibus
1578 569 1610 597 et
1633 564 1767 607 singulis
1784 564 1858 605 illis,

1119 624 1199 656 quae
1233 614 1265 647 in
1297 615 1411 649 litteris
1436 616 1609 659 praedictis
1640 617 1858 650 concessimus

1118 677 1184 700 non
1209 668 1338 701 obstare
1356 696 1363 709 ,
1388 670 1568 713 ceterisque
1595 670 1764 704 contrariis
1789 670 1858 714 qui-

1118 721 1329 765 buscumque.

1160 774 1274 806 Datum
1300 775 1431 815 Romae,
1458 776 1543 819 apud
1569 777 1600 809 S.
1628 777 1771 817 Petrum,
1798 777 1856 810 sub

1117 827 1238 859 annulo
1256 826 1439 868 piscatoris,
1460 828 1511 861 die
1531 839 1560 862 ix
1576 830 1680 862 martii
1702 839 1855 870 uncant,

1117 878 1322 922 pontificatus
1348 881 1449 914 nostri
1475 892 1561 915 anno
1583 893 1617 916 11.

1152 940 1209 968 Dat.
1228 941 1270 969 die
1284 942 1300 969 9
1317 942 1406 986 martii
1428 943 1506 977 1669,
1524 944 1619 979 pontif.
1637 953 1708 972 anno
1725 951 1752 972 n.

1453 1084 1512 1117 CII.

1115 1162 1218 1204 Super
1238 1163 1464 1205 praecedentia
1487 1167 1706 1207 procuratoris
1725 1177 1854 1208 genera-

1161 1215 1201 1247 lis
1225 1216 1261 1247 in
1286 1226 1441 1248 concursu
1465 1217 1606 1250 aliorum
1629 1218 1854 1260 praelatorum

1161 1266 1296 1299 Ordinis
1312 1269 1540 1301 canonicorum
1557 1270 1762 1312 reyularium
1779 1281 1854 1303 san-

1158 1319 1201 1352 cti
1225 1319 1414 1353 salvatoris.

1329 1400 1463 1427 clemens
1491 1400 1570 1435 Papa
1591 1402 1638 1433 IX,

1257 1445 1293 1471 ad
1309 1445 1442 1472 futuram
1462 1446 1506 1472 rei
1526 1447 1707 1475 memoriam.

1885 1523 1953 1543 Caura
1964 1523 2044 1548 Brevis.

1157 1515 1277 1558 Exponi
1297 1516 1391 1549 nobis
1411 1527 1514 1560 nuper
1528 1517 1749 1551 fecitdilectus
1766 1518 1851 1552 filius

1112 1570 1255 1611 Angelus
1281 1569 1442 1609 Seravalli,
1469 1576 1660 1613 procurator
1690 1573 1849 1614 generalis

1111 1621 1378 1664 Congregationis
1396 1623 1627 1655 canonicorum
1653 1625 1850 1666 regularium

1111 1674 1142 1707 S.
1158 1674 1342 1713 salvatoris,
1357 1675 1442 1718 quod
1458 1675 1587 1715 dudum,
1602 1676 1751 1710 videlicet
1765 1688 1849 1710 anno

1089 1737 1294 1766 'Mocxxv111,
1320 1733 1396 1759 tunc
1420 1727 1451 1760 in
1479 1728 1627 1761 humanis
1654 1740 1751 1772 agens
1787 1732 1850 1764 An-

1112 1781 1204 1814 dreas
1221 1780 1422 1820 Petraccioli‚
1449 1781 1541 1824 prior
1565 1782 1726 1824 generalis
1746 1782 1848 1816 dictae

1111 1833 1397 1876 Congregationis,
1433 1845 1450 1866 a
1481 1834 1581 1868 felicis
1613 1835 1849 1868 recordationis

1111 1886 1240 1920 Urbano
1264 1887 1348 1930 Papa
1370 1887 1434 1919 VIII
1459 1888 1710 1930 praedecessore
1737 1893 1847 1921 nostro

1110 1941 1305 1984 deputatus,
1341 1941 1628 1983 congregationem
1662 1942 1847 1983 generalem

1110 1993 1298 2026 eorumdem
1327 1993 1557 2026 canonicorum
1586 1994 1784 2036 regularium
1813 1994 1846 2026 in

1109 2046 1306 2078 monasterio
1332 2045 1362 2078 S.
1382 2046 1466 2078 Petri
1492 2046 1531 2078 ad
1556 2046 1687 2078 Vincula
1704 2046 1742 2078 de
1760 2046 1845 2079 Urbe

1109 2098 1253 2131 eiusdem
1286 2097 1552 2141 Cougregationis
1585 2098 1781 2137 celebravit,
1813 2098 1846 2130 in

1109 2162 1173 2194 qua
1190 2150 1372 2184 visitatores
1391 2151 1511 2194 aliique
1530 2151 1683 2184 officiales
1704 2151 1846 2193 Congre-

1108 2203 1247 2245 gationis
1273 2203 1456 2236 huiusmodi
1483 2204 1594 2243 electi,
1622 2209 1654 2237 et
1686 2215 1703 2236 a
1728 2204 1844 2236 dilecto

1107 2255 1173 2289 filio
1191 2256 1345 2298 magistro
1364 2266 1523 2299 prospero
1540 2256 1692 2299 Fagnano
1711 2256 1742 2288 in
1761 2258 1846 2289 utra-

1109 2319 1169 2352 que
1195 2308 1357 2351 signatura
1387 2312 1493 2341 nostra
1518 2309 1761 2349 referendario,
1790 2308 1845 2352 qui

1108 2362 1212 2394 eidem
1229 2361 1471 2404 congregationi
1494 2362 1638 2404 generali
1662 2362 1750 2394 iussu
1769 2362 1845 2395 dicti

1084 2416 1086 2432 ⁴¹
1107 2414 1227 2446 Urbani
1245 2414 1507 2457 praedecessoris
1525 2415 1744 2458 praesidebat,
1773 2425 1846 2447 con·

1108 2467 1222 2499 firmati
1250 2468 1392 2499 fuerunt:
1414 2478 1450 2500 ac
1468 2467 1552 2500 inter
1569 2467 1631 2500 alia
1652 2468 1767 2500 factum
1787 2468 1844 2500 suit

1108 2520 1140 2552 in
1166 2520 1249 2553 dicta
1274 2520 1528 2563 congregatione
1559 2521 1700 2563 generali
1733 2522 1843 2553 decre-

1109 2578 1176 2604 tum
1201 2573 1321 2605 tenoris
1346 2573 1522 2616 sequentis,
1543 2573 1708 2606 videlicet:

1151 2626 1166 2668 ξ
1191 2626 1221 2658 1.
1255 2643 1264 2656 ι
1293 2626 1485 2660 Procurator
1522 2626 1667 2663 Ordinis,
1860 2616 2038 2641 procuratarum

1698 2627 1751 2665 QUI
1785 2636 1841 2664 ῙΓἹῙὉ
1854 2642 1920 2664 nesah
1929 2643 1988 2664 luem
1995 2643 2038 2670 prb
