2247 3208
133 228 181 256 An.
199 227 227 255 C.
251 228 318 257 1662

150 712 214 733 Filios
223 719 270 734 enni
277 721 312 735 cn-

129 740 163 759 tus
177 742 293 761 constituit.

921 230 1108 254 ALExxNDER
1132 231 1176 254 vn
1201 231 1247 254 Pr.

329 277 491 312 laborent.
519 278 609 317 Quod
637 284 672 311 ut
703 278 843 311 suaviori
868 279 966 311 modo
990 277 1061 317 fiat,

329 331 514 363 censuimus
540 332 627 375 ipsos
661 337 770 375 patres
796 330 978 364 affiliandos
1002 340 1062 373 pro

328 383 388 416 1130
402 383 507 427 prima
520 384 589 417 vico
608 395 625 417 a
643 385 738 418 nobis
753 384 967 417 assumendos
989 393 1061 416 esse

327 447 364 469 ex
397 447 510 469 eorum
541 447 678 470 numero
715 437 768 481 qui
800 446 886 469 nunc
921 436 954 468 in
989 435 1062 479 ipso

327 495 488 522 conventu
510 495 542 522 et
561 490 701 532 collegio
719 494 972 529 commorantur,
989 499 1061 522 cum

326 543 520 586 praesertim
546 543 691 587 ipsorum
724 543 844 583 virtus,
878 542 1059 586 capacitas,

327 596 533 637 sufficientia,
561 602 593 629 et
615 597 648 629 in
673 596 769 628 rebus
795 595 930 638 agendis
952 595 1062 628 dexte-

328 649 404 682 ritas
426 649 463 682 sit
489 649 582 682 nobis
608 649 684 681 satis
710 649 933 692 comprobata.

371 712 405 736 11.
433 702 473 735 Iis
498 712 576 744 ergo
602 707 634 734 et
658 702 729 735 aliis
763 701 856 734 iustis
883 701 922 735 de
953 702 1060 735 causis

326 755 470 788 animum
495 760 645 788 nostruin
670 754 893 795 moventibus,
920 755 1061 788 auctori-

326 813 391 841 tate
421 808 594 851 utriusque
621 807 717 840 officii
743 808 837 840 nobis
871 808 1057 847 commissi,

326 862 385 894 hos
410 866 522 905 patres
549 861 587 894 de
614 861 699 894 facto
720 861 928 900 assumimus,
955 861 1060 894 nomi-

325 924 463 954 namus,
500 913 704 947 declaramus
739 918 771 946 et
807 914 1056 955 constituimus,

324 971 424 1012 prout
449 967 642 1007 declaratos,
668 966 884 1006 constitutOS,
911 967 1059 1000 nomina-

326 1026 375 1055 tos
401 1025 433 1052 et
457 1026 645 1064 assumptos
682 1031 755 1053 esse
791 1021 940 1053 volumus
973 1020 1057 1054 tilios

326 1073 463 1106 huiusce
485 1078 665 1105 conventus
684 1078 716 1106 et
732 1073 883 1116 collegii,
902 1074 1057 1106 nimirum

326 1127 525 1159 reverendos
551 1132 662 1170 patres
694 1127 869 1169 magistros
895 1127 1057 1160 facultatis

326 1180 519 1213 Parisiensis
546 1180 754 1212 Franciscum
773 1180 904 1222 Yiogue,
923 1181 1056 1213 Laetum

326 1232 484 1271 Bardaul,
511 1233 674 1265 Andrean]
708 1233 827 1275 Abay-t,
854 1233 1056 1265 Honoratum

325 1285 572 1324 Lambrochum,
596 1285 762 1318 Nicolaum
780 1285 860 1325 Diet,
872 1285 1056 1318 Gabrielem

324 1338 468 1379 Simian3
505 1339 738 1371 baccalaureos
775 1349 853 1371 vcro
888 1339 1056 1372 Nicolaum

324 1392 460 1432 Robino,
487 1392 643 1425 Thomam
660 1392 852 1425 Florensem
871 1399 903 1426 et
919 1393 1057 1426 Vincen-

325 1446 402 1478 tium
420 1445 562 1486 Mathes·‚
583 1450 615 1478 et
638 1451 812 1489 praeterea
829 1446 982 1480 Ioannem
999 1447 1057 1480 La-

323 1498 421 1538 croix,
447 1504 697 1543 procuratorem
724 1499 821 1532 huius
847 1501 1054 1542 monasterii,

322 1551 454 1584 Petrum
479 1552 594 1596 Royer,
610 1552 855 1596 depositarium,
872 1560 904 1586 et
928 1555 1055 1597 Aphro-

323 1604 441 1637 disium
467 1604 585 1638 Remes
610 1605 742 1649 pietatis
760 1606 969 1639 directorem.
996 1607 1056 1640 Da-

322 1668 393 1691 mus
417 1657 554 1701 insuper
571 1659 702 1701 plenam
720 1664 751 1691 et
770 1659 989 1691 omnimodam
1012 1660 1056 1692 fa-

322 1712 477 1744 cultatem
500 1722 535 1744 30
553 1716 751 1754 potestatem
771 1712 946 1745 admodum
964 1723 1055 1745 reve-

323 1763 426 1796 rendo
439 1764 525 1808 patri
542 1764 701 1806 magistro
719 1764 861 1797 Tliomae
880 1765 1053 1807 Guicheus,
1071 1788 1072 1792 ,

322 1817 408 1860 apud
442 1827 501 1849 nos
534 1827 594 1860 pro
626 1817 804 1860 provinciis
830 1818 951 1851 Galliae
976 1820 1056 1852 assi-

322 1870 430 1908 stenti,
447 1875 479 1903 et
503 1876 580 1902 tunc
598 1870 701 1913 priori
720 1870 857 1904 huiusce
875 1878 1054 1905 conventus

323 1929 355 1956 et
379 1923 529 1966 collegii,
556 1928 591 1955 ut
623 1924 662 1956 ad
692 1924 936 1967 beneplacitum
961 1936 1054 1958 suum

321 1977 454 2010 nomine
491 1982 606 2010 nostro
647 1977 818 2018 nominet,
845 1984 987 2011 assumat
1024 1985 1057 2012 et

322 2030 501 2063 constituat
535 2029 619 2063 filios
663 2031 743 2063 31105
781 2031 878 2064 etiam
915 2037 1056 2075 quatuor

321 2088 432 2127 patres
458 2083 520 2115 sibi
544 2083 731 2124 benevisos,
751 2089 785 2116 ut
807 2095 881 2117 011111
907 2085 1056 2128 supradi-

322 2137 381 2169 ctis
408 2136 581 2169 duodecim
606 2147 624 2169 a
648 2136 743 2169 nobis
779 2137 843 2170 iam
879 2138 1054 2171 nominatis

322 2194 540 2233 componatur
563 2200 720 2222 numerus
736 2190 899 2224 sexdecim
919 2192 1055 2224 fratrum

322 2243 551 2283 sacerdotum3
579 2253 660 2286 quos
680 2254 793 2276 omnes
811 2244 985 2284 sexdecim,
1010 2245 1055 2277 sic

322 2306 340 2327 a
362 2295 457 2328 nobis
483 2295 547 2328 iam
571 2296 769 2336 nominatos,
788 2302 842 2329 aut
860 2297 1054 2330 auctoritate

322 2350 448 2389 nostra,
464 2353 499 2380 ut
512 2348 711 2392 praefertur,
726 2349 954 2390 nominandos,
970 2361 1056 2383 nunc

321 2406 421 2445 prout
445 2411 483 2433 ex
509 2406 598 2442 tunc,
626 2401 710 2434 sicut
728 2401 825 2434 etiam
846 2403 926 2435 alios
942 2414 1055 2437 omnes

322 2453 355 2485 in
375 2458 547 2497 posterum
565 2453 735 2496 elsgendos
755 2459 787 2487 et
807 2456 1055 2489 constituendos

323 2512 358 2538 ut
374 2506 467 2547 infra,
489 2512 652 2550 perpetuo
667 2506 837 2540 affiliamus
852 2508 884 2540 111
900 2509 963 2541 1100
980 2520 1056 2542 0011-

323 2565 422 2593 ventu
439 2565 471 2593 et
484 2560 637 2603 collegio,
655 2571 729 2593 011111
747 2560 899 2594 omnibus
917 2562 1054 2603 iuribus,

322 2613 570 2657 praerogativis,
585 2614 775 2658 privilegiis,
799 2615 921 2658 gratiis,
940 2626 1056 2660 praee-

1098 278 1275 317 minentiis,
1303 278 1487 322 ceterisque
1515 280 1599 320 aliis,
1627 281 1744 324 quibus
1769 291 1830 324 per

1097 337 1227 363 nostras
1264 333 1518 366 constitutiones
1556 333 1638 374 frui,
1672 334 1771 377 potiri
1797 339 1829 367 et

1096 384 1239 425 gaudere
1255 385 1364 418 solent
1376 384 1433 418 filii
1451 386 1591 419 aliorum
1607 392 1828 420 conventuum

1096 436 1310 478 generalium,
1338 438 1375 469 ea
1400 443 1508 471 tamen
1534 441 1605 482 lege
1631 446 1681 480 ut,
1707 441 1733 473 si
1755 441 1827 484 quis

1095 488 1242 531 ipsorum
1260 490 1436 533 aliquando
1454 501 1519 523 non
1537 493 1691 535 religiose
1708 493 1827 526 vixisse

1095 545 1150 572 aut
1175 540 1298 584 aliquid
1324 543 1528 576 commisisse
1559 545 1828 588 deprehendatur

1095 593 1198 636 (quod
1210 594 1295 627 Deus
1314 597 1462 639 avertat),
1480 601 1618 640 propter
1639 599 1725 640 quod
1740 599 1826 632 iuxta

1094 646 1223 679 Ordinis
1259 648 1512 682 constitutiones
1538 659 1554 682 e
1579 655 1742 682 conventu
1775 661 1827 683 cx-

1076 701 1267 743 ,pellendus
1293 707 1390 742 esset,
1409 702 1448 735 de
1475 702 1664 736 huiusmodi
1690 714 1826 737 excessu

1093 754 1143 786 vel
1158 754 1346 787 excessibus
1361 755 1470 788 debite
1485 756 1666 796 convictus,
1681 761 1759 789 tunc
1776 767 1827 789 re-

1093 807 1349 840 verendissimus
1363 813 1457 851 pater
1476 809 1639 852 generalis
1661 819 1721 852 pro
1746 813 1826 842 tem-

1092 869 1172 902 pore
1197 859 1307 903 ipsum
1338 862 1387 893 vel
1413 861 1501 904 ipsos
1532 861 1677 895 remittat
1696 862 1729 895 in
1749 872 1826 906 pro-

1092 912 1231 946 vinciam
1255 915 1306 947 vcl
1331 914 1530 957 provincias,
1558 915 1650 948 0111115
1675 916 1725 948 vel
1747 927 1825 959 qua-

1092 976 1164 999 rum
1189 972 1282 1000 erant
1306 967 1510 1010 originaliter
1532 967 1602 1002 filii.

1135 1031 1183 1054 111.
1204 1021 1365 1062 Ceterum,
1384 1032 1423 1054 ne
1442 1022 1475 1054 in
1491 1027 1663 1066 posterum
1681 1025 1825 1067 supersit

1091 1074 1200 1118 aliqua
1234 1075 1403 1108 dubitandi
1440 1077 1569 1110 occasio
1601 1079 1767 1120 quomodo
1793 1084 1823 1112 et

1092 1138 1129 1159 ex
1160 1128 1278 1171 quibus
1314 1128 1491 1171 provinciis
1524 1131 1646 1163 assumi
1682 1132 1825 1164 debeant

1092 1179 1281 1212 huiusmodi
1306 1180 1460 1213 affiliandi
1498 1183 1797 1227 sexdecim-patres
1814 1211 1822 1226 ,

1090 1232 1282 1265 mandamus
1308 1238 1340 1265 et
1365 1234 1573 1267 decernimus
1599 1241 1634 1268 ut
1657 1237 1823 1270 sexdecim

1090 1284 1160 1316 loca
1178 1282 1272 1326 (hac¹
1290 1283 1385 1317 unica
1403 1284 1471 1318 vice
1490 1286 1656 1319 dumtaxat
1673 1288 1822 1330 excepta)

1090 1337 1274 1380 aequaliter
1290 1337 1476 1370 dividantur
1492 1338 1683 1382 inter'ipsas
1702 1339 1823 1374 Galliae

1089 1390 1294 1433 provincias,
1321 1401 1403 1434 quae
1435 1391 1467 1423 in
1504 1392 1567 1425 1100
1602 1399 1766 1426 conventu
1791 1399 1824 1427 et

1090 1444 1229 1486 collegio
1256 1444 1433 1477 habuerint
1458 1445 1622 1478 sexdecim
1640 1446 1820 1487 studentes,

1089 1498 1138 1530 vel
1164 1499 1281 1530 saltem
1317 1499 1589 1541 quatuordecim,
1618 1499 1706 1532 inter
1739 1511 1822 1544 quos

1089 1551 1154 1583 sint
1179 1551 1293 1584 decem
1322 1556 1377 1584 aut
1401 1552 1440 1585 ad
1465 1552 1572 1585 minus
1595 1558 1669 1586 octo
1690 1553 1820 1593 fratres,

1090 1616 1229 1649 quorum
1253 1606 1362 1639 nullus
1392 1607 1430 1639 ad
1459 1616 1587 1639 sacrum
1614 1608 1823 1651 presbytera-

1089 1664 1140 1692 tus
1159 1659 1308 1692 ordinem
1329 1660 1515 1703 promoveri
1540 1661 1657 1693 debeat
1680 1661 1741 1694 nisi
1762 1672 1823 1704 per

1089 1713 1170 1745 duos
1207 1722 1309 1746 annos
1346 1713 1492 1756 integros
1524 1714 1652 1756 legibus
1685 1714 1822 1747 fratrum

1088 1766 1175 1799 iuxta
1200 1777 1325 1799 morem
1350 1767 1444 1799 istius
1470 1772 1650 1800 conventus
1667 1772 1699 1800 et
1723 1768 1823 1801 colle-

1089 1820 1131 1863 gii
1161 1819 1400 1860 satisfecerint,
1434 1825 1466 1852 et
1490 1820 1627 1864 insuper
1651 1821 1823 1854 admittant

1088 1873 1263 1915 magistros
1288 1873 1320 1905 in
1346 1875 1438 1906 sacra
1464 1873 1630 1916 theologia
1658 1874 1821 1907 facultatis

1088 1925 1282 1958 Parisiensis
1319 1936 1393 1958 011111
1429 1926 1577 1969 ipsorum
1612 1926 1820 1970 1⁷11·ivilegiis·,

1089 1979 1133 2011 ita
1157 1984 1192 2011 ut
1217 1989 1277 2012 nec
1302 1980 1414 2022 plures
1440 1990 1500 2012 nee
1525 1980 1711 2022 pauciores.

1132 2032 1175 2064 Ex
1192 2033 1249 2065 illo
1269 2031 1463 2065 sexdenario
1481 2043 1618 2066 numero
1633 2033 1709 2066 uui²
1726 2044 1822 2077 quam

1089 2085 1182 2118 alteri
1207 2085 1396 2128 provinciae
1417 2085 1590 2126 tribuatur,
1609 2085 1667 2118 sed
1685 2086 1822 2129 singulis

1089 2138 1266 2181 provinciis
1285 2138 1325 2170 sit
1343 2138 1488 2182 aequalis
1508 2139 1708 2172 distributio:
1725 2139 1821 2178 unde,

1090 2196 1285 2224 occurrente
1310 2191 1479 2224 vacatione
1499 2202 1537 2224 ex
1557 2192 1734 2235 praedictis
1753 2202 1824 2224 sex-

1072 2244 1196 2277 *decim
1220 2245 1301 2277 loeis
1322 2245 1395 2285 iam,
1415 2250 1450 2277 ut
1465 2246 1660 2289 praefertur,
1687 2245 1823 2289 repletis

1090 2299 1139 2330 vel
1165 2298 1343 2341 replendis,
1370 2299 1480 2332 habita
1504 2298 1687 2331 vacatione³
1711 2299 1825 2331 huius-

1090 2351 1177 2384 modi
1203 2351 1418 2394 aequalitatis,
1441 2353 1610 2395 repleatur
1631 2362 1668 2384 ex
1692 2352 1825 2395 provin-

1091 2405 1155 2443 cia,
1188 2403 1280 2436 euius
1314 2410 1383 2437 erat
1420 2403 1506 2437 filius
1545 2404 1600 2448 qui
1632 2410 1738 2437 morte
1774 2405 1824 2437 vel

1072 2456 1153 2490 'alio
1179 2468 1256 2490 casu
1282 2457 1443 2498 defuerit,
1470 2458 1567 2490 modo
1599 2468 1665 2490 non
1690 2457 1826 2490 excedat

1127 2539 1135 2563 1
1156 2536 1221 2563 Male
1237 2536 1302 2564 edit.
1317 2536 1396 2564 Main.
1413 2536 1477 2572 legit
1491 2545 1523 2563 ac
1538 2544 1586 2572 pro
1601 2537 1654 2563 hac
1667 2538 1703 2570 (R.
1721 2536 1771 2570 T.).

1123 2579 1139 2607 Ξ
1160 2581 1271 2607 Videtur
1289 2580 1432 2616 legendum
1451 2589 1508 2607 non
1526 2581 1593 2615 plus
1614 2580 1667 2608 uni
1684 2581 1722 2613 (n.
1739 2580 1788 2613 T.).

1124 2624 1140 2651 3
1155 2624 1254 2652 Forsan
1267 2625 1381 2653 racione
1396 2633 1445 2661 pro
1459 2626 1605 2653 vacatione
1615 2623 1721 2660 legend.
1733 2624 1823 2659 (R.'r.).

1759 222 1797 256 at
1847 231 1896 258 An.
1913 231 1940 258 c.
1963 233 2029 259 1662
