2247 3208
446 250 508 283 866
672 238 675 240 .
987 256 1084 279 BULLA
1090 255 1166 279 uiuat
1191 254 1343 278 Romnum

403 312 536 345 Ordines
563 309 700 353 religiosi
727 308 872 351 (reliqua
898 318 980 350 quae
1005 308 1056 339 liz'c
1080 317 1145 339 uon
1168 310 1374 339 recensemur
1399 306 1525 348 require
1549 306 1605 337 sub
1639 307 1729 339 verbo
1762 306 1939 350 Congrega-

489 365 591 397 tiones
617 361 785 405 religiosae
809 361 858 393 vel
882 362 938 393 sub
962 360 1056 393 tituto
1077 359 1242 404 proprio).

400 417 484 450 ttrdo
510 417 539 449 S.
566 415 692 448 Antonii
715 414 907 448 Viennensis
933 413 1170 447 canonicorum
1195 411 1405 455 regularium,
1432 410 1495 444 679
1516 422 1551 450 a,
1576 411 1755 444 Bonisaeius
1773 413 1838 445 Vlll
1865 423 1940 447 con-

487 469 586 502 cessit·
606 475 641 502 ut
667 468 810 511 regulam
837 467 937 500 sancti
962 465 1134 509 Augustini
1161 470 1333 505 servarent,
1357 470 1383 498 et
1412 464 1555 497 canonici
1581 465 1741 506 regulares
1766 465 1864 499 sancti
1881 469 1942 504 An-

487 522 567 556 tonii
595 521 782 554 Viennensis
807 525 1009 559 vocaremur,
1038 518 1104 553 679
1131 519 1164 557 113
1190 517 1276 560 quod
1301 518 1511 550 confirmatur
1535 528 1552 550 a
1577 517 1736 551 Clemente
1754 517 1805 558 lx,
1821 516 1886 550 680
1903 529 1940 557 α;

487 576 649 619 Eugenius
678 575 714 607 lV
740 573 872 607 indulsit
908 573 941 606 in
969 572 1103 606 ecclesia
1130 571 1318 604 monasterii
1344 570 1533 604 Viennensis
1563 571 1643 603 duos
1677 570 1940 614 poenitentiarios

487 639 522 662 ex
547 627 718 673 praedictis
743 627 914 668 canonicis,
939 626 1003 660 823
1029 626 1066 665 b;
1092 625 1234 658 Clemens
1259 624 1297 657 lX
1318 624 1359 657 ad
1385 631 1524 667 quatuor
1548 623 1701 664 extendit,
1727 623 1791 656 824
1815 623 1842 656 b.

402 703 443 709 --
468 683 501 716 S.
529 681 695 725 Augustini
721 680 950 714 canonicorum
974 678 1184 723 regularium,
1212 676 1275 711 598
1300 688 1336 716 ⁶13
1369 678 1528 721 viceprior
1551 684 1581 711 et
1604 677 1748 710 canonici
1781 677 1942 720 regulares

489 736 520 769 S.
546 734 686 778 Georgii,
713 733 1027 777 Gratianopolitanae
1052 731 1219 771 dioecesis,
1244 742 1260 763 a
1287 737 1376 774 parte
1401 732 1536 765 ducatus
1561 729 1751 771 Sabaudiae,
1769 729 1808 763 ad
1825 735 1943 763 statum

489 789 754 832 presbyterorum
778 786 971 820 secularium
997 785 1207 825 reducuntur,
1236 784 1298 818 599
1325 783 1353 816 b.

401 861 443 866 -
468 842 499 875 S.
534 841 703 884 Augustini
731 840 938 874 eremitarum
954 867 961 880 ,
988 839 1032 871 24
1056 850 1097 877 ας
1123 838 1248 871 decreta
1276 850 1293 871 a
1318 837 1456 880 generali
1486 837 1571 869 edita
1596 846 1653 881 pro
1678 836 1759 869 l'elici
1793 835 1945 879 regimine

497 900 673 928 conventus
706 900 737 927 ct
768 893 894 936 collegii
926 892 1053 926 maioris
1086 892 1263 935 nuncupati
1295 891 1431 924 civitatis
1464 890 1674 929 Parisiensis,
1702 895 1730 922 et
1763 901 1780 922 a
1805 890 1944 933 capitulo

488 949 628 992 generali
655 946 839 991 approbata,
863 946 956 986 ibid.;
982 946 1211 981 reformantur,
1236 943 1279 977 28
1304 954 1341 983 (τ’,
1366 943 1505 987 primum
1531 944 1708 983 decretum,
1731 943 1771 976 dc
1795 943 1880 976 cultu
1900 943 1946 976 di-

488 1002 579 1041 vino,
605 1001 698 1041 z'bz'd.;
731 1000 908 1034 secundum
933 1000 972 1033 de
997 998 1165 1042 disciplina
1195 1008 1231 1031 ac
1265 997 1418 1041 regimine
1447 1003 1642 1036 conventus,
1674 996 1717 1031 30
1748 1008 1788 1037 α’,
1815 996 1943 1030 tertium

490 1055 528 1088 de
553 1056 712 1094 clausura,
737 1054 914 1094 refectorio,
934 1053 1069 1096 aliisque
1093 1052 1242 1091 officinis,
1261 1051 1303 1085 36
1321 1051 1357 1091 b;
1383 1057 1532 1094 quartum
1557 1050 1595 1082 de
1620 1050 1831 1090 dormitoriis,
1848 1049 1889 1082 38
1906 1061 1946 1090 a3

492 1109 641 1152 quintum
668 1107 706 1140 de
731 1106 857 1148 studiis,
880 1106 922 1139 39
946 1116 983 1145 a,
1004 1105 1205 1139 confirmatio
1230 1105 1482 1148 privilegiorum,
1513 1103 1700 1147 gratiarum,
1726 1103 1944 1145 indulgentia—

494 1172 564 1194 rum
584 1162 714 1194 fratrum
737 1159 943 1194 eremitarum
962 1158 1062 1192 sancti
1082 1159 1169 1192 Pauli
1187 1158 1280 1201 primi
1299 1158 1451 1191 eremitae
1469 1157 1528 1190 sub
1546 1157 1656 1200 regula
1674 1156 1704 1190 S.
1725 1156 1894 1199 Augustini
1912 1157 1944 1189 in

491 1224 590 1257 regno
615 1213 837 1256 Portugalliae,
865 1212 906 1245 49
931 1213 966 1249 ἰν,
992 1213 1174 1244 referuntur
1198 1211 1395 1245 definitiones
1420 1211 1548 1255 capituli
1574 1210 1732 1253 generalis
1765 1211 1863 1243 tactae
1887 1221 1944 1254 pro

491 1267 741 1310 congregatione
765 1265 988 1300 Observantiae
1008 1263 1233 1304 Lonibartliae,
1253 1263 1317 1297 289
1335 1265 1370 1301 b:
1396 1264 1641 1304 confirmantur,
1659 1262 1724 1296 <295
1751 1263 1787 1303 (13
1813 1264 1848 1305 in
1873 1273 1946 1306 pro-

493 1319 594 1352 vincia
619 1318 649 1351 S.
675 1318 834 1352 Gullielmi
863 1318 1014 1350 Franciae
1039 1327 1109 1350 esse
1136 1324 1290 1361 perpetuo
1315 1316 1528 1350 admittendos
1540 1316 1651 1351 decem
1677 1316 1847 1359 magistros
1871 1327 1945 1349 cum

491 1372 665 1416 privilegiis
690 1371 768 1405 locis
794 1377 825 1404 et
849 1371 947 1411 vocis,
975 1370 1040 1404 416
1065 1370 1095 1410 b;
1121 1370 1257 1414 capitula
1283 1370 1360 1404 inita
1388 1370 1471 1404 inter
1496 1372 1608 1403 tratres
1634 1370 1728 1403 liuius
1753 1369 1878 1404 Ordinis
1895 1371 1948 1404 de-

492 1432 604 1470 gentes
628 1425 662 1458 in
687 1425 826 1468 hospitio
850 1423 897 1457 Ss.
926 1424 1076 1458 lldesonsi
1104 1430 1135 1457 et
1161 1424 1320 1458 Cuillelini
1353 1424 1392 1458 de
1426 1424 1510 1457 Urbe
1541 1431 1572 1457 et
1598 1426 1709 1457 fratres
1733 1423 1860 1457 Ordinis
1888 1423 1943 1457 SS.

491 1479 654 1512 Trinitatis
681 1478 913 1522 redemptionis
939 1477 1140 1521 captivorum
1168 1485 1341 1511 conventus
1358 1478 1388 1512 S.
1410 1478 1599 1511 Franciscae
1618 1479 1778 1511 Romanae
1795 1477 1834 1510 de
1852 1477 1947 1517 Urbe,

495 1532 561 1565 424
585 1542 605 1564 α
629 1538 658 1565 et
678 1542 758 1574 seq.·,
777 1531 1001 1564 convalidauu·
1019 1531 1197 1574 capitulum
1218 1532 1251 1564 in
1269 1531 1432 1574 provincia
1448 1532 1592 1564 Peruana
1609 1531 1817 1571 celebratum,
1836 1529 1896 1563 531
1918 1530 1947 1575 lg

497 1585 699 1619 confirmatio
724 1585 928 1627 decretorum
954 1595 1012 1628 pro
1038 1592 1198 1618 conventu
1223 1591 1254 1618 et
1277 1585 1413 1628 collegio
1439 1583 1550 1617 maiori
1576 1583 1759 1623 Parisiensi,
1785 1582 1850 1616 590
1873 1594 1893 1615 a.
1916 1589 1947 1617 et

493 1648 577 1681 xeq.;
603 1637 747 1671 officium
772 1643 803 1670 et
826 1637 922 1670 missa
946 1637 1172 1681 Conceptionis
1196 1638 1229 1673 B.
1248 1638 1286 1670 M.
1305 1638 1339 1670 V.
1359 1639 1397 1672 de
1414 1643 1587 1681 praecepto
1604 1637 1730 1670 recitari
1756 1636 1945 1679 iniungitur,

495 1691 644 1735 idemque
669 1690 814 1724 officium
841 1691 879 1724 ad
906 1702 1002 1725 usum
1028 1691 1104 1725 dicti
1131 1691 1260 1725 Ordinis
1285 1691 1419 1725 seorsim
1445 1690 1588 1734 imprimi
1624 1700 1714 1732 posse
1745 1689 1945 1729 conceditur,

493 1744 555 1777 597
590 1755 611 1778 a
635 1750 666 1778 et
688 1755 773 1788 ,νειμ
799 1744 923 1788 priores
956 1744 1138 1788 provinciae
1174 1744 1368 1779 peruntinae
1392 1743 1578 1787 suffragium
1614 1745 1646 1777 in
1682 1744 1845 1787 capitulis¹
1866 1745 1947 1777 serre

493 1799 608 1838 valent,
632 1797 696 1831 625
722 1809 753 1831 α.

405 1871 446 1875 -
471 1850 502 1884 S.
532 1850 636 1884 Basilii
661 1850 765 1894 Magni
791 1851 1019 1885 Monachorum
1046 1851 1281 1890 Rutlienorum‚
1308 1850 1372 1884 366
1397 1862 1435 1889 α’,
1461 1850 1578 1885 nuncio
1603 1850 1751 1884 Poloniae
1776 1850 1949 1883 committi-

493 1910 546 1937 tur
563 1909 598 1937 ut
615 1910 767 1938 convocet
791 1904 969 1948 capitulum
993 1905 1135 1947 ipsorum
1161 1915 1219 1948 pro
1243 1905 1325 1937 nova
1350 1904 1503 1937 electione
1527 1904 1650 1937 abbatis
1674 1905 1842 1947 generalis,
1869 1903 1948 1938 ibid.

406 1977 447 1981 —-
470 1957 501 1990 S.
530 1956 705 1990 Benedicti.
742 1957 928 2000 Superiores
961 1957 1220 2001 congregationis
1253 1957 1447 1991 Cassinensis
1483 1957 1608 1990 Ordinis
1641 1957 1672 1991 S.
1698 1957 1885 1999 Benedicti,
1911 1967 1949 1990 ac

493 2009 589 2043 etiam
615 2010 886 2044 monasteriorum
913 2011 1040 2044 Sublaci
1063 2021 1099 2044 ac
1131 2011 1242 2044 Farl'ae
1258 2038 1265 2050 ‚
1294 2010 1457 2054 ceterique
1489 2011 1637 2044 monaehi
1662 2021 1701 2044 ne
1738 2012 1870 2044 Romam
1897 2021 1949 2054 pc-

494 2070 561 2097 tant
583 2064 650 2097 sine
681 2065 809 2098 licentia
834 2065 867 2097 in
892 2065 1017 2109 scriptis
1042 2076 1059 2097 a
1091 2065 1276 2100 reverendis
1310 2066 1454 2108 patribus
1478 2065 1591 2098 abbate
1619 2065 1651 2098 S.
1680 2065 1769 2098 Pauli
1797 2064 1837 2097 de
1865 2063 1948 2098 Urbe

494 2123 524 2151 et
547 2123 750 2161 procuratore
767 2119 904 2162 generali
930 2119 962 2151 in
983 2119 1083 2159 curia,
1104 2119 1147 2152 64
1171 2131 1208 2159 α;
1241 2120 1319 2153 item
1344 2129 1383 2152 ne
1409 2120 1530 2152 Romae
1547 2120 1697 2161 degentes
1722 2124 1947 2161 praeterquam

494 2170 525 2203 in
550 2171 745 2204 monasterio
770 2171 801 2205 S.
827 2171 947 2205 Callisti
979 2179 1232 2213 commorentur,
1260 2173 1361 2213 2·l1i(l.;
1397 2173 1546 2207 associati
1572 2179 1601 2206 et
1625 2172 1775 2218 cucullati
1810 2182 1867 2216 per
1891 2171 1948 2205 Ur-

493 2225 566 2257 bem
591 2224 750 2266 incedant,
778 2224 821 2257 64
844 2225 861 2257 b
886 2231 916 2258 et
940 2225 982 2259 65
1007 2235 1044 2265 av,
1068 2226 1256 2259 conceditur
1287 2226 1418 2260 facultas
1447 2226 1606 2260 alienandi
1631 2225 1758 2259 stabilia
1783 2235 1883 2268 usquc
1907 2224 1946 2258 ad
1995 2263 2000 2266 ,

494 2288 652 2310 summam
689 2277 854 2312 definitam
887 2289 945 2322 pro
981 2279 1174 2312 extinctione
1210 2279 1293 2312 aeris
1330 2279 1451 2320 alieni,
1486 2279 1544 2312 37¹1
1580 2291 1598 2312 a
1631 2285 1661 2313 et
1693 2289 1774 2322 seq.;
1814 2277 1884 2312 laici
1917 2284 1948 2312 et

496 2330 658 2363 commissi
695 2332 957 2375 congregationis
982 2332 1031 2365 Ss.
1058 2332 1161 2366 Vitoni
1192 2339 1223 2366 et
1254 2332 1405 2376 llidulphi
1439 2333 1582 2367 emittant
1608 2333 1669 2366 tria
1696 2339 1767 2366 vota
1792 2331 1948 2376 simplicia

495 2384 648 2416 servanda
684 2384 787 2418 donee
823 2384 854 2417 in
889 2385 1137 2429 congregatione
1177 2385 1434 2429 permanserint,
1476 2384 1540 2418 465
1574 2385 1612 2425 (13
1646 2396 1663 2417 a
1700 2385 1948 2429 congregatione

495 2436 618 2479 expelli,
643 2447 706 2470 non
731 2444 836 2471 autem
863 2439 1042 2471 voluntarie
1067 2438 1233 2472 discedere
1258 2444 1404 2482 possunt,
1430 2438 1495 2472 466
1523 2449 1563 2478 (ι’,
1594 2438 1770 2472 Alexander
1798 2437 1849 2471 Vll
1875 2438 1947 2471 uni-

496 2489 535 2522 vit
563 2490 825 2532 congregationes
858 2493 1090 2526 monacliorum
1125 2491 1393 2525 Vallisumbrosae
1433 2498 1464 2525 et
1497 2492 1758 2526 Silvestrinorum
1779 2520 1786 2533 ,
1817 2490 1879 2524 587
1905 2503 1948 2533 a;

498 2542 642 2576 Clemens
661 2543 697 2575 tx
718 2551 844 2578 revocat
869 2545 1034 2585 unionem,
1061 2546 1125 2579 588
1151 2546 1184 2587 I);
1210 2546 1414 2580 definitiones
1438 2546 1567 2590 capituli
1594 2546 1752 2590 generalis
1777 2544 1861 2578 circa
1885 2545 1948 2579 ele-

494 2595 617 2629 ctiones
642 2596 848 2631 intermedias
873 2598 911 2630 ad
937 2598 1080 2632 abbatias
1106 2600 1307 2640 reseruntur,
1341 2597 1405 2632 612
1434 2599 1451 2630 b
1476 2605 1507 2633 et
1530 2609 1605 2642 seq.;
1631 2605 1661 2632 et
1691 2597 1946 2637 confirmantur,

497 2648 561 2682 613
585 2649 612 2684 ὂ,
