2247 3208
150 240 202 267 An.
220 240 247 266 c.
271 239 337 266 4065
383 227 446 262 3302

182 670 255 688 Annii-t
282 667 333 687 Pon-

152 696 200 714 tifex
218 697 239 714 ut
261 700 280 714 in
303 700 335 713 ru-

152 721 219 741 ῙνΓιιῚὶ.

179 2351 261 2371 Poenas*
273 2352 344 2370 contra

162 2378 315 2398 inobedientes

348 287 517 327 maiusque
532 281 720 315 scandalum
743 279 912 318 inducunt,
928 288 991 320 quo
1009 287 1082 309 eae—

348 341 419 372 dem
446 341 607 381 personae
633 332 838 377 perfectioris
862 331 945 364 vitae
966 330 1080 363 studiis

346 391 552 426 incumbere,
589 388 779 428 bonumque
817 384 864 416 sui
900 383 1081 425 exemplum

346 443 458 476 ceteris
484 441 641 485 praehere
668 438 796 471 arctiori
818 447 892 469 suae
910 435 1083 480 professio-

346 497 394 528 nis
422 496 549 528 vinculo
570 494 777 535 obligantur,
797 491 869 524 ideo
889 490 991 522 dictus
1008 488 1083 521 Phi-

346 550 454 591 lippus
491 558 545 580 rex
583 551 805 589 opportunum
829 544 861 575 in
894 541 1081 586 praemissis

346 601 523 633 rvmtwlium
558 610 573 631 a
610 598 703 631 nobis
735 596 885 630 adhiberi
910 595 1080 639 plurimum

347 653 524 685 desideret:
551 658 622 691 nos,
641 651 838 694 praeclarum
863 654 895 681 et
919 647 1081 680 catholico

347 717 422 748 rege
449 705 677 748 dignissimum
702 703 846 735 eiusdem
875 700 1017 743 Philippi
1034 710 1082 732 re-

347 759 393 801 gis
419 760 521 791 zelum
546 767 744 800 magnopere
770 756 801 788 in
826 754 963 787 Domino
996 763 1082 786 com-

346 813 548 851 mendantes,
576 811 702 854 piisque
728 809 797 842 eius
812 807 893 841 votis
909 812 941 840 et
957 806 1082 850 suppli-

345 864 528 897 cationibus
564 864 658 896 nobis
684 872 785 906 super
818 862 881 894 hoc
913 859 1083 892 humiliter

345 917 520 960 porrectis,
540 921 696 958 quantum
722 915 815 949 uobis
845 924 881 946 ex
907 914 972 946 alto
1004 922 1083 944 con-

345 970 482 1010 ceditur,
503 968 722 1001 favorabiliter
739 977 880 1000 annuere
899 966 1080 1009 cupientes,

348 1022 386 1054 de
412 1021 642 1054 venerabilium
662 1022 791 1052 fratrum
813 1024 993 1052 nostrorum
1016 1028 1082 1050 san-

347 1080 414 1107 ctae
439 1075 599 1107 Romanae
613 1074 771 1106 Ecclesiae
797 1071 1010 1106 cardinalium
1028 1081 1084 1103 ne-

348 1128 441 1169 gotiis
473 1133 504 1160 et
540 1126 826 1159 consultationibus
859 1124 1083 1168 episcoporum

348 1186 377 1213 et
410 1180 603 1222 regularium
638 1178 892 1222 praepositorum
925 1177 1080 1217 consilio,

348 1244 405 1276 pro
431 1233 678 1265 conservatione
704 1237 736 1265 et
759 1232 961 1264 incremento
992 1240 1084 1273 regu-

349 1286 423 1318 laris
449 1286 639 1329 discipliuae
665 1296 701 1317 ac
726 1284 823 1317 divini
849 1283 1016 1326 obsequii,
1051 1283 1083 1316 in

349 1339 499 1381 praefatis
524 1338 729 1370 monasteriis
755 1337 944 1369 monialium
962 1337 994 1368 in
1014 1336 1085 1368 uni-

348 1392 446 1424 versis
474 1391 583 1433 regnis
610 1396 638 1422 et
672 1390 823 1423 dominiis
859 1389 1084 1433 Hispaniarum

350 1443 534 1475 huiusmodi
546 1443 808 1483 consistentibus,
822 1443 881 1475 hac
894 1444 1004 1475 nostra
1018 1453 1086 1486 per-

349 1503 447 1540 petuo
462 1497 597 1529 valitura
612 1496 854 1535 constitutione,
874 1506 913 1528 ne
931 1495 1084 1539 deinceps

350 1551 435 1582 ullus
461 1549 634 1592 religiosus
659 1548 797 1581 clericus
821 1549 871 1581 vel
896 1548 1010 1588 laicus,
1033 1559 1086 1581 cu-

351 1602 539 1645 iuscumque
566 1606 679 1642 status,
707 1602 840 1644 gradus,
868 1601 1029 1644 qualitatis
1054 1606 1087 1634 et

351 1656 546 1688 conditionis
572 1655 695 1695 existat,
711 1655 749 1687 ad
765 1655 883 1694 ianuas,
909 1659 1006 1695 rotas,
1021 1665 1088 1687 cra-

352 1714 398 1741 tes
425 1719 480 1741 seu
506 1708 717 1742 collocutoria
742 1708 899 1740 dictorum
928 1713 1089 1741 monaste-

352 1762 475 1793 riorum
510 1772 581 1793 cum
617 1761 745 1793 illorum
778 1760 994 1800 monialibus,
1022 1766 1087 1793 tam

352 1814 506 1856 professis
532 1824 627 1856 quam
653 1813 800 1854 novitiis,
824 1813 873 1846 vel
898 1812 1087 1846 mulieribus

353 1878 408 1899 scu
442 1867 559 1909 puellis
593 1866 790 1899 secularibus
823 1866 942 1898 ibidem
974 1866 1089 1899 educa-

353 1920 450 1952 tionis
476 1922 571 1952 rausa
597 1920 635 1952 de
661 1920 751 1952 Sedis
769 1919 972 1962 Apostolicae
991 1919 1090 1951 licen-

353 1973 394 2004 tia
420 1973 623 2015 degentibus,
651 1977 706 2006 aut
730 1983 841 2005 earum
867 1972 1002 2012 ancillis,
1028 1978 1091 2004 tra-

353 2031 438 2057 ctare
464 2026 514 2058 vel
539 2025 793 2065 comt'nunicare,
813 2035 871 2058 seu
893 2035 945 2057 eas
962 2025 1090 2058 visitare

354 2083 406 2109 aut
432 2078 552 2120 alloqui
579 2078 827 2121 (praeterquam
853 2089 889 2111 ex
916 2080 1012 2110 causa
1035 2088 1092 2110 ne—

354 2130 499 2169 cessaria,
526 2130 608 2163 iusta
633 2141 689 2162 seu
706 2130 863 2173 legitima)
882 2131 997 2163 audeat
1017 2140 1092 2173 quo-

353 2183 399 2214 vis
416 2184 510 2215 modo
527 2184 575 2215 vel
595 2188 789 2226 praesumat,
809 2183 998 2216 auctoritate
1016 2193 1094 2226 apo-

356 2235 469 2267 stolica
496 2235 637 2268 districte
663 2235 875 2278 probibemus
907 2240 939 2267 et
962 2235 1094 2268 interdi-

357 2289 471 2320 cimus.

401 2340 460 2383 5⁶2.
476 2340 523 2380 Et,
543 2341 581 2372 ad
606 2341 843 2373 occurrendum
864 2339 1095 2373 inconvenien-

359 2393 442 2425 tibus
462 2403 544 2435 quae
570 2403 605 2425 ex
632 2393 789 2425 eiusmodi
807 2393 1042 2426 visitationibus
1064 2397 1096 2425 et

359 2446 611 2479 allocutionibus
629 2445 817 2478 monialium
841 2446 920 2478 oriri
946 2451 1093 2488 possent,

360 2499 509 2531 omnibus
527 2504 558 2531 et
575 2498 831 2541 quibuscumque
857 2499 1012 2541 praelatis
1029 2508 1096 2531 mo—

360 2550 575 2583 nasteriorum
589 2549 778 2582 monialium
798 2550 829 2582 in
853 2550 973 2582 eisdem
988 2550 1097 2592 Hispa-

361 2605 487 2637 niarum
512 2602 619 2645 regnis
645 2608 675 2635 ct
706 2602 854 2634 dominiis
880 2602 1095 2643 existentium,

921 229 1100 253 BULLARIUM
1123 227 1275 252 ROMANUM

1124 277 1332 319 ipsorumque
1367 276 1637 310 monasteriorum
1666 276 1858 321 superioris-

1124 329 1166 361 sis
1191 339 1393 372 quocumque
1418 329 1549 362 nomine
1575 330 1779 374 nuncupatis,
1805 341 1858 364 ro-

1124 382 1231 422 tariis,
1258 381 1477 422 ianitricibus,
1504 382 1702 423 sacristanis,
1728 394 1764 416 ac
1788 395 1859 417 mo-

1124 434 1264 467 nialibus
1290 440 1322 467 et
1347 435 1473 467 ancillis
1499 436 1683 469 earumdem
1706 447 1859 480 praesen-

1126 486 1210 519 tibus
1236 492 1268 520 et
1292 487 1421 528 suturis,
1448 487 1641 531 illorumque
1668 493 1700 521 et
1730 489 1859 522 illarum

1124 541 1258 583 singulis
1283 540 1315 572 in
1340 540 1495 582 solidum,
1525 540 1558 573 in
1589 540 1705 574 virtute
1729 546 1859 575 sanctae

1123 593 1347 634 obedientiae,
1373 604 1409 626 ac
1433 594 1491 627 sub
1523 594 1860 628 excommunicationis

1123 646 1254 679 maioris
1278 648 1361 680 latae
1387 647 1577 688 sententiae,
1602 657 1731 681 necnon
1755 648 1860 691 priva-

1124 699 1221 732 tionis
1244 700 1330 732 vocis
1355 700 1476 733 activae
1500 706 1531 733 et
1554 701 1713 744 passivae,
1740 706 1772 733 et
1794 701 1861 734 offi-

1124 751 1244 784 ciorum
1268 757 1328 796 per
1352 762 1407 786 eos
1444 757 1476 785 et
1511 763 1565 785 eas
1595 753 1774 796 respective
1804 753 1861 786 ob-

1126 809 1287 837 tentorum
1311 805 1424 848 poenis
1448 806 1519 849 ipso
1545 806 1626 838 facto
1647 806 1860 847 incurrendis,

1125 857 1266 890 districte
1280 858 1403 901 pariter
1412 859 1643 902 praecipiendo
1654 859 1859 901 iniungimus,

1124 915 1167 949 ut,
1185 910 1290 943 statim
1316 916 1411 954 atque
1436 922 1590 955 praesens
1609 912 1795 945 constitutio
1815 912 1861 945 eis

1126 963 1270 996 intimata
1295 964 1404 1005 fuerit,
1431 976 1487 998 seu
1512 965 1551 997 ad
1576 965 1706 1000 illorum
1731 970 1763 998 et
1790 965 1860 998 illa-

1125 1027 1195 1048 rum
1220 1017 1368 1049 notitiam
1393 1017 1588 1060 pervenerit,
1613 1023 1748 1050 caveant
1764 1028 1862 1051 unus-

1126 1069 1261 1112 quisque
1288 1074 1320 1102 et
1343 1080 1555 1113 unaquaeque
1581 1070 1713 1103 illorum
1737 1075 1769 1103 et
1792 1070 1862 1103 illa-

1126 1132 1196 1154 rum
1222 1123 1413 1165 respective,
1438 1128 1535 1166 prout
1560 1123 1599 1156 ad
1624 1133 1657 1156 se
1683 1123 1860 1166 spectabit,

1127 1186 1166 1208 ne
1187 1175 1344 1208 eiusmodi
1366 1175 1564 1209 visitationes
1581 1176 1639 1208 sub
1658 1185 1862 1219 quocumque

1126 1233 1316 1271 praetextu,
1342 1230 1449 1261 colore
1474 1229 1524 1261 vel
1550 1231 1648 1261 causa
1672 1229 1712 1262 ad
1736 1229 1859 1270 ianuas,

1126 1285 1220 1321 rotas,
1247 1286 1350 1313 crates
1368 1282 1417 1314 vel
1435 1282 1654 1321 collocutoria,
1682 1292 1737 1314 seu
1751 1282 1784 1314 in
1801 1281 1864 1315 alia

1127 1343 1327 1376 quacumque
1352 1339 1444 1377 parte
1464 1335 1739 1367 monasteriorum
1756 1334 1864 1367 huius-

1127 1387 1221 1426 modi,
1241 1397 1258 1419 a
1279 1387 1440 1430 quibusvis
1457 1388 1659 1429 regularibus
1673 1387 1797 1420 clericis
1816 1387 1863 1420 vel

1128 1439 1326 1471 secularibus
1341 1439 1505 1482 recipiant,
1521 1449 1600 1472 neve
1615 1439 1688 1472 illos
1701 1440 1865 1482 alloquan-

1128 1498 1189 1532 tur,
1207 1497 1260 1524 aut
1280 1502 1336 1525 eos
1360 1493 1560 1536 alloquendi,
1577 1503 1633 1525 seu
1655 1504 1725 1525 cum
1741 1493 1787 1525 eis
1801 1498 1866 1525 tra-

1109 1550 1111 1552 ’
1128 1545 1246 1585 ctandi,
1265 1556 1444 1588 eorumque
1466 1545 1667 1578 visitationes
1685 1546 1865 1589 cxcipiendi

1128 1600 1223 1630 causa
1247 1608 1317 1630 sese
1343 1598 1382 1630 ad
1407 1597 1530 1638 ianuas,
1557 1603 1654 1638 rotas,
1671 1603 1787 1637 crates,
1807 1608 1865 1630 seu

1130 1650 1350 1691 collocutoria,
1376 1651 1512 1684 aliamve
1539 1650 1717 1694 quamlibet
1739 1656 1866 1694 partem

1130 1704 1398 1737 monasteriorum
1417 1704 1600 1737 huiusmodi
1619 1704 1796 1744 conferant,
1809 1714 1869 1736 nec

1130 1757 1328 1791 visitationes
1354 1768 1412 1790 seu
1437 1758 1650 1791 allocutiones
1679 1756 1867 1790 huiusmodi

1131 1810 1281 1854 cuiquam
1313 1810 1408 1843 tacite
1439 1812 1490 1843 vel
1523 1821 1674 1854 expresse
1707 1815 1760 1843 aut
1791 1809 1868 1843 alias

1132 1862 1375 1906 quomodolibet
1407 1863 1615 1907 permittant,
1649 1863 1790 1907 exceptis
1823 1867 1870 1895 ta-

1132 1927 1205 1949 mcn
1238 1917 1457 1959 genitoribus,
1482 1917 1654 1958 fratribus,
1680 1927 1716 1949 ac
1746 1915 1870 1960 patruis

1133 1974 1164 2001 et
1183 1970 1345 2002 avunculis
1369 1970 1512 2013 ipsarum
1537 1969 1736 2009 monialium,
1755 1969 1870 2012 quibus

1133 2022 1243 2055 licebit
1266 2033 1337 2055 suas
1361 2022 1538 2065 respective
1564 2028 1667 2062 natas,
1687 2032 1816 2055 sorores
1841 2025 1872 2053 et

1133 2079 1247 2117 neptes
1271 2075 1429 2107 moniales
1448 2075 1481 2107 in
1498 2074 1726 2113 collocutoriis,
1750 2078 1781 2106 et
1807 2083 1871 2106 non

1134 2127 1230 2168 alibi,
1253 2128 1291 2160 de
1322 2127 1453 2160 licentia
1484 2127 1715 2170 superiorissae
1741 2127 1872 2160 visitare

1135 2185 1167 2212 et
1189 2180 1319 2223 alloqui,
1338 2190 1404 2212 non
1429 2185 1535 2212 tamen
1550 2180 1583 2212 in
1597 2180 1736 2212 adventu
1750 2185 1781 2212 et
1798 2189 1874 2222 qua-

1136 2232 1339 2274 dragesima,
1374 2232 1487 2276 quibus
1523 2232 1722 2275 temporibus
1746 2242 1785 2264 ne
1810 2231 1874 2265 illis

1136 2285 1268 2328 quidem
1293 2285 1477 2318 huiusmodi
1502 2285 1641 2318 visitatio
1667 2296 1722 2318 seu
1755 2286 1876 2318 allocu-

1138 2338 1182 2370 tio
1208 2338 1422 2381 permittatur.

1181 2392 1195 2434 §
1213 2391 1244 2424 3.
1262 2390 1339 2429 Quia
1353 2401 1428 2423 vero
1444 2390 1476 2422 in
1492 2390 1651 2433 aliquibus
1666 2388 2071 2443 monasoerm'utAiii³niti³ftssZ⁰⁵²

1138 2454 1208 2476 rum
1230 2444 1451 2487 praefatorum
1473 2448 1576 2476 crates
1590 2441 1876 2475 collocutoriorum

1140 2507 1174 2528 ex
1199 2498 1282 2529 mala
1299 2496 1540 2529 introductione
1558 2495 1601 2528 ita
1618 2496 1707 2527 laxae
1732 2499 1763 2527 et
1782 2505 1876 2538 aper-

1140 2554 1190 2582 tae
1208 2554 1290 2588 sunt,
1309 2554 1344 2580 ut
1366 2560 1424 2592 per
1441 2558 1551 2581 earum
1569 2546 1726 2579 foramina
1743 2547 1877 2579 brachia

1140 2602 1263 2644 porrigi
1283 2607 1314 2634 et
1332 2612 1444 2633 manus
1465 2600 1618 2642 utrinque
1634 2599 1784 2642 coniungi
1802 2609 1877 2643 pos-

1860 227 1912 254 An.
1932 226 1963 254 C.
1980 226 2049 255 1605
