2247 3208
227 181 276 207 An.
293 181 321 208 C.
344 184 410 211 ¹662

460 176 523 208 §lto

422 232 521 264 Iluius
548 238 653 264 autem
681 232 782 264 nostri
817 233 939 264 decreti
965 233 1155 275 exequutio—

421 296 494 317 nem
526 285 791 317 commemlamus
827 289 858 315 et
890 284 1079 317 ordinamus
1106 296 1154 318 rc-

419 336 656 369 verendissimo
682 336 856 369 admodum
882 337 1073 379 provinciali
1094 348 1152 380 pro

419 396 564 431 tenuiore
585 389 734 421 existenti
753 391 812 422 sub
838 393 943 432 poena
961 390 1152 432 suspensio-

392 457 396 461 >
418 442 467 473 nis
492 441 531 473 ab
557 441 663 474 officio
688 442 865 484 infligenda
886 447 949 475 tam
968 443 1030 485 ipsi
1056 454 1150 486 quam

416 493 580 536 prioribus
618 494 672 536 qui
710 499 813 526 taxam
846 505 905 538 pro
939 495 1051 528 debito
1086 495 1149 528 isto

416 546 636 587 extinguendo
673 547 852 580 taciendam
883 549 1072 590 persolvere
1100 559 1147 580 re-

416 604 569 631 nuerunt.
608 599 652 631 De
691 603 803 632 cetero
844 601 1083 643 swaeripienms
1116 607 1150 633 ut

414 650 542 683 articuli
577 656 770 683 statutorum
797 653 835 685 dc
861 653 958 685 brusa
983 653 1148 686 conn'nuni

415 703 624 746 exequutioni
651 704 900 737 demandentur.

457 766 524 788 vu1.
554 755 593 787 Ut
618 756 769 788 omnibus
791 757 915 796 litibus,
935 758 1147 791 dissensioni—

412 806 470 837 bus
497 816 531 837 ac
558 806 803 846 controversiis,
835 817 916 849 quae
945 807 1146 840 carissimam

414 859 496 891 hanc
521 859 736 901 provinciam,
755 871 771 892 a
797 870 860 902 qna
882 861 1070 893 reformatio
1089 862 1147 893 ‹clu-

414 911 457 943 xit
482 911 673 951 exordium,
699 913 738 944 ab
764 913 856 945 annis
890 913 1015 956 aliquot
1039 914 1147 947 turba-

411 968 550 1002 verunt,
577 962 674 996 finem
698 975 735 996 ac
758 971 954 1007 perpetuum
979 965 1145 998 silentium

410 1016 632 1058 imponamus,
660 1026 761 1059 eaque
781 1017 921 1056 omnino,
941 1017 1006 1050 imo
1033 1027 1145 1051 eorum

410 1068 614 1107 memoriam,
636 1074 793 1111 quantum
819 1070 850 1101 in
877 1071 970 1102 nobis
989 1076 1048 1111 est,
1071 1072 1147 1104 abo-

410 1121 557 1160 leamus3
585 1122 779 1154 auctoritate
805 1125 935 1162 nostra,
966 1128 1033 1155 tum
1058 1124 1146 1156 ordi-

409 1174 501 1206 naria
519 1179 587 1206 tum
603 1175 737 1217 speciali
753 1186 770 1207 a
787 1176 994 1208 sanctissin‘io
1012 1177 1145 1210 domino

409 1233 523 1259 nostro
542 1228 726 1260 Alexandro
744 1228 806 1260 Vllt
833 1239 892 1271 pro
918 1230 974 1261 sua
999 1230 1146 1271 benigni-

409 1284 475 1312 tate
499 1281 594 1312 nobis
618 1280 806 1323 specialiter
830 1282 995 1321 attributa,
1010 1283 1145 1315 remitti-

408 1342 479 1365 mus
506 1333 656 1365 omnibus
686 1344 800 1365 omnes
837 1334 971 1367 omnino
996 1345 1118 1378 poenas
1135 1362 1142 1375 ‚

410 1395 488 1428 quas
521 1385 680 1417 dictarum
718 1385 823 1418 litium
848 1391 880 1418 et
904 1388 1145 1420 controversia-

409 1448 481 1469 rum
507 1438 679 1470 occasione
710 1449 766 1471 eos
786 1438 962 1471 incurrisse
988 1440 1145 1483 contigis-

409 1495 469 1522 set.
497 1490 651 1523 Volumus
689 1491 787 1523 etiam
823 1496 858 1523 ut
889 1502 1002 1524 omnes
1040 1492 1142 1526 libelli

409 1543 494 1575 cirea
520 1543 603 1575 hane
635 1543 806 1576 materiam
838 1545 979 1587 evulgati
1010 1546 1142 1588 penitus

408 1595 661 1638 supponantur¹3
679 1600 784 1639 atque,
801 1601 835 1628 ut
849 1597 881 1628 in
895 1603 1065 1640 posterum
1080 1609 1144 1631 om-

408 1658 465 1680 nes
490 1648 686 1680 tu‘tanimiter
711 1649 862 1682 laborent
886 1660 946 1692 pro
977 1649 1142 1684 afferendo

409 1700 441 1732 in
466 1701 630 1743 integrum
664 1702 791 1734 bonore
824 1707 939 1735 mutuo
971 1714 1032 1746 per
1062 1704 1141 1736 istas

408 1753 482 1785 lites
508 1753 688 1795 imminuto,
714 1755 906 1787 mandamus
933 1756 1091 1796 districte,
1109 1757 1141 1789 in

407 1805 526 1838 virtute
541 1812 671 1839 sanetae
685 1807 891 1840 obedientiae
911 1813 941 1840 ct
959 1809 1018 1841 sub
1034 1812 1142 1852 poena

407 1859 598 1901 privationis
613 1859 784 1903 utriusque
801 1861 903 1900 veris,
919 1862 1072 1894 omnibus
1087 1873 1142 1895 no-

408 1910 483 1942 stris
503 1911 728 1952 interioribus,
750 1923 790 1945 ne
813 1913 883 1955 quis
901 1914 1050 1946 alterutri
1068 1925 1142 1957 par-

408 1963 487 1995 tium
521 1970 576 1996 aut
605 1965 753 1997 alterutri
778 1965 965 2008 partialium
983 1994 990 2007 ,
1018 1967 1140 1999 directe

407 2017 457 2048 vel
482 2016 653 2056 indirecte,
671 2018 772 2050 verbo
790 2020 839 2050 vel
858 2019 989 2061 scripto,
1008 2019 1140 2062 quidam

408 2069 447 2101 de
472 2070 660 2111 praeteritis
683 2071 863 2113 exprobare
895 2073 1023 2105 audeat.
1046 2073 1141 2105 Prac-

407 2121 566 2163 cipicntes
593 2123 826 2165 superioribus,
846 2129 877 2156 et
903 2125 1040 2158 maxime
1065 2137 1141 2168 pro-

406 2173 535 2206 vinciali
561 2185 620 2216 per
653 2180 780 2217 tempus
818 2177 991 2217 existenti,
1018 2183 1053 2210 ut
1077 2178 1140 2210 hoo

406 2231 554 2258 nostrum
582 2227 744 2268 generalis
770 2228 940 2262 amnis'tiae
972 2230 1139 2262 decretum

406 2278 639 2311 inviolabiliter
664 2281 838 2313 observent
856 2287 888 2313 et
905 2282 1072 2315 observari
1086 2294 1140 2315 cu-

406 2336 505 2370 rent;
538 2331 570 2363 in
607 2343 671 2374 quo
703 2343 815 2365 eorum
846 2335 1082 2367 conscientiam
1107 2336 1138 2367 in

407 2383 458 2416 die
484 2384 610 2416 Domini
637 2395 823 2426 oneramus,
848 2387 944 2419 etiam
965 2388 1139 2420 anatliema

407 2441 439 2470 et
463 2436 728 2469 maledictionem
753 2438 808 2470 Dei
834 2440 1049 2482 adprecantes
1074 2440 1138 2472 illis

443 2507 452 2532 1
478 2506 586 2532 Videtur
600 2507 743 2541 legendum
762 2509 986 2542 supprimantur
1005 2518 1053 2545 pro
1072 2519 1139 2545 sup-

400 2554 552 2589 ponantur
567 2554 603 2586 (R.
621 2552 668 2585 T.).

1002 187 1179 209 nL'LLAtuL'M
1205 187 1354 210 ROMANL'M

1199 233 1361 273 omnibns,
1390 234 1444 276 qui
1469 234 1619 273 scienter,
1642 235 1754 277 ‹piovis
1781 236 1929 278 quaesito

1196 291 1392 328 praetextu,
1416 285 1490 317 huic
1514 292 1626 319 nostro
1651 288 1822 329 mandato,
1846 289 1928 320 adeo

1195 338 1381 370 necessario
1398 338 1468 381 paci
1484 338 1707 379 stabiliendae,
1727 341 1927 383 reparanda(-

1195 390 1422 422 observantiae
1447 391 1601 432 regulari,
1622 397 1654 423 et
1671 392 1819 434 publicae
1841 394 1928 425 aedi—

1194 440 1335 474 ficationi
1350 443 1604 484 promovendae,
1616 445 1843 477 contravenire
1859 445 1924 478 ausi

1194 494 1324 527 suerint.

1237 558 1276 580 ix.
1305 547 1344 580 Ut
1368 553 1477 580 autem
1503 548 1626 581 t'aeilins
1652 549 1778 591 possint
1796 551 1924 583 misceri

1191 599 1277 631 inter
1301 610 1335 631 se
1361 600 1506 642 religiosi
1523 627 1530 640 ‚
1556 601 1666 643 sicque
1692 601 1790 633 animi
1818 604 1926 635 coale-

1191 662 1283 685 scere
1318 658 1350 685 et
1379 653 1607 693 reconciliari,
1633 654 1805 686 statuimus
1835 660 1869 686 ut
1893 655 1924 687 in

1190 710 1356 747 posterum
1380 706 1444 737 sint
1468 716 1599 748 semper
1623 706 1655 738 in
1681 706 1848 738 Britannia
1869 718 1923 739 sax

1191 757 1315 799 priores
1340 769 1405 790 non
1431 758 1593 797 Britones,
1618 764 1649 790 et
1665 769 1719 791 sex
1738 769 1867 801 quoquc
1887 770 1923 791 ex

1190 810 1355 842 Britannia
1371 811 1434 843 sint
1456 811 1583 853 priores
1603 816 1691 843 extra
1710 811 1922 851 Britanniam,

1190 873 1244 894 sex
1271 874 1346 895 vero
1372 863 1425 896 alii
1451 868 1631 896 conventus
1656 863 1831 896 cuiuslibet
1850 875 1925 907 par-

1191 915 1228 947 tis
1252 926 1311 957 per
1338 921 1465 948 turnum
1491 922 1523 948 et
1542 916 1758 949 successivam
1777 917 1923 949 mutatio-

1189 977 1262 1000 nem
1284 968 1553 1000 administrentur
1577 969 1797 1011 subsequente
1825 969 1924 1001 trien-

1188 1020 1242 1052 nio
1267 1031 1285 1052 a
1310 1020 1495 1053 Britonibus
1514 1026 1545 1052 et
1562 1031 1628 1053 non
1649 1021 1849 1053 Britonibus.
1866 1021 1923 1054 Hie

1188 1079 1295 1105 autem
1322 1077 1370 1105 est
1390 1077 1609 1105 conventuum
1627 1074 1721 1113 ordo,
1744 1074 1922 1106 secundnm

1189 1124 1397 1166 dignitatem:
1424 1124 1610 1157 Britonibus
1631 1125 1838 1167 assignantur
1862 1136 1923 1168 pro

1190 1177 1331 1210 triennio
1356 1177 1505 1220 proximo
1523 1182 1703 1209 conventus
1724 1177 1924 1210 Rliedonen-

1187 1230 1244 1270 sis,
1271 1231 1525 1273 Andegavensis,
1551 1230 1582 1263 S.
1611 1231 1735 1270 Annae,
1756 1230 1924 1263 Pictaven-

1188 1281 1248 1322 sis,
1274 1283 1524 1316 Ploermelensis
1541 1309 1548 1323 ‚
1575 1283 1802 1325 Rupellensis,
1826 1283 1923 1316 Iulio-

1188 1334 1343 1367 donensis
1360 1361 1367 1375 ‚
1399 1334 1559 1367 Donidoni
1574 1361 1581 1374 ‚
1611 1335 1897 1368 IIennebontensis
1913 1362 1921 1375 ,

1187 1388 1374 1427 Aulnensis‚
1399 1387 1638 1427 losselinensis,
1658 1398 1694 1420 ac
1719 1387 1750 1420 S.
1771 1388 1920 1430 Iosephi:

1186 1451 1246 1483 pro
1271 1452 1337 1474 non
1363 1441 1559 1481 Britonibus,
1586 1441 1797 1482 Parisiensis,
1822 1441 1924 1475 Turo-

1186 1495 1308 1534 nensis,
1327 1493 1555 1533 Nannctensis,
1573 1493 1821 1534 Auritianensis,
1843 1494 1923 1526 Pau-

1186 1547 1384 1590 lopolensis,
1410 1546 1519 1578 Pontis
1546 1546 1700 1586 Abbatis‚
1726 1546 1920 1587 Flexiensis,

1185 1600 1346 1639 Dolensis,
1363 1599 1597 1640 Quindnensis,
1616 1599 1818 1639 vivonensis,
1833 1600 1923 1633 Flos-

1185 1653 1372 1685 seleriensis
1399 1646 1431 1685 et
1454 1651 1695 1685 Guildonensis.
1722 1652 1811 1690 Quod
1833 1653 1859 1685 si
1878 1653 1923 1686 su-

1186 1711 1293 1738 turum
1319 1705 1361 1737 sit
1381 1705 1557 1748 aliquando
1575 1706 1680 1747 impar
1700 1711 1922 1738 conventuum

1185 1769 1362 1798 numerus,
1391 1758 1522 1800 quando
1547 1757 1580 1789 in
1605 1768 1671 1790 uno
1697 1757 1838 1790 triennio
1863 1769 1923 1790 no-

1184 1810 1323 1843 minatus
1350 1809 1448 1843 suerit
1472 1821 1531 1853 pro
1557 1812 1621 1842 una
1646 1814 1738 1853 parte
1757 1811 1919 1843 excedens

1184 1875 1348 1902 numerus,
1370 1863 1519 1906 sequenti
1537 1863 1678 1896 triennio
1696 1863 1922 1905 designabitur

1184 1927 1244 1960 pro
1270 1918 1385 1949 attera.

1227 1979 1256 2001 x.
1279 1968 1358 2006 Quia
1380 1978 1467 2007 vero,
1488 1973 1619 2010 praeter
1636 1968 1718 2000 haee
1735 1973 1848 2000 nostra
1866 1968 1921 2000 de-

1184 2028 1271 2054 creta
1302 2021 1479 2053 universali
1499 2021 1570 2063 paci
1589 2020 1778 2063 provinciae
1799 2021 1922 2053 eondu-

1183 2075 1309 2114 centia,
1336 2074 1443 2116 aliqua
1475 2074 1537 2106 alia
1569 2074 1861 2106 animadvertimus
1887 2074 1919 2105 in

1182 2126 1423 2159 visitationibus
1449 2131 1678 2165 conventuum,
1705 2136 1786 2169 quae
1813 2126 1920 2158 decla-

1182 2179 1344 2211 rationem
1370 2183 1515 2210 nostram
1540 2184 1572 2211 et
1595 2178 1839 2211 ordinationem
1857 2178 1921 2211 exi-

1183 2242 1258 2273 gere
1284 2231 1452 2271 videntur3
1479 2235 1656 2273 propterea
1673 2231 1712 2263 de
1734 2231 1833 2263 rebus
1853 2230 1918 2264 illis

1182 2283 1433 2325 particularibus
1477 2294 1543 2315 non
1588 2288 1661 2315 ante
1706 2283 1920 2316 decernemus

1182 2346 1278 2378 quam
1304 2335 1507 2368 visitationes
1530 2341 1658 2368 nostras
1683 2335 1918 2368 absolverimus

1181 2388 1213 2419 in
1240 2388 1300 2420 hac
1324 2388 1516 2431 provincia,
1543 2388 1593 2420 eui
1631 2394 1704 2422 ante
1739 2388 1919 2421 discessum

1181 2445 1329 2473 nostrum
1347 2441 1540 2473 conabimur
1560 2442 1669 2474 onmia
1687 2446 1843 2485 paternae
1861 2443 1918 2476 bc-

1181 2494 1387 2526 nevolentiae
1426 2499 1458 2527 et
1493 2495 1722 2528 sollicitudinis
1759 2495 1918 2530 exhibere

1181 2547 1379 2581 testimonia.

1938 190 1986 214 An.
2004 189 2031 214 C.
2056 192 2074 214 t«
2087 190 2119 215 (it
