2247 3208
217 231 265 256 Αη,

279 229 306 255 ‹':.

334 229 395 255 ῐῡύῖ

445 219 509 252 559.

411 277 489 319 ipsis
514 286 578 307 non
604 285 641 306 ex
667 273 772 306 officio
797 273 859 305 iam
885 273 1061 315 completo,
1089 272 1145 303 scd

410 340 446 361 ex
475 327 663 370 antiquitate
689 324 903 369 professionis
929 324 1077 356 debetur.

452 391 495 414 v1.
525 380 632 412 Patres
665 378 826 421 generalis
853 382 883 409 et
908 377 1144 420 provinciales,

409 433 572 475 completo
588 442 699 465 eorum
717 430 831 470 officio,
847 430 982 462 sedeant
995 429 1145 471 (durante

409 486 564 529 capitulo)
591 485 622 516 in
647 484 759 517 ultimo
778 485 848 516 loco
875 482 1092 521 sacerdotum,
1116 487 1147 514 et
1167 496 1169 519 ,ι

409 549 468 582 per
492 538 615 581 aliquot
639 538 706 570 dies
735 537 869 569 abluant
900 535 1071 568 utensilia:
1107 524 1169 567 siff

410 591 529 624 militer
563 590 595 622 in
632 588 909 632 processionibus,
948 598 1031 630 quae
1066 586 1169 619 siunt*

409 645 544 677 durante
571 644 721 687 capitulo,
748 646 909 684 occupent
933 640 1083 673 ultimum
1104 641 1147 672 lo·
1167 627 1169 647 ³

410 709 482 731 cum
508 697 727 730 sacerdotum.

453 762 508 784 vn.
528 750 700 783 Guardiani
715 754 861 791 tempore
881 748 1042 780 Adventus
1058 747 1146 780 nullo
1168 763 1169 767 =

408 805 506 837 modo
542 803 775 836 concionentur
807 805 896 833 extra
927 801 1031 832 locum
1070 807 1169 845 suacj

408 855 627 899 guardianiae,
654 855 739 898 quod
767 854 861 892 ctiam
890 857 1036 885 servetur
1069 857 1168 893 tem-³

408 920 487 952 porc
505 908 784 949 Quadi-agesirnae,
803 906 863 938 nisi
881 911 993 948 agatur
1014 905 1052 937 de
1070 914 1147 936 con-
1167 909 1169 925 t

408 962 628 996 cionatoribus
653 959 845 1002 insignibus,
872 959 919 990 vel
944 968 1064 999 urgens
1092 967 1147 988 ne-

407 1015 540 1048 cessitas
573 1012 709 1045 suaserit
738 1011 821 1054 patri
854 1009 999 1052 generali
1032 1019 1088 1042 eos
1114 1009 1168 1051 issi

407 1067 534 1100 casibus
568 1064 817 1109 particulariluts
850 1061 1081 1105 dispensandi,
1115 1060 1167 1093 et*

409 1127 483 1153 tunc
508 1119 598 1153 idernv
613 1117 776 1162 generalis
790 1116 957 1160 provideat
973 1114 1145 1148 conventui
1166 1108 1167 1148 i

409 1174 448 1206 de
473 1172 594 1206 vicario
620 1171 707 1214 gravi
740 1176 772 1203 et
801 1170 938 1202 idoneo.
970 1168 1147 1201 Coneiona-

408 1232 494 1259 tores
520 1235 595 1258 vero
619 1223 775 1268 praedicti
801 1233 866 1256 non
891 1222 1058 1254 mittantur
1082 1220 1144 1252 nisi

408 1280 447 1313 ad
472 1279 654 1323 provincias
680 1283 712 1310 et
735 1278 807 1310 loca
830 1275 996 1308 viciniora.

451 1343 520 1367 vul.
544 1332 614 1365 Non
632 1331 822 1375 praedicent
838 1331 978 1363 lectores
999 1335 1146 1372 tempore

408 1385 708 1428 Quadragesimae,
745 1384 802 1416 scd
839 1394 897 1426 per
933 1387 1034 1415 totum
1070 1382 1145 1413 anni

408 1449 535 1472 cursum
550 1438 744 1471 lectionibus
759 1436 955 1468 incumbant.
972 1435 1145 1468 Studentes
1167 1436 1168 1453 ³

409 1502 475 1525 non
498 1497 663 1524 mutentur
688 1491 719 1522 in
747 1490 840 1522 aliam
859 1489 897 1521 ab
923 1488 1001 1521 alit⁴t¹
1029 1487 1147 1520 familia

408 1545 442 1578 in
469 1556 530 1588 qua
555 1545 707 1577 student:
730 1542 809 1576 nulli
830 1542 1027 1575 concedatur
1044 1542 1148 1573 lector

408 1598 632 1643 particularis:
667 1597 816 1629 studeant
847 1606 905 1638 per
937 1593 1147 1638 septennium

409 1653 585 1694 integrum:
611 1660 708 1694 super
733 1648 848 1692 quibus
875 1646 1057 1690 dispensari
1082 1656 1147 1679 non

410 1705 524 1749 possit.

454 1768 495 1791 1x.
532 1756 785 1790 Conciouatores
819 1764 883 1786 non
916 1753 1150 1786 concionentur

410 1816 499 1844 extra
524 1820 596 1842 suas
622 1808 815 1852 provincias,
843 1807 902 1839 nisi
929 1806 1149 1849 sint-praedi-

410 1870 534 1897 catores
559 1862 714 1905 insignes,
742 1867 774 1894 ct
798 1859 983 1894 concionari
1010 1859 1151 1892 debcant

409 1916 442 1949 in
477 1915 733 1955 cathedralibus,
771 1925 826 1947 seu
863 1914 933 1946 aliis
965 1912 1172 1955 conspicuis*

411 1970 569 2003 ecelesiis.

454 2034 483 2055 x.
523 2022 733 2055 Consessores
771 2031 834 2053 non
869 2019 1079 2052 admittantur
1110 2019 1149 2050 ad

412 2076 588 2109 audiendas
613 2075 835 2108 confessiones
862 2075 1006 2112 fratrum,
1032 2077 1064 2104 et
1088 2073 1151 2104 lec-

412 2133 501 2161 tores
520 2129 559 2161 ad
577 2129 744 2167 lecturam,
758 2127 819 2159 nisi
836 2126 1003 2169 approbati
1020 2125 1150 2163 suerint,

412 2182 540 2225 praevio
565 2181 711 2223 rigoroso
738 2180 896 2218 examine,
924 2190 960 2212 ae
991 2188 1049 2221 per
1077 2183 1149 2210 vota

413 2242 538 2267 secreta
564 2234 831 2266 examinatomun.

456 2297 498 2319 Xi.
515 2287 704 2319 Definitores
726 2285 893 2328 generales
910 2283 1075 2316 resideant
1089 2283 1151 2315 Ro-

414 2350 497 2378 mae,
524 2339 637 2382 quibus
663 2350 723 2382 pro
748 2338 938 2380 urgentibus
972 2342 1002 2370 et
1032 2336 1151 2379 gravio-

414 2391 502 2424 ribus
527 2391 665 2433 negotiis
701 2390 868 2433 religionis
901 2390 941 2422 sit
971 2389 1150 2422 communis

414 2443 595 2476 commissio
621 2443 782 2485 generalis
810 2443 892 2475 saeta
921 2441 1003 2484 patri
1036 2451 1150 2484 procu-

413 2496 514 2530 ratori
540 2496 683 2539 generali
709 2507 726 2528 a
751 2501 841 2539 patre
867 2494 1034 2538 generali:
1056 2494 1101 2527 ita
1116 2499 1152 2526 ut

451 2614 463 2640 1
485 2611 585 2639 Forsan
607 2611 657 2637 ι’ῐῖά
676 2610 717 2646 (n.
732 2610 781 2644 T.).

993 225 1170 248 BELLAuth
1196 224 1345 248 nottnhffll

1188 272 1367 313 procedant
1390 272 1518 305 insimul
1546 279 1577 305 et
1600 274 1797 306 coniunctim
1823 283 1924 316 usque

1166 323 1227 375 lad
1252 324 1429 367 capitulum
1455 326 1632 375 generale,⁸
1650 326 1681 357 in
1715 337 1777 369 quo
1802 326 1920 369 singuli

1166 378 1358 422 3babebunt
1401 388 1509 410 vocem
1552 379 1718 411 electivam
1762 385 1923 423 tamquam

1167 443 1169 476 Ξ
1189 440 1270 462 unus
1315 441 1351 463 ex
1396 430 1582 463 custodibus
1624 441 1752 463 suarum
1795 432 1925 474 provin-

1190 483 1321 516 ciarum.

1232 545 1288 568 ΧΠ.
1316 535 1528 568 Provinciales
1548 536 1599 578 qui
1622 536 1766 569 nonduin
1784 538 1927 579 comple-

1189 593 1303 619 verunt
1335 587 1524 627 triennium,
1558 589 1674 621 durent
1706 589 1810 621 donec
1841 600 1928 621 eom-

1189 641 1309 683 pleant.
1344 640 1451 673 Oratio
1481 641 1643 681 mentalis,
1671 652 1753 684 quae
1780 646 1925 683 tempore

1189 693 1308 726 aestivo
1329 693 1426 726 siebat
1451 699 1521 736 post
1545 693 1729 732 meridiem,
1756 693 1811 726 tiet
1833 704 1924 727 mane

1190 747 1228 779 ad
1256 747 1402 789 primam.

1232 800 1440 833 Ilffiuoxvut's
1457 800 1632 833 Cardinalis
1649 801 1831 841 FAnxtssstus,
1850 812 1925 844 pro-

1190 858 1312 889 tect-n‘,
1341 853 1390 884 Fr.
1419 853 1634 891 Fonrt‘xxrus,
1658 853 1805 886 minister
1825 864 1923 895 gene-

1188 905 1281 944 ralis,
1308 905 1359 937 Fr.
1388 905 1609 937 Bonaventura
1634 916 1650 937 a
1669 906 1926 949 Rcci11eto‚pro:

1189 962 1319 990 curator
1329 958 1500 999 generalis,
1519 958 1570 990 Fr.
1590 959 1736 1001 Alovsius
1755 970 1771 991 a
1789 959 1925 997 Verona,

1190 1010 1342 1043 definitor
1360 1011 1531 1053 generalis,
1552 1011 1604 1044 Fr.
1624 1011 1723 1043 Lucas
1741 1011 1924 1053 Maringuis,

1189 1062 1341 1095 definitor
1366 1063 1535 1105 generalis,
1572 1063 1623 1095 Fr.
1661 1063 1851 1096 Franciscus
1887 1064 1925 1096 dc

1189 1116 1286 1148 Xeres
1311 1115 1462 1148 delinitor
1491 1116 1658 1157 generalis,
1693 1115 1744 1148 Fr.
1776 1115 1926 1149 Claudius

1188 1168 1407 1208 Bituricensis,
1433 1168 1582 1201 definitor
1607 1168 1767 1211 generalis
1793 1181 1823 1201 iv.

1231 1223 1245 1265 ἕ
1270 1222 1301 1255 3.
1329 1221 1406 1254 Cum
1433 1226 1547 1260 autem,
1574 1221 1654 1253 sicut
1674 1222 1785 1254 eadem
1805 1222 1926 1265 exposi-

1190 1275 1231 1307 tio
1258 1275 1483 1322 subiungebat,
1502 1275 1604 1307 dictus
1628 1275 1842 1318 Hieronymus
1861 1286 1925 1308 car-

1189 1329 1305 1361 dinalis
1331 1329 1461 1361 decreta
1486 1339 1542 1361 seu
1572 1328 1710 1371 capitula
1732 1328 1925 1368 huiusmodi,

1189 1393 1251 1424 quo
1278 1380 1399 1413 firmius
1418 1381 1593 1413 subsistant
1614 1385 1645 1412 et
1669 1386 1838 1413 serventur
1855 1391 1927 1413 exa-

1189 1434 1287 1473 etius,
1301 1434 1498 1477 apostolicae
1517 1433 1771 1466 confirmationis
1797 1438 1926 1465 nostrae

1188 1488 1307 1520 robore
1333 1487 1527 1519 communiri
1554 1496 1763 1529 summopere
1800 1485 1926 1518 deside-

1189 1546 1260 1573 ret:
1288 1551 1358 1577 nos,
1377 1539 1438 1582 piis
1456 1539 1599 1571 ciusdem
1616 1538 1804 1582 Hieronymi
1823 1538 1927 1571 cardi-

1190 1593 1271 1625 nalis
1291 1593 1372 1625 votis
1397 1592 1640 1631 favorabiliter,
1668 1596 1825 1634 quantum
1856 1601 1926 1623 cum

1191 1645 1325 1677 Domino
1351 1654 1519 1688 possumus
1535 1671 1543 1684 ,
1569 1654 1711 1676 annuere
1738 1643 1926 1686 cupientes,

1191 1697 1478 1741 supplicationilms
1503 1696 1603 1740 ipsius
1623 1695 1808 1740 Hieronymi
1826 1695 1928 1728 cardi-

1191 1752 1272 1785 nalis
1288 1751 1381 1783 nobis
1398 1760 1494 1793 super
1510 1751 1571 1782 hoc
1589 1749 1755 1782 humiliter
1773 1749 1928 1792 porrectis

1191 1804 1359 1844 inclinati,
1393 1804 1525 1836 decreta
1555 1814 1610 1835 seu
1637 1802 1775 1845 capitula
1798 1801 1928 1845 praein-

1192 1864 1283 1897 serta,
1296 1857 1484 1890 armtoritate
1500 1867 1529 1899 a}
1543 1856 1691 1895 ostolica,
1709 1861 1823 1887 tenore
1838 1865 1930 1898 prae-

1193 1911 1355 1951 sentium,
1382 1909 1608 1942 confirmamus
1635 1914 1667 1940 et
1691 1909 1928 1951 approbamus,

1193 1965 1321 2007 illisque
1342 1962 1535 1996 inviolabilis
1552 1961 1750 2004 apostolicae
1769 1959 1929 1992 firmitatis

1193 2018 1292 2050 robur
1326 2016 1507 2055 adiicimus,
1535 2026 1571 2047 ac
1594 2025 1705 2047 omnes
1730 2019 1762 2047 et
1786 2013 1929 2056 singulos

1194 2071 1272 2103 iuris
1292 2076 1323 2102 et
1339 2069 1408 2102 sacti
1420 2069 1573 2108 detectus,
1589 2067 1614 2099 si
1629 2067 1681 2110 qui
1697 2067 1838 2109 desuper
1852 2077 1930 2109 quo-

1194 2124 1373 2156 modolibet
1392 2120 1634 2159 intervenerint,
1661 2121 1861 2163 supplemus.

1237 2180 1251 2219 g'
1275 2176 1306 2208 li.
1335 2175 1520 2208 Mandantes
1545 2178 1725 2216 propterea,
1754 2177 1785 2204 et
1805 2172 1930 2215 praeci-

1192 2229 1319 2271 pientes
1345 2227 1377 2259 in
1402 2227 1519 2259 virtute
1545 2231 1673 2258 sanctae
1707 2224 1927 2265 obedientiae,

1193 2292 1228 2313 ac
1253 2281 1309 2313 suh
1335 2279 1521 2323 privationis
1546 2279 1633 2311 vocis
1658 2278 1780 2310 activae
1806 2282 1835 2310 et
1859 2287 1931 2320 pas-

1193 2335 1277 2367 sivae
1292 2336 1399 2377 poena
1416 2344 1472 2376 per
1487 2338 1741 2374 transgressores
1759 2331 1829 2374 ipso
1846 2330 1929 2363 sacto

1192 2387 1403 2427 incurrentia,
1432 2386 1580 2419 omnibus
1601 2390 1633 2417 ct
1652 2383 1786 2426 singulis
1811 2393 1931 2416 memo-

1193 2441 1252 2473 rati
1286 2439 1415 2473 Ordinis
1440 2438 1683 2482 superioribus,
1711 2435 1865 2468 fratribus
1898 2439 1930 2468 et

1193 2493 1365 2537 personis,
1400 2492 1578 2534 ceterisque
1615 2491 1654 2523 ad
1692 2499 1773 2532 quos
1805 2493 1932 2532 spectat

1193 2551 1223 2579 et
1252 2556 1309 2589 pro
1343 2550 1488 2588 tempore
1521 2543 1702 2587 spectabit,
1735 2546 1771 2574 ut
1800 2542 1932 2574 decreta

1194 2609 1250 2631 scu
1287 2598 1427 2641 capitula
1461 2596 1664 2641 prat-inserta
1701 2594 1932 2631 inviolabiliter

1935 226 1984 252 An.
1997 225 2025 251 G.
2052 225 2114 251 1667

1959 1230 2059 1250 Concedit
2070 1235 2123 1256 pro-

1936 1260 1955 1276 ut
1969 1257 1989 1278 iu
2003 1256 2098 1277 rubrica.

1977 2176 2065 2206 Mandat
2087 2176 2124 2197 ob-

1941 2209 2029 2225 servari.
