2247 3208
121 225 170 253 An.
187 224 217 252 c.
239 224 308 252 1663

602 272 770 306 CDxxxv.

321 350 532 394 Confirmatio
556 356 751 385 statutorum
767 363 825 399 pro
851 353 1055 385 conventibus

361 405 547 447 reformatis
562 406 747 448 provinciae
769 406 929 438 Turoniae
950 406 1056 438 Picta-

360 458 466 490 vensis
485 457 618 491 Ordinis
642 459 783 501 fratrum
804 458 964 490 Minorum
981 468 1055 490 san-

361 511 405 543 cti
424 510 454 543 F
455 511 594 544 rancisci
618 511 656 544 de
671 510 877 544 Ohscrvantici
901 510 1055 553 reforma-

365 566 469 595 torum
484 561 504 596 ¹.

511 635 676 661 Alexander
696 634 773 667 Papa
793 633 860 665 vn,

459 679 495 705 ad
515 679 647 705 futuram
667 678 711 705 rei
731 678 912 704 memoriam.

362 748 527 782 Militantis
544 748 705 781 Ecclesiae
731 748 882 790 regimini
900 759 959 791 per
976 748 1056 780 inef-

321 802 451 835 fabilem
476 801 601 834 divinae
626 801 780 834 bonitatis
809 801 1052 841 abundantiam,

320 855 411 886 nullo
429 854 505 887 licet
521 854 711 887 meritorum
738 860 921 887 nostrorum
946 853 1057 886 sutfra-

321 907 384 949 gio,
406 906 594 949 praepositi,
613 907 676 946 illa,
696 917 776 949 quae
802 918 859 949 pro
885 907 967 939 felici
982 917 1056 949 pro-

316 969 477 1002 speroque
506 959 780 998 christifidelium,
801 961 863 1002 qui,
890 961 1055 1002 abnegan-

318 1016 365 1045 tes
398 1013 613 1055 semetipsos,
648 1013 763 1045 divinis
796 1013 958 1056 obsequiis
987 1024 1054 1046 sese

317 1065 376 1097 suh
401 1066 489 1098 suavi
514 1065 681 1108 religionis
713 1066 786 1109 iugo
811 1067 1053 1109 manciparunt,

317 1118 474 1161 regimine
493 1124 524 1152 et
548 1119 706 1162 gubernio
731 1119 863 1162 provide
881 1120 1054 1152 constituta

317 1182 386 1205 esse
411 1178 609 1212 noscuntur,
634 1172 791 1212 libenter,
819 1173 893 1206 dum
918 1184 935 1206 a
960 1173 1053 1206 nobis

317 1224 456 1267 petitur,
482 1225 648 1267 apostolici
673 1225 860 1258 muniminis
891 1226 1054 1269 praesidio

318 1277 520 1310 roboramus.

361 1331 377 1374 ἓ
402 1330 433 1362 1.
454 1330 577 1373 Exponi
593 1330 754 1373 siquidem
772 1331 865 1363 nobis
890 1341 993 1374 nuper
1011 1331 1055 1364 se-

319 1389 433 1416 cerunt
457 1383 565 1416 dilecti
591 1383 646 1416 filii
678 1384 824 1416 minister
848 1384 1053 1427 provincialis

319 1443 351 1470 et
366 1437 496 1470 discreti
517 1437 701 1480 provinciae
716 1437 872 1470 Turoniae
893 1438 1055 1470 Pictaven-

318 1489 361 1523 sis
379 1489 508 1523 Ordinis
518 1490 651 1523 fratrum
665 1490 822 1523 Minorum
839 1490 941 1523 sancti
958 1490 1055 1523 Fran-

318 1543 392 1575 cisci
421 1543 460 1575 de
484 1543 693 1576 Observantia
715 1554 771 1577 seu
796 1544 1054 1576 Reformatorum

318 1601 598 1638 nuncupatorum,
633 1597 719 1639 quod
752 1597 906 1629 nonnulla
938 1601 1055 1629 statuta

319 1658 379 1691 pro
404 1648 619 1681 conventibus
643 1649 826 1681 reformatis
855 1649 959 1682 dictae
984 1659 1056 1692 pro-

319 1701 454 1742 vinciae,
472 1701 535 1734 iam
557 1702 634 1734 olim
651 1702 684 1734 in
701 1702 843 1745 capitulo
864 1703 1005 1745 generali
1024 1708 1056 1735 et

320 1754 509 1797 provinciali
542 1756 743 1798 approbata,
774 1755 860 1788 iuxta
893 1757 1054 1788 decretum

322 1807 431 1840 dilecti
464 1807 520 1840 filii
550 1808 689 1840 ministri
716 1809 874 1851 generalis
900 1809 974 1841 dicti
1000 1810 1056 1841 Or-

322 1860 415 1899 dinis,
434 1871 493 1903 per
511 1861 626 1893 fratres
645 1860 830 1900 definitorii,
851 1872 975 1895 necnon
996 1872 1055 1905 per

321 1912 525 1956 antiquiores
546 1914 728 1957 provinciae
747 1914 929 1947 huiusmodi
955 1916 1056 1947 refor-

321 1971 425 1998 matos
442 1965 640 2006 definitores,
659 1973 753 2010 atque
767 1978 824 2009 per
842 1977 951 2000 omnes
966 1978 1057 2010 guar—

321 2019 434 2052 dianos
448 2025 661 2053 conventuum
678 2021 924 2053 reformatorum
937 2021 969 2053 in
988 2031 1056 2053 cou-

321 2072 511 2114 gregatione
546 2073 739 2106 intermedia
771 2074 912 2107 Bercozii
948 2074 1057 2106 habita

323 2125 374 2157 die
399 2136 474 2159 xxm
499 2126 612 2169 aprilis
638 2136 768 2159 ttuctxn
794 2132 999 2167 convocatos,
1024 2127 1056 2159 in

321 2188 419 2210 unum
437 2179 571 2211 collecta
588 2179 728 2220 fuerunt,
746 2180 866 2212 tenoris
884 2179 936 2223 qui
954 2180 1058 2222 sequi-

324 2236 387 2272 tur,
410 2231 583 2264 videlicet:

367 2295 390 2317 1.
416 2284 450 2316 ln
476 2285 686 2318 conventibus
710 2285 892 2318 reformatis
918 2296 983 2318 non
1006 2286 1058 2319 de-

323 2337 402 2370 bent
425 2338 501 2380 eligi
526 2338 696 2380 guardiani
721 2349 780 2371 nec
805 2339 859 2371 alii
885 2338 1055 2379 officiales,

324 2390 448 2423 scilicet
470 2391 600 2431 vicarii,
627 2392 773 2432 lectores,
800 2392 946 2434 magistri
972 2392 1059 2425 novi-

324 2443 442 2476 tiorum
459 2454 495 2476 ac
514 2443 677 2483 iuvenum,
698 2455 795 2487 quam
819 2445 876 2485 illi,
904 2444 958 2487 qui
984 2450 1058 2477 tunc

324 2496 481 2540 temporis
499 2502 665 2530 morantur
682 2497 714 2529 in
733 2497 944 2530 conventibus
957 2498 1059 2530 refor-

145 758 288 780 Prooemium.

146 1338 261 1364 ustos-1210.

151 2291 236 2312 statuta
255 2291 307 2311 rese·

124 2321 204 2338 ruutur.

360 2612 372 2638 1
394 2611 430 2638 Ex
450 2610 556 2647 Regest.
578 2611 605 2638 in
624 2612 725 2639 Secret.
747 2612 826 2639 Brev.

902 225 1090 249 ALEMNDER
1113 226 1156 248 vu
1184 226 1230 248 ΙΨ.

1089 272 1191 311 matis,
1211 277 1242 303 et
1266 283 1324 315 per
1348 271 1516 303 biennium
1541 271 1653 303 saltem
1680 269 1825 313 proxime

1090 327 1284 368 praecedens
1306 327 1338 358 in
1364 327 1484 358 eisdem
1506 325 1712 358 laudabiliter
1731 329 1763 357 et
1777 334 1828 357 re-

1090 380 1222 411 formate
1247 379 1395 419 vixerint,
1413 385 1444 411 et
1462 380 1524 412 lioc
1548 379 1606 411 sub
1633 380 1737 422 poena
1754 379 1827 411 nul-

1089 430 1187 463 litatis
1213 431 1306 464 aliter
1332 432 1491 464 faciendo„

1132 494 1167 516 11.
1194 483 1257 515 Nec
1282 483 1314 515 in
1339 483 1550 516 conventibus
1568 484 1749 517 reformatis
1765 484 1826 516 hu·

1089 535 1228 568 iusmodi
1247 536 1399 569 collocari
1415 537 1556 569 debeant
1569 537 1628 568 nisi
1646 537 1823 577 reformati,

1090 593 1119 620 et
1146 587 1192 620 illi
1219 588 1271 631 qui
1295 588 1328 620 in
1347 588 1431 620 victu
1450 593 1482 620 et
1504 588 1621 621 vestitu
1647 589 1824 632 ceterisque

1089 640 1238 673 omnibus
1265 641 1442 673 secundum
1467 640 1652 673 institutum
1673 641 1825 674 reforma-

1090 698 1195 725 torum
1227 693 1331 726 rivere
1362 694 1462 726 velint
1487 698 1517 725 et
1541 693 1678 736 possint,
1704 699 1735 726 et
1758 704 1823 726 non

1089 745 1195 778 aliter.

1135 810 1182 832 111.
1201 799 1376 839 Fratribus,
1390 800 1573 842 petentibus
1587 800 1749 832 licentiam
1765 801 1825 833 mi-

1089 851 1202 894 grandi
1228 853 1267 884 ad
1293 853 1406 885 fratres
1438 853 1643 892 reformatos,
1678 858 1824 885 teneatur

1088 905 1234 937 minister
1259 905 1465 948 provincialis
1485 906 1676 945 concedere,
1701 916 1823 949 eosque

1089 957 1172 990 serio
1198 958 1370 991 exhortare
1395 968 1435 990 ne
1460 958 1589 991 levitate
1613 958 1742 1001 potius,
1769 963 1824 990 aut

1088 1011 1185 1043 animi
1210 1011 1436 1051 inconstantia,
1462 1022 1557 1054 quam
1581 1012 1700 1055 pietate
1725 1011 1824 1044 refor-

1088 1064 1262 1097 mationem
1289 1064 1530 1107 aggrediantur.

1132 1127 1175 1149 lv.
1203 1117 1334 1149 Emissis
1359 1117 1440 1150 votis
1474 1117 1507 1149 in
1539 1117 1750 1150 conventibus
1773 1126 1824 1150 re-

1089 1170 1244 1209 formatis,
1269 1181 1335 1203 non
1365 1170 1475 1204 licebit
1500 1171 1651 1213 deinceps
1676 1171 1715 1203 ad
1741 1170 1821 1203 alios

1088 1229 1265 1255 conventus
1291 1233 1355 1255 non
1380 1224 1570 1256 reformatos
1592 1224 1775 1256 convolare.

1131 1286 1161 1308 v.
1189 1274 1246 1313 Qui
1271 1286 1309 1308 ex
1331 1276 1539 1309 Observantia
1563 1277 1602 1309 ad
1628 1277 1822 1309 strictiorem

1089 1335 1205 1362 statum
1230 1330 1392 1373 profectus
1417 1330 1531 1370 fuerit,
1560 1336 1591 1362 et
1620 1341 1678 1373 per
1702 1340 1822 1362 annum

1088 1383 1250 1425 integrum
1281 1383 1489 1416 laudabiliter
1522 1384 1635 1416 vixerit
1667 1384 1700 1415 in
1725 1383 1823 1416 refor-

1088 1436 1240 1475 matione,
1258 1446 1401 1469 remeare
1427 1437 1533 1469 denuo
1551 1447 1614 1469 non
1635 1437 1753 1479 poterit
1782 1437 1822 1469 ad

1089 1489 1168 1521 alios
1195 1495 1368 1522 conventus
1402 1500 1465 1522 non
1495 1490 1701 1530 reformatos,
1730 1495 1765 1522 ut
1790 1490 1822 1522 in

1089 1542 1134 1574 eis
1159 1548 1309 1580 moretur,
1327 1543 1448 1585 absque
1467 1543 1596 1575 licentia
1612 1543 1756 1585 magistri
1772 1554 1825 1585 ge-

1089 1596 1207 1628 neralis
1231 1607 1247 1628 a
1267 1601 1333 1628 toto
1360 1595 1542 1628 definitorio
1568 1596 1752 1639 provinciae
1770 1607 1825 1639 pe-

1089 1649 1196 1682 tenda.

1132 1712 1174 1734 Vl.
1201 1701 1269 1734 Non
1291 1702 1401 1734 licebit
1425 1702 1457 1734 in
1481 1708 1645 1746 posterum
1671 1703 1823 1736 fratribus

1089 1754 1256 1787 strictioris
1283 1755 1503 1787 observantiae
1525 1756 1600 1788 dare
1626 1766 1759 1798 operam
1775 1755 1826 1789 lit-

1089 1807 1164 1839 teris
1188 1807 1221 1838 in
1246 1812 1404 1839 conventu
1424 1808 1605 1847 Parisiensi,
1624 1809 1680 1840 sed
1701 1813 1824 1840 tantum

1089 1861 1121 1892 in
1147 1860 1357 1893 conventibus
1382 1861 1620 1894 reformationis
1645 1861 1822 1904 deputatis;

1089 1913 1186 1945 ceteri
1219 1924 1295 1946 vero
1330 1914 1442 1946 fratros
1475 1924 1538 1946 non
1569 1914 1767 1957 recipiantur
1791 1914 1824 1946 in

1090 1966 1206 1998 studiis
1236 1966 1480 1998 reformatorum
1506 1967 1566 1998 nisi
1592 1967 1690 1999 velint
1714 1967 1746 1999 id
1772 1978 1825 2009 ge-

1091 2029 1149 2050 nus
1175 2018 1256 2051 vitae
1282 2019 1441 2062 amplecti,
1461 2024 1492 2051 et
1513 2030 1577 2051 non
1597 2025 1751 2063 poterunt
1773 2020 1826 2052 de-

1091 2072 1200 2115 inceps
1226 2073 1265 2105 ad
1291 2084 1354 2105 non
1384 2073 1574 2105 reformatos
1604 2073 1732 2115 regredi
1764 2072 1823 2106 nisi

1091 2136 1149 2168 per
1174 2136 1292 2158 annum
1316 2126 1349 2157 in
1373 2126 1479 2158 studio
1504 2126 1755 2169 permanserint.

1134 2190 1190 2211 vn.
1218 2179 1328 2211 Nullus
1354 2190 1370 2211 a
1395 2179 1605 2211 conventibus
1636 2179 1826 2212 reformato-

1092 2242 1162 2263 rum
1195 2231 1335 2264 amoveri
1367 2232 1471 2264 valeat
1496 2232 1556 2264 nisi
1587 2238 1622 2264 ut
1653 2232 1708 2264 fiat
1732 2243 1825 2275 guar-

1092 2285 1204 2317 dianus
1229 2290 1282 2317 aut
1302 2285 1382 2317 alius
1412 2284 1583 2318 officiarius
1609 2285 1642 2317 in
1667 2291 1825 2318 conventu

1091 2343 1122 2370 et
1145 2338 1178 2370 in
1203 2339 1320 2370 eodem
1352 2338 1493 2381 capitulo
1526 2338 1771 2378 reformationi,
1798 2338 1825 2370 si

1092 2401 1221 2424 necesse
1247 2391 1296 2430 sit,
1322 2391 1519 2434 deputando.

1134 2454 1203 2477 vni.
1224 2444 1394 2477 Crescente
1416 2455 1548 2477 numero
1565 2444 1824 2484 reformatorum,

1091 2502 1245 2540 augeatur
1262 2507 1413 2529 numerus
1430 2502 1652 2538 conventuum,
1674 2507 1752 2541 quos
1770 2497 1828 2529 mi-

1128 2613 1137 2638 1
1161 2612 1230 2639 Male
1245 2612 1288 2639 ed.
1305 2612 1386 2640 Main.
1402 2612 1468 2647 legit
1479 2613 1597 2647 poterit,
1613 2615 1639 2640 el
1654 2613 1694 2647 (a.
1710 2611 1759 2646 τ.).

1725 213 1788 245 157
1835 221 1883 248 Au.
1905 219 1934 247 C.
1957 219 2025 247 1663
