2247 3208
126 197 176 225 An.
195 198 224 224 C.
246 197 310 224 16ὓὸ

907 191 1096 217 ΛΙΈΧᾹΝΒΕΒ
1119 193 1162 216 vn
1189 192 1237 216 PP.

323 244 508 277 huiusmodi
547 244 647 276 sactae
689 242 926 281 numeramlos,
962 252 1058 274 noras

322 297 525 341 provisiones
552 297 590 329 de
617 296 741 329 eisdem
767 295 1009 328 canonicatibus
1027 299 1059 327 et

322 350 516 394 praebendis
541 362 558 383 a
583 351 667 383 dicta
684 350 764 383 Sede
784 355 905 393 petere,
926 354 957 381 et
975 349 1059 381 litte-

321 415 373 437 ras
396 404 593 447 apostolicas
607 404 664 436 sul)
690 403 822 446 plumbo
841 403 871 434 in
891 408 993 435 totum
1007 412 1058 433 ex-

322 455 463 500 pedire¹‚
488 467 524 490 ac
549 456 618 489 iura
640 466 785 489 camerae
805 453 1004 498 apostolicae
1026 458 1057 485 et

321 509 392 542 aliis
410 514 583 553 propterea
597 508 706 542 debita
724 508 907 551 persolvere
924 505 1056 538 omnino

322 568 529 603 tenerentur,
557 568 589 595 et
613 562 674 594 nisi
700 561 877 604 praemissa
903 560 1058 602 adimple-

320 620 401 655 rent,
428 615 496 658 ipso
522 615 669 648 semestri
694 615 815 657 elapso,
843 613 941 645 iidem
962 622 1058 644 cano-

321 668 446 701 nicatus
471 673 502 701 et
526 667 731 711 praebendae
756 670 903 698 vacarent
923 675 960 697 eo
977 665 1057 707 ipso,

321 727 353 754 et
376 721 422 754 sic
447 726 597 753 vacantes
623 729 681 763 per
704 719 819 752 Sedem
837 717 1056 761 Apostolicam

321 774 486 807 dumtaxat
510 773 579 806 aliis
605 772 768 816 quibusvis
802 771 953 815 personis
980 782 1057 804 con-

320 827 396 860 ferri
421 826 522 859 libere
548 830 689 869 possent,
703 825 816 858 volens
842 829 876 857 ut
901 829 1009 857 rector
1026 829 1057 857 et

319 879 372 912 alii
396 879 554 922 praedicti
579 878 766 911 huiusmodi
792 877 840 910 ius
865 877 1056 910 nominandi

319 932 487 972 habenteS,
513 933 578 965 sive
600 931 821 971 ecclesiastici,
839 931 902 964 sive
920 931 993 964 laici
1012 931 1058 964 fo-

318 990 412 1025 rent,
437 984 533 1018 sidem
559 985 751 1018 catholicam
783 985 869 1017 iuxta
902 985 1055 1018 articulos

320 1039 359 1073 ab
384 1039 497 1072 eadem
521 1038 602 1071 Sede
635 1038 821 1082 propositos
848 1038 879 1070 in
906 1038 1055 1070 manibus

320 1092 559 1136 archiepiscopi
592 1102 647 1124 scu
679 1091 824 1124 officialis
855 1091 1055 1125 Coloniensis

320 1156 379 1189 pro
412 1150 559 1189 tempore
592 1145 758 1178 existentis
795 1144 886 1177 annis
921 1144 1056 1187 singulis

319 1197 463 1242 profiteri
489 1203 687 1237 tenerentur,
704 1197 848 1241 alioquin
866 1197 1058 1230 nominatio-

320 1262 377 1285 nes
401 1251 440 1284 ab
464 1251 511 1284 eis
537 1251 703 1284 faciendae
741 1256 771 1283 ct
807 1251 880 1283 inde
918 1256 1056 1294 sequuta

319 1305 429 1338 omnia
459 1304 580 1338 nullius
612 1309 723 1337 essent
753 1304 870 1337 valoris
905 1305 954 1337 vel
988 1315 1056 1337 mo-

320 1358 437 1398 menti;
453 1358 521 1401 ipse
536 1357 632 1391 etiam
647 1357 796 1390 Clemens
811 1358 1054 1401 praedecessor,

320 1412 416 1444 certis
436 1417 513 1444 tunc
533 1411 693 1455 expressis
721 1411 758 1444 de
785 1411 902 1451 causis,
928 1416 1056 1455 tempus

320 1465 539 1509 quadriennii,
559 1475 618 1508 per
642 1465 763 1497 dictum
780 1463 903 1497 Sixtuin
920 1465 1056 1507 praede-

320 1528 483 1551 cessorem
508 1517 675 1561 prorogati
691 1528 747 1550 seu
767 1518 805 1550 de
823 1528 908 1550 novo
926 1527 1057 1550 conces-

320 1572 356 1612 si,
376 1572 415 1604 de
436 1571 574 1605 consilio
594 1576 668 1604 tunc
694 1571 899 1604 existentium
927 1576 1054 1604 sanctae

320 1625 484 1658 Romanae
502 1625 663 1658 Ecclesiae
689 1625 903 1659 cardinalium
921 1635 1056 1667 congre-

321 1677 460 1720 gationis
486 1677 695 1711 Germanicae
720 1677 769 1710 bis
793 1677 832 1710 ad
858 1678 944 1711 alind
963 1677 1056 1721 quin-

321 1730 499 1774 quennium
536 1731 725 1764 extenderat
749 1735 781 1763 et
805 1737 1055 1774 prorogaverat,

321 1788 361 1823 et,
374 1788 532 1827 quatenus
545 1785 672 1828 lapsum
687 1789 781 1825 esset,
797 1784 881 1817 idem
896 1784 1054 1817 indultum

322 1836 361 1869 de
386 1847 469 1869 noro
494 1842 710 1877 concesserat,
738 1837 825 1870 iuxta
850 1837 984 1869 sormam
1006 1837 1056 1870 lit-

323 1895 463 1922 terarum
487 1889 576 1922 Pauli
593 1889 630 1922 IV
646 1890 907 1932 praedecessoris
931 1889 1058 1932 praedi-

321 1943 374 1982 cti,
398 1943 441 1975 ita
465 1947 572 1976 tamen
597 1948 632 1975 ut
655 1942 772 1986 prioris
799 1942 914 1975 indulti
946 1942 1058 1975 huius-

322 1995 409 2029 modi
434 1997 621 2039 prorogatio
646 2007 701 2029 seu
727 1996 895 2029 concessio
920 2006 986 2028 uon
1004 2007 1057 2029 ex-

323 2049 510 2082 tenderetur
523 2049 561 2082 ad
579 2049 788 2081 canonicatus
805 2055 836 2081 ct
852 2049 1055 2092 praebendas

322 2101 477 2134 ecclesiae
491 2102 770 2145 metropolitanae,
782 2102 820 2135 ad
834 2102 967 2134 vicarias
980 2112 1056 2135 vero

323 2160 387 2188 tam
402 2155 505 2188 dictae
519 2155 788 2198 metropolitanae
807 2166 903 2198 quam
922 2155 1057 2187 aliarum

323 2208 532 2241 ecclesiarum
566 2209 710 2241 omnium
750 2209 855 2241 dictae
896 2209 1054 2249 civitatis,

324 2261 420 2293 etiam
445 2261 484 2294 ad
507 2261 598 2301 alios,
624 2262 678 2305 qui
704 2262 735 2294 in
761 2262 823 2295 alia
847 2272 943 2306 quam
968 2262 1059 2295 Colo-

324 2314 427 2348 niensi
453 2314 618 2347 academia
646 2315 782 2357 gradum
815 2316 1056 2359 suscepissent,

325 2367 404 2400 illud
430 2373 597 2401 extensum
622 2378 690 2400 esse
722 2369 868 2401 voluerat
893 2373 925 2401 ct
948 2374 1059 2401 exten-

325 2420 423 2461 derat,
452 2431 488 2453 ac
517 2421 736 2464 ampliaverat,
766 2422 877 2454 volens
907 2426 939 2454 et
974 2421 1060 2454 inhi-

324 2474 417 2513 bens,
431 2473 456 2506 si
472 2473 588 2517 aliquis
606 2473 792 2506 nominatus
810 2473 1005 2507 beneficium
1020 2475 1058 2507 ad

325 2527 411 2571 quod
437 2527 623 2559 nominatus
657 2526 770 2559 fuisset
801 2527 967 2570 resignare
993 2529 1059 2561 vel-

362 2590 372 2615 1
396 2587 466 2615 Idest
480 2588 614 2623 expediri
628 2589 722 2622 facere
739 2590 774 2622 (n.
791 2589 839 2621 Τ.).

429 2642 504 2670 Bulz.
520 2642 648 2670 Rom.-
668 2642 728 2669 Vol.
746 2641 837 2669 XVII.
998 2642 1029 2670 31

1739 182 1797 214 ⁶241

1102 241 1156 281 let,
1184 250 1224 273 ne
1249 240 1316 273 ullo
1342 239 1439 273 modo
1465 239 1525 272 nisi
1552 239 1582 272 in
1608 240 1756 272 manibus
1778 240 1840 272 Ito-

1101 295 1186 327 mani
1211 294 1388 335 Pontificis,
1416 300 1470 327 aut
1487 294 1596 327 nuncii
1617 294 1788 338 apostolici
1807 294 1838 326 in

1102 348 1184 380 dicta
1217 347 1342 380 civitate
1374 347 1559 381 Coloniensi
1595 358 1654 391 pro
1691 351 1837 390 tempore

1101 401 1258 443 degentis,
1282 401 1466 434 huiusmodi
1484 400 1678 434 heneficium
1696 400 1734 433 ad
1753 400 1838 433 fi‘ivo-

1101 463 1167 486 rem
1193 453 1325 485 alterius
1350 464 1367 485 a
1390 459 1516 486 rectore
1542 459 1571 486 et
1598 453 1727 486 decanis
1746 464 1838 497 prae-

1100 505 1194 537 dictis
1215 505 1416 545 nominandi,
1435 516 1493 538 nec
1512 516 1569 548 per
1582 506 1837 548 resignationem

1100 557 1179 590 illud
1205 567 1264 590 nee
1289 568 1347 601 per
1376 558 1649 601 permutationem
1672 558 1836 591 dimittere

1100 618 1223 655 posset,
1250 611 1418 653 quodque,
1444 611 1574 643 nonnisi
1600 616 1727 644 servato
1752 612 1838 644 inter

1099 663 1327 707 competitores
1352 673 1512 696 concursu
1530 674 1547 695 a
1572 673 1666 696 sacro
1692 663 1836 697 Concilio

1099 717 1286 750 Tridentino
1305 716 1336 748 in
1354 716 1582 749 collationibus
1600 716 1836 759 parochialium

1099 771 1311 804 ecclesiarum
1335 770 1547 813 praescripto,
1566 770 1603 802 ad
1630 770 1837 803 canonicatus

1099 829 1130 857 et
1154 823 1356 867 praebendas
1386 822 1571 866 praedictos
1604 822 1772 856 nominare
1806 828 1838 856 et

1099 877 1246 911 conferre
1266 876 1432 916 deberent,
1451 886 1487 908 ac
1503 875 1711 908 nominantes
1731 875 1836 908 iurare

1098 942 1132 964 se
1158 930 1339 974 digniorem
1357 934 1388 962 et
1413 929 1451 962 ad
1473 928 1693 973 profitendum
1718 938 1836 961 munus

1099 984 1199 1027 magis
1233 988 1343 1027 aptum
1375 975 1600 1027 praelaturos,
1634 987 1665 1015 et
1697 982 1836 1015 vicissim

1098 1050 1183 1079 euni,
1211 1049 1307 1081 quem
1325 1037 1481 1081 praeferri
1500 1036 1703 1078 contigisset,
1730 1035 1835 1067 iurare

1097 1103 1129 1125 se
1148 1091 1327 1125 iniunctum
1347 1089 1521 1134 profitendi
1539 1088 1679 1122 officium
1699 1088 1837 1131 diligen-

1099 1151 1146 1178 ter
1170 1144 1414 1189 praestituriun3
1441 1142 1558 1175 deinde
1576 1152 1651 1175 vero
1670 1152 1707 1174 cx
1732 1141 1835 1174 causis

1097 1197 1272 1242 praedictis
1298 1197 1403 1230 dictus
1428 1196 1577 1229 Clemens
1602 1195 1837 1239 praedecessor

1098 1251 1257 1284 indultum
1282 1249 1470 1282 huiusmodi
1486 1249 1526 1281 ad
1547 1248 1635 1280 aliud
1653 1248 1837 1290 quinquen-

1097 1305 1185 1337 nium
1211 1304 1330 1336 iterum
1354 1307 1606 1346 prorogaverat,
1633 1301 1836 1341 extenderat,

1098 1368 1154 1391 seu
1170 1361 1381 1395 concesserat,
1400 1356 1650 1398 decreveratque
1669 1354 1838 1386 huiusmo-

1098 1412 1128 1444 di
1153 1410 1364 1444 canonicatus
1389 1408 1518 1442 nonnisi
1543 1407 1691 1452 personis
1717 1418 1754 1440 ex
1781 1407 1838 1439 ali-

1097 1467 1159 1509 qua
1183 1475 1220 1497 ex
1254 1463 1346 1497 dietis
1382 1462 1650 1495 universitatibus
1687 1461 1836 1501 idoneis,

1097 1530 1177 1562 quae
1195 1517 1404 1551 iureiurando
1422 1516 1461 1550 ad
1480 1514 1699 1559 profitendum
1719 1524 1837 1547 munus

1097 1573 1272 1615 diligenter
1296 1581 1365 1604 sese
1389 1570 1644 1612 adstringerent,
1672 1568 1839 1601 dumtaxat

1097 1625 1252 1665 conferri,
1279 1635 1315 1657 ac
1339 1623 1549 1656 canonicatus
1576 1627 1607 1655 et
1632 1621 1836 1665 praebendas

1097 1678 1279 1723 praedictos
1304 1687 1362 1720 per
1387 1687 1443 1710 eos
1468 1675 1657 1709 huiusmodi
1690 1674 1838 1707 nomina-

1099 1732 1194 1765 tionis
1218 1731 1327 1774 vigore
1344 1729 1542 1763 obtinendos
1559 1738 1625 1761 non
1642 1727 1704 1761 nisi
1722 1728 1754 1760 in
1770 1738 1838 1760 ma-

1097 1785 1192 1817 nibus
1228 1783 1362 1817 Romani
1398 1781 1561 1815 Pontificis
1601 1792 1659 1825 pro
1691 1786 1838 1824 tempore

1098 1837 1274 1877 existentis,
1289 1846 1361 1869 cum
1386 1834 1536 1879 specifica
1561 1835 1729 1868 mentione
1750 1835 1837 1877 quod

1099 1891 1171 1924 illos
1183 1890 1293 1933 vigore
1310 1888 1495 1922 huiusmodi
1513 1887 1745 1921 nominationis
1763 1898 1840 1920 con-

1098 1943 1227 1987 sequuti
1251 1948 1370 1982 essent,
1386 1940 1546 1984 resignari
1560 1941 1611 1973 vel
1625 1940 1703 1973 alias
1721 1940 1838 1973 dimitti

1099 1998 1283 2030 nullatenus
1304 2001 1447 2040 possent,
1467 1994 1613 2038 alioquin
1631 1993 1838 2027 canonicatus

1099 2056 1130 2084 et
1154 2049 1360 2094 praebendae
1396 2048 1582 2081 huiusmodi
1611 2052 1764 2080 vacarent
1800 2057 1838 2080 eo

1100 2105 1180 2148 ipso,
1205 2103 1248 2135 ita
1273 2108 1308 2135 ut
1334 2102 1372 2135 de
1398 2102 1461 2134 illis
1486 2111 1544 2144 per
1568 2100 1684 2134 Sedem
1703 2101 1840 2144 Aposto-

1099 2158 1192 2191 licam
1225 2157 1390 2189 dumtaxat
1414 2154 1558 2199 [disponi
1591 2154 1724 2198 posset)
1751 2153 1839 2186 idem

1100 2211 1216 2244 Paulus
1235 2210 1259 2241 V
1280 2209 1521 2253 praedecessor,
1547 2206 1839 2251 supplicationibus

1101 2267 1205 2294 vestro
1230 2259 1362 2293 nomine
1398 2259 1458 2292 sibi
1491 2258 1657 2291 humiliter
1681 2257 1839 2301 porrectis

1101 2314 1290 2354 inclinatus,
1315 2312 1475 2346 indultum
1510 2312 1600 2345 vobis
1626 2322 1642 2343 a
1674 2311 1839 2355 praedicto

1100 2367 1264 2401 Clemente
1289 2366 1539 2410 praedecessore
1569 2374 1780 2405 concessum,
1809 2369 1842 2397 et

1101 2421 1242 2464 desuper
1262 2419 1429 2463 expeditas
1446 2419 1572 2452 litteras
1590 2417 1781 2462 praedictas,
1800 2417 1841 2450 ad

1100 2474 1188 2507 aliud
1214 2472 1473 2517 quinquennium
1499 2483 1517 2504 a
1541 2471 1604 2504 fine
1627 2470 1842 2515 quinquennii

1100 2526 1294 2560 ultimodicti
1333 2536 1350 2558 a
1386 2525 1550 2558 Clemente
1591 2525 1841 2568 praedecessore

1100 2580 1244 2614 concessi
1269 2579 1532 2623 computandum,
1551 2579 1739 2612 auctoritate
1764 2588 1842 2622 apo-

1850 192 1897 216 An.
1915 191 1942 217 (i.
1968 190 2033 218 tt'sst
