2247 3208
234 208 283 236 An.
300 207 327 235 C.
350 207 417 235 1662
462 198 504 232 6⁶2

262 1485 367 1510 Pauperes
382 1489 418 1504 ec-

236 1511 350 1532 clesiastici
391 1516 416 1531 ne

236 1541 353 1564 graventur,

276 2170 424 2196 'rransumpto-

243 2203 287 2218 rum
304 2197 362 2217 fides.

428 256 560 295 clausis,
583 265 620 287 ac
644 253 763 286 litteris
782 250 971 294 apostolicis
990 248 1160 292 quibusvis

429 307 627 351 generaliter
657 306 708 338 vel
741 303 930 348 specialiter
968 301 1159 340 concessis,

427 371 556 394 necnon
581 359 698 392 litteris
724 356 1004 395 reservationum,
1030 354 1162 398 pensio-

427 423 505 446 num
526 417 558 444 et
575 412 737 444 fruetuum
752 408 953 448 huiusmodi,
972 419 1008 441 ac
1026 408 1162 450 quibus-

427 466 474 499 vis
500 464 773 507 obligationibus,
802 462 899 495 etiam
924 460 956 493 in
981 461 1085 493 forma
1110 470 1162 492 ca-

428 528 550 558 merae,
569 517 666 550 etiam
684 527 757 548 cum
775 516 971 553 iuramento⁷
991 523 1027 545 ac
1045 522 1161 545 censu-

428 581 537 603 rarum
552 575 584 603 et
598 568 740 602 mandati
755 565 941 610 exequutivi
956 565 1159 608 suceptione,

428 624 478 655 vel
503 623 582 655 alias
601 622 743 664 desuper
761 620 851 652 sactis
871 618 1013 661 (etiamsi
1031 618 1070 650 de
1096 617 1160 650 illis

429 685 608 718 eorumque
634 674 709 706 totis
736 672 905 705 tenoribus
932 671 971 704 de
997 671 1097 703 verbo
1122 670 1162 702 ad

428 728 563 760 verbum
600 724 723 760 mentio
752 736 810 757 seu
845 724 977 767 quaevis
1015 722 1077 756 alia
1110 733 1163 755 ex-

428 781 555 823 pressio
582 779 733 811 habenda
758 778 812 818 sit,
834 782 866 809 et
883 777 915 809 in
937 777 983 809 eis
1009 781 1163 808 caveatur

429 842 583 876 expresse
603 831 690 875 quod
711 841 771 874 per
792 829 981 862 huiusmodi
1000 829 1161 861 clausulas

429 886 610 929 generales,
638 884 734 917 etiam
759 882 936 926 specialem
960 881 1162 914 mentionem

429 938 659 982 importantes,
694 936 739 969 eis
772 936 965 978 derogatum
991 945 1064 967 esse
1097 944 1163 967 non

430 996 617 1031 censeatur,
644 995 699 1022 aut
724 988 876 1032 derogari
901 999 967 1021 non
992 988 1161 1027 videatur,

429 1044 492 1077 nisi
517 1043 615 1077 certis
640 1043 736 1075 modo
766 1047 798 1075 et
831 1042 933 1074 forma
964 1041 996 1073 in
1020 1041 1084 1073 illis
1111 1051 1164 1073 ex-

429 1098 554 1141 pressis
579 1097 676 1140 plene
703 1095 919 1138 observatis>3
947 1093 1066 1137 quibus
1096 1104 1164 1126 om-

429 1151 535 1191 nibus,
556 1160 669 1183 eorum
696 1154 828 1182 tenores
854 1147 1084 1192 praesentibus
1102 1158 1163 1191 pro

431 1203 594 1247 expressis
613 1203 782 1241 habentes,
801 1201 865 1233 illis
883 1201 962 1233 alias
984 1201 1016 1232 in
1035 1211 1094 1233 suo
1112 1211 1164 1233 ro-

429 1257 510 1289 bore
546 1255 796 1299 permansuris,
830 1254 869 1286 ad
904 1254 1163 1297 praemissorum

432 1309 601 1349 effectum,
628 1309 689 1342 hac
714 1308 783 1341 vice
809 1308 990 1348 dumtaxat,
1016 1307 1166 1350 speciali-

432 1368 483 1396 ter
507 1369 539 1397 et
562 1373 716 1406 expresse
736 1362 950 1404 derogamus;
977 1360 1163 1404 ceterisque

432 1415 604 1450 contrariis
631 1415 906 1458 quibuscumque.

476 1470 490 1512 ξ
514 1469 544 1502 6.
572 1468 734 1508 Ceterum,
752 1468 900 1501 volentes
926 1467 1101 1511 providere
1124 1477 1164 1500 ne

432 1532 596 1566 pauperes
628 1521 842 1555 ecclesiastici
877 1521 916 1553 ad
948 1520 1184 1562 contributio-¹

432 1587 506 1609 nem
531 1573 718 1608 huiusmodi
737 1579 925 1617 graventur,
946 1579 976 1607 te
995 1574 1166 1606 hortamur

433 1634 570 1669 attente,
597 1639 632 1661 ac
657 1628 689 1660 in
715 1628 834 1661 virtute
860 1632 991 1660 sanctae
1010 1627 1166 1660 obedien-

434 1683 496 1715 tiae
514 1682 574 1714 tibi
599 1682 802 1721 mandamus,
822 1686 983 1724 quatenus
1002 1672 1165 1724 pauperes

435 1735 686 1775 ecclesiasticos,
707 1734 761 1778 qui
787 1735 819 1767 in
844 1734 1028 1767 redditibus
1050 1733 1165 1766 annuis

435 1788 518 1822 nihil
543 1794 597 1821 aut
621 1791 744 1831 parum,
771 1788 869 1820 etiam
893 1798 998 1831 usque
1019 1788 1059 1820 ad
1079 1789 1168 1820 valo-

437 1853 505 1876 rem
520 1843 632 1876 decem
646 1843 826 1882 unciarum,
842 1847 933 1875 scuta
946 1841 1059 1884 viginti
1075 1841 1168 1884 quin-

437 1907 499 1939 que
514 1901 664 1928 monetae
679 1895 766 1928 illius
782 1894 874 1938 regni
889 1894 1166 1933 constituentium,

436 1949 617 1989 inclusive,
644 1948 784 1988 habent,
818 1948 856 1980 ad
889 1946 1167 1980 contributionem

437 2002 637 2045 praedictam
662 2012 722 2044 per
738 2011 962 2044 quoscumque
983 2000 1095 2044 quavis
1114 2010 1170 2032 au-

439 2054 589 2087 ctoritate
620 2054 792 2096 fungentes
826 2053 897 2096 cogi
931 2058 987 2086 aut
1015 2053 1169 2096 compelli

439 2108 529 2139 nullo
555 2107 652 2139 modo
677 2106 860 2149 permittas.

483 2160 497 2202 g
529 2160 559 2192 7.
593 2158 747 2192 Volumus
780 2165 889 2192 autem
923 2160 1010 2203 qnod
1046 2159 1170 2191 exactio

440 2213 653 2256 pecuniarum
673 2212 861 2245 huiusmodi
882 2214 921 2245 ab
940 2212 1170 2245 ecclesiasticis

440 2275 671 2308 perpersonas
693 2265 942 2304 ecclesiasticas,
960 2276 977 2297 a
995 2265 1080 2297 (licto
1098 2265 1172 2297 Phi-

441 2318 531 2361 lippo
558 2329 633 2360 rege
652 2329 708 2350 scu
726 2318 883 2350 moderno
902 2318 993 2359 regni
1012 2317 1171 2361 praedicti

441 2382 581 2416 prorege
600 2371 813 2404 nominandas
835 2376 867 2403 et
884 2381 943 2413 per
964 2376 994 2403 te
1015 2371 1173 2413 deputan-

443 2424 594 2465 das‚f1eri
610 2425 739 2464 debeat,
754 2424 903 2456 invocato
925 2424 1021 2456 etiam
1040 2424 1078 2456 ad
1097 2424 1171 2463 hoc,

444 2479 469 2510 si
488 2489 570 2522 opus
596 2477 702 2517 suerit,
720 2476 839 2509 auxilio
863 2477 989 2508 brachii
1013 2476 1172 2509 secularis

444 2532 545 2574 (quod
572 2531 597 2564 si
623 2541 716 2563 secus
735 2531 767 2562 in
786 2530 894 2572 aliquo
917 2530 1172 2572 praemissorum

445 2585 563 2617 sactum
581 2583 689 2624 suerit,
705 2583 759 2626 qui
776 2582 1030 2622 contravenerit,
1046 2583 1076 2613 in
1095 2592 1174 2624 pee-

1010 201 1189 226 BULLARIUM
1213 199 1363 224 ROMANUM

1195 257 1252 279 nas
1272 253 1304 280 et
1321 257 1476 280 censuras
1502 245 1701 287 incurrant¹‚
1727 245 1866 289 perinde
1892 255 1930 277 ac

1195 300 1222 332 si
1246 304 1440 343 praesentes
1459 299 1592 332 litterae
1606 309 1672 332 non
1691 298 1926 341 emanassent);

1196 353 1350 396 quodque
1384 352 1480 385 etiam
1509 352 1735 395 praesentium
1767 356 1930 384 transum-

1194 406 1282 448 ptis,
1316 405 1412 438 etiam
1442 405 1638 448 impressis,
1668 415 1766 437 manu
1791 404 1928 438 alicuius

1194 458 1314 490 notarii
1328 458 1451 501 publici
1466 457 1671 500 subscriptis,
1688 462 1719 490 et
1732 457 1840 500 sigillo
1854 467 1930 500 per-

1195 521 1295 543 sonae
1320 511 1353 543 in
1379 511 1537 553 dignitate
1563 510 1787 543 ecclesiastiea
1808 511 1931 543 eonsti-

1196 568 1284 596 tutae
1310 564 1457 603 munitis,
1485 563 1598 596 eadem
1624 573 1760 606 prorsus
1790 562 1870 596 fides
1896 563 1929 596 in

1196 616 1317 649 iudicio
1343 621 1375 649 et
1392 622 1482 649 extra
1500 617 1533 649 in
1551 616 1703 649 omnibus
1730 620 1762 648 et
1785 625 1846 658 per
1863 626 1931 648 om-

1196 669 1248 701 nia
1266 669 1474 709 adhibeatur,
1498 679 1579 712 quae
1598 668 1678 712 ipsis
1697 668 1929 711 praesentibus

1197 721 1424 762 adhiberetur,
1444 723 1469 754 si
1497 722 1604 755 forent
1630 720 1794 754 exhibitae
1820 721 1871 754 vel
1897 731 1931 754 0-

1197 779 1340 807 stensae.

1240 836 1351 869 Datum
1377 836 1516 877 Romae,
1543 837 1627 880 apud
1653 836 1684 869 S.
1711 835 1843 868 Mariam
1868 835 1931 868 Ma-

1196 888 1319 929 iorem,
1350 890 1408 921 sub
1442 890 1563 922 annulo
1596 889 1790 929 Piscatoris,
1821 888 1871 922 die
1900 898 1932 922 lv

1198 941 1395 985 septembris
1421 952 1570 981 MDCan,
1597 940 1802 985 pontificatus
1826 941 1931 974 nostri

1198 1005 1282 1027 anno
1300 1005 1369 1027 Vl11.

1232 1056 1291 1082 Dat.
1313 1055 1355 1082 die
1375 1056 1390 1082 4
1410 1055 1572 1091 septembris
1594 1055 1670 1089 1662,
1686 1055 1779 1091 pontif.
1794 1063 1863 1084 anno
1876 1061 1931 1084 vm.

1512 1197 1610 1230 CDIV.

1200 1277 1388 1312 Commissio
1402 1277 1537 1320 officiali
1550 1277 1729 1309 Bisuntino
1743 1281 1854 1309 contra
1872 1276 1936 1310 Gu-

1241 1331 1414 1374 9lielmum
1439 1331 1655 1363 Hmnhereum
1680 1330 1935 1373 Praecipiamem

1242 1389 1271 1417 et
1296 1384 1377 1416 ulios
1404 1383 1618 1416 inobedientes
1647 1384 1815 1416 ccmom‘cos
1840 1383 1934 1415 eccle-

1242 1435 1310 1467 siae
1332 1435 1529 1468 Bisunlinae
1540 1433 1560 1466 ².

1199 1515 1314 1542 Dilecto
1334 1515 1394 1542 filio
1415 1514 1519 1542 Ioanni
1538 1514 1704 1547 Dorivalio‚
1726 1513 1935 1541 archidiacono

1234 1560 1411 1586 Luxoviensi
1431 1561 1461 1586 et
1481 1559 1623 1586 canonico
1643 1558 1800 1591 ecclesiae,
1819 1564 1935 1585 necnon

1235 1603 1358 1631 officiali
1378 1603 1479 1631 curiae
1500 1602 1688 1636 Bisuntinae,

1392 1656 1560 1683 Alexander
1580 1657 1659 1690 Papa
1678 1655 1741 1683 VII.

1473 1719 1585 1746 Dilecte
1605 1718 1662 1748 fili,

1236 1766 1367 1792 salutem
1387 1767 1417 1792 et
1437 1764 1631 1798 apostolicam
1650 1762 1897 1791 benedictionem.

1246 1836 1260 1879 ξ
1283 1835 1314 1868 l.
1343 1835 1429 1867 Alias
1448 1839 1642 1867 emanarunt
1659 1844 1676 1866 a
1692 1833 1787 1866 nobis
1809 1833 1936 1866 litterae

1202 1890 1234 1922 in
1260 1888 1356 1921 simili
1383 1888 1486 1921 forma
1510 1887 1631 1926 Brevis,
1658 1886 1781 1920 tenoris
1807 1886 1860 1929 qui
1887 1896 1938 1919 se-

1204 1942 1319 1985 quitur⁷
1345 1940 1514 1973 videlicet:

1246 1994 1434 2028 Alemander
1449 1993 1560 2036 Papa-e
1581 1992 1653 2031 VII,
1668 1992 1710 2024 acl
1729 1992 1874 2035 futuram
1890 1991 1938 2023 rei

1204 2048 1396 2081 memoriam.
1421 2046 1562 2078 Iustitiae
1589 2045 1686 2087 exigit
1710 2045 1801 2084 ratio,
1825 2043 1913 2077 etc.³.

1249 2103 1263 2144 g*
1287 2101 1315 2133 9.
1341 2100 1418 2133 Cum
1443 2104 1551 2132 autem
1569 2098 1668 2141 (sicut
1680 2108 1744 2130 non
1764 2098 1833 2129 sine
1849 2096 1937 2139 gravi

1206 2154 1303 2187 animi
1324 2153 1427 2186 nostri
1447 2152 1560 2185 dolore
1578 2151 1716 2183 subinde
1738 2149 1938 2193 accepimus)

1206 2206 1375 2240 memorati
1401 2205 1602 2247 Guglielmus
1620 2204 1819 2236 Humbertus
1844 2202 1941 2234 Prae-

1207 2260 1354 2304 cipianus
1381 2264 1413 2292 et
1437 2258 1491 2291 alii
1509 2256 1656 2291 canonici
1678 2256 1747 2290 eius
1766 2257 1939 2295 electores,

1243 2368 1252 2393 1
1278 2366 1459 2393 Cohaerenter
1478 2364 1536 2399 lege
1556 2364 1691 2391 incurrat
1709 2363 1747 2398 (n.
1764 2363 1813 2397 T.).

1241 2412 1258 2438 2
1278 2411 1314 2437 Ex
1334 2412 1444 2445 Regest.
1465 2409 1493 2435 in
1513 2410 1615 2435 Secret.
1638 2408 1713 2435 Brev.

1243 2457 1258 2482 3
1277 2455 1366 2481 Tenor
1385 2454 1517 2480 dictarum
1537 2454 1689 2479 litterarum
1715 2451 1859 2485 omittitur,
1881 2451 1943 2486 quia

1208 2500 1259 2526 iam
1279 2499 1353 2525 illum
1373 2497 1457 2524 habes
1484 2497 1510 2523 in
1531 2505 1578 2523 suo
1598 2496 1691 2522 ordine
1711 2495 1759 2522 sub
1779 2495 1841 2521 dato
1861 2502 1876 2521 v
1896 2494 1943 2521 de-

1208 2544 1324 2571 cembris
1344 2550 1450 2578 noemi,
1471 2542 1640 2578 pontificatus
1656 2549 1724 2568 anuo
1738 2546 1785 2575 vu,
1804 2543 1868 2567 tom.
1888 2545 1941 2573 xvi,

1209 2598 1270 2625 pag.
1288 2589 1349 2616 735.

1943 195 1992 223 An.
2007 194 2036 222 G.
2058 193 2127 221 1662

1974 1839 2067 1860 Litterae
2078 1839 2135 1865 luins

1953 1866 2023 1886 editae
2062 1872 2133 1886 receu-

1952 1895 2030 1913 scutur-

1981 2102 2070 2124 Motim.

2236 858 2247 933 .;.ι--
2236 722 2247 844 -.*n.=-.-
2239 703 2247 711 ι
