2247 3208
124 228 173 255 An.
196 228 223 256 C.
241 229 308 257 1662

911 233 1100 257 ALExxNDER
1124 235 1167 258 vu
1194 236 1240 258 1³1³.

317 279 469 323 prietatis
495 279 690 319 ementibus,
719 280 949 320 vendentibus,
978 281 1056 314 alie-

317 332 482 373 nanfibus,
509 337 565 365 aut
584 334 833 376 asportantibus
855 333 1052 376 infligenda,

318 386 403 419 unde
429 396 489 429 per
512 395 686 419 numerum
704 388 862 420 cellarum
881 386 1054 429 signentur

316 438 462 482 ipsarum
476 439 618 479 mobilia,
638 440 781 482 grabata,
796 440 949 482 stragula,
964 449 1054 472 men-

315 501 392 532 sae,
430 492 565 533 sedilia,
601 497 777 536 ceteraque
810 492 1053 536 suppellectilia

315 545 441 585 omnia,
469 556 580 589 quare,
607 545 643 585 si,
669 550 745 588 post
769 545 860 584 haec,
886 545 995 588 aliqua
1018 545 1052 578 in

314 599 452 632 alieuius
478 600 560 633 cella
585 609 644 632 suo
668 609 807 632 numero
833 598 961 641 signata
984 609 1050 632 non

314 653 524 696 reperiantur
547 652 799 697 suppellectilia,
826 652 994 686 habitator
1013 653 1052 686 il-

314 705 376 740 lius
406 705 508 738 cellae
542 709 705 748 tamquam
737 704 789 738 fur
824 704 987 738 habeatur
1019 710 1052 738 et

313 758 479 802 puniatur.

532 811 547 854 ἓ
571 810 606 843 V.
632 810 678 843 De
701 810 829 843 studiis.

356 874 378 898 1.
406 864 453 897 Ad
479 863 587 897 studia
616 869 679 896 tam
697 863 931 908 philosophica
952 875 1049 908 quam

313 917 500 960 theologica
525 917 635 950 nullus
653 917 845 950 admittatur
863 918 925 950 nisi
954 929 1049 962 prae-

310 970 362 1003 vio
389 970 540 1013 rigoroso
566 971 713 1004 examine
750 972 962 1015 approbetur,
1000 972 1049 1004 ni—

311 1023 430 1057 mirum
455 1035 516 1068 pro
541 1025 755 1068 philosophia
780 1025 819 1057 de
845 1025 1049 1058 humaniori-

311 1078 372 1111 bus
398 1077 526 1117 litteris,
547 1082 578 1110 et
598 1088 657 1121 pro
681 1077 849 1120 theologia
875 1078 913 1111 de
939 1079 1047 1122 philo-

312 1131 447 1175 sopliia;
474 1131 513 1164 ad
539 1136 693 1163 neutrum
718 1142 796 1164 vero
815 1131 877 1164 nisi
896 1132 938 1164 sit
962 1132 1046 1164 bene

312 1184 531 1226 morigeratus
557 1189 590 1217 et
615 1184 780 1217 exercitiis
817 1184 1046 1227 spiritualibus

310 1246 370 1279 per
395 1241 468 1269 octo
498 1240 554 1268 aut
572 1236 686 1268 decem
705 1236 773 1268 dies
792 1236 972 1269 secundum
990 1247 1047 1279 pa-

310 1289 368 1321 tris
394 1288 515 1331 prioris
547 1288 799 1331 dispositionem
832 1289 924 1332 prius
954 1300 1046 1322 vaca-

308 1341 413 1382 verit;
440 1342 528 1386 quod
554 1342 650 1375 etiam
675 1348 846 1385 praestare
878 1343 1046 1375 tenebitur

309 1394 385 1427 dum
410 1405 428 1428 a
452 1406 550 1428 cursu
581 1395 815 1439 philosophiae
846 1396 885 1428 ad
912 1406 1045 1429 cursum

309 1447 496 1490 theologiae
515 1447 578 1481 erit
594 1448 807 1482 transiturus.

350 1511 386 1534 11.
412 1500 658 1534 Examinatores
683 1511 744 1544 pro
767 1501 978 1535 admittendis
1004 1503 1043 1534 ad

307 1564 440 1586 cursum
454 1553 688 1598 philosophiae
707 1559 804 1586 erunt
817 1559 928 1598 patres
940 1555 1041 1598 prior,

306 1617 424 1649 regens
451 1607 565 1646 studii,
584 1607 828 1648 baccalaureus,
846 1612 879 1640 et
896 1608 1042 1641 eiusdem

306 1659 539 1703 philosophiae
553 1661 776 1704 professores;
793 1671 853 1704 pro
869 1661 1043 1694 admitten-

307 1712 355 1746 dis
379 1723 458 1745 vero
483 1714 522 1746 ad
548 1713 759 1757 theologiam,
787 1715 825 1746 ad
851 1725 963 1747 sacros
991 1725 1043 1747 or-

306 1765 408 1806 dines,
435 1766 474 1799 ad
500 1767 675 1800 conciones
702 1772 735 1800 et
759 1768 797 1800 ad
816 1767 1041 1800 confessiones

305 1819 494 1860 audiendas,
520 1825 654 1863 praeter
677 1826 788 1864 patres
813 1821 968 1865 priorem,
992 1832 1043 1854 re-

306 1876 436 1914 gentem
462 1878 494 1905 et
518 1874 618 1905 studii
642 1874 909 1915 baccalaureum,
947 1880 1043 1908 erunt

306 1925 405 1958 etiam
419 1917 493 1958 filo
519 1926 706 1969 theologiae
735 1927 943 1970 professores
969 1939 1042 1960 cum

305 1978 469 2011 directore
494 1979 627 2022 pietatis
654 1984 687 2012 et
711 1980 838 2013 duobus
875 1980 1041 2023 graduatis

305 2031 445 2064 familiae
481 2043 498 2064 a
531 2032 680 2075 patribus
705 2033 833 2066 consilii
858 2034 890 2066 in
921 2034 1043 2077 prinei-

305 2085 359 2128 pio
385 2085 561 2118 cuiuslibet
590 2085 722 2119 triennii
754 2087 793 2119 ad
828 2086 917 2120 hune
948 2087 1042 2120 effec-

307 2143 374 2170 tum
396 2137 611 2181 deputandis,
638 2140 676 2171 ea
701 2143 809 2171 tamen
834 2140 907 2182 lege
933 2145 969 2172 ut
985 2151 1042 2183 pa—

307 2200 355 2224 ter
378 2191 471 2234 prior
495 2192 560 2223 unzi
577 2202 650 2224 cum
675 2192 823 2235 patribus
849 2198 984 2235 regente
1010 2198 1042 2226 et

305 2243 409 2277 altero
442 2244 628 2287 theologiae
660 2245 849 2288 professore
879 2246 918 2278 ad
946 2257 1041 2289 prae-

305 2296 390 2330 dicta
415 2297 563 2330 examina
594 2297 742 2330 facienda
773 2299 955 2341 procedere
987 2311 1041 2332 va-

304 2350 369 2382 leat
394 2354 427 2382 et
452 2350 579 2389 debeat,
605 2350 675 2382 aliis
698 2350 975 2385 examinatoribus
1000 2353 1039 2385 ad

305 2412 421 2436 senum
446 2403 670 2446 campanellae
706 2403 838 2436 monitis
865 2410 897 2437 et
921 2416 1040 2438 convo-

304 2455 382 2489 catis
406 2465 473 2487 non
497 2455 743 2488 accedentibus.

348 2517 394 2541 ιιι.
422 2507 474 2540 Bis
499 2508 616 2541 saltem
640 2508 777 2552 singulis
803 2509 895 2542 annis
919 2511 1040 2543 habea-

304 2567 356 2594 tur
379 2571 516 2594 examen
546 2562 716 2605 publicum
745 2573 806 2606 per
830 2563 1037 2607 supradictos

300 2613 542 2650 examinatores
568 2619 601 2648 et
625 2615 722 2648 etiam
754 2615 835 2648 alios
863 2627 1039 2660 quoscum-

1751 227 1792 260 39

1090 293 1152 325 quc
1178 284 1364 327 graduatos‚
1400 284 1453 328 qui
1479 283 1555 316 huic
1581 285 1718 317 examini
1743 284 1825 318 intc-

1089 345 1179 368 resse
1206 339 1378 378 voluerint,
1401 340 1440 372 ad
1466 338 1672 382 probandum
1692 338 1823 382 quinam

1088 387 1120 420 in
1156 389 1264 422 studio
1295 391 1472 434 proficiunt
1496 398 1528 424 et
1553 391 1607 435 qui
1633 402 1698 424 non
1724 392 1823 436 prosi-

1088 441 1190 481 eiunt,
1227 448 1263 475 ut
1294 443 1345 476 isti
1377 455 1395 477 a
1419 444 1560 487 collegio
1596 446 1821 489 expellantur;

1087 493 1203 527 discoli
1228 500 1337 529 autem
1363 502 1395 529 et,
1420 497 1610 539 irreligiosi,
1637 498 1823 530 cuiuscum-

1087 557 1149 591 que
1175 548 1363 591 provineiae
1396 560 1454 582 seu
1485 550 1740 590 communitatis,
1772 556 1823 584 ter

1086 600 1217 644 publice
1234 601 1357 643 moniti,
1377 601 1439 635 nisi
1458 602 1667 647 resipiscant,
1688 604 1727 636 de
1745 614 1822 637 eon-

1085 663 1185 686 sensu
1220 654 1322 699 patris
1358 655 1500 698 prioris,
1528 656 1691 698 regentis,
1720 662 1752 690 et
1776 657 1822 689 di-

1085 706 1222 739 rectoris
1258 707 1390 751 pietatis
1423 715 1577 752 respectu
1609 709 1763 750 fratrum,
1790 715 1822 742 et

1084 758 1182 791 studii
1202 760 1408 793 baccalaurei
1426 766 1579 804 respectu
1601 762 1820 802 sacerdotum,

1084 823 1101 844 a
1123 812 1263 856 collegio
1278 813 1551 847 irremissibiliter
1567 815 1774 858 expellantur
1791 821 1823 848 et

1083 865 1153 898 siue
1190 868 1281 899 mora
1312 866 1344 899 in
1382 877 1457 900 suas
1494 867 1679 910 provincias
1711 868 1821 902 remit-

1085 922 1206 952 tantur.

1126 981 1169 1005 ιν.
1196 971 1370 1005 Studentes
1397 973 1526 1006 duobus
1553 974 1645 1007 annis
1671 974 1821 1017 philoso-

1083 1024 1180 1067 phiae
1194 1030 1227 1057 et
1244 1030 1385 1068 quatuor
1403 1025 1589 1069 theologiae
1608 1026 1817 1067 incu1nbent;

1083 1078 1200 1121 quibus
1222 1088 1277 1111 sex
1296 1078 1389 1111 annis
1416 1079 1598 1120 transactis,
1619 1079 1817 1124 quicumque

1081 1131 1119 1163 ad
1151 1131 1436 1165 baccalaureatum
1476 1133 1618 1176 promoti
1653 1144 1719 1167 non
1750 1134 1819 1167 sue-

1082 1183 1154 1223 rint,
1174 1183 1207 1216 in
1225 1194 1299 1216 suas
1321 1185 1505 1228 provincias
1522 1185 1742 1220 remittantur.
1762 1187 1818 1220 Ce-

1080 1242 1195 1277 terum,
1210 1247 1250 1269 ne
1266 1237 1382 1281 aliquis
1397 1249 1457 1281 per
1471 1239 1618 1271 fraudem
1637 1239 1743 1282 possit
1757 1240 1816 1272 sibi

1080 1299 1261 1332 prorogare
1298 1290 1487 1323 huiusmodi
1513 1296 1660 1335 tempus,
1688 1292 1819 1325 ordina-

1080 1352 1151 1374 mus
1177 1349 1212 1375 ut
1236 1353 1319 1375 unus
1356 1343 1546 1387 specialiter
1578 1345 1757 1388 deputetur
1781 1345 1819 1378 li-

1079 1396 1146 1435 ber,
1173 1395 1205 1428 in
1231 1406 1296 1439 quo
1320 1396 1453 1429 nomina
1485 1402 1518 1429 ct
1550 1398 1745 1440 cognomina
1778 1398 1815 1430 ad

1079 1448 1185 1481 studia
1210 1449 1450 1489 accedentium,
1485 1460 1557 1482 cum
1591 1450 1641 1482 die
1676 1456 1708 1483 et
1731 1461 1816 1483 anno

1079 1513 1193 1535 eorum
1218 1502 1429 1546 receptionis,
1456 1513 1472 1535 a
1502 1503 1617 1535 studii¹
1644 1504 1817 1538 baccalau-

1079 1565 1135 1588 reo
1161 1560 1370 1596 annotentur,
1397 1556 1483 1599 apud
1510 1567 1608 1599 quem
1626 1556 1814 1589 huiusmodi

1078 1608 1162 1641 liber
1188 1608 1226 1641 de
1252 1620 1343 1642 more
1369 1614 1553 1649 remaneat,
1581 1609 1635 1653 qui
1662 1609 1758 1643 etiam
1783 1610 1814 1643 in

1076 1662 1246 1705 praedicto
1282 1663 1367 1695 libro
1398 1662 1587 1695 conscribet
1619 1663 1749 1706 quando
1784 1668 1812 1695 et

1077 1716 1137 1747 sub
1163 1715 1282 1758 quibus
1308 1715 1554 1759 professoribus
1582 1726 1716 1748 cursum
1741 1716 1815 1760 phi-

1076 1768 1286 1811 losophicum
1311 1774 1343 1801 et
1361 1769 1583 1811 theologicum
1602 1774 1812 1812 peregerunt,

1077 1826 1112 1853 ut
1134 1820 1210 1853 inde
1236 1821 1460 1854 testimonium
1478 1832 1539 1866 pro
1565 1821 1764 1864 graduandis
1781 1821 1813 1854 in

1077 1874 1228 1907 facultate
1254 1874 1429 1907 Parisiensi
1455 1875 1582 1907 desumi
1608 1875 1729 1917 possit,
1757 1885 1814 1907 an-

1076 1931 1168 1959 notet
1193 1937 1325 1970 quoque
1359 1927 1391 1959 in
1423 1928 1570 1970 praefato
1607 1927 1709 1967 libro,
1747 1938 1812 1971 quo

1077 1985 1224 2023 ternpore
1243 1980 1356 2013 habita
1374 1980 1524 2013 fuerunt⁴²
1537 1980 1726 2023 supradicta
1740 1991 1814 2014 exa-

1076 2033 1170 2073 mina,
1198 2039 1230 2066 et
1254 2034 1419 2077 quomodo
1445 2033 1672 2077 unusquisque
1697 2033 1736 2066 iis
1762 2044 1812 2067 sa-

1077 2087 1245 2119 tisfecerit.

1118 2150 1148 2173 v.
1175 2140 1219 2173 Ne
1245 2145 1399 2184 torpeant
1424 2141 1532 2174 studia
1550 2140 1648 2173 liuius
1670 2151 1811 2174 conven-

1076 2197 1126 2225 tus
1152 2198 1184 2225 et
1208 2192 1347 2235 collegii,
1366 2193 1462 2226 unica
1487 2194 1653 2226 dumtaxat
1672 2193 1809 2236 singulis

1074 2245 1225 2286 bienniis,
1241 2251 1273 2279 et
1286 2246 1417 2290 quidem
1433 2246 1484 2279 die
1504 2253 1619 2290 quarto
1642 2248 1693 2280 vel
1710 2247 1809 2280 tertio

1074 2298 1203 2341 augusti
1221 2299 1352 2342 quando
1365 2299 1526 2332 dominica
1540 2299 1653 2332 incidit
1669 2299 1701 2332 in
1715 2310 1809 2343 prae-

1074 2352 1196 2385 dictum
1221 2352 1307 2385 diem
1326 2357 1485 2395 quartum,
1500 2351 1556 2384 fiat
1577 2353 1810 2385 baccalaureo-

1074 2416 1145 2437 rum
1178 2405 1317 2445 electi03
1351 2405 1439 2448 quod
1471 2405 1639 2437 biennium
1674 2404 1811 2448 incipiet

1074 2459 1124 2491 die
1146 2469 1176 2492 lv
1199 2459 1327 2501 augusti
1353 2469 1438 2491 anno
1458 2468 1599 2498 iiiDCLxu,
1625 2464 1661 2491 ut
1684 2457 1810 2491 scilicet

1073 2511 1277 2544 baccalaurei
1310 2510 1406 2544 electi
1440 2516 1588 2553 tempore
1619 2515 1807 2553 opportuno

1110 2582 1118 2607 l
1135 2581 1201 2607 Male
1213 2581 1255 2607 ed.
1269 2581 1347 2607 Main.
1359 2580 1425 2616 legit
1435 2580 1540 2607 studiis
1550 2587 1597 2615 pro
1608 2580 1698 2607 studii
1707 2580 1747 2614 (R.
1757 2579 1806 2614 T.).

1106 2625 1122 2652 2
1143 2625 1243 2652 Forsan
1263 2626 1375 2660 fuerint
1396 2633 1444 2660 pro
1462 2626 1583 2660 fuerunt
1606 2625 1641 2660 (R.
1658 2625 1709 2661 Τ.).

1839 237 1887 263 Λιι.
1905 236 1932 262 C.
1958 237 2022 264 ¹662
