2247 3208
113 214 158 239 tu.
181 213 210 239 C.
233 212 297 240 lssssss

134 960 244 981 Decretum
262 961 289 982 ir·

106 990 180 1007 ΓΙῑ-ιης.

135 1805 224 1831 [ln-rogat
235 1812 281 1827 conv

896 206 1084 231 ALEMNDER
1107 207 1151 230 vn
1176 206 1224 230 PP.

308 270 369 304 per
394 258 527 293 eosdem
552 258 732 291 cardinales
766 257 881 291 litteris
911 254 1046 300 patenti-

307 314 367 346 bus
404 311 547 354 magistri
582 310 743 353 generalis
775 309 901 343 Ordinis
932 308 1045 341 huius-

306 365 394 398 modi
420 365 453 397 in
477 364 663 397 authentica
689 364 792 396 forma
821 362 974 396 exhibitis
1000 368 1044 394 tc-

306 418 397 451 noris
422 416 641 461 praeinserti,
670 417 800 449 easdem
827 416 958 455 litteras,
989 425 1044 447 au-

305 472 453 505 ctoritate
478 471 667 515 apostolica,
688 477 800 503 tenore
822 468 1042 512 praesentium

306 526 447 568 benigne
472 526 692 568 approbamus
708 528 738 556 et
754 521 994 561 confirmamus,
1013 526 1043 554 et

304 578 508 610 omnimodae
540 575 749 619 exequutioni
785 574 972 607 demandari
998 573 1044 605 iu-

303 632 429 672 bemus,
456 631 516 663 sub
540 629 657 673 poenis
676 629 706 661 in
733 628 810 671 ipsis
831 627 947 660 litteris
973 637 1042 659 con-

304 683 426 723 tentis;
452 694 488 716 ac
512 687 706 726 perpetuum
731 691 828 724 super
853 680 1041 724 praemissis

303 736 466 769 silentium
491 734 702 778 imponimus,
730 734 816 766 salva
835 739 942 766 tamen
960 744 1042 766 sem-

303 799 360 832 per
399 789 432 820 in
466 789 588 821 eisdem
622 787 812 831 praemissis
849 787 1041 820 auctoritate

301 841 565 885 congregationis
599 846 852 874 memoratorum
894 840 1041 874 cardina-

301 895 393 928 lium.
588 938 592 941 ἱ

344 947 407 989 55.
438 947 661 980 Decernentes
689 948 821 980 easdem
845 953 1039 991 praesentes

300 1001 427 1034 litteras
451 1011 583 1044 semper
607 1000 730 1041 firmas,
762 1001 884 1034 validas
917 1006 949 1033 et
973 1000 1039 1033 effi-

299 1065 393 1088 caces
420 1055 562 1088 existere
599 1059 632 1087 et
666 1054 757 1093 sore,
788 1065 930 1097 suosque
970 1055 1040 1098 ple-

298 1108 409 1141 narios
435 1113 468 1140 et
483 1107 632 1150 integros
651 1106 784 1140 effectus
807 1107 917 1140 sortiri
936 1112 968 1140 et
985 1108 1040 1140 ob-

299 1161 415 1200 tinere,
442 1171 479 1193 ac
505 1161 545 1193 ab
570 1160 652 1199 illis,
677 1161 716 1193 ad
743 1171 825 1203 quos
856 1165 984 1203 spectat
1008 1166 1039 1193 et

298 1225 359 1257 pro
386 1220 535 1257 tempore
557 1214 828 1257 quandocumque
858 1214 1036 1257 spectabit,

297 1267 330 1299 in
352 1267 501 1299 omnibus
543 1272 575 1299 et
609 1277 668 1310 per
704 1266 812 1299 onmia
847 1266 1037 1309 plenissime

297 1319 475 1363 suffragari,
502 1325 533 1352 et
557 1320 596 1352 ab
621 1319 685 1352 illis
711 1320 889 1362 respective
910 1319 1038 1352 inviola-

295 1372 595 1412 biliterobservari‚
607 1373 719 1415 sieque
731 1372 764 1404 in
774 1372 966 1415 praemissis
977 1383 1037 1415 per
1058 1402 1060 1410 ‚

296 1436 520 1470 quoscumque
531 1425 657 1458 iudices
669 1425 855 1458 ordinarios
868 1431 900 1457 et
910 1425 1036 1467 delega-

296 1485 362 1519 tos,
401 1479 498 1512 etiam
534 1489 705 1512 causarum
722 1478 834 1522 palatii
861 1478 1035 1521 apostolici

293 1533 472 1571 auditores,
486 1531 623 1565 iudicari
642 1537 674 1564 et
699 1531 827 1564 definiri
847 1532 979 1571 debere,
999 1542 1035 1564 ac

293 1585 421 1618 irritum
447 1590 479 1618 et.
502 1585 599 1617 inane
627 1584 784 1628 quidquid
810 1595 903 1617 secus
935 1595 1035 1628 super

295 1639 345 1671 his
382 1649 400 1671 a
440 1648 618 1682 quoquam,
659 1637 771 1681 quavis
814 1637 1032 1678 auctoritate,

293 1691 512 1729 scientervel
544 1691 752 1734 ignoranter,
787 1691 964 1733 contigerit
988 1698 1035 1723 at-

294 1744 426 1777 tentari.

337 1800 352 1841 g'
376 1797 407 1830 6.
430 1797 500 1830 Non
519 1797 725 1830 obstantibus
744 1797 1032 1830 constitutionibus

295 1857 327 1883 et
351 1850 613 1884 ordinationibus
640 1850 830 1893 apostolicis
846 1877 853 1889 ,
876 1861 931 1887 ac,
960 1861 1035 1893 qua-

294 1910 387 1936 tenus
425 1913 505 1946 opus
544 1903 599 1942 sit,
642 1903 801 1935 dictorum
838 1902 967 1935 Ordinis
1003 1908 1034 1935 et

293 1956 499 2000 provinciae,
525 1956 686 1998 huiusque
715 1961 931 1988 conventuum
957 1966 1034 1998 quo-

292 2009 467 2048 rumlibet,
503 2008 598 2041 etiam
627 2008 834 2048 iuramento,
862 2008 1034 2042 confirma—

292 2063 380 2096 tione
399 2062 588 2106 apostolica,
605 2063 655 2095 vel
674 2062 785 2105 quavis
803 2061 955 2094 firmitate
972 2062 1034 2095 alia

293 2115 474 2155 roboratis,
502 2115 628 2147 statutis
665 2119 695 2147 et
721 2114 1030 2156 consuetudinibus,

293 2168 472 2211 privilegiis
498 2178 629 2211 quoque
649 2194 656 2207 ,
690 2167 823 2200 indultis
855 2172 886 2200 et
917 2167 1034 2200 litteris

293 2221 478 2264 apostolicis
502 2221 536 2252 in
560 2220 758 2253 contrarium
776 2219 1033 2263 praemissorum

293 2273 543 2316 quomodolibet
565 2273 751 2311 concessis,
779 2272 977 2305 confirmatis
1003 2278 1034 2305 et

293 2326 476 2366 innovatis,
505 2325 620 2369 quibus
647 2326 796 2358 omnibus
829 2331 860 2358 et
885 2326 1031 2368 singulis,

292 2380 423 2413 illorum
442 2385 574 2412 tenores
600 2379 830 2422 praesentibus
848 2390 908 2422 pro
935 2380 1031 2422 plene

292 2438 325 2466 et
348 2431 551 2465 sufficienter
571 2432 737 2475 expressis
764 2437 795 2464 et
819 2432 950 2464 insertis
977 2433 1033 2465 ha-

292 2487 427 2525 bentes,
454 2485 519 2518 illis
547 2485 627 2518 ali'as
654 2485 687 2517 in
717 2495 774 2517 suo
811 2485 932 2517 robore
958 2496 1034 2528 per-

292 2538 475 2579 mansuris,
500 2539 538 2571 ad
573 2538 833 2582 praemissorum
863 2538 1030 2578 effectum,

292 2592 354 2625 hac
388 2591 457 2624 viee
494 2592 673 2632 dumtaxat,
701 2592 891 2635 specialiter
916 2597 947 2624 et
979 2602 1032 2624 ex-

383 2653 460 2680 Bull.
484 2653 565 2680 Rom.
581 2669 614 2673 —
633 2654 693 2681 Vol.
711 2653 800 2681 XVII.
950 2653 984 2680 58

1729 192 1793 227 457

1088 264 1201 297 presse
1219 253 1433 297 derogamus,
1453 253 1637 296 ceterisque
1655 250 1828 285 contrariis

1088 307 1357 351 quibuscumque.

1131 360 1193 403 57.
1221 361 1377 393 Volumus
1404 366 1514 393 autem
1541 365 1576 392 ut
1600 360 1826 403 praesentium

1087 413 1265 446 litterarum
1295 414 1533 456 transumptis,
1568 424 1620 445 seu
1657 414 1825 456 exemplis,

1086 465 1183 498 etiam
1209 465 1394 508 impressis,
1419 476 1515 497 manu
1542 466 1681 498 alicuius
1707 466 1826 498 notarii

1086 518 1212 561 publici
1237 518 1446 562 subscriptis,
1473 524 1503 550 ct
1536 519 1644 561 sigillo
1662 530 1826 562 personae

1085 571 1117 603 in
1158 572 1384 605 ecclesiastica
1426 572 1585 615 dignitate
1627 573 1826 605 constitutae

1086 624 1239 665 munitis,
1266 625 1381 657 eadem
1406 635 1543 668 prorsus
1569 624 1650 660 tides
1676 625 1827 657 adhibea-

1086 682 1147 717 tur,
1173 688 1255 720 quae
1282 678 1514 720 praesentibus
1545 678 1623 721 ipsis
1651 678 1827 711 adhibere-

1086 735 1150 770 tur,
1166 730 1191 763 si
1210 731 1319 763 forent
1345 731 1510 763 exhibitae
1538 732 1586 763 vel
1613 736 1778 763 ostensae.

1128 783 1243 816 Datum
1268 783 1406 823 Romae,
1431 784 1516 827 apud
1549 783 1578 816 S.
1608 784 1738 830 Mariam
1763 784 1827 818 Ma-

1083 836 1209 877 iorem,
1234 837 1292 870 sub
1325 838 1446 870 annulo
1478 837 1671 877 piscatoris,
1709 837 1760 870 die
1796 848 1826 871 xx

1084 890 1164 922 iunii
1196 900 1350 929 MDCwa,
1383 889 1590 933 pontificatus
1626 890 1729 923 nostri
1770 900 1827 923 an«

1083 954 1124 977 no
1148 953 1202 978 ΧΠ.

1119 1004 1176 1032 Dat.
1196 1004 1239 1032 die
1255 1005 1271 1032 9
1288 1004 1354 1031 iunii
1372 1004 1450 1038 1666,
1466 1003 1564 1040 pontif.
1581 1012 1651 1032 anno
1667 1011 1713 1031 xii.

1389 1147 1516 1180 DXLVI.

1080 1226 1254 1269 Deputatio
1281 1226 1458 1258 visitatoris
1490 1226 1658 1269 apostolici
1689 1227 1820 1259 insula·

1124 1290 1199 1311 rum
1224 1281 1325 1312 maris
1350 1280 1468 1321 AEyuei
1485 1284 1513 1311 et
1535 1279 1696 1321 Zacynthi
1716 1283 1744 1311 et
1767 1281 1822 1312 Ce-

1121 1332 1311 1375 phaloniae,
1331 1343 1368 1364 ae
1392 1332 1536 1364 aliorum
1563 1332 1704 1363 locorum
1721 1332 1818 1363 adia-

1123 1386 1279 1425 centium,
1311 1396 1383 1417 cum
1408 1385 1622 1427 amplissimis
1647 1384 1821 1427 facultali-

1125 1439 1215 1471 bus&

1127 1518 1297 1547 Venerabili
1318 1518 1405 1546 fratri
1425 1518 1552 1551 Iosepho
1574 1525 1589 1545 a
1610 1518 1639 1544 S⁵
1663 1517 1766 1549 Maria,

1249 1563 1389 1598 episcopo
1410 1563 1650 1597 metropolitano,

1271 1617 1438 1644 Alexander
1463 1617 1542 1650 Papa
1561 1617 1623 1643 VII.

1288 1679 1473 1707 Venerabilis
1494 1679 1605 1710 frater.

1111 1725 1240 1752 salutem
1262 1727 1293 1752 et
1313 1723 1511 1758 apostolicam
1534 1722 1783 1750 benedictionem.

1121 1796 1178 1839 §¹l.
1203 1795 1388 1838 Cupientes,
1411 1795 1449 1827 ad
1469 1794 1647 1827 animarum
1670 1795 1816 1833 salutem,

1078 1848 1286 1891 divinumque
1304 1849 1425 1880 cultum
1445 1847 1713 1890 promovendum,
1732 1847 1820 1879 insu-

1078 1902 1124 1934 las
1148 1900 1243 1932 maris
1269 1899 1399 1942 AEgaei,
1426 1899 1579 1942 Zacynthi
1605 1904 1636 1931 et
1658 1899 1819 1942 Cephalo-

1078 1953 1159 1993 niae,
1178 1963 1213 1985 ae
1240 1951 1302 1984 alia
1328 1953 1398 1984 loca
1424 1951 1605 1983 adiacentia
1625 1952 1818 1983 auctoritate

1077 2009 1188 2039 nostra
1207 2005 1387 2049 apostolica
1405 2005 1538 2043 visitari,
1557 2015 1593 2037 ac
1612 2005 1650 2037 de
1671 2006 1725 2036 tua
1742 2004 1816 2045 lide,

1077 2058 1257 2102 prudentia,
1280 2057 1440 2097 doctrina,
1472 2058 1590 2100 pietate
1608 2084 1615 2097 ,
1650 2057 1818 2098 charitate,

1077 2117 1108 2144 et
1132 2111 1312 2144 catholicae
1339 2110 1508 2153 religionis
1538 2111 1608 2142 zelo
1642 2111 1818 2153 plurimum

1077 2165 1108 2197 in
1134 2164 1269 2197 Domino
1303 2163 1438 2203 confisi,
1465 2169 1560 2207 teque
1599 2175 1615 2195 a
1653 2163 1818 2206 quibusvis

1077 2217 1430 2257 excomnumicationis,
1458 2217 1683 2261 suspensionis
1711 2223 1738 2250 et
1770 2218 1818 2250 in-

1078 2267 1228 2312 terdicti,
1255 2271 1391 2314 aliisque
1428 2270 1658 2303 ecclesiasticis
1685 2276 1817 2303 senten-

1077 2325 1141 2365 tiis,
1169 2324 1315 2357 censuris
1341 2329 1374 2367 et
1398 2324 1537 2367 poenis,
1565 2335 1581 2356 a
1606 2323 1676 2355 iure
1701 2324 1751 2356 vel
1777 2323 1815 2355 ab

1077 2377 1221 2417 homine,
1245 2377 1354 2420 quavis
1380 2377 1548 2409 occasione
1578 2377 1627 2409 vel
1654 2378 1749 2409 eausa
1774 2377 1817 2408 la-

1078 2431 1116 2464 tis
1132 2458 1139 2472 ,
1175 2430 1201 2463 si
1228 2430 1342 2474 quibus
1368 2430 1615 2474 quomodolibet
1639 2429 1814 2461 innodatus

1077 2484 1204 2524 existis,
1234 2484 1274 2516 ad
1299 2483 1450 2517 effectum
1482 2483 1702 2527 praesentium
1728 2483 1817 2515 dum-

1112 2601 1122 2626 1
1146 2599 1183 2626 Ex
1203 2598 1311 2634 Regest.
1332 2598 1360 2626 in
1381 2599 1485 2626 Secret.
1507 2597 1583 2625 Brev.

1840 202 1887 228 An.
1907 202 1936 229 C.
1958 201 2022 227 tter)

1909 368 2024 388 nerouaiio

1838 397 2000 415 contrariorum,

1858 1796 1875 1815 M
1881 1797 1944 1817 ³¹¹¹}-
