2247 3208
197 241 245 268 An.
263 243 290 268 C.
319 242 384 268 teca

216 1617 308 1638 Panos-21
324 1623 372 1637 coz:-

205 1650 224 1661 Μ’
236 1652 247 1664 a
274 1647 294 1664 ut
309 1650 328 1664 in
340 1650 371 1664 ru-

189 1644 201 1690 ez

431 230 494 263 lieo

389 298 499 322 eorum
536 284 790 318 consolationem
827 277 1054 316 concedimus,
1093 280 1128 308 ut

390 341 554 380 deinceps,
576 335 704 379 quando
725 331 925 375 recipientur
945 330 984 362 ad
1009 327 1128 361 stabili-

390 398 487 424 tatem
513 390 637 432 ipsam,
659 386 785 430 possint
817 390 848 417 et
881 383 1021 416 debeant
1044 381 1127 414 votis

390 442 590 486 simplicibus
616 436 800 471 firmantur¹
825 436 884 469 sub
909 435 970 467 hac
994 432 1107 466 forma:

432 496 465 527 ln
491 493 619 527 nomine
640 490 765 524 Domini
787 489 887 522 nostri
909 487 978 520 lesu
993 485 1123 519 Christi.

394 551 506 581 Amen.
528 547 629 585 Anno,
650 550 723 582 etc„
743 542 794 575 die
811 546 873 574 etc.
892 540 1020 583 EgoN.‚
1039 539 1127 572 dioe-

393 600 477 633 cecis
500 599 551 639 N„
578 597 731 641 promitto
764 605 889 627 servart¹
921 593 1124 630 castitatem,

389 657 614 697 paupertatem
642 655 672 682 et
697 647 923 685 obedientiam,
947 650 978 678 et
994 655 1126 677 eonver-

387 707 511 740 sionem
547 700 794 739 mandatorum²
830 711 974 734 meorum
1011 709 1126 731 secun-

388 761 464 792 dum
490 759 635 801 regulam
653 756 753 789 sancti
771 753 936 788 Benedicti
955 758 986 785 et
1008 750 1126 785 consti-

388 813 529 844 tutiones
547 807 809 852 congregationis
828 807 873 840 Ss.
893 806 999 838 vitoni
1017 810 1048 837 et
1072 804 1125 837 lli-

387 864 501 908 dulplii
520 874 627 897 coram
648 862 712 895 Deo
734 867 764 894 et
777 860 971 898 hominibus,
990 857 1122 898 Sanctis,

388 928 525 961 quorum
550 915 706 958 reliquiae
733 914 764 947 in
788 912 982 946 monasterio
1007 911 1043 944 N.
1075 921 1124 944 re-

388 971 570 1014 quiescunt,
599 974 630 1001 et
654 968 685 1000 in
712 966 895 1011 praesentia
925 964 1124 998 reverendis-

387 1024 457 1055 simi
475 1022 576 1065 patris
595 1021 630 1054 N.
651 1020 773 1053 abbatis
790 1029 846 1051 seu
863 1017 995 1061 prioris,
1012 1027 1124 1059 quarn-

387 1075 440 1108 diu
460 1075 491 1107 in
515 1075 598 1106 dicta
616 1072 867 1115 congregatione
888 1069 1120 1113 perseverabo,

385 1139 450 1160 non
473 1127 643 1159 intendens
661 1130 767 1158 tamen
788 1124 873 1167 quod
893 1123 971 1156 mihi
990 1122 1122 1166 proprio

384 1180 461 1212 vitio
487 1190 542 1212 seu
564 1179 729 1210 voluntate
756 1177 848 1210 liceat
876 1176 914 1208 ab
941 1174 995 1208 ilia
1020 1173 1123 1207 disce-

385 1233 470 1271 dere,
498 1232 554 1264 sed
581 1227 667 1273 quod
693 1230 718 1262 si
737 1229 941 1271 contingeret
962 1233 995 1260 ut
1016 1228 1121 1260 dietae

385 1284 644 1327 congregationis
684 1282 870 1326 superiores
908 1282 1001 1314 malis
1041 1281 1120 1314 meis

383 1338 528 1371 moribus
562 1348 618 1370 seu
652 1336 735 1369 vitiis
768 1334 869 1369 coacti
907 1335 945 1367 ab
981 1335 1036 1367 itta
1071 1345 1120 1367 me

385 1391 608 1433 expellerent,
634 1389 667 1421 in
692 1388 748 1421 illo
775 1393 897 1420 tantum
930 1397 1005 1419 casu
1038 1386 1122 1419 liber

384 1450 416 1476 et
441 1443 607 1475 absolutus
634 1442 672 1474 ab
698 1440 785 1474 omni
810 1446 957 1474 votorum
981 1445 1012 1472 et
1046 1438 1121 1472 reli-

384 1497 488 1539 gionis
509 1495 708 1537 obligatione
734 1504 947 1527 remanerem.
975 1492 1009 1525 ln
1042 1502 1121 1534 quo-

382 1561 453 1583 rum
478 1550 573 1582 sidem
599 1548 786 1591 subscripsi,
813 1552 874 1580 ete.
903 1560 933 1579 ».

427 1604 441 1646 ,ξ
467 1602 497 1635 9.
525 1603 601 1635 Cum
627 1606 750 1641 autem,
775 1601 858 1633 sicut
890 1600 1002 1632 eadem
1026 1609 1122 1642 expo-

383 1656 455 1689 sitio
486 1654 720 1696 subiungebat,
753 1652 889 1696 praefati
921 1656 1121 1695 exponentes

383 1709 549 1742 decretum
576 1706 774 1746 huiusmodi,
801 1707 898 1747 longa
922 1703 1121 1747 experientia

383 1761 634 1804 comprobatum,
661 1770 718 1802 pro
747 1757 881 1791 firmiori
906 1757 993 1790 illius
1021 1757 1121 1789 subsi-

382 1815 507 1851 stentia,
517 1812 711 1855 apostolieae
726 1810 977 1844 confirmationis
992 1814 1120 1842 nostrae

381 1866 559 1910 patrocinio
583 1864 776 1898 communiri
802 1873 1009 1906 summopere
1036 1862 1121 1895 desi-

382 1921 508 1952 derent:
525 1929 590 1957 nos,
604 1918 776 1961 specialem
788 1916 866 1959 ipsis
881 1914 1119 1959 exponentibus

381 1972 515 2016 gratiam
543 1972 645 2003 facere
671 1971 834 2008 volentes,
861 1973 893 2001 et
917 1978 1030 2001 eorum
1056 1967 1120 1999 sin-

382 2026 508 2068 gulares
535 2034 690 2067 personas
717 2034 733 2054 a
754 2020 919 2065 quibusvis
937 2030 1120 2053 excommu-

380 2078 571 2116 nicationis,
604 2075 827 2119 suspensionis
865 2080 896 2107 et
931 2073 1117 2113 interdicti,

382 2131 517 2173 aliisque
535 2117 759 2162 ecclesiasticis
773 2126 949 2166 sententiis,
965 2126 1117 2165 censuris,

382 2190 412 2216 et
436 2183 558 2226 poenis,
587 2193 601 2215 a
627 2182 695 2214 iure
722 2182 770 2213 vel
786 2181 825 2213 ab
849 2180 987 2219 homine,
1007 2179 1118 2222 quavis

382 2236 549 2270 occasione
594 2237 642 2267 vel
682 2237 777 2267 eausa
814 2234 905 2273 latis,
940 2233 965 2265 si
1004 2231 1119 2275 quibus

381 2289 627 2333 quomodolibet
661 2288 834 2320 innodatae
877 2286 1037 2324 existunt,
1079 2285 1118 2317 ad

381 2342 527 2375 effectum
564 2340 781 2384 praesentium
819 2340 979 2372 dumtaxat
1005 2347 1119 2370 eonse-

381 2395 556 2439 quendum,
585 2395 697 2425 barum
727 2393 809 2425 serie
836 2392 1060 2430 absolventes,
1087 2395 1118 2422 et

381 2449 542 2480 absolutas
554 2447 620 2478 l'orc
636 2450 812 2484 censentes,
827 2442 1118 2487 supplicationibus

380 2509 490 2532 etrum
516 2497 645 2530 nomine
673 2496 762 2528 nobis
788 2506 884 2538 super
917 2495 979 2527 lioc
1013 2493 1119 2526 liumi-

417 2572 427 2595 1
450 2568 564 2594 Yidettir
579 2566 720 2601 legendum
736 2566 853 2599 firmari
870 2568 905 2594 [u.
923 2564 971 2596 T.).

416 2614 431 2640 2
451 2613 481 2638 Yt
495 2617 564 2638 tetur
581 2610 723 2645 legendum
741 2617 852 2635 inerunt
870 2609 908 2642 (u.
926 2609 975 2639 T.).

971 229 1150 254 nummum
1175 226 1324 251 ROMANUM

1169 273 1244 307 liter
1263 272 1420 316 porrectis
1440 271 1595 311 inclinati,
1615 273 1653 305 de
1671 269 1902 304 venerabilium

1169 326 1302 358 fratrum
1327 329 1510 357 nostrorum
1528 323 1558 357 S.
1578 324 1614 356 R.
1638 324 1672 356 E.
1692 323 1903 356 cardinalium

1169 377 1307 420 negotiis
1344 382 1375 410 et
1409 375 1699 409 consultationibus
1736 375 1903 419 episeopo—

1168 441 1239 463 rum
1264 435 1295 463 et
1320 428 1517 473 regularium
1543 428 1799 471 praepositorum
1829 438 1903 460 con-

1168 483 1254 523 sliio,
1281 483 1412 515 attentis
1439 482 1591 521 narratis,
1618 491 1653 514 ac
1677 481 1744 514 viso
1776 486 1807 514 et
1837 491 1903 513 ma-

1169 541 1236 568 ture
1262 546 1321 579 per
1346 535 1476 568 eosdem
1498 533 1678 567 cardinales
1696 532 1902 582 considerato

1169 588 1297 621 decreto
1322 587 1453 631 capituli
1479 587 1637 629 generalis
1651 585 1840 630 praeinserti
1859 591 1902 618 te-

1168 641 1378 683 noris,ipsum
1394 639 1764 680 decretum,auctoritate
1777 643 1903 682 aposto·

1168 693 1241 734 lica,
1265 698 1376 726 tenore
1394 692 1608 736 presentium,
1627 691 1767 734 benigne
1787 701 1903 735 appro-

1167 746 1278 779 bamus
1290 751 1322 779 et
1333 745 1566 785 confit-mamus,
1583 755 1742 788 suumque
1753 743 1900 778 effectum

1167 799 1272 832 sortiri
1298 799 1497 832 mandamus.

1166 904 1287 937 litteras
1313 915 1441 948 semper
1464 904 1590 944 sirmas,
1617 903 1738 937 validas
1779 909 1810 936 et
1835 902 1901 935 effi-

1165 967 1256 990 caces
1281 958 1415 990 existere
1449 962 1481 989 et
1508 957 1595 996 sore,
1621 967 1762 999 suosque
1790 956 1901 999 plena-

1165 1009 1229 1043 rios
1254 1015 1287 1042 et
1312 1009 1454 1052 integros
1478 1009 1609 1042 effectus
1633 1008 1741 1042 sortiri
1767 1013 1798 1041 et
1818 1008 1902 1041 obti-

1165 1073 1258 1103 nere,
1285 1073 1320 1095 ac
1345 1062 1429 1101 illis,
1456 1062 1494 1095 ad
1521 1072 1603 1105 quos
1628 1066 1752 1104 spectat
1777 1065 1809 1093 et
1840 1070 1900 1104 pro

1165 1120 1309 1158 tempore
1327 1115 1493 1158 spectabit,
1511 1114 1699 1158 plenissime
1718 1112 1898 1156 suffragari,

1165 1167 1276 1211 sicque
1306 1167 1337 1200 in
1371 1167 1553 1211 praemissis
1586 1177 1644 1210 per
1678 1176 1900 1210 quoscumque

1164 1221 1285 1254 iudices
1318 1221 1500 1254 ordinarios
1529 1225 1561 1253 et
1590 1220 1771 1262 delegatos,
1804 1219 1900 1252 etiam

1164 1284 1329 1307 causarum
1366 1273 1475 1317 palatii
1512 1272 1681 1316 apostolici
1714 1271 1901 1312 auditores,

1163 1327 1297 1360 iudicari
1323 1331 1355 1359 et
1380 1326 1504 1359 deliniri
1540 1326 1675 1365 debere,
1710 1336 1746 1358 ae
1777 1325 1902 1358 irritum

1164 1385 1195 1412 et
1219 1380 1323 1419 inane,
1351 1379 1375 1412 si
1401 1389 1493 1411 secus
1507 1389 1603 1422 super
1624 1377 1673 1410 his
1691 1387 1708 1410 a
1726 1387 1899 1420 quoquam,

1163 1433 1273 1477 quavis
1305 1431 1515 1471 auctoritate,
1549 1430 1693 1463 scienter
1728 1431 1776 1463 vel
1809 1429 1903 1472 igno·

1164 1491 1285 1526 ranter,
1312 1484 1507 1526 contingerit
1531 1483 1692 1526 attentari.

1206 1539 1220 1582 ξ
1244 1538 1274 1571 4.
1310 1537 1379 1570 Non
1412 1536 1613 1570 obstantibus
1638 1535 1835 1580 praemissis,
1862 1546 1899 1568 ac

1162 1591 1449 1625 constitutionibus
1482 1595 1513 1623 et
1540 1588 1799 1623 ordinationibus
1823 1598 1899 1631 apo-

1163 1644 1294 1683 stolicis,
1314 1653 1452 1683 necnon,
1468 1647 1627 1686 quatenus
1641 1650 1722 1684 opus
1739 1640 1780 1673 sit
1794 1640 1899 1673 dietae

1163 1695 1432 1739 congregationis,
1455 1694 1552 1728 etiam
1571 1694 1761 1733 iuramento,
1784 1692 1899 1726 confir-

1161 1750 1303 1782 matione
1328 1747 1514 1791 apostolica,
1541 1747 1590 1780 vel
1615 1747 1726 1790 quavis
1748 1745 1897 1779 firmitate

1162 1802 1223 1835 alia
1248 1801 1427 1841 roboratis,
1452 1801 1578 1834 statutis
1604 1805 1635 1833 et
1659 1798 1899 1833 consuetudini·

1161 1855 1234 1895 bus,
1252 1854 1430 1898 privilegiis
1445 1863 1582 1897 quoque,
1601 1852 1732 1885 indultis
1749 1857 1781 1885 et
1796 1851 1899 1885 literis

1161 1907 1350 1951 apostolicis
1375 1906 1408 1939 in
1429 1905 1625 1939 contrarium
1646 1904 1898 1948 praemissorum

1162 1959 1405 2003 quomodolibet
1437 1958 1616 1998 concessis,
1647 1956 1835 2000 approbatis
1867 1961 1900 1990 et

1161 2012 1339 2052 innovatis·‚
1370 2012 1484 2055 quibus
1510 2010 1659 2043 omnibus
1684 2015 1715 2042 et
1749 2008 1895 2051 singulis,

1161 2066 1291 2099 illorum
1318 2070 1447 2097 tenores
1466 2062 1691 2107 praesentibus
1718 2072 1775 2105 pro
1801 2061 1896 2104 plene

1161 2124 1193 2151 et
1216 2117 1413 2151 sufficienter
1437 2115 1602 2159 expressis
1620 2125 1657 2147 ac
1675 2115 1713 2147 de
1736 2113 1834 2146 verbo
1856 2113 1896 2146 ad

1162 2171 1294 2203 verbum
1319 2169 1449 2202 insertis
1476 2168 1643 2207 babentes,
1669 2167 1733 2200 illis
1762 2166 1838 2199 alias
1863 2165 1896 2198 in

1161 2235 1218 2256 suo
1244 2224 1360 2256 robore
1386 2220 1614 2265 permansuris,
1641 2220 1680 2262 ad
1706 2218 1896 2263 praemisso-

1161 2287 1230 2310 rum
1250 2275 1405 2314 effeetum,
1425 2275 1485 2307 liac
1507 2273 1575 2306 vice
1592 2274 1764 2313 dumtaxat,
1779 2271 1898 2315 specia-

1162 2331 1233 2363 liter
1269 2334 1300 2361 et
1336 2337 1488 2370 expresse
1522 2327 1735 2369 derogamus,
1767 2324 1898 2358 ceteris-

1161 2393 1222 2426 que
1248 2380 1419 2415 contrariis
1444 2380 1715 2423 quibuscumque.

1204 2435 1317 2468 Datum
1344 2434 1477 2471 Romae,
1512 2433 1595 2475 apud
1621 2431 1652 2464 S.
1680 2430 1808 2464 Mariam
1841 2429 1898 2462 Ma-

1160 2488 1282 2527 iorem,
1310 2487 1368 2519 suli
1394 2487 1514 2519 annulo
1547 2483 1739 2522 piscatoris,
1766 2482 1816 2515 die
1840 2491 1898 2516 xxx

1161 2541 1229 2574 iulii
1244 2549 1393 2577 unetxvi,
1410 2538 1613 2581 pontificatus
1628 2535 1729 2568 nostri
1743 2545 1827 2568 anno
1838 2544 1894 2568 xit.

1196 2604 1256 2629 Dat.
1274 2602 1316 2627 die
1331 2601 1365 2627 30
1381 2599 1436 2626 iulii
1462 2599 1536 2629 totio,
1558 2606 1626 2624 anuo
1643 2603 1688 2623 xit.

1916 220 1963 247 An.
1984 218 2010 245 C.
2032 217 2097 245 tous
2232 0 2247 344 Ι

1939 855 2048 876 nnc-‹etun›
2067 856 2093 876 ir·

1209 852 1224 895 ς
1249 851 1279 885 3.
1307 851 1520 884 Decernentes
1552 851 1681 884 easdem
1713 855 1976 901 praesentesnffl

1980 1537 2098 1563 Dei-namin·

1911 1566 2069 1586 tentarint-utu.
