2247 3208
215 210 264 237 An.
286 209 314 235 c⁴
339 208 402 236 teo-1
449 197 513 232 538

406 257 455 289 vel
481 264 563 298 quae
588 263 642 286 eas
663 251 1141 290 limitarcntautmoderarent,

406 318 489 352 quae
522 318 540 339 a
563 305 657 338 nobis
691 309 722 337 et
754 304 839 336 dicta
870 304 951 336 Sede
983 313 1042 347 pro
1068 308 1145 336 tem-

404 370 494 404 pore,
518 364 549 391 et
573 358 612 390 de
639 356 802 400 quibusvis
828 357 945 396 causis,
968 355 1064 388 etiam
1092 366 1144 387 ur-

405 411 610 455 gentissimis,
640 410 737 443 etiam
770 410 802 442 in
832 409 931 442 divini
956 410 1061 442 cultus
1089 419 1143 441 au-

403 469 577 508 gmentum,
590 463 685 495 ctiam
698 462 973 502 consistorialiter,
986 463 1037 495 vel
1052 462 1141 499 alias,

403 518 511 561 quavis
537 516 743 554 auctoritate,
770 516 928 548 hactenus
966 516 1015 548 vel
1040 515 1142 558 impo-

401 576 523 603 sterum
559 568 799 607 emanaverint,
824 568 955 600 minime
992 571 1142 610 compre-

400 623 513 663 hendi,
534 623 590 655 sed
617 621 742 665 quoties
768 621 841 654 illae
865 621 1071 660 ernanabunt,
1092 626 1141 653 to-

400 676 460 708 ties
474 676 505 708 in
520 675 691 718 pristinum
717 680 833 707 statum
846 674 1001 717 repositas
1017 679 1047 707 et
1058 674 1140 706 rein-

402 734 541 771 tegratas
560 738 631 760 esse
650 733 678 760 et
694 727 836 767 censeri,
851 728 960 770 sicque
977 738 1039 770 per
1049 738 1139 770 quos—

400 791 537 824 cumque
569 780 716 819 iudices,
749 780 842 812 etia'm
877 780 1137 818 commissarios,

400 834 510 877 quavis
544 833 734 866 auctoritate
772 834 939 875 fungentes
971 833 1001 865 in
1027 833 1136 875 quavis

399 889 492 920 eausa
518 891 549 919 et
572 886 733 927 instantia,
760 887 884 918 sublata
906 886 951 918 eis
977 892 1136 918 eteorum

398 939 531 972 cuilibet
548 939 660 982 quavis
686 940 779 971 aliter
799 938 961 971 iudicandi
981 944 1013 970 ct
1036 938 1136 971 inter-

397 992 546 1035 pretandi
572 992 722 1024 facultate
748 996 778 1023 et
795 991 999 1030 auctoritate,
1014 992 1134 1034 ubique

396 1045 533 1077 iudicari
560 1050 588 1076 et
615 1044 741 1077 definiri
769 1044 900 1083 debere,
918 1044 1042 1076 irritum
1061 1055 1135 1087 quo-

397 1108 459 1140 que
485 1102 517 1129 et
548 1097 642 1129 inane
668 1097 693 1129 si
719 1107 808 1128 secus
833 1108 930 1139 >uper
955 1097 1004 1129 his
1022 1108 1039 1129 a
1057 1107 1135 1140 quo-

396 1160 510 1192 quam,
543 1149 652 1192 quavis
684 1149 892 1190 aucei-itate,
920 1150 1059 1183 scienter
1082 1151 1132 1183 vel

395 1203 594 1245 ignoranter,
614 1203 786 1245 contigerit
807 1204 968 1236 attentari.

224 1267 383 1293 rapat-:amm
439 1257 453 1299 ᾗ
479 1255 531 1288 lo.
559 1255 597 1288 Et
620 1256 758 1298 insuper
783 1256 907 1289 dilectis
932 1256 1005 1289 filiis
1023 1257 1133 1290 rescri-

199 1297 550 1341 ‹iss‘immmn'bendario
584 1314 615 1341 et
652 1309 869 1352 computatori
901 1310 1030 1352 collegii
1056 1311 1132 1343 scri-

393 1367 523 1404 ptorum
537 1361 718 1394 litterarum
737 1362 997 1404 apostolicarum,
1011 1368 1041 1395 et
1060 1363 1130 1396 aliis

393 1415 431 1447 ad
450 1426 528 1457 quos
554 1416 743 1448 earumdem
767 1415 947 1448 litterarum
965 1416 1128 1459 expeditio

393 1473 529 1511 spectat,
555 1467 588 1500 in
612 1468 728 1500 virtute
755 1473 883 1500 sanctae
908 1468 1126 1509 obedientiae,

392 1526 424 1554 et
437 1521 494 1553 sub
513 1522 617 1563 poena
632 1521 863 1563 indignationis
878 1527 1014 1562 nostrae,
1030 1529 1126 1562 motu,

390 1574 524 1606 scientia
553 1578 584 1606 et
613 1568 786 1617 potestatis
811 1574 1014 1617 plenitudine
1041 1575 1128 1608 simi-

389 1627 473 1659 libus
498 1627 686 1659 mandamus
710 1632 746 1659 ut
770 1628 900 1660 easdem
926 1634 1125 1670 praesentes,

390 1685 422 1713 et
445 1680 553 1714 forsan
579 1681 658 1713 alias
678 1680 801 1713 litteras
827 1673 924 1724 super
942 1681 1125 1724 praemissis

390 1734 550 1774 omnibus,
570 1739 632 1766 tam
653 1734 848 1766 coniunctim
874 1745 967 1776 quam
987 1735 1123 1776 divisim,

389 1797 425 1819 ac
449 1797 508 1829 pro
534 1787 667 1829 singulis
701 1786 957 1830 quibuscumque
991 1788 1126 1831 deroga-

389 1839 543 1881 tionibus,
561 1839 698 1872 decretis
718 1844 750 1872 et
766 1840 920 1873 clausulis
940 1841 970 1872 iu
989 1841 1033 1873 cis
1051 1851 1125 1873 con-

388 1891 494 1931 tentis,
513 1892 611 1934 gratis
630 1892 669 1925 de
691 1893 843 1925 mandato
869 1898 979 1926 nostro
1005 1893 1123 1937 ubique

386 1944 420 1977 in
438 1945 588 1978 omnibus
613 1945 726 1978 officiis
742 1946 837 1978 etiam
851 1946 1122 1987 abbreviatorum,

387 1998 643 2039 sollicitatorum,
666 1999 918 2032 secretariorum
944 2000 1066 2042 plumbi
1094 2006 1125 2033 et

386 2051 526 2094 registri,
548 2053 667 2096 absque
693 2052 800 2095 aliqua
820 2053 1032 2096 pecuniarum
1054 2064 1125 2086 exa-

388 2105 512 2145 ctione,
548 2106 643 2138 etiam
675 2117 732 2149 per
762 2106 844 2139 viam
877 2107 1122 2149 compositionis

388 2159 555 2191 faciendae
569 2158 588 2198 ¹,
609 2160 696 2192 omni
715 2160 968 2193 contradictione
987 2165 1019 2193 et
1044 2160 1123 2193 dila-

388 2211 473 2244 tione
499 2212 706 2253 cessantibus,
733 2213 870 2255 signent,
893 2213 1068 2257 expediant
1092 2219 1123 2246 et

388 2264 532 2306 expediri
559 2265 685 2298 faciant.

430 2317 444 2359 g
469 2316 521 2349 11.
549 2317 616 2350 Non
647 2319 850 2352 obstantibus
883 2319 1004 2352 eisdem
1029 2330 1122 2363 prae-

386 2369 505 2409 missis,
531 2380 566 2402 ac
584 2371 622 2403 de
641 2377 730 2404 certo
748 2372 947 2405 notariorum
972 2384 1120 2413 numero,

386 2422 509 2455 etiamsi
535 2424 574 2455 ad
600 2424 689 2457 illum
714 2436 779 2458 non
797 2426 838 2457 sit
859 2426 1037 2465 deventum,
1057 2426 1121 2469 qui-

384 2477 445 2509 bus
465 2477 542 2509 alias
558 2488 618 2520 per
636 2484 822 2520 praesentes
839 2489 904 2511 non
922 2479 1119 2512 intendimus

226 2323 272 2342 lter«
284 2326 315 2348 ga!
328 2330 374 2343 ruu-

192 2356 269 2370 tram».

419 2591 432 2618 1
455 2590 524 2618 Edit
542 2590 620 2617 Μαίη.
639 2590 701 2626 legit
720 2592 871 2626 {hciezwdczs
884 2593 922 2626 (n.
941 2592 990 2626 Τ,).

994 204 1171 227 m‘LLAth'M
1194 203 1279 228 Roma
1285 209 1312 227 >a
1327 210 1345 228 ‚n

1188 251 1367 293 derogare,
1393 263 1429 284 ac
1464 255 1576 296 regula
1612 257 1721 287 nostra
1757 255 1795 288 de
1828 266 1922 298 prae-

1186 304 1300 336 stando
1325 314 1484 338 consensu
1510 306 1542 338 in
1567 307 1792 349 pensionibus,
1819 319 1854 340 ac
1879 308 1922 340 fe-

1186 354 1255 387 licis
1280 357 1513 390 recordationis
1530 358 1575 390 Pii
1598 359 1701 402 Papae
1727 360 1763 392 IV
1783 361 1921 403 praede-

1185 409 1324 441 cessoris
1349 411 1448 443 nostri
1485 411 1523 444 de
1558 412 1716 445 similibus
1743 414 1791 446 vel
1828 413 1920 446 dissi-

1184 461 1313 494 milibus
1338 463 1447 505 gratiis
1471 464 1503 496 in
1528 467 1655 497 camera
1679 467 1857 508 apostolica
1875 467 1919 499 in-

1184 513 1230 546 fra
1255 520 1321 547 tres
1351 526 1478 548 menses
1511 518 1756 559 praesentandis
1782 523 1812 551 et
1836 520 1920 561 regi-

1183 568 1324 600 strandis
1341 595 1348 608 ,
1383 580 1418 601 ac
1450 571 1645 603 recolendae
1670 571 1845 604 memoriae
1872 573 1916 604 Pii

1182 620 1285 663 Papae
1299 621 1322 652 V
1339 622 1434 654 etiam
1451 623 1710 665 praedecessoris
1726 625 1825 657 nostri
1843 636 1919 658 con-

1183 678 1229 705 tra
1254 674 1459 716 illegitimos,
1487 686 1522 707 ac
1547 676 1753 710 pictaviensis
1777 678 1915 719 concilii,

1182 730 1213 757 ct
1237 726 1307 758 aliis
1333 727 1532 769 apostolicis,
1559 738 1594 760 ac
1619 729 1713 761 etiam
1738 730 1770 761 in
1794 730 1929 763 univer-·

1181 779 1302 811 salibus
1328 780 1644 824 provincialibusque
1673 782 1821 815 conciliis
1847 783 1915 815 edi-

1182 831 1232 870 tis,
1253 832 1448 874 specialibus
1467 835 1514 866 vel
1530 834 1746 876 generalibus,
1764 835 1916 868 constitu-

1182 884 1320 917 tionibus
1355 890 1387 918 et
1420 886 1679 919 ordinationibus
1699 914 1706 927 ,
1734 893 1765 920 et
1787 898 1915 922 monas-

1181 937 1344 976 teriorum⁷
1376 938 1595 979 ecclesiarum,
1621 939 1785 979 Ordinmn,
1818 941 1914 974 etiam

1178 988 1209 1021 S.
1230 989 1357 1022 Ioannis
1376 990 1675 1034 Hicro‘solymitani,
1689 1003 1726 1025 ae
1747 993 1842 1025 etiam
1862 1004 1914 1026 ur-

1178 1041 1226 1074 bis
1245 1042 1378 1082 Romae,
1397 1048 1427 1075 et
1452 1043 1588 1076 aliarum
1615 1044 1798 1085 civitatum,
1821 1046 1914 1089 oppi-

1177 1095 1293 1127 dorum
1318 1100 1350 1127 et
1374 1100 1544 1136 terrarum,
1562 1107 1597 1129 ac
1615 1107 1759 1131 camerae
1784 1099 1913 1141 praedi-

1176 1152 1257 1187 ctae,
1275 1158 1310 1180 ac
1331 1148 1513 1191 quarumvis
1539 1149 1794 1191 universitatum,
1814 1151 1912 1184 etiam

1175 1199 1372 1240 iuramento,
1392 1200 1650 1241 confirmatione,
1667 1204 1715 1235 vel
1735 1203 1846 1246 quavis
1864 1203 1909 1236 sir-

1175 1253 1285 1286 mitate
1301 1253 1363 1286 alia
1379 1254 1549 1294 roboratis,
1562 1255 1695 1296 statutis,
1711 1256 1912 1297 stabilimen-

1176 1307 1223 1348 tis,
1242 1306 1351 1339 usibus
1376 1313 1408 1339 et
1431 1307 1562 1347 naturis,
1586 1308 1733 1349 decretis,
1753 1321 1790 1341 ac
1814 1311 1910 1343 etiam

1174 1359 1265 1392 novis
1291 1360 1585 1401 reformationibus,
1604 1372 1639 1393 ac
1657 1361 1751 1394 etiam
1769 1363 1908 1405 legibus,

1174 1418 1236 1445 tan]
1252 1412 1423 1456 pontificiis
1442 1424 1536 1456 quain
1553 1414 1788 1457 imperialibus,
1809 1416 1909 1458 regiis

1173 1472 1205 1498 et
1229 1466 1394 1499 ducalibus
1410 1494 1417 1505 ‚
1445 1467 1541 1499 etiarn
1575 1467 1675 1500 saeris
1706 1469 1908 1509 canonibus,

1172 1519 1349 1562 privilegiis
1381 1530 1533 1563 quoquc,
1567 1520 1702 1553 indultis
1729 1526 1760 1553 et
1792 1521 1908 1554 litteris

1171 1571 1369 1614 apostolicis,
1385 1570 1393 1588 ¹
1411 1572 1635 1615 superioribus
1653 1584 1688 1605 ac
1706 1574 1852 1616 personis
1877 1580 1910 1606 ct

1170 1625 1250 1657 locis
1287 1624 1541 1668 quibuscumque
1559 1652 1566 1666 ,
1591 1625 1624 1657 in
1656 1636 1775 1667 genere
1800 1628 1849 1659 vel
1875 1628 1907 1659 in

1170 1679 1290 1722 specie,
1317 1679 1373 1711 sub
1399 1679 1657 1722 quibuscumque
1692 1680 1858 1713 tenoribus
1877 1687 1908 1713 et

1169 1731 1289 1771 formis,
1315 1743 1350 1764 ae
1375 1742 1447 1764 eum
1479 1732 1667 1775 quibusvis,
1693 1733 1789 1765 etiam
1814 1733 1907 1766 dere-

1170 1785 1365 1827 gatoriarum
1391 1785 1620 1827 derogatoriis,
1639 1786 1776 1829 aliisque
1802 1786 1907 1819 effica-

1169 1837 1318 1879 cioribus,
1345 1837 1574 1870 efficacissimis
1600 1842 1632 1871 et
1655 1838 1794 1871 insolitis
1821 1840 1907 1872 clau-

1169 1890 1254 1930 sulis,
1273 1890 1476 1923 irritantibus
1494 1896 1526 1923 et
1542 1890 1613 1924 aliis
1639 1891 1787 1932 decretis,
1809 1891 1904 1924 etiam

1167 1943 1230 1976 vim
1255 1948 1438 1976 contractus
1468 1948 1500 1976 et
1523 1944 1631 1976 statuti
1656 1943 1802 1987 perpetui
1828 1955 1905 1977 con-

1168 1997 1358 2037 tinentibus,
1385 1996 1481 2029 etiarn
1505 2001 1607 2037 motu,
1634 1996 1769 2029 scientia
1795 2002 1826 2030 et
1849 2008 1905 2040 po-

1168 2050 1291 2082 testatis
1317 2049 1517 2093 plenitudine
1543 2049 1717 2089 similibuS,
1748 2060 1783 2082 ac
1808 2049 1903 2082 etiam

1167 2102 1447 2142 consistorialiter,
1477 2112 1512 2134 ac
1536 2102 1615 2135 alias
1643 2102 1749 2135 forsan
1771 2102 1804 2134 in
1824 2112 1904 2134 ›con-

1167 2155 1301 2188 trarium
1320 2155 1566 2198 quomodolibet
1583 2155 1747 2188 concessis
1760 2181 1767 2195 ‚
1785 2166 1903 2198 appro-

1166 2208 1248 2241 batis
1273 2213 1305 2240 ct
1329 2207 1507 2247 innovatis;
1535 2207 1619 2240 inter
1643 2207 1705 2240 alia
1729 2208 1902 2250 disponen-

1166 2261 1259 2301 tibus,
1279 2262 1361 2304 quod
1388 2261 1544 2294 beneficia
1560 2261 1654 2294 Urbis
1679 2261 1810 2293 nonnisi
1828 2271 1900 2304 per-

1165 2316 1254 2349 sonis
1281 2316 1377 2348 certis
1403 2316 1500 2349 modo
1526 2320 1558 2348 et
1580 2316 1681 2348 forma
1699 2315 1898 2359 qualificatis,

1165 2374 1197 2402 et
1221 2369 1365 2402 oriundis
1384 2380 1420 2401 ex
1442 2369 1540 2402 certis
1566 2369 1652 2409 locis,
1672 2380 1708 2402 ae
1728 2368 1826 2401 trium
1848 2368 1899 2401 Or-

1164 2423 1275 2456 dinum
1287 2421 1483 2455 militiarum*z
1494 2432 1644 2465 expresse
1660 2421 1812 2464 professis
1829 2431 1899 2454 con-

1163 2476 1238 2509 ferri
1264 2482 1295 2509 et
1319 2476 1535 2509 commendari
1557 2477 1690 2515 soleant,
1705 2475 1819 2518 quibus
1836 2485 1899 2507 om-

1199 2550 1208 2573 1
1228 2547 1306 2573 Deest
1322 2533 1385 2573 illis,
1397 2555 1562 2580 eorumque,
1581 2550 1608 2571 ut
1623 2553 1683 2580 pag.
1700 2544 1751 2571 5⁹23
1765 2545 1780 2570 b
1798 2546 1836 2579 (n.
1848 2546 1897 2577 τ.).

1197 2593 1212 2618 2
1233 2592 1330 2619 Forsan
1354 2592 1526 2618 inflilurium
1549 2590 1663 2624 legenda
1677 2600 1690 2613 ιι
1711 2591 1750 2624 (a.
1768 2592 1820 2620 Τ.).

1933 208 1981 233 An.
1998 209 2027 233 C.
2051 206 2116 235 ¹067
