2247 3208
80 168 129 195 An.
148 168 175 194 C.
201 167 263 194 ¹067

902 166 1045 190 CLEMENS
1070 167 1100 190 tx
1123 167 1170 190 1¹1¹.

273 222 465 256 conventus,
500 216 640 259 capitula
671 221 702 248 et
732 226 887 258 personas
913 216 1010 254 (ultra
1055 215 1198 247 tionibus
1223 215 1318 248 etiam
1345 227 1381 248 ex
1408 218 1500 249 causa
1527 222 1558 249 ct
1593 218 1684 250 titulo
1716 227 1794 250 onc-

272 269 414 302 subsidia
439 269 558 302 montis
583 269 759 311 religionis,
780 280 839 301 seu
858 268 1010 311 quadrin-

272 327 444 364 gentorum
470 322 605 355 millium
632 328 807 362 scutorum,
827 328 856 354 et
874 328 1007 365 quartae

270 375 372 418 partis
396 376 582 408 eorumdem
615 376 794 414 fructuum,
822 375 1008 408 reddituum

271 433 303 461 et
328 434 554 470 proventuum,
582 434 613 461 et
638 429 699 461 alia
725 439 824 461 onera
849 438 930 471 quae
949 438 1008 470 per

270 480 385 513 Sedem
398 482 616 524 Apostolicam
633 481 678 514 eis
693 481 843 523 imposita
860 485 912 512 aut
930 480 1007 512 alias

269 535 459 577 persolvunt
485 545 542 567 seu
568 535 757 577 persolvere
775 534 1006 576 promiserunt)

269 585 418 619 similiter
450 587 684 623 numerandas,
720 586 951 628 persolvendas
977 591 1007 617 et

269 639 513 680 consignandas,
542 638 717 671 secundum
735 648 844 670 verum
863 648 1005 670 annuum

266 691 410 724 valorem
440 691 598 724 fructuum
619 717 626 730 ‚
651 690 835 723 reddituum
861 695 891 722 et
923 701 1002 733 pro-

267 749 422 776 ventuum
442 743 693 786 praedictorum.
716 743 754 775 Et
771 743 808 775 ad
828 743 914 775 hunc
930 742 1005 775 ette-

268 801 357 829 ctum
384 796 473 837 (licet
497 795 600 829 felicis
625 795 859 828 recordationis
883 795 957 828 Pius
982 797 1004 827 V

266 848 433 882 nonnullis
460 855 535 880 tunc
560 847 663 880 causis
689 848 856 888 adductus,
873 854 903 881 et
928 847 1000 882 Cle-

265 911 369 939 mens,
392 911 519 934 necnon
536 901 655 934 Paulus
669 912 704 933 ac
720 901 895 943 Gregorius
912 912 1004 945 prae-

266 954 455 987 decessores
480 954 649 997 praedicti,
669 954 765 987 etiam
784 965 820 987 ex·
840 954 910 987 aliis
930 960 1003 988 tunc

265 1007 428 1050 expressis
454 1007 566 1045 causis,
586 1007 715 1039 easdem
734 1008 1003 1049 congregationes

266 1070 283 1092 a
306 1060 439 1092 decimis
464 1070 562 1103 super
587 1060 742 1092 fructibus
769 1066 797 1093 et
823 1061 1002 1094 redditibus

266 1112 490 1145 ecclesiasticis
527 1112 682 1156 deinceps
716 1113 819 1145 ubivis
849 1113 1002 1155 etiamjin

266 1164 410 1197 dominio
436 1165 650 1202 Venetorum,
678 1170 707 1197 et
733 1176 769 1196 ex
801 1176 1002 1209 quacumque

265 1219 361 1248 causa
377 1217 596 1259 imponendis
612 1217 728 1250 liberas
742 1223 775 1249 et
791 1218 948 1250 immunes
963 1219 1002 1251 se-

265 1268 382 1311 cerint)
408 1269 476 1311 pari
502 1275 605 1309 motu,
631 1269 784 1309 scientia,
811 1270 1001 1303 auctoritate

264 1327 297 1353 et
320 1321 358 1354 de
383 1322 581 1364 apostolicae
607 1322 776 1365 potestatis
796 1323 1000 1366 plenitudine

264 1373 386 1416 (quoad
405 1376 533 1414 fructus,
556 1375 702 1407 redditus
720 1381 751 1408 et
770 1381 945 1418 proventus
962 1377 1000 1409 ad

263 1425 350 1469 ipsas
375 1428 646 1470 congregationes
671 1433 703 1460 et
738 1429 917 1471 quamlibet
942 1440 998 1462 ea-

263 1490 334 1513 rum
360 1480 392 1513 in
419 1481 563 1513 dominio
582 1481 778 1514 Venetorum
804 1484 1000 1525 spectantes)

263 1532 497 1573 immunitates,
524 1533 756 1576 exemptiones,
775 1545 811 1567 ac
833 1545 945 1568 omnes
970 1540 1002 1567 et

263 1596 484 1630 quoscumque
510 1593 705 1625 contractus,
723 1588 909 1631 scripturas,
928 1599 1001 1621 con-

261 1639 441 1679 ventiones,
460 1641 700 1681 transactiones,
721 1642 922 1681 concordias,
945 1653 1000 1686 pa-

262 1698 323 1733 cta,
348 1694 573 1733 instrumenta,
599 1695 816 1737 obligationes
841 1695 938 1728 etiam
968 1696 999 1728 in

262 1746 365 1779 forma
390 1758 536 1780 camerae
555 1748 750 1790 apostolicae
769 1754 800 1780 et
816 1748 999 1781 iuramento

261 1801 310 1832 vel
336 1800 398 1833 alia
422 1800 533 1843 quavis
554 1800 705 1834 firmitate
723 1801 885 1841 roborata,
907 1812 1000 1844 prae-

261 1853 373 1885 sertim
408 1854 493 1886 inter
526 1853 616 1886 Pium
654 1860 686 1887 et
722 1854 936 1894 Clementem,
964 1865 1000 1887 ac

261 1905 403 1946 Paulum,
430 1916 557 1939 necnon
581 1906 769 1949 Gregorium
802 1908 995 1950 praedeces-

261 1969 352 1992 sores
377 1964 506 1992 nostros
531 1965 562 1992 et
587 1970 746 1992 cameram
772 1961 995 2002 apostolicam,
1017 1945 1021 2032 Ι

261 2016 293 2043 et
312 2021 370 2054 pro
396 2014 433 2044 ea
458 2011 488 2044 S.
508 2012 545 2044 R.
569 2012 603 2045 E.
627 2012 838 2045 camerarium
862 2014 911 2045 vel
934 2013 999 2046 the-

261 2064 441 2097 saurarium
466 2066 662 2107 generalem,
688 2065 807 2098 aliosve
826 2076 998 2108 quoscum-

262 2127 323 2160 que
350 2122 426 2149 tunc
451 2117 624 2150 existentes
655 2124 687 2151 et
718 2118 862 2151 eiusdem
894 2129 1016 2152 catne-r

262 2179 315 2202 rae
334 2169 507 2209 ministros,
527 2171 730 2213 quantumvis
748 2172 854 2214 ampla
871 2177 902 2204 et
918 2172 1000 2204 suffi-

262 2222 358 2255 cienti
393 2223 543 2256 facultate
579 2224 618 2256 ad
650 2225 828 2267 praemissa
852 2224 1020 2269 facienda,

262 2274 417 2315 suffultos,
435 2286 473 2308 ex
494 2278 566 2315 una,
583 2282 613 2309 et
637 2277 907 2320 congregationes
923 2278 998 2311 ulti-

262 2339 315 2362 mo
354 2328 455 2361 dictas
488 2328 683 2372 illarumque
708 2336 936 2372 procuratores
961 2342 998 2363 ex

1053 277 1125 300 roso
1150 278 1310 305 concessav
1338 269 1398 300 hac
1422 269 1487 301 viee
1514 270 1679 302 dumtaxat
1699 275 1729 302 et
1755 281 1793 303 ex

1054 321 1158 352 (tausis
1181 321 1384 363 supradictis,
1404 324 1641 365 suspendimus,
1660 335 1695 356 ac
1715 324 1791 367 ipsis

1052 374 1358 415 congregationibus
1381 376 1487 418 quoad
1510 387 1624 409 novem
1647 378 1790 410 decimas

1051 425 1260 467 supradictas,
1278 426 1336 458 liae
1357 427 1434 466 vice,
1456 434 1489 459 ut
1506 431 1699 471 praefertur,
1726 431 1791 463 sus-

1052 477 1168 519 sragari
1194 479 1364 519 nolumus,
1391 480 1446 512 illa
1470 491 1546 513 vero
1572 482 1650 514 alias
1674 483 1704 514 in
1731 494 1789 515 suo

1050 530 1167 563 robore
1186 541 1379 573 permanere
1399 533 1617 573 decernimus,
1637 535 1788 578 ipsasque

1050 589 1334 624 congregationes,
1373 595 1409 616 ex
1454 586 1646 627 gravissimis
1684 589 1789 620 causis

1049 635 1231 678 praedictis,
1260 647 1374 668 novem
1394 637 1526 669 decimis
1548 639 1734 672 huiusmodi
1757 651 1789 673 o-

1049 698 1218 728 neramus;
1246 694 1285 729 et,
1305 700 1377 721 cum
1400 690 1516 722 ceteris
1535 693 1735 724 secularibus
1753 704 1788 725 ac

1049 742 1256 783 regularibus
1293 742 1416 774 clericis
1452 744 1598 785 personis
1641 745 1788 778 eiusdem

1048 794 1183 827 dominii
1209 795 1405 828 Venetorum
1440 797 1602 829 sexdecim
1636 803 1669 829 ut
1697 809 1788 840 prae-

1049 847 1149 879 fertur
1188 847 1423 887 indixerimus,
1450 849 1504 881 tali
1531 855 1659 881 nostrae
1685 850 1788 893 impo-

1047 900 1154 932 sitioni
1180 901 1389 943 acquiescere
1414 911 1450 933 ae
1475 902 1586 935 tacitas
1604 908 1635 935 et
1659 910 1788 936 conten—

1048 958 1093 985 tas
1119 963 1188 985 esse
1213 954 1375 986 volumus.
1396 954 1565 987 Universas
1583 966 1660 988 vero
1681 962 1713 988 et
1727 956 1787 989 sin-

1047 1006 1136 1047 gulas
1160 1016 1320 1048 personas
1346 1006 1457 1049 quavis
1482 1007 1639 1049 dignitate
1660 1009 1709 1041 vel
1730 1020 1787 1041 au·

1046 1058 1195 1091 ctoritate
1221 1059 1404 1101 fungentes,
1431 1066 1494 1092 tam
1516 1061 1719 1104 supradictas
1734 1072 1786 1095 ec-

1046 1111 1170 1151 clesias,
1196 1112 1392 1144 monasteria
1415 1118 1444 1144 et
1470 1113 1628 1146 beneficia
1652 1125 1786 1156 quomo-

1046 1164 1169 1196 dolibet
1196 1165 1405 1202 obtinentes,
1437 1176 1471 1197 ac
1502 1167 1703 1208 pensiones,
1728 1178 1785 1200 seu

1045 1219 1177 1258 fructus,
1197 1223 1251 1250 aut
1269 1229 1380 1252 eorum
1398 1225 1523 1261 partem
1542 1220 1613 1259 sibi,
1631 1226 1666 1252 ut
1690 1232 1784 1264 prae-

1045 1271 1155 1308 fertur,
1176 1277 1357 1303 reservatos
1372 1273 1601 1314 percipientes,
1622 1284 1717 1316 quam
1738 1275 1785 1306 ul-

1046 1323 1225 1356 timodictas
1252 1324 1522 1366 congregationes
1547 1331 1579 1357 et
1604 1326 1729 1359 earum¹
1748 1337 1785 1358 u-

1044 1386 1292 1419 namquamque,
1319 1382 1383 1408 tam
1405 1377 1605 1410 coniunctim
1623 1389 1717 1422 quam
1738 1379 1785 1412 di-

1043 1429 1155 1468 visim,
1192 1430 1230 1461 ad
1257 1429 1443 1462 huiusmodi
1469 1431 1611 1464 decimas
1644 1432 1676 1464 in
1709 1439 1782 1465 octo

1043 1483 1148 1522 annis,
1174 1482 1266 1514 binas
1291 1482 1443 1515 videlicet
1461 1484 1601 1516 decimas
1619 1486 1783 1518 dumtaxat

1043 1536 1191 1579 quolibet
1223 1546 1328 1574 anno,
1355 1542 1406 1575 et,
1433 1538 1538 1579 quoad
1563 1539 1781 1571 ultimodictas

1042 1589 1324 1631 congregationes,
1341 1589 1485 1631 singulas
1503 1596 1625 1623 tantum
1640 1592 1782 1624 decimas

1042 1652 1114 1674 cum
1138 1645 1201 1674 una
1225 1645 1339 1675 octava
1364 1648 1454 1686 parte
1471 1644 1600 1676 alterius
1627 1645 1780 1684 decimae,

1042 1695 1148 1738 quoad
1174 1695 1277 1728 dictos
1292 1701 1398 1728 autem
1416 1697 1530 1729 fratres
1552 1697 1780 1737 Mendicantes,

1042 1748 1182 1790 singulas
1208 1748 1358 1781 similiter
1378 1749 1520 1781 decimas
1538 1750 1710 1792 quotannis
1730 1750 1782 1782 du-

1042 1806 1132 1833 rante
1152 1801 1314 1841 octennio,
1333 1812 1350 1833 a
1369 1801 1432 1841 die,
1451 1813 1513 1845 quo
1530 1804 1643 1835 ultima
1668 1803 1781 1836 similis

1042 1854 1210 1886 concessio
1237 1865 1254 1886 a
1279 1855 1448 1897 praedicto
1476 1856 1658 1888 Alexandro
1687 1866 1781 1899 prae·-

1042 1907 1215 1939 decessore
1244 1907 1323 1939 sacta
1353 1908 1555 1950 expiraverit,
1583 1908 1778 1949 inchoando,

1041 1965 1073 1992 et
1097 1966 1132 1992 ut
1157 1960 1306 2003 sequitur
1327 1960 1479 1999 finiende,
1499 1961 1530 1993 in
1549 1961 1645 1994 certis
1673 1961 1780 1994 termi-

1042 2012 1090 2045 nis
1115 2023 1174 2056 per
1199 2018 1230 2045 te
1256 2012 1482 2055 praefigendis,
1506 2013 1630 2055 integre
1657 2014 1781 2056 persol-

1040 2066 1159 2098 vendas
1184 2066 1357 2099 efficaciter
1382 2067 1485 2099 teneri
1504 2072 1535 2099 et
1558 2078 1633 2100 vere
1659 2067 1780 2109 obliga-

1041 2123 1090 2151 tos
1115 2128 1209 2157 esse,
1236 2118 1416 2162 iisdemque
1449 2119 1665 2162 pensionariis
1682 2146 1689 2159 ‚
1727 2126 1781 2152 aut

1041 2180 1151 2203 eorum
1176 2171 1285 2210 alicui,
1306 2171 1481 2214 pensiones
1507 2182 1627 2204 annuas
1653 2172 1780 2215 praedi-

1041 2230 1108 2256 ctas
1134 2225 1373 2267 quantumlibet
1390 2231 1564 2268 exemptas,
1587 2231 1619 2257 et
1638 2227 1696 2258 sub
1715 2225 1780 2269 qui·

1041 2278 1148 2309 busvis
1186 2277 1442 2319 obligationibus
1477 2278 1572 2310 etiam
1608 2277 1639 2310 in
1677 2278 1779 2310 forma

1041 2340 1187 2364 camerae
1224 2336 1254 2363 et
1290 2330 1471 2363 iuramento
1507 2332 1602 2363 etiam
1640 2332 1678 2363 de
1715 2341 1779 2364 non

261 2383 363 2415 altera
387 2383 532 2426 partibus
557 2381 645 2420 inita,
671 2392 707 2414 ac
731 2383 840 2415 onmia
857 2388 888 2415 et
905 2387 1000 2426 q'uae-
1041 2382 1317 2414 contraveniendo
1343 2387 1375 2414 et
1400 2382 1510 2415 forsan
1535 2383 1574 2415 de
1595 2393 1658 2415 non
1677 2382 1780 2426 impe-

262 2445 398 2478 cumque
429 2435 619 2479 privilegia,
644 2434 785 2474 indulta,
811 2435 999 2474 libertates,

263 2488 494 2531 exemptiones,
520 2487 749 2527 immunitates,
768 2488 827 2519 hac
845 2488 883 2520 dc
905 2490 1000 2520 causa

1018 2451 1022 2516 j
1042 2435 1156 2467 trando
1183 2445 1228 2476 gin
1242 2435 1301 2467 tias
1326 2441 1452 2468 nostras
1471 2440 1585 2468 contra
1610 2446 1675 2476 eos,
1695 2435 1780 2469 etde

262 2539 296 2573 in
321 2540 405 2572 hunc
439 2550 538 2583 usque
565 2540 651 2574 diem
678 2540 797 2573 eisdem
823 2518 1022 2583 congrega-i
1078 2549 1088 2575 1
1112 2548 1173 2575 Edit
1201 2548 1594 2584 tttain.tegitcorum(n.1·.).

1688 158 1754 191 titis
1802 168 1852 194 An.
1867 168 1894 194 c.
1918 167 1984 194 1567
