2247 3208
132 225 180 252 An.
202 226 230 253 C.
250 226 315 253 teo-2

192 966 307 991 Collegium

125 992 236 1013 subiaceat

126 1020 228 1045 generati.

916 224 1104 247 :trtzxvam-TR
1128 224 1171 246 vll
1198 224 1244 246 Pr.

327 274 497 317 petitionis
541 273 748 308 instantiam.
791 273 847 304 sed
889 283 924 303 ex
973 273 1062 302 certa

327 327 464 359 seientia
482 331 510 358 et
531 328 656 358 matura
672 325 908 357 ‹lelilwratione
928 323 1060 360 nostris,

327 379 433 421 deque
467 378 666 420 apostolieae
708 377 879 420 potestatis
919 375 1062 417 pleuitu-

327 431 413 470 diue,
435 430 488 462 ut¹
516 431 686 473 perpetuis
715 429 831 461 t'uturis
856 428 1058 470 temporibus

324 484 534 526 praepositus
554 483 717 523 generalis
735 483 799 513 uua
815 492 887 513 eum
903 481 1060 513 assisten-

326 536 413 567 tibus
439 536 709 578 Congregationis
744 534 909 577 praefatae
929 534 966 564 -in
992 543 1060 564 me-

325 593 451 621 morato
477 589 617 629 collegio
643 588 673 619 S..
700 586 804 618 Caroli
831 587 869 617 d«-
889 585 1058 617 Catiuariis

325 641 479 680 resideat,
498 641 608 682 ibique
627 640 738 671 sedem
753 639 952 671 ordinariam
971 638 1060 680 priu-

325 694 463 736 vipalem
485 693 616 731 babeat,
639 692 781 734 capitula
797 701 874 723 vero
894 690 1058 731 generalia

324 745 594 787 Cengregationis
609 743 797 776 huiusmodi
816 744 847 774 in
862 743 978 775 eodem
993 744 1059 775 eol-

323 798 409 839 legio
441 797 603 829 celebrari
636 797 795 835 debeant,
823 801 936 828 tenore
963 806 1058 838 prae-

324 850 466 881 sentium
492 849 700 881 decernimus
733 848 858 890 pariter
883 858 919 880 ac
944 848 1058 879 statui-

323 913 395 934 mus
421 907 453 933 et
478 901 680 935 ordinamus.

366 954 435 997 ξῧ.
462 954 617 987 Volentcs
655 958 691 985 ut
724 954 846 986 dictum
879 953 1055 995 collegium

324 1007 446 1039 nullius
482 1007 692 1049 particularis
725 1006 913 1049 provinciae
951 1006 1055 1037 dietae

324 1059 597 1102 Congregationis
624 1069 696 1091 esse
714 1064 900 1097 censeatur,
924 1059 981 1090 sed
997 1059 1056 1090 im-

324 1113 466 1145 mediate
492 1112 661 1144 subiaceat
684 1112 832 1154 praefato
865 1112 1055 1154 praeposito

324 1165 483 1206 generali,
510 1164 565 1206 qui
584 1174 621 1196 ex
640 1169 783 1206 quatuor
806 1164 996 1206 provinciis,
1023 1163 1055 1195 in

324 1225 404 1257 quas
437 1215 551 1247 eadem
584 1213 801 1256 Congregatio
834 1214 936 1246 divisa
961 1224 1056 1256 repc-

322 1267 418 1306 ritur,
445 1276 598 1299 earumve
630 1266 811 1310 qualibet&
847 1271 923 1309 post
954 1266 1053 1299 saetas

323 1319 534 1362 superiorum
559 1319 715 1351 localium
740 1319 932 1358 electiones,
959 1319 1055 1350 indis-

323 1373 469 1404 serenter
493 1372 629 1404 arbitrio
656 1382 715 1404 suo
741 1372 840 1414 eligat
864 1371 1052 1413 religiosos,

323 1425 377 1467 qui
398 1424 554 1457 familiam
570 1424 674 1467 ipsius
689 1424 821 1466 collegii
838 1425 1051 1457 constituant.

322 1477 436 1517 Porro,
455 1482 589 1520 praeter
612 1477 840 1520 praepositum
865 1478 1053 1519 generalem

321 1535 354 1561 et
375 1535 518 1572 quatuor
538 1530 732 1562 assistentes
750 1541 786 1562 ac
803 1535 1052 1572 procuratorem

321 1583 509 1624 generalem
539 1582 809 1625 Congregationis
842 1584 1051 1623 huiusmodi,

320 1635 401 1667 nulli
427 1635 481 1667 alii
515 1635 704 1678 superiores
734 1638 785 1669 vel
815 1637 961 1679 religiosi
988 1638 1054 1680 pri-

320 1687 464 1729 vilegiati
495 1688 700 1721 mansionem
731 1690 882 1723 stabilem
906 1691 939 1722 in
965 1690 1052 1723 dicto

1140 272 1153 311 ,ξ
1178 271 1208 302 Δἰ-.
1237 270 1275 303 Ut
1299 274 1407 302 autem
1434 270 1543 303 omnia
1568 270 1693 303 maiora
1723 271 1827 303 dietae

1096 323 1365 365 Ccmgrogationis
1403 323 1507 355 officia
1543 324 1629 355 inter
1664 324 1828 366 praefatas

1096 381 1238 418 quatuor
1263 375 1449 418 provincias
1475 377 1580 418 aequa
1602 377 1693 408 lance
1720 376 1829 408 distri-

1094 428 1255 466 buantur,
1283 428 1457 459 statuimus
1482 432 1518 459 ut
1546 438 1763 471 unaquaeque
1789 439 1827 460 ex

1094 480 1218 512 eisdem
1243 480 1421 522 provinciis
1442 480 1596 522 proprios
1617 481 1825 513 assistentem

1093 543 1130 564 ae
1154 532 1358 564 visitatorem
1383 536 1415 563 et
1438 533 1664 574 praepositum
1695 533 1827 575 provin-

1093 584 1209 616 cialem
1236 584 1367 623 habeat,
1387 583 1442 626 qui
1464 584 1529 615 sint
1546 588 1575 615 et
1595 594 1667 615 esse
1686 585 1827 616 debeant

1092 636 1275 669 nationales
1311 637 1494 678 respective
1528 637 1717 668 earumdem
1751 647 1826 679 pro-

1092 689 1284 721 vinciarum.
1311 688 1490 721 Nationalis
1520 699 1598 720 vero
1624 688 1761 721 alieuius
1788 699 1824 720 ex

1091 742 1268 785 provinciis
1280 742 1470 774 huiusmodi
1483 741 1509 773 is
1525 751 1596 773 esse
1611 741 1823 783 intelligatur,

1092 796 1147 838 qui
1172 796 1222 827 vel
1248 795 1280 826 in
1304 795 1360 826 illa
1386 795 1427 826 sit
1451 798 1560 833 natus,
1586 794 1636 826 vel
1662 794 1693 825 iu
1716 794 1825 836 aliqua

1092 857 1128 879 ex
1151 847 1302 880 domibus
1320 845 1498 878 novitiatus
1513 846 1617 888 ipsius
1635 846 1823 888 provinciae

1090 900 1332 943 professionem
1364 900 1551 941 regularem
1581 898 1747 937 emiserit,
1773 899 1824 931 vel

1090 953 1123 984 in
1156 952 1271 985 eadem
1304 951 1474 994 provincia
1499 951 1649 984 decennii
1675 951 1823 983 continui

1091 1005 1197 1048 spatio
1222 1004 1428 1036 mansionem
1454 1004 1577 1036 ibidem
1603 1004 1728 1036 habens
1754 1003 1824 1035 suc—

1090 1059 1133 1091 rit
1156 1062 1398 1097 commoratus3
1426 1057 1488 1089 liae
1512 1058 1584 1099 lege
1610 1062 1665 1097 ut,
1693 1056 1748 1099 qui
1773 1066 1824 1089 se-

1090 1112 1154 1143 mel
1179 1111 1364 1143 declaratus
1391 1110 1489 1142 fuerit
1514 1110 1611 1142 unius
1638 1119 1711 1142 esse
1746 1119 1823 1152 pro-

1090 1164 1227 1203 vinciae,
1253 1163 1479 1196 nationalitate
1514 1162 1652 1195 alicuius
1686 1173 1724 1194 ex
1749 1163 1822 1195 aliis

1088 1216 1267 1260 provinciis
1299 1216 1399 1259 potiri
1431 1220 1594 1258 nequeat,
1619 1214 1683 1246 nisi
1709 1215 1741 1247 in
1766 1214 1823 1247 illa

1089 1269 1128 1301 de
1153 1278 1238 1301 novo
1263 1278 1324 1311 per
1354 1268 1550 1300 decennium
1575 1262 1820 1309 pe1·1nanserit;

1089 1332 1152 1364 qua
1177 1331 1278 1364 super
1302 1330 1336 1352 re
1362 1319 1459 1352 etiam
1485 1319 1619 1362 capituli
1658 1319 1822 1361 generalis

1088 1373 1497 1417 approbatio<intervenire
1513 1373 1642 1405 debeat.
1655 1371 1822 1410 Quiavero

1088 1427 1169 1459 duos
1205 1427 1330 1469 primos
1367 1426 1517 1458 eiusdem
1549 1425 1821 1467 Congregationis

1088 1479 1292 1522 superiores,
1318 1488 1438 1521 nempe
1469 1478 1697 1521 praepositum
1723 1487 1822 1519 gene-

1087 1534 1189 1566 ralem
1207 1538 1239 1565 et
1256 1536 1506 1576 procuratorem
1521 1531 1721 1574 generalem,
1733 1531 1821 1564 viros

1087 1590 1252 1629 spectatae
1284 1585 1414 1618 virtutis
1448 1589 1479 1617 et
1512 1585 1700 1617 idoneitatis
1733 1585 1822 1617 aliis-

1087 1649 1150 1682 que
1182 1638 1309 1671 meritis
1346 1637 1462 1671 eximie
1505 1642 1712 1680 praestantes
1747 1648 1820 1671 csse

1087 1696 1238 1734 oportet;
1270 1691 1344 1724 ideo
1377 1692 1527 1724 volumus
1560 1691 1695 1723 eosdem
1725 1700 1821 1733 prae-

321 1739 461 1781 collegio
501 1740 625 1772 habere
662 1741 802 1783 possint.
841 1742 1231 1800 Praepositus'positum
1273 1745 1461 1786 generalem
1498 1748 1530 1775 et
1566 1748 1820 1786 procuratorem

320 1802 397 1825 vero
416 1793 591 1834 generali&
608 1799 784 1837 postquam
798 1795 922 1827 electus
941 1796 1051 1836 suerit,

321 1845 410 1877 solus
426 1855 487 1888 per
504 1846 662 1889 seipsum,
678 1852 855 1889 antequam
872 1847 925 1880 alii
938 1858 1052 1880 omnes

321 1897 510 1940 superiores
532 1899 653 1931 locales
673 1899 849 1942 eligantur,
871 1901 1052 1933 secundum

320 1950 548 1994 praepositum
574 1951 684 1994 eligat,
711 1953 766 1995 qui
792 1953 967 1995 collegium
993 1954 1054 1986 liu-

320 2003 462 2036 iusmodi
487 2004 715 2048 dependenter
747 2005 787 2037 ab
812 2005 884 2048 ipso
913 2017 1053 2050 praepo-

320 2056 383 2089 sito
409 2058 555 2099 generali
580 2063 684 2100 regat,
707 2069 744 2091 ac
761 2059 914 2091 omnibus
936 2064 968 2092 et
988 2060 1053 2092 sin-

321 2109 404 2151 gulis
437 2109 676 2152 praerogativis
703 2115 735 2142 et
758 2112 1051 2154 praeeminentiis,

321 2162 440 2205 quibus
460 2163 642 2206 praepositi
660 2164 808 2196 eiusdem
826 2165 956 2206 collegii
977 2165 1053 2198 hac-

321 2220 416 2247 tenus
441 2216 505 2255 usi,
530 2215 628 2258 potiti
653 2220 685 2248 et
710 2215 811 2258 gavisi
832 2216 977 2257 suerunt,
996 2229 1053 2261 pa-

321 2267 500 2300 rit'ormiter
524 2267 584 2308 uti,
609 2267 710 2310 potiri
736 2273 768 2300 et
792 2269 948 2311 gaudere,
977 2280 1053 2303 nec-

321 2331 387 2353 non
412 2321 555 2364 capitulo
579 2321 772 2364 provinciali
792 2322 980 2365 provinciae
1001 2334 1054 2357 ro-

322 2385 436 2406 manae
462 2376 526 2406 una
551 2384 624 2407 eum
649 2375 738 2407 socio
762 2385 821 2408 suo
842 2375 1003 2409 interesse
1021 2382 1053 2409 et

322 2428 443 2460 ibidem
478 2427 511 2460 in
542 2428 689 2460 vocalem
721 2428 855 2471 capituli
889 2430 1052 2471 generalis

322 2481 398 2524 eligi
422 2481 540 2514 valeat.
645 2486 647 2488 ’

359 2553 367 2577 1
387 2551 453 2577 Male
468 2551 531 2578 edit.
548 2550 626 2578 Maia.
642 2550 705 2585 legit
721 2559 753 2577 ccc
768 2559 817 2585 pro
832 2557 863 2579 ul
877 2560 917 2587 tn.
934 2560 983 2588 17.

356 2595 372 2621 2
388 2594 453 2621 Male
469 2594 562 2621 eadem
578 2594 641 2620 edit.
659 2593 740 2621 babet
754 2595 896 2628 quaelibet
914 2596 952 2629 (R.
968 2596 1009 2631 Τ.)

409 2648 486 2674 Ball.
506 2647 588 2675 Rom
606 2662 640 2667 -
659 2648 716 2674 Vol.
738 2647 828 2676 XVII.
981 2647 1005 2684 2,

1086 1797 1275 1840 generalem
1300 1807 1337 1829 ex
1361 1796 1516 1829 universo
1543 1805 1684 1839 corpore
1715 1797 1820 1829 dictae

1086 1849 1356 1892 Congregationis
1373 1875 1380 1889 ,
1415 1849 1505 1882 nulla
1530 1850 1658 1881 servata
1688 1849 1822 1891 provin-

1086 1902 1210 1934 ciarum
1250 1901 1486 1941 distinctione,
1525 1901 1582 1934 sed
1615 1901 1686 1934 sola
1720 1902 1822 1934 virtu-

1086 1955 1126 1986 tis
1153 1959 1184 1987 et
1212 1954 1401 1987 idoneitatis
1431 1959 1464 1987 et
1488 1954 1682 1986 meritorum
1706 1954 1822 1987 huius-

1086 2007 1174 2040 modi
1189 2007 1479 2050 contemplatione,
1495 2007 1636 2047 assumi;
1658 2007 1758 2050 idque
1773 2007 1822 2040 lo-

1087 2071 1161 2093 cum
1186 2060 1307 2093 habeat
1331 2065 1396 2092 tam
1419 2059 1453 2092 in
1472 2070 1549 2092 casu
1574 2070 1639 2102 quo
1658 2060 1821 2093 eiusmodi

1086 2113 1268 2157 praepositi
1286 2113 1450 2156 generalis
1468 2123 1505 2145 ac
1522 2113 1748 2156 procuratoris
1767 2123 1822 2155 ge-

1086 2166 1207 2199 neralis
1248 2165 1354 2199 officia
1393 2170 1543 2209 tempore
1586 2166 1820 2198 celebrationis

1087 2219 1222 2262 capituli
1246 2218 1410 2261 generalis
1435 2223 1563 2259 vacent,
1591 2229 1689 2261 quam
1714 2219 1741 2251 si
1762 2228 1822 2261 per

1086 2276 1245 2311 mortem,
1283 2271 1423 2304 aliumve
1457 2270 1639 2313 quemlibet
1668 2275 1821 2303 eventum

1086 2325 1119 2357 in
1144 2324 1286 2357 decursu
1319 2323 1452 2356 triennii
1489 2323 1658 2365 contingat
1688 2323 1821 2355 illorum

1087 2376 1224 2409 vacatio.
1252 2376 1420 2416 Ceterum,
1449 2375 1621 2408 eveniente
1646 2379 1721 2407 ante
1748 2385 1822 2407 exa-

1087 2435 1177 2463 ctum
1212 2429 1391 2462 triennium
1424 2428 1594 2462 vacatione
1636 2427 1821 2460 officiorum

1088 2482 1272 2515 assistentis
1293 2492 1330 2515 ac
1350 2481 1527 2514 visitatoris
1545 2485 1577 2513 et
1594 2480 1819 2524 provincialis,

1089 2536 1144 2579 qui
1175 2535 1208 2567 in
1239 2536 1348 2568 locum
1380 2533 1562 2567 deficientis
1599 2533 1821 2566 substituetur

1089 2588 1155 2621 sive
1182 2587 1429 2630 subrogabitur,
1447 2587 1536 2620 illius
1557 2586 1745 2630 provinciae
1764 2596 1820 2618 na-

1782 214 1801 246 s)
1847 223 1896 248 An.
1918 223 1945 248 c.
1964 224 2030 249 1662

1888 284 2028 304 Natiunatitas

1844 313 1939 329 serretur
1955 316 1974 329 iu
1987 310 2029 330 elu-

1844 337 1960 356 etioutbus.
