<?xml version="1.0" encoding="UTF-8"?>
<!DOCTYPE html PUBLIC "-//W3C//DTD XHTML 1.0 Transitional//EN"
    "http://www.w3.org/TR/xhtml1/DTD/xhtml1-transitional.dtd">
<html xmlns="http://www.w3.org/1999/xhtml" xml:lang="en" lang="en">
 <head>
  <title>
</title>
<meta http-equiv="Content-Type" content="text/html;charset=utf-8" />
  <meta name='ocr-system' content='tesseract 3.04.00' />
  <meta name='ocr-capabilities' content='ocr_page ocr_carea ocr_par ocr_line ocrx_word'/>
</head>
<body>
  <div class='ocr_page' id='page_1' title='image "./bullarumdiplomat17cath_0257.png"; bbox 0 0 2247 3208; ppageno 0'>
   <div class='ocr_carea' id='block_1_1' title="bbox 126 191 315 218">
    <p class='ocr_par' dir='ltr' id='par_1_1' title="bbox 126 191 315 218">
     <span class='ocr_line' id='line_1_1' title="bbox 126 191 315 218; baseline 0 -1"><span class='ocrx_word' id='word_1_1' title='bbox 126 194 176 218; x_wconf 78' lang='grc' dir='ltr'><strong>Αιι,</strong></span> <span class='ocrx_word' id='word_1_2' title='bbox 199 193 228 218; x_wconf 86' lang='lat' dir='ltr'><strong>C.</strong></span> <span class='ocrx_word' id='word_1_3' title='bbox 248 191 315 218; x_wconf 63' lang='lat'><strong>1653</strong></span> 
     </span>
    </p>
   </div>
   <div class='ocr_carea' id='block_1_2' title="bbox 119 1299 302 1372">
    <p class='ocr_par' dir='ltr' id='par_1_2' title="bbox 119 1299 302 1372">
     <span class='ocr_line' id='line_1_2' title="bbox 189 1299 302 1319; baseline 0.009 0"><span class='ocrx_word' id='word_1_4' title='bbox 189 1299 302 1319; x_wconf 54' lang='lat' dir='ltr'><strong>narratum</strong></span> 
     </span>
     <span class='ocr_line' id='line_1_3' title="bbox 119 1327 301 1350; baseline 0 -6"><span class='ocrx_word' id='word_1_5' title='bbox 119 1327 238 1350; x_wconf 66' lang='lat' dir='ltr'><strong>prm-satum</strong></span> <span class='ocrx_word' id='word_1_6' title='bbox 255 1332 301 1345; x_wconf 71' lang='lat' dir='ltr'><strong>ron·</strong></span> 
     </span>
     <span class='ocr_line' id='line_1_4' title="bbox 120 1352 195 1372; baseline 0.013 -1"><span class='ocrx_word' id='word_1_7' title='bbox 120 1352 195 1372; x_wconf 73' lang='lat' dir='ltr'><strong>firmat.</strong></span> 
     </span>
    </p>
   </div>
   <div class='ocr_carea' id='block_1_3' title="bbox 314 238 1057 2643">
    <p class='ocr_par' dir='ltr' id='par_1_3' title="bbox 314 238 1054 1116">
     <span class='ocr_line' id='line_1_5' title="bbox 317 238 1054 279; baseline 0.001 -9"><span class='ocrx_word' id='word_1_8' title='bbox 317 239 540 272; x_wconf 76' lang='lat' dir='ltr'><strong>constitutioni</strong></span> <span class='ocrx_word' id='word_1_9' title='bbox 567 238 741 271; x_wconf 70' lang='lat' dir='ltr'><strong>Clementis</strong></span> <span class='ocrx_word' id='word_1_10' title='bbox 768 240 839 279; x_wconf 55' lang='lat' dir='ltr'><strong>ls&#39;lll,</strong></span> <span class='ocrx_word' id='word_1_11' title='bbox 865 252 899 272; x_wconf 74' lang='lat' dir='ltr'><strong>ac</strong></span> <span class='ocrx_word' id='word_1_12' title='bbox 918 242 978 271; x_wconf 83' lang='lat' dir='ltr'><strong>sub</strong></span> <span class='ocrx_word' id='word_1_13' title='bbox 1000 240 1054 271; x_wconf 77' lang='lat' dir='ltr'><strong>iis-</strong></span> 
     </span>
     <span class='ocr_line' id='line_1_6' title="bbox 317 292 1053 335; baseline 0 -11"><span class='ocrx_word' id='word_1_14' title='bbox 317 293 390 324; x_wconf 90' lang='lat' dir='ltr'><strong>dem</strong></span> <span class='ocrx_word' id='word_1_15' title='bbox 408 292 523 334; x_wconf 87' lang='lat' dir='ltr'><strong>poenis</strong></span> <span class='ocrx_word' id='word_1_16' title='bbox 542 292 648 324; x_wconf 83' lang='lat' dir='ltr'><strong>denuo</strong></span> <span class='ocrx_word' id='word_1_17' title='bbox 666 303 730 324; x_wconf 83' lang='lat' dir='ltr'><strong>non</strong></span> <span class='ocrx_word' id='word_1_18' title='bbox 749 292 906 335; x_wconf 72' lang='lat' dir='ltr'><strong>imprimi*</strong></span> <span class='ocrx_word' id='word_1_19' title='bbox 934 292 995 325; x_wconf 87' lang='lat' dir='ltr'><strong>nisi</strong></span> <span class='ocrx_word' id='word_1_20' title='bbox 1015 292 1053 324; x_wconf 87' lang='lat' dir='ltr'><strong>ab</strong></span> 
     </span>
     <span class='ocr_line' id='line_1_7' title="bbox 316 344 1051 388; baseline 0 -11"><span class='ocrx_word' id='word_1_21' title='bbox 316 344 433 377; x_wconf 86' lang='lat' dir='ltr'><strong>eodem</strong></span> <span class='ocrx_word' id='word_1_22' title='bbox 464 345 576 378; x_wconf 85' lang='lat' dir='ltr'><strong>libello</strong></span> <span class='ocrx_word' id='word_1_23' title='bbox 613 346 782 388; x_wconf 81' lang='lat' dir='ltr'><strong>expunctis</strong></span> <span class='ocrx_word' id='word_1_24' title='bbox 816 346 1051 378; x_wconf 71' lang='lat' dir='ltr'><strong>assertionibus</strong></span> 
     </span>
     <span class='ocr_line' id='line_1_8' title="bbox 315 396 1053 441; baseline 0 -12"><span class='ocrx_word' id='word_1_25' title='bbox 315 396 481 439; x_wconf 83' lang='lat' dir='ltr'><strong>praefatis.</strong></span> <span class='ocrx_word' id='word_1_26' title='bbox 509 397 639 437; x_wconf 68' lang='lat' dir='ltr'><strong>Verum,</strong></span> <span class='ocrx_word' id='word_1_27' title='bbox 667 399 742 441; x_wconf 81' lang='lat' dir='ltr'><strong>quia</strong></span> <span class='ocrx_word' id='word_1_28' title='bbox 759 398 844 430; x_wconf 79' lang='lat' dir='ltr'><strong>inter</strong></span> <span class='ocrx_word' id='word_1_29' title='bbox 863 399 942 430; x_wconf 80' lang='lat' dir='ltr'><strong>haec</strong></span> <span class='ocrx_word' id='word_1_30' title='bbox 962 408 1053 440; x_wconf 84' lang='lat' dir='ltr'><strong>prae—</strong></span> 
     </span>
     <span class='ocr_line' id='line_1_9' title="bbox 316 449 1053 493; baseline 0.001 -13"><span class='ocrx_word' id='word_1_31' title='bbox 316 449 397 482; x_wconf 80' lang='lat' dir='ltr'><strong>fatus</strong></span> <span class='ocrx_word' id='word_1_32' title='bbox 427 450 627 483; x_wconf 76' lang='lat' dir='ltr'><strong>reverendus</strong></span> <span class='ocrx_word' id='word_1_33' title='bbox 652 455 746 493; x_wconf 90' lang='lat' dir='ltr'><strong>pater</strong></span> <span class='ocrx_word' id='word_1_34' title='bbox 772 451 922 482; x_wconf 82' lang='lat' dir='ltr'><strong>domiuus</strong></span> <span class='ocrx_word' id='word_1_35' title='bbox 949 450 1053 482; x_wconf 79' lang='lat' dir='ltr'><strong>Phoe-</strong></span> 
     </span>
     <span class='ocr_line' id='line_1_10' title="bbox 315 502 1051 546; baseline 0 -12"><span class='ocrx_word' id='word_1_36' title='bbox 315 502 416 535; x_wconf 84' lang='lat' dir='ltr'><strong>baeus</strong></span> <span class='ocrx_word' id='word_1_37' title='bbox 441 503 479 536; x_wconf 87' lang='lat' dir='ltr'><strong>ad</strong></span> <span class='ocrx_word' id='word_1_38' title='bbox 506 504 763 546; x_wconf 66' lang='lat' dir='ltr'>praeceptorium</span> <span class='ocrx_word' id='word_1_39' title='bbox 784 503 889 535; x_wconf 81' lang='lat' dir='ltr'><strong>Sancti</strong></span> <span class='ocrx_word' id='word_1_40' title='bbox 915 502 1051 545; x_wconf 81' lang='lat' dir='ltr'><strong>Spiritus</strong></span> 
     </span>
     <span class='ocr_line' id='line_1_11' title="bbox 315 555 1053 599; baseline -0.003 -11"><span class='ocrx_word' id='word_1_41' title='bbox 315 556 347 588; x_wconf 93' lang='lat' dir='ltr'><strong>in</strong></span> <span class='ocrx_word' id='word_1_42' title='bbox 373 555 465 588; x_wconf 86' lang='lat' dir='ltr'><strong>Saxia</strong></span> <span class='ocrx_word' id='word_1_43' title='bbox 490 562 658 599; x_wconf 86' lang='lat' dir='ltr'><strong>promotus</strong></span> <span class='ocrx_word' id='word_1_44' title='bbox 679 556 744 595; x_wconf 78' lang='lat' dir='ltr'><strong>suit,</strong></span> <span class='ocrx_word' id='word_1_45' title='bbox 766 561 797 587; x_wconf 87' lang='lat' dir='ltr'><strong>et</strong></span> <span class='ocrx_word' id='word_1_46' title='bbox 816 556 886 598; x_wconf 86' lang='lat' dir='ltr'><strong>ipse</strong></span> <span class='ocrx_word' id='word_1_47' title='bbox 912 560 1053 587; x_wconf 83' lang='lat' dir='ltr'><strong>secreta-</strong></span> 
     </span>
     <span class='ocr_line' id='line_1_12' title="bbox 315 608 1053 651; baseline -0.001 -11"><span class='ocrx_word' id='word_1_48' title='bbox 315 609 381 646; x_wconf 79' lang='lat' dir='ltr'><strong>ri,‘1e</strong></span> <span class='ocrx_word' id='word_1_49' title='bbox 399 609 661 651; x_wconf 74' lang='lat' dir='ltr'><strong>congregationis</strong></span> <span class='ocrx_word' id='word_1_50' title='bbox 680 618 844 641; x_wconf 82' lang='lat' dir='ltr'><strong>sacrorum</strong></span> <span class='ocrx_word' id='word_1_51' title='bbox 864 609 983 640; x_wconf 87' lang='lat' dir='ltr'><strong>rituum</strong></span> <span class='ocrx_word' id='word_1_52' title='bbox 999 608 1053 639; x_wconf 86' lang='lat' dir='ltr'><strong>ad-</strong></span> 
     </span>
     <span class='ocr_line' id='line_1_13' title="bbox 316 660 1051 702; baseline -0.001 -9"><span class='ocrx_word' id='word_1_53' title='bbox 316 661 421 694; x_wconf 85' lang='lat' dir='ltr'><strong>dictus</strong></span> <span class='ocrx_word' id='word_1_54' title='bbox 445 672 528 701; x_wconf 89' lang='lat' dir='ltr'><strong>sum,</strong></span> <span class='ocrx_word' id='word_1_55' title='bbox 549 660 777 694; x_wconf 78' lang='lat' dir='ltr'><strong>Sanctissinuis</strong></span> <span class='ocrx_word' id='word_1_56' title='bbox 794 660 873 692; x_wconf 80' lang='lat' dir='ltr'><strong>milii</strong></span> <span class='ocrx_word' id='word_1_57' title='bbox 893 671 952 702; x_wconf 88' lang='lat' dir='ltr'><strong>per</strong></span> <span class='ocrx_word' id='word_1_58' title='bbox 965 661 1051 693; x_wconf 86' lang='lat' dir='ltr'><strong>aliud</strong></span> 
     </span>
     <span class='ocr_line' id='line_1_14' title="bbox 316 714 1053 758; baseline 0 -12"><span class='ocrx_word' id='word_1_59' title='bbox 316 715 523 758; x_wconf 84' lang='lat' dir='ltr'><strong>subsequens</strong></span> <span class='ocrx_word' id='word_1_60' title='bbox 545 714 735 757; x_wconf 77' lang='lat' dir='ltr'><strong>rescriptum</strong></span> <span class='ocrx_word' id='word_1_61' title='bbox 754 714 917 746; x_wconf 81' lang='lat' dir='ltr'><strong>mandavit</strong></span> <span class='ocrx_word' id='word_1_62' title='bbox 941 719 971 745; x_wconf 91' lang='lat' dir='ltr'><strong>ut</strong></span> <span class='ocrx_word' id='word_1_63' title='bbox 999 714 1053 746; x_wconf 88' lang='lat' dir='ltr'><strong>de-</strong></span> 
     </span>
     <span class='ocr_line' id='line_1_15' title="bbox 316 766 1051 809; baseline 0 -10"><span class='ocrx_word' id='word_1_64' title='bbox 316 777 415 809; x_wconf 81' lang='lat' dir='ltr'>super</span> <span class='ocrx_word' id='word_1_65' title='bbox 446 766 618 809; x_wconf 79' lang='lat' dir='ltr'><strong>praedictis</strong></span> <span class='ocrx_word' id='word_1_66' title='bbox 655 766 805 798; x_wconf 86' lang='lat' dir='ltr'><strong>omnihus</strong></span> <span class='ocrx_word' id='word_1_67' title='bbox 844 778 879 798; x_wconf 83' lang='lat' dir='ltr'><strong>ac</strong></span> <span class='ocrx_word' id='word_1_68' title='bbox 915 767 1051 809; x_wconf 68' lang='lat' dir='ltr'><strong>singulis</strong></span> 
     </span>
     <span class='ocr_line' id='line_1_16' title="bbox 316 819 1053 859; baseline 0 -8"><span class='ocrx_word' id='word_1_69' title='bbox 316 820 484 852; x_wconf 86' lang='lat' dir='ltr'><strong>decretum</strong></span> <span class='ocrx_word' id='word_1_70' title='bbox 511 820 652 859; x_wconf 84' lang='lat' dir='ltr'><strong>ederem,</strong></span> <span class='ocrx_word' id='word_1_71' title='bbox 680 830 715 851; x_wconf 87' lang='lat' dir='ltr'><strong>ac</strong></span> <span class='ocrx_word' id='word_1_72' title='bbox 740 819 826 851; x_wconf 80' lang='lat' dir='ltr'><strong>idem</strong></span> <span class='ocrx_word' id='word_1_73' title='bbox 853 820 885 851; x_wconf 92' lang='lat' dir='ltr'><strong>in</strong></span> <span class='ocrx_word' id='word_1_74' title='bbox 910 825 978 852; x_wconf 86' lang='lat' dir='ltr'><strong>acta</strong></span> <span class='ocrx_word' id='word_1_75' title='bbox 1003 830 1053 852; x_wconf 87' lang='lat' dir='ltr'><strong>sa-</strong></span> 
     </span>
     <span class='ocr_line' id='line_1_17' title="bbox 315 872 1054 914; baseline 0.001 -11"><span class='ocrx_word' id='word_1_76' title='bbox 315 881 387 904; x_wconf 88' lang='lat' dir='ltr'><strong>crae</strong></span> <span class='ocrx_word' id='word_1_77' title='bbox 416 872 678 914; x_wconf 78' lang='lat' dir='ltr'><strong>congregationis</strong></span> <span class='ocrx_word' id='word_1_78' title='bbox 707 872 881 912; x_wconf 77' lang='lat' dir='ltr'><strong>referrem,</strong></span> <span class='ocrx_word' id='word_1_79' title='bbox 909 873 968 904; x_wconf 91' lang='lat' dir='ltr'><strong>sub</strong></span> <span class='ocrx_word' id='word_1_80' title='bbox 1000 883 1054 905; x_wconf 79' lang='lat' dir='ltr'><strong>ex-</strong></span> 
     </span>
     <span class='ocr_line' id='line_1_18' title="bbox 314 924 1053 968; baseline 0.003 -12"><span class='ocrx_word' id='word_1_81' title='bbox 314 925 440 967; x_wconf 76' lang='lat' dir='ltr'><strong>pressis</strong></span> <span class='ocrx_word' id='word_1_82' title='bbox 464 924 582 968; x_wconf 88' lang='lat' dir='ltr'><strong>poenis</strong></span> <span class='ocrx_word' id='word_1_83' title='bbox 608 925 746 968; x_wconf 84' lang='lat' dir='ltr'><strong>aliisque</strong></span> <span class='ocrx_word' id='word_1_84' title='bbox 773 925 978 967; x_wconf 73' lang='lat' dir='ltr'><strong>gravioribus</strong></span> <span class='ocrx_word' id='word_1_85' title='bbox 1004 936 1053 958; x_wconf 85' lang='lat' dir='ltr'><strong>ar-</strong></span> 
     </span>
     <span class='ocr_line' id='line_1_19' title="bbox 314 976 1053 1019; baseline 0.003 -10"><span class='ocrx_word' id='word_1_86' title='bbox 314 976 415 1010; x_wconf 91' lang='lat' dir='ltr'><strong>bitrio</strong></span> <span class='ocrx_word' id='word_1_87' title='bbox 439 977 622 1010; x_wconf 86' lang='lat' dir='ltr'><strong>Sanctitatis</strong></span> <span class='ocrx_word' id='word_1_88' title='bbox 654 977 735 1011; x_wconf 81' lang='lat' dir='ltr'><strong>Suae</strong></span> <span class='ocrx_word' id='word_1_89' title='bbox 767 978 953 1019; x_wconf 68' lang='lat' dir='ltr'><strong>infligendis</strong></span> <span class='ocrx_word' id='word_1_90' title='bbox 979 989 1053 1011; x_wconf 86' lang='lat' dir='ltr'><strong>exe-</strong></span> 
     </span>
     <span class='ocr_line' id='line_1_20' title="bbox 315 1030 1053 1073; baseline 0.003 -13"><span class='ocrx_word' id='word_1_91' title='bbox 315 1030 465 1072; x_wconf 87' lang='lat' dir='ltr'><strong>quutioni</strong></span> <span class='ocrx_word' id='word_1_92' title='bbox 475 1030 659 1063; x_wconf 83' lang='lat' dir='ltr'><strong>omnimode</strong></span> <span class='ocrx_word' id='word_1_93' title='bbox 671 1030 944 1070; x_wconf 71' lang='lat' dir='ltr'><strong>demandandum,</strong></span> <span class='ocrx_word' id='word_1_94' title='bbox 958 1037 1053 1073; x_wconf 87' lang='lat' dir='ltr'><strong>prout</strong></span> 
     </span>
     <span class='ocr_line' id='line_1_21' title="bbox 316 1081 674 1116; baseline 0.008 -3"><span class='ocrx_word' id='word_1_95' title='bbox 316 1081 505 1115; x_wconf 89' lang='lat' dir='ltr'><strong>demandari</strong></span> <span class='ocrx_word' id='word_1_96' title='bbox 531 1084 674 1116; x_wconf 83' lang='lat' dir='ltr'><strong>mandat.</strong></span> 
     </span>
    </p>

    <p class='ocr_par' dir='ltr' id='par_1_4' title="bbox 331 1134 791 1170">
     <span class='ocr_line' id='line_1_22' title="bbox 331 1134 791 1170; baseline 0.007 -3"><span class='ocrx_word' id='word_1_97' title='bbox 331 1157 340 1166; x_wconf 79' lang='lat'><strong>.</strong></span> <span class='ocrx_word' id='word_1_98' title='bbox 358 1134 414 1168; x_wconf 82' lang='lat' dir='ltr'><strong>Die</strong></span> <span class='ocrx_word' id='word_1_99' title='bbox 436 1145 459 1169; x_wconf 86' lang='lat'><strong>11</strong></span> <span class='ocrx_word' id='word_1_100' title='bbox 477 1136 618 1169; x_wconf 74' lang='lat' dir='ltr'><strong>octobris</strong></span> <span class='ocrx_word' id='word_1_101' title='bbox 636 1146 791 1170; x_wconf 69' lang='lat' dir='ltr'><strong>uoctxui.</strong></span> 
     </span>
    </p>

    <p class='ocr_par' dir='ltr' id='par_1_5' title="bbox 545 1188 1006 1276">
     <span class='ocr_line' id='line_1_23' title="bbox 545 1188 1006 1232; baseline 0.004 -12"><span class='ocrx_word' id='word_1_102' title='bbox 545 1189 583 1221; x_wconf 81' lang='lat' dir='ltr'><strong>M.</strong></span> <span class='ocrx_word' id='word_1_103' title='bbox 611 1188 791 1232; x_wconf 78' lang='lat' dir='ltr'><strong>Episcopus</strong></span> <span class='ocrx_word' id='word_1_104' title='bbox 816 1190 1006 1223; x_wconf 80' lang='lat' dir='ltr'><strong>Sabinensis</strong></span> 
     </span>
     <span class='ocr_line' id='line_1_24' title="bbox 579 1241 990 1276; baseline 0.005 -3"><span class='ocrx_word' id='word_1_105' title='bbox 579 1241 750 1275; x_wconf 83' lang='lat' dir='ltr'><strong>cardinalis</strong></span> <span class='ocrx_word' id='word_1_106' title='bbox 775 1242 936 1276; x_wconf 50' lang='lat' dir='ltr'><strong>Gilxssrrcs</strong></span> <span class='ocrx_word' id='word_1_107' title='bbox 960 1256 990 1275; x_wconf 64' lang='lat' dir='ltr'><strong>n.</strong></span> 
     </span>
    </p>

    <p class='ocr_par' dir='ltr' id='par_1_6' title="bbox 314 1293 1057 2492">
     <span class='ocr_line' id='line_1_25' title="bbox 358 1293 1053 1338; baseline 0.003 -12"><span class='ocrx_word' id='word_1_108' title='bbox 358 1294 373 1337; x_wconf 63' lang='lat' dir='ltr'>g</span> <span class='ocrx_word' id='word_1_109' title='bbox 397 1293 428 1326; x_wconf 69' lang='lat'><strong>2.</strong></span> <span class='ocrx_word' id='word_1_110' title='bbox 448 1293 526 1327; x_wconf 86' lang='lat' dir='ltr'><strong>Cum</strong></span> <span class='ocrx_word' id='word_1_111' title='bbox 543 1299 663 1333; x_wconf 84' lang='lat' dir='ltr'><strong>autem,</strong></span> <span class='ocrx_word' id='word_1_112' title='bbox 679 1295 760 1326; x_wconf 85' lang='lat' dir='ltr'><strong>sicut</strong></span> <span class='ocrx_word' id='word_1_113' title='bbox 777 1305 836 1337; x_wconf 88' lang='lat' dir='ltr'><strong>pro</strong></span> <span class='ocrx_word' id='word_1_114' title='bbox 854 1301 944 1338; x_wconf 79' lang='lat' dir='ltr'><strong>parte</strong></span> <span class='ocrx_word' id='word_1_115' title='bbox 958 1306 1053 1338; x_wconf 86' lang='lat' dir='ltr'><strong>prac-</strong></span> 
     </span>
     <span class='ocr_line' id='line_1_26' title="bbox 315 1346 1052 1380; baseline 0.001 -1"><span class='ocrx_word' id='word_1_116' title='bbox 315 1347 454 1379; x_wconf 84' lang='lat' dir='ltr'><strong>t&#39;atorum</strong></span> <span class='ocrx_word' id='word_1_117' title='bbox 474 1346 637 1379; x_wconf 84' lang='lat' dir='ltr'><strong>Francisci</strong></span> <span class='ocrx_word' id='word_1_118' title='bbox 659 1347 698 1379; x_wconf 88' lang='lat' dir='ltr'><strong>de</strong></span> <span class='ocrx_word' id='word_1_119' title='bbox 721 1348 751 1380; x_wconf 91' lang='lat' dir='ltr'><strong>la</strong></span> <span class='ocrx_word' id='word_1_120' title='bbox 772 1348 857 1380; x_wconf 80' lang='lat' dir='ltr'><strong>Rosa</strong></span> <span class='ocrx_word' id='word_1_121' title='bbox 875 1353 906 1380; x_wconf 88' lang='lat' dir='ltr'><strong>et</strong></span> <span class='ocrx_word' id='word_1_122' title='bbox 922 1349 1052 1380; x_wconf 80' lang='lat' dir='ltr'><strong>loannis</strong></span> 
     </span>
     <span class='ocr_line' id='line_1_27' title="bbox 314 1398 1052 1442; baseline 0.003 -11"><span class='ocrx_word' id='word_1_123' title='bbox 314 1410 331 1431; x_wconf 93' lang='lat' dir='ltr'><strong>a</strong></span> <span class='ocrx_word' id='word_1_124' title='bbox 345 1398 568 1442; x_wconf 87' lang='lat' dir='ltr'><strong>Conceptione</strong></span> <span class='ocrx_word' id='word_1_125' title='bbox 582 1404 828 1442; x_wconf 87' lang='lat' dir='ltr'><strong>procuratorum</strong></span> <span class='ocrx_word' id='word_1_126' title='bbox 848 1401 1052 1442; x_wconf 68' lang='lat' dir='ltr'><strong>generalium</strong></span> 
     </span>
     <span class='ocr_line' id='line_1_28' title="bbox 314 1451 1053 1495; baseline 0.003 -12"><span class='ocrx_word' id='word_1_127' title='bbox 314 1451 409 1484; x_wconf 88' lang='lat' dir='ltr'><strong>nobis</strong></span> <span class='ocrx_word' id='word_1_128' title='bbox 435 1451 573 1484; x_wconf 85' lang='lat' dir='ltr'><strong>subinde</strong></span> <span class='ocrx_word' id='word_1_129' title='bbox 599 1452 785 1494; x_wconf 88' lang='lat' dir='ltr'><strong>expositum</strong></span> <span class='ocrx_word' id='word_1_130' title='bbox 812 1453 881 1492; x_wconf 83' lang='lat' dir='ltr'><strong>suit,</strong></span> <span class='ocrx_word' id='word_1_131' title='bbox 909 1453 971 1495; x_wconf 90' lang='lat' dir='ltr'><strong>ipsi</strong></span> <span class='ocrx_word' id='word_1_132' title='bbox 998 1454 1053 1486; x_wconf 90' lang='lat' dir='ltr'><strong>de-</strong></span> 
     </span>
     <span class='ocr_line' id='line_1_29' title="bbox 314 1501 1052 1545; baseline 0.004 -12"><span class='ocrx_word' id='word_1_133' title='bbox 314 1506 437 1534; x_wconf 86' lang='lat' dir='ltr'><strong>cretum</strong></span> <span class='ocrx_word' id='word_1_134' title='bbox 470 1501 670 1541; x_wconf 88' lang='lat' dir='ltr'><strong>huiusmodi,</strong></span> <span class='ocrx_word' id='word_1_135' title='bbox 704 1513 765 1545; x_wconf 88' lang='lat' dir='ltr'><strong>pro</strong></span> <span class='ocrx_word' id='word_1_136' title='bbox 797 1502 931 1536; x_wconf 74' lang='lat' dir='ltr'><strong>firmiori</strong></span> <span class='ocrx_word' id='word_1_137' title='bbox 966 1503 1052 1536; x_wconf 90' lang='lat' dir='ltr'><strong>illius</strong></span> 
     </span>
     <span class='ocr_line' id='line_1_30' title="bbox 314 1554 1051 1600; baseline 0.005 -14"><span class='ocrx_word' id='word_1_138' title='bbox 314 1554 528 1587; x_wconf 77' lang='lat' dir='ltr'><strong>subsistentia</strong></span> <span class='ocrx_word' id='word_1_139' title='bbox 545 1560 576 1587; x_wconf 92' lang='lat' dir='ltr'><strong>et</strong></span> <span class='ocrx_word' id='word_1_140' title='bbox 595 1555 836 1596; x_wconf 77' lang='lat' dir='ltr'><strong>observatione,</strong></span> <span class='ocrx_word' id='word_1_141' title='bbox 852 1557 1051 1600; x_wconf 83' lang='lat' dir='ltr'><strong>apostolicae</strong></span> 
     </span>
     <span class='ocr_line' id='line_1_31' title="bbox 314 1606 1052 1642; baseline 0.005 -4"><span class='ocrx_word' id='word_1_142' title='bbox 314 1606 571 1640; x_wconf 74' lang='lat' dir='ltr'><strong>confirmationis</strong></span> <span class='ocrx_word' id='word_1_143' title='bbox 596 1614 728 1641; x_wconf 86' lang='lat' dir='ltr'><strong>nostrae</strong></span> <span class='ocrx_word' id='word_1_144' title='bbox 758 1609 876 1642; x_wconf 85' lang='lat' dir='ltr'><strong>robore</strong></span> <span class='ocrx_word' id='word_1_145' title='bbox 909 1620 1052 1642; x_wconf 80' lang='lat' dir='ltr'><strong>commu-</strong></span> 
     </span>
     <span class='ocr_line' id='line_1_32' title="bbox 315 1659 1052 1705; baseline 0.005 -14"><span class='ocrx_word' id='word_1_146' title='bbox 315 1659 376 1691; x_wconf 89' lang='lat' dir='ltr'><strong>niri</strong></span> <span class='ocrx_word' id='word_1_147' title='bbox 394 1670 600 1703; x_wconf 76' lang='lat' dir='ltr'><strong>summopere</strong></span> <span class='ocrx_word' id='word_1_148' title='bbox 617 1661 823 1694; x_wconf 74' lang='lat' dir='ltr'><strong>desiderent:</strong></span> <span class='ocrx_word' id='word_1_149' title='bbox 840 1673 910 1703; x_wconf 86' lang='lat' dir='ltr'><strong>nos,</strong></span> <span class='ocrx_word' id='word_1_150' title='bbox 928 1663 1052 1705; x_wconf 72' lang='lat' dir='ltr'><strong>specia-</strong></span> 
     </span>
     <span class='ocr_line' id='line_1_33' title="bbox 314 1712 1051 1756; baseline 0.005 -12"><span class='ocrx_word' id='word_1_151' title='bbox 314 1712 378 1744; x_wconf 88' lang='lat' dir='ltr'><strong>Iem</strong></span> <span class='ocrx_word' id='word_1_152' title='bbox 403 1712 483 1755; x_wconf 89' lang='lat' dir='ltr'><strong>ipsis</strong></span> <span class='ocrx_word' id='word_1_153' title='bbox 509 1714 748 1756; x_wconf 75' lang='lat' dir='ltr'><strong>exponentibus</strong></span> <span class='ocrx_word' id='word_1_154' title='bbox 780 1715 916 1756; x_wconf 74' lang='lat' dir='ltr'><strong>gratiam</strong></span> <span class='ocrx_word' id='word_1_155' title='bbox 948 1717 1051 1748; x_wconf 77' lang='lat' dir='ltr'><strong>facere</strong></span> 
     </span>
     <span class='ocr_line' id='line_1_34' title="bbox 314 1764 1051 1810; baseline 0.004 -14"><span class='ocrx_word' id='word_1_156' title='bbox 314 1764 474 1804; x_wconf 72' lang='lat' dir='ltr'><strong>volentes,</strong></span> <span class='ocrx_word' id='word_1_157' title='bbox 498 1769 530 1797; x_wconf 86' lang='lat' dir='ltr'><strong>et</strong></span> <span class='ocrx_word' id='word_1_158' title='bbox 554 1775 668 1798; x_wconf 91' lang='lat' dir='ltr'><strong>eorum</strong></span> <span class='ocrx_word' id='word_1_159' title='bbox 693 1766 875 1809; x_wconf 74' lang='lat' dir='ltr'><strong>singulares</strong></span> <span class='ocrx_word' id='word_1_160' title='bbox 894 1777 1051 1810; x_wconf 75' lang='lat' dir='ltr'><strong>personas</strong></span> 
     </span>
     <span class='ocr_line' id='line_1_35' title="bbox 315 1816 1053 1863; baseline 0.007 -16"><span class='ocrx_word' id='word_1_161' title='bbox 315 1827 331 1848; x_wconf 87' lang='lat' dir='ltr'><strong>a</strong></span> <span class='ocrx_word' id='word_1_162' title='bbox 350 1816 515 1859; x_wconf 85' lang='lat' dir='ltr'><strong>quibusvis</strong></span> <span class='ocrx_word' id='word_1_163' title='bbox 534 1819 892 1859; x_wconf 72' lang='lat' dir='ltr'><strong>excommunicationis,</strong></span> <span class='ocrx_word' id='word_1_164' title='bbox 916 1831 1053 1863; x_wconf 82' lang='lat' dir='ltr'><strong>suspen-</strong></span> 
     </span>
     <span class='ocr_line' id='line_1_36' title="bbox 315 1868 1052 1913; baseline 0.005 -13"><span class='ocrx_word' id='word_1_165' title='bbox 315 1868 417 1900; x_wconf 87' lang='lat' dir='ltr'><strong>sionis</strong></span> <span class='ocrx_word' id='word_1_166' title='bbox 435 1868 652 1908; x_wconf 84' lang='lat' dir='ltr'><strong>etinterdicti,</strong></span> <span class='ocrx_word' id='word_1_167' title='bbox 668 1870 804 1913; x_wconf 85' lang='lat' dir='ltr'><strong>aliisque</strong></span> <span class='ocrx_word' id='word_1_168' title='bbox 824 1872 1052 1904; x_wconf 81' lang='lat' dir='ltr'><strong>ecclesiasticis</strong></span> 
     </span>
     <span class='ocr_line' id='line_1_37' title="bbox 316 1920 1052 1965; baseline 0.004 -13"><span class='ocrx_word' id='word_1_169' title='bbox 316 1920 507 1961; x_wconf 83' lang='lat' dir='ltr'><strong>sententiis,</strong></span> <span class='ocrx_word' id='word_1_170' title='bbox 535 1921 683 1954; x_wconf 83' lang='lat' dir='ltr'><strong>censuris</strong></span> <span class='ocrx_word' id='word_1_171' title='bbox 713 1929 743 1955; x_wconf 91' lang='lat' dir='ltr'><strong>et</strong></span> <span class='ocrx_word' id='word_1_172' title='bbox 776 1923 910 1965; x_wconf 86' lang='lat' dir='ltr'><strong>poenis,</strong></span> <span class='ocrx_word' id='word_1_173' title='bbox 938 1934 955 1955; x_wconf 88' lang='lat' dir='ltr'><strong>a</strong></span> <span class='ocrx_word' id='word_1_174' title='bbox 985 1923 1052 1955; x_wconf 90' lang='lat' dir='ltr'><strong>iure</strong></span> 
     </span>
     <span class='ocr_line' id='line_1_38' title="bbox 316 1973 1052 2018; baseline 0.004 -13"><span class='ocrx_word' id='word_1_175' title='bbox 316 1974 366 2006; x_wconf 91' lang='lat' dir='ltr'><strong>vel</strong></span> <span class='ocrx_word' id='word_1_176' title='bbox 397 1973 437 2005; x_wconf 86' lang='lat' dir='ltr'><strong>ab</strong></span> <span class='ocrx_word' id='word_1_177' title='bbox 467 1973 623 2013; x_wconf 87' lang='lat' dir='ltr'><strong>homine,</strong></span> <span class='ocrx_word' id='word_1_178' title='bbox 659 1974 769 2018; x_wconf 80' lang='lat' dir='ltr'><strong>quavis</strong></span> <span class='ocrx_word' id='word_1_179' title='bbox 795 1975 968 2008; x_wconf 79' lang='lat' dir='ltr'><strong>occasione</strong></span> <span class='ocrx_word' id='word_1_180' title='bbox 1002 1977 1052 2008; x_wconf 85' lang='lat' dir='ltr'><strong>vel</strong></span> 
     </span>
     <span class='ocr_line' id='line_1_39' title="bbox 315 2025 1054 2070; baseline 0.004 -13"><span class='ocrx_word' id='word_1_181' title='bbox 315 2027 415 2058; x_wconf 78' lang='lat' dir='ltr'><strong>causa</strong></span> <span class='ocrx_word' id='word_1_182' title='bbox 439 2025 522 2066; x_wconf 89' lang='lat' dir='ltr'><strong>latis,</strong></span> <span class='ocrx_word' id='word_1_183' title='bbox 546 2026 572 2059; x_wconf 90' lang='lat' dir='ltr'><strong>si</strong></span> <span class='ocrx_word' id='word_1_184' title='bbox 599 2027 716 2069; x_wconf 84' lang='lat' dir='ltr'><strong>quibus</strong></span> <span class='ocrx_word' id='word_1_185' title='bbox 741 2028 989 2070; x_wconf 82' lang='lat' dir='ltr'><strong>quomodolibet</strong></span> <span class='ocrx_word' id='word_1_186' title='bbox 1005 2028 1054 2060; x_wconf 91' lang='lat' dir='ltr'><strong>in-</strong></span> 
     </span>
     <span class='ocr_line' id='line_1_40' title="bbox 315 2078 1053 2124; baseline 0.005 -15"><span class='ocrx_word' id='word_1_187' title='bbox 315 2078 454 2111; x_wconf 83' lang='lat' dir='ltr'><strong>nodatae</strong></span> <span class='ocrx_word' id='word_1_188' title='bbox 480 2079 634 2119; x_wconf 81' lang='lat' dir='ltr'><strong>existunt,</strong></span> <span class='ocrx_word' id='word_1_189' title='bbox 657 2081 697 2113; x_wconf 86' lang='lat' dir='ltr'><strong>ad</strong></span> <span class='ocrx_word' id='word_1_190' title='bbox 723 2079 873 2114; x_wconf 77' lang='lat' dir='ltr'><strong>effectum</strong></span> <span class='ocrx_word' id='word_1_191' title='bbox 899 2091 1053 2124; x_wconf 86' lang='lat' dir='ltr'><strong>praesen-</strong></span> 
     </span>
     <span class='ocr_line' id='line_1_41' title="bbox 317 2130 1053 2175; baseline 0.007 -15"><span class='ocrx_word' id='word_1_192' title='bbox 317 2130 396 2162; x_wconf 90' lang='lat' dir='ltr'><strong>tium</strong></span> <span class='ocrx_word' id='word_1_193' title='bbox 425 2131 592 2164; x_wconf 78' lang='lat' dir='ltr'><strong>dumtaxat</strong></span> <span class='ocrx_word' id='word_1_194' title='bbox 622 2133 910 2175; x_wconf 79' lang='lat' dir='ltr'><strong>consequendum,</strong></span> <span class='ocrx_word' id='word_1_195' title='bbox 939 2133 1053 2166; x_wconf 88' lang='lat' dir='ltr'><strong>harum</strong></span> 
     </span>
     <span class='ocr_line' id='line_1_42' title="bbox 317 2183 1054 2218; baseline 0.004 -3"><span class='ocrx_word' id='word_1_196' title='bbox 317 2183 402 2216; x_wconf 83' lang='lat' dir='ltr'><strong>serie</strong></span> <span class='ocrx_word' id='word_1_197' title='bbox 427 2185 635 2217; x_wconf 81' lang='lat' dir='ltr'><strong>absolventes</strong></span> <span class='ocrx_word' id='word_1_198' title='bbox 652 2190 683 2217; x_wconf 84' lang='lat' dir='ltr'><strong>et</strong></span> <span class='ocrx_word' id='word_1_199' title='bbox 700 2185 866 2218; x_wconf 86' lang='lat' dir='ltr'><strong>absolutas</strong></span> <span class='ocrx_word' id='word_1_200' title='bbox 891 2185 961 2218; x_wconf 83' lang='lat' dir='ltr'><strong>fore</strong></span> <span class='ocrx_word' id='word_1_201' title='bbox 979 2196 1054 2218; x_wconf 85' lang='lat' dir='ltr'><strong>cen-</strong></span> 
     </span>
     <span class='ocr_line' id='line_1_43' title="bbox 317 2237 1052 2279; baseline 0.004 -12"><span class='ocrx_word' id='word_1_202' title='bbox 317 2242 440 2277; x_wconf 80' lang='lat' dir='ltr'><strong>sentes,</strong></span> <span class='ocrx_word' id='word_1_203' title='bbox 467 2237 758 2279; x_wconf 81' lang='lat' dir='ltr'><strong>supplicationibus</strong></span> <span class='ocrx_word' id='word_1_204' title='bbox 784 2249 896 2271; x_wconf 88' lang='lat' dir='ltr'><strong>eorum</strong></span> <span class='ocrx_word' id='word_1_205' title='bbox 920 2238 1052 2272; x_wconf 87' lang='lat' dir='ltr'><strong>nomine</strong></span> 
     </span>
     <span class='ocr_line' id='line_1_44' title="bbox 317 2289 1055 2334; baseline 0.003 -13"><span class='ocrx_word' id='word_1_206' title='bbox 317 2289 410 2322; x_wconf 88' lang='lat' dir='ltr'><strong>nobis</strong></span> <span class='ocrx_word' id='word_1_207' title='bbox 431 2299 528 2332; x_wconf 88' lang='lat' dir='ltr'><strong>super</strong></span> <span class='ocrx_word' id='word_1_208' title='bbox 552 2289 615 2322; x_wconf 86' lang='lat' dir='ltr'><strong>hoc</strong></span> <span class='ocrx_word' id='word_1_209' title='bbox 635 2290 804 2323; x_wconf 85' lang='lat' dir='ltr'><strong>humiliter</strong></span> <span class='ocrx_word' id='word_1_210' title='bbox 827 2290 987 2334; x_wconf 83' lang='lat' dir='ltr'><strong>porrectis</strong></span> <span class='ocrx_word' id='word_1_211' title='bbox 1006 2290 1055 2323; x_wconf 91' lang='lat' dir='ltr'><strong>in-</strong></span> 
     </span>
     <span class='ocr_line' id='line_1_45' title="bbox 317 2341 1055 2385; baseline 0.004 -12"><span class='ocrx_word' id='word_1_212' title='bbox 317 2341 446 2381; x_wconf 86' lang='lat' dir='ltr'><strong>clinati,</strong></span> <span class='ocrx_word' id='word_1_213' title='bbox 476 2342 642 2374; x_wconf 83' lang='lat' dir='ltr'><strong>decretum</strong></span> <span class='ocrx_word' id='word_1_214' title='bbox 666 2343 916 2385; x_wconf 83' lang='lat' dir='ltr'><strong>praeinsertum,</strong></span> <span class='ocrx_word' id='word_1_215' title='bbox 945 2349 1055 2377; x_wconf 80' lang='lat' dir='ltr'><strong>aucto-</strong></span> 
     </span>
     <span class='ocr_line' id='line_1_46' title="bbox 317 2394 1055 2439; baseline 0.004 -13"><span class='ocrx_word' id='word_1_216' title='bbox 317 2394 414 2427; x_wconf 85' lang='lat' dir='ltr'><strong>ritate</strong></span> <span class='ocrx_word' id='word_1_217' title='bbox 445 2395 640 2437; x_wconf 77' lang='lat' dir='ltr'><strong>apostolica,</strong></span> <span class='ocrx_word' id='word_1_218' title='bbox 668 2401 782 2428; x_wconf 82' lang='lat' dir='ltr'><strong>tenore</strong></span> <span class='ocrx_word' id='word_1_219' title='bbox 816 2397 1055 2439; x_wconf 77' lang='lat' dir='ltr'><strong>praesentium,</strong></span> 
     </span>
     <span class='ocr_line' id='line_1_47' title="bbox 317 2447 1057 2492; baseline 0.004 -13"><span class='ocrx_word' id='word_1_220' title='bbox 317 2447 539 2490; x_wconf 84' lang='lat' dir='ltr'><strong>approbamus</strong></span> <span class='ocrx_word' id='word_1_221' title='bbox 554 2453 586 2480; x_wconf 85' lang='lat' dir='ltr'><strong>et</strong></span> <span class='ocrx_word' id='word_1_222' title='bbox 610 2447 852 2488; x_wconf 85' lang='lat' dir='ltr'><strong>confirmamus,</strong></span> <span class='ocrx_word' id='word_1_223' title='bbox 872 2449 986 2492; x_wconf 88' lang='lat' dir='ltr'><strong>illique</strong></span> <span class='ocrx_word' id='word_1_224' title='bbox 1008 2449 1057 2482; x_wconf 93' lang='lat' dir='ltr'><strong>in-</strong></span> 
     </span>
    </p>

    <p class='ocr_par' dir='ltr' id='par_1_7' title="bbox 316 2515 1056 2594">
     <span class='ocr_line' id='line_1_48' title="bbox 356 2515 1056 2554; baseline 0.004 -12"><span class='ocrx_word' id='word_1_225' title='bbox 356 2519 363 2542; x_wconf 89' lang='grc'>1</span> <span class='ocrx_word' id='word_1_226' title='bbox 383 2515 497 2542; x_wconf 69' lang='lat' dir='ltr'><strong>Videtur</strong></span> <span class='ocrx_word' id='word_1_227' title='bbox 511 2516 665 2543; x_wconf 83' lang='lat' dir='ltr'><strong>addendum</strong></span> <span class='ocrx_word' id='word_1_228' title='bbox 681 2517 791 2552; x_wconf 76' lang='lat' dir='ltr'><strong>debere,</strong></span> <span class='ocrx_word' id='word_1_229' title='bbox 809 2526 858 2544; x_wconf 77' lang='lat' dir='ltr'><strong>seu</strong></span> <span class='ocrx_word' id='word_1_230' title='bbox 873 2526 929 2545; x_wconf 82' lang='lat' dir='ltr'><strong>nou</strong></span> <span class='ocrx_word' id='word_1_231' title='bbox 950 2519 1056 2554; x_wconf 80' lang='lat' dir='ltr'><strong>impri-</strong></span> 
     </span>
     <span class='ocr_line' id='line_1_49' title="bbox 316 2560 570 2594; baseline 0.004 -8"><span class='ocrx_word' id='word_1_232' title='bbox 316 2560 458 2588; x_wconf 77' lang='lat' dir='ltr'><strong>mendum</strong></span> <span class='ocrx_word' id='word_1_233' title='bbox 473 2565 509 2591; x_wconf 80' lang='lat' dir='ltr'><strong>(R.</strong></span> <span class='ocrx_word' id='word_1_234' title='bbox 521 2561 570 2594; x_wconf 54' lang='lat'><strong>12).</strong></span> 
     </span>
    </p>

    <p class='ocr_par' dir='ltr' id='par_1_8' title="bbox 407 2613 1000 2643">
     <span class='ocr_line' id='line_1_50' title="bbox 407 2613 1000 2643; baseline 0.005 -3"><span class='ocrx_word' id='word_1_235' title='bbox 407 2614 485 2641; x_wconf 78' lang='lat' dir='ltr'><strong>Bucz.</strong></span> <span class='ocrx_word' id='word_1_236' title='bbox 506 2613 588 2641; x_wconf 85' lang='lat' dir='ltr'><strong>Rom.</strong></span> <span class='ocrx_word' id='word_1_237' title='bbox 606 2629 636 2633; x_wconf 83' lang='lat'>-</span> <span class='ocrx_word' id='word_1_238' title='bbox 657 2614 713 2641; x_wconf 80' lang='lat' dir='ltr'><strong>Vol.</strong></span> <span class='ocrx_word' id='word_1_239' title='bbox 732 2614 821 2641; x_wconf 83' lang='lat' dir='ltr'><strong><em>XVII.</em></strong></span> <span class='ocrx_word' id='word_1_240' title='bbox 966 2615 1000 2643; x_wconf 72' lang='lat'><strong>27</strong></span> 
     </span>
    </p>
   </div>
   <div class='ocr_carea' id='block_1_4' title="bbox 910 192 1243 216">
    <p class='ocr_par' dir='ltr' id='par_1_9' title="bbox 910 192 1243 216">
     <span class='ocr_line' id='line_1_51' title="bbox 910 192 1243 216; baseline 0.003 -1"><span class='ocrx_word' id='word_1_241' title='bbox 910 192 1097 215; x_wconf 39' lang='lat' dir='ltr'><strong>,xtuxxxutztt</strong></span> <span class='ocrx_word' id='word_1_242' title='bbox 1123 192 1170 215; x_wconf 70' lang='grc' dir='ltr'><strong>ΙΨ.</strong></span> <span class='ocrx_word' id='word_1_243' title='bbox 1198 193 1243 216; x_wconf 76' lang='grc' dir='ltr'><strong>ΥΠ</strong></span> 
     </span>
    </p>
   </div>
   <div class='ocr_carea' id='block_1_5' title="bbox 1073 238 1078 889">
    <p class='ocr_par' dir='ltr' id='par_1_10' title="bbox 1073 238 1078 889">
     <span class='ocr_line' id='line_1_52' title="bbox 1073 238 1078 889; baseline 0 0"><span class='ocrx_word' id='word_1_244' title='bbox 1073 238 1078 889; x_wconf 95' lang='lat' dir='ltr'><strong> </strong></span> 
     </span>
    </p>
   </div>
   <div class='ocr_carea' id='block_1_6' title="bbox 1095 181 2028 649">
    <p class='ocr_par' dir='ltr' id='par_1_11' title="bbox 1095 181 2028 430">
     <span class='ocr_line' id='line_1_53' title="bbox 1737 181 2028 217; baseline 0.014 -4"><span class='ocrx_word' id='word_1_245' title='bbox 1737 181 1799 213; x_wconf 59' lang='grc' dir='ltr'><strong>ΞΝὪ</strong></span> <span class='ocrx_word' id='word_1_246' title='bbox 1846 192 1882 215; x_wconf 62' lang='lat' dir='ltr'><strong>An</strong></span> <span class='ocrx_word' id='word_1_247' title='bbox 1916 191 1932 215; x_wconf 67' lang='lat'><strong>1:</strong></span> <span class='ocrx_word' id='word_1_248' title='bbox 1962 192 2028 217; x_wconf 57' lang='lat' dir='ltr'><strong>iric.</strong></span> 
     </span>
     <span class='ocr_line' id='line_1_54' title="bbox 1098 238 1832 282; baseline -0.001 -12"><span class='ocrx_word' id='word_1_249' title='bbox 1098 239 1259 272; x_wconf 78' lang='lat' dir='ltr'><strong>violabilis</strong></span> <span class='ocrx_word' id='word_1_250' title='bbox 1296 239 1495 282; x_wconf 83' lang='lat' dir='ltr'><strong>apostolicae</strong></span> <span class='ocrx_word' id='word_1_251' title='bbox 1534 238 1693 271; x_wconf 79' lang='lat' dir='ltr'><strong>firmitatis</strong></span> <span class='ocrx_word' id='word_1_252' title='bbox 1735 239 1832 270; x_wconf 74' lang='lat' dir='ltr'><strong>robur</strong></span> 
     </span>
     <span class='ocr_line' id='line_1_55' title="bbox 1097 291 1834 335; baseline 0 -12"><span class='ocrx_word' id='word_1_253' title='bbox 1097 291 1284 331; x_wconf 79' lang='lat' dir='ltr'><strong>adiicimus3</strong></span> <span class='ocrx_word' id='word_1_254' title='bbox 1313 294 1399 325; x_wconf 74' lang='lat' dir='ltr'><strong>salva</strong></span> <span class='ocrx_word' id='word_1_255' title='bbox 1417 298 1524 325; x_wconf 82' lang='lat' dir='ltr'><strong>tamen</strong></span> <span class='ocrx_word' id='word_1_256' title='bbox 1543 303 1674 335; x_wconf 87' lang='lat' dir='ltr'><strong>semper</strong></span> <span class='ocrx_word' id='word_1_257' title='bbox 1690 292 1721 324; x_wconf 90' lang='lat' dir='ltr'><strong>in</strong></span> <span class='ocrx_word' id='word_1_258' title='bbox 1741 303 1834 334; x_wconf 81' lang='lat' dir='ltr'><strong>prae-</strong></span> 
     </span>
     <span class='ocr_line' id='line_1_56' title="bbox 1095 343 1833 388; baseline 0.003 -13"><span class='ocrx_word' id='word_1_259' title='bbox 1095 343 1203 376; x_wconf 85' lang='lat' dir='ltr'><strong>missis</strong></span> <span class='ocrx_word' id='word_1_260' title='bbox 1222 345 1413 377; x_wconf 81' lang='lat' dir='ltr'><strong>auctoritate</strong></span> <span class='ocrx_word' id='word_1_261' title='bbox 1425 345 1590 388; x_wconf 76' lang='lat' dir='ltr'><strong>praefatae</strong></span> <span class='ocrx_word' id='word_1_262' title='bbox 1606 344 1833 387; x_wconf 63' lang='lat' dir='ltr'><strong>congregatio-</strong></span> 
     </span>
     <span class='ocr_line' id='line_1_57' title="bbox 1095 396 1400 430; baseline 0.01 -3"><span class='ocrx_word' id='word_1_263' title='bbox 1095 396 1145 427; x_wconf 87' lang='lat' dir='ltr'><strong>nis</strong></span> <span class='ocrx_word' id='word_1_264' title='bbox 1172 397 1400 430; x_wconf 85' lang='lat' dir='ltr'><strong>cardinalium.</strong></span> 
     </span>
    </p>

    <p class='ocr_par' dir='ltr' id='par_1_12' title="bbox 1095 447 2025 649">
     <span class='ocr_line' id='line_1_58' title="bbox 1138 447 2025 507; baseline 0.001 -28"><span class='ocrx_word' id='word_1_265' title='bbox 1138 448 1153 489; x_wconf 69' lang='grc' dir='ltr'><strong>,ξ</strong></span> <span class='ocrx_word' id='word_1_266' title='bbox 1178 447 1210 480; x_wconf 80' lang='lat'><strong>3.</strong></span> <span class='ocrx_word' id='word_1_267' title='bbox 1237 448 1457 482; x_wconf 82' lang='lat' dir='ltr'><strong>Decernentes</strong></span> <span class='ocrx_word' id='word_1_268' title='bbox 1484 451 1614 483; x_wconf 81' lang='lat' dir='ltr'><strong>easdem</strong></span> <span class='ocrx_word' id='word_1_269' title='bbox 1641 457 2025 507; x_wconf 53' lang='lat' dir='ltr'><strong>praesentesMeu-muza&lt;ai.</strong></span> 
     </span>
     <span class='ocr_line' id='line_1_59' title="bbox 1095 500 1879 543; baseline 0.008 -11"><span class='ocrx_word' id='word_1_270' title='bbox 1095 500 1219 533; x_wconf 85' lang='lat' dir='ltr'><strong>litteras</strong></span> <span class='ocrx_word' id='word_1_271' title='bbox 1238 511 1370 543; x_wconf 85' lang='lat' dir='ltr'><strong>semper</strong></span> <span class='ocrx_word' id='word_1_272' title='bbox 1389 501 1511 539; x_wconf 71' lang='lat' dir='ltr'><strong>sirmas,</strong></span> <span class='ocrx_word' id='word_1_273' title='bbox 1533 504 1653 536; x_wconf 81' lang='lat' dir='ltr'><strong>validas</strong></span> <span class='ocrx_word' id='word_1_274' title='bbox 1671 510 1699 536; x_wconf 90' lang='lat' dir='ltr'><strong>et</strong></span> <span class='ocrx_word' id='word_1_275' title='bbox 1727 505 1832 537; x_wconf 72' lang='lat' dir='ltr'><strong>effu-a-</strong></span> <span class='ocrx_word' id='word_1_276' title='bbox 1876 503 1879 507; x_wconf 77' lang='lat'>&#39;</span> 
     </span>
     <span class='ocr_line' id='line_1_60' title="bbox 1095 553 1831 599; baseline 0.008 -16"><span class='ocrx_word' id='word_1_277' title='bbox 1095 563 1147 584; x_wconf 77' lang='lat' dir='ltr'><strong>ces</strong></span> <span class='ocrx_word' id='word_1_278' title='bbox 1174 553 1314 586; x_wconf 87' lang='lat' dir='ltr'><strong>existere</strong></span> <span class='ocrx_word' id='word_1_279' title='bbox 1342 559 1371 586; x_wconf 84' lang='lat' dir='ltr'><strong>ct</strong></span> <span class='ocrx_word' id='word_1_280' title='bbox 1398 554 1479 594; x_wconf 83' lang='lat' dir='ltr'><strong>fore,</strong></span> <span class='ocrx_word' id='word_1_281' title='bbox 1503 566 1645 598; x_wconf 81' lang='lat' dir='ltr'><strong>suosque</strong></span> <span class='ocrx_word' id='word_1_282' title='bbox 1664 558 1831 599; x_wconf 82' lang='lat' dir='ltr'><strong>plenarios</strong></span> 
     </span>
     <span class='ocr_line' id='line_1_61' title="bbox 1095 606 1829 649; baseline 0.007 -12"><span class='ocrx_word' id='word_1_283' title='bbox 1095 611 1126 637; x_wconf 83' lang='lat' dir='ltr'><strong>et</strong></span> <span class='ocrx_word' id='word_1_284' title='bbox 1150 606 1298 648; x_wconf 82' lang='lat' dir='ltr'><strong>integros</strong></span> <span class='ocrx_word' id='word_1_285' title='bbox 1324 606 1455 640; x_wconf 72' lang='lat' dir='ltr'><strong>effectus</strong></span> <span class='ocrx_word' id='word_1_286' title='bbox 1475 609 1586 640; x_wconf 86' lang='lat' dir='ltr'><strong>sortiri</strong></span> <span class='ocrx_word' id='word_1_287' title='bbox 1613 615 1642 641; x_wconf 81' lang='lat' dir='ltr'><strong>ct</strong></span> <span class='ocrx_word' id='word_1_288' title='bbox 1668 610 1829 649; x_wconf 79' lang='lat' dir='ltr'><strong>obtinere,</strong></span> 
     </span>
    </p>
   </div>
   <div class='ocr_carea' id='block_1_7' title="bbox 1073 658 1831 704">
    <p class='ocr_par' dir='ltr' id='par_1_13' title="bbox 1073 658 1831 704">
     <span class='ocr_line' id='line_1_62' title="bbox 1073 658 1831 704; baseline 0.008 -15"><span class='ocrx_word' id='word_1_289' title='bbox 1073 670 1074 673; x_wconf 50' lang='lat'>¹</span> <span class='ocrx_word' id='word_1_290' title='bbox 1094 670 1130 690; x_wconf 71' lang='lat' dir='ltr'><strong>ac</strong></span> <span class='ocrx_word' id='word_1_291' title='bbox 1155 658 1283 698; x_wconf 90' lang='lat' dir='ltr'><strong>illis,ad</strong></span> <span class='ocrx_word' id='word_1_292' title='bbox 1309 670 1390 702; x_wconf 88' lang='lat' dir='ltr'><strong>quos</strong></span> <span class='ocrx_word' id='word_1_293' title='bbox 1412 665 1537 703; x_wconf 84' lang='lat' dir='ltr'><strong>spectat</strong></span> <span class='ocrx_word' id='word_1_294' title='bbox 1558 667 1587 693; x_wconf 88' lang='lat' dir='ltr'><strong>et</strong></span> <span class='ocrx_word' id='word_1_295' title='bbox 1607 672 1665 703; x_wconf 89' lang='lat' dir='ltr'><strong>pro</strong></span> <span class='ocrx_word' id='word_1_296' title='bbox 1685 669 1831 704; x_wconf 84' lang='lat' dir='ltr'><strong>tempore</strong></span> 
     </span>
    </p>
   </div>
   <div class='ocr_carea' id='block_1_8' title="bbox 1094 711 1834 2595">
    <p class='ocr_par' dir='ltr' id='par_1_14' title="bbox 1094 711 1833 1175">
     <span class='ocr_line' id='line_1_63' title="bbox 1094 711 1832 755; baseline 0.008 -14"><span class='ocrx_word' id='word_1_297' title='bbox 1094 711 1271 752; x_wconf 81' lang='lat' dir='ltr'><strong>spectabit,</strong></span> <span class='ocrx_word' id='word_1_298' title='bbox 1298 712 1489 755; x_wconf 84' lang='lat' dir='ltr'><strong>plenissime</strong></span> <span class='ocrx_word' id='word_1_299' title='bbox 1522 713 1709 755; x_wconf 65' lang='lat' dir='ltr'><strong>sutl&#39;ragari,</strong></span> <span class='ocrx_word' id='word_1_300' title='bbox 1737 721 1767 747; x_wconf 84' lang='lat' dir='ltr'><strong>et</strong></span> <span class='ocrx_word' id='word_1_301' title='bbox 1792 717 1832 747; x_wconf 89' lang='lat' dir='ltr'><strong>ab</strong></span> 
     </span>
     <span class='ocr_line' id='line_1_64' title="bbox 1095 763 1829 806; baseline 0.007 -11"><span class='ocrx_word' id='word_1_302' title='bbox 1095 763 1158 796; x_wconf 89' lang='lat' dir='ltr'><strong>illis</strong></span> <span class='ocrx_word' id='word_1_303' title='bbox 1184 765 1367 806; x_wconf 80' lang='lat' dir='ltr'><strong>respective</strong></span> <span class='ocrx_word' id='word_1_304' title='bbox 1393 765 1626 799; x_wconf 76' lang='lat' dir='ltr'><strong>inviolabiliter</strong></span> <span class='ocrx_word' id='word_1_305' title='bbox 1651 767 1829 805; x_wconf 83' lang='lat' dir='ltr'><strong>observari,</strong></span> 
     </span>
     <span class='ocr_line' id='line_1_65' title="bbox 1095 816 1832 863; baseline 0.008 -16"><span class='ocrx_word' id='word_1_306' title='bbox 1095 816 1205 859; x_wconf 84' lang='lat' dir='ltr'><strong>sicque</strong></span> <span class='ocrx_word' id='word_1_307' title='bbox 1239 817 1272 849; x_wconf 89' lang='lat' dir='ltr'><strong>in</strong></span> <span class='ocrx_word' id='word_1_308' title='bbox 1304 818 1492 860; x_wconf 81' lang='lat' dir='ltr'><strong>praemissis</strong></span> <span class='ocrx_word' id='word_1_309' title='bbox 1526 830 1585 861; x_wconf 81' lang='lat' dir='ltr'><strong>per</strong></span> <span class='ocrx_word' id='word_1_310' title='bbox 1609 831 1832 863; x_wconf 88' lang='lat' dir='ltr'><strong>quoscumque</strong></span> 
     </span>
     <span class='ocr_line' id='line_1_66' title="bbox 1095 868 1830 914; baseline 0.008 -14"><span class='ocrx_word' id='word_1_311' title='bbox 1095 868 1218 902; x_wconf 87' lang='lat' dir='ltr'><strong>iudices</strong></span> <span class='ocrx_word' id='word_1_312' title='bbox 1244 870 1427 903; x_wconf 88' lang='lat' dir='ltr'><strong>ordinarios</strong></span> <span class='ocrx_word' id='word_1_313' title='bbox 1458 878 1489 903; x_wconf 83' lang='lat' dir='ltr'><strong>et</strong></span> <span class='ocrx_word' id='word_1_314' title='bbox 1521 873 1707 914; x_wconf 70' lang='lat' dir='ltr'><strong>delegatos,</strong></span> <span class='ocrx_word' id='word_1_315' title='bbox 1733 874 1830 906; x_wconf 84' lang='lat' dir='ltr'><strong>etiam</strong></span> 
     </span>
     <span class='ocr_line' id='line_1_67' title="bbox 1095 924 1831 967; baseline 0.005 -14"><span class='ocrx_word' id='word_1_316' title='bbox 1095 932 1267 955; x_wconf 82' lang='lat' dir='ltr'><strong>causarum</strong></span> <span class='ocrx_word' id='word_1_317' title='bbox 1298 924 1410 966; x_wconf 88' lang='lat' dir='ltr'><strong>palatii</strong></span> <span class='ocrx_word' id='word_1_318' title='bbox 1443 925 1615 967; x_wconf 77' lang='lat' dir='ltr'><strong>apostolici</strong></span> <span class='ocrx_word' id='word_1_319' title='bbox 1649 926 1831 967; x_wconf 82' lang='lat' dir='ltr'><strong>auditores,</strong></span> 
     </span>
     <span class='ocr_line' id='line_1_68' title="bbox 1096 974 1832 1016; baseline 0.005 -10"><span class='ocrx_word' id='word_1_320' title='bbox 1096 974 1229 1008; x_wconf 87' lang='lat' dir='ltr'><strong>iudicari</strong></span> <span class='ocrx_word' id='word_1_321' title='bbox 1256 981 1287 1008; x_wconf 88' lang='lat' dir='ltr'><strong>et</strong></span> <span class='ocrx_word' id='word_1_322' title='bbox 1311 976 1437 1009; x_wconf 78' lang='lat' dir='ltr'><strong>definiri</strong></span> <span class='ocrx_word' id='word_1_323' title='bbox 1472 977 1612 1016; x_wconf 85' lang='lat' dir='ltr'><strong>debere,</strong></span> <span class='ocrx_word' id='word_1_324' title='bbox 1640 989 1675 1009; x_wconf 79' lang='lat' dir='ltr'><strong>ac</strong></span> <span class='ocrx_word' id='word_1_325' title='bbox 1705 979 1832 1010; x_wconf 85' lang='lat' dir='ltr'><strong>irritum</strong></span> 
     </span>
     <span class='ocr_line' id='line_1_69' title="bbox 1095 1027 1832 1073; baseline 0.005 -15"><span class='ocrx_word' id='word_1_326' title='bbox 1095 1032 1125 1059; x_wconf 93' lang='lat' dir='ltr'><strong>et</strong></span> <span class='ocrx_word' id='word_1_327' title='bbox 1149 1027 1246 1060; x_wconf 86' lang='lat' dir='ltr'><strong>inane</strong></span> <span class='ocrx_word' id='word_1_328' title='bbox 1264 1028 1290 1060; x_wconf 89' lang='lat' dir='ltr'><strong>si</strong></span> <span class='ocrx_word' id='word_1_329' title='bbox 1309 1038 1402 1061; x_wconf 87' lang='lat' dir='ltr'><strong>secus</strong></span> <span class='ocrx_word' id='word_1_330' title='bbox 1425 1040 1524 1072; x_wconf 80' lang='lat' dir='ltr'><strong>super</strong></span> <span class='ocrx_word' id='word_1_331' title='bbox 1545 1030 1594 1062; x_wconf 83' lang='lat' dir='ltr'><strong>his</strong></span> <span class='ocrx_word' id='word_1_332' title='bbox 1621 1041 1637 1062; x_wconf 92' lang='lat' dir='ltr'><strong>a</strong></span> <span class='ocrx_word' id='word_1_333' title='bbox 1659 1041 1832 1073; x_wconf 82' lang='lat' dir='ltr'><strong>quoquam,</strong></span> 
     </span>
     <span class='ocr_line' id='line_1_70' title="bbox 1095 1079 1833 1124; baseline 0.005 -13"><span class='ocrx_word' id='word_1_334' title='bbox 1095 1079 1205 1122; x_wconf 86' lang='lat' dir='ltr'><strong>quavis</strong></span> <span class='ocrx_word' id='word_1_335' title='bbox 1224 1081 1429 1120; x_wconf 81' lang='lat' dir='ltr'><strong>auctoritate,</strong></span> <span class='ocrx_word' id='word_1_336' title='bbox 1447 1082 1591 1115; x_wconf 78' lang='lat' dir='ltr'><strong>scienter</strong></span> <span class='ocrx_word' id='word_1_337' title='bbox 1608 1083 1657 1115; x_wconf 69' lang='lat' dir='ltr'><strong>vel</strong></span> <span class='ocrx_word' id='word_1_338' title='bbox 1679 1083 1833 1124; x_wconf 71' lang='lat' dir='ltr'><strong>ignoran-</strong></span> 
     </span>
     <span class='ocr_line' id='line_1_71' title="bbox 1096 1133 1544 1175; baseline 0.004 -12"><span class='ocrx_word' id='word_1_339' title='bbox 1096 1136 1151 1171; x_wconf 85' lang='lat' dir='ltr'><strong>ter,</strong></span> <span class='ocrx_word' id='word_1_340' title='bbox 1179 1133 1356 1175; x_wconf 74' lang='lat' dir='ltr'><strong>contigerit</strong></span> <span class='ocrx_word' id='word_1_341' title='bbox 1381 1134 1544 1166; x_wconf 86' lang='lat' dir='ltr'><strong>attentari.</strong></span> 
     </span>
    </p>

    <p class='ocr_par' dir='ltr' id='par_1_15' title="bbox 1094 1185 1833 2019">
     <span class='ocr_line' id='line_1_72' title="bbox 1138 1185 1829 1227; baseline 0.004 -10"><span class='ocrx_word' id='word_1_342' title='bbox 1138 1185 1152 1227; x_wconf 60' lang='grc' dir='ltr'><strong>ἓ</strong></span> <span class='ocrx_word' id='word_1_343' title='bbox 1176 1185 1207 1217; x_wconf 69' lang='grc'><strong>4.</strong></span> <span class='ocrx_word' id='word_1_344' title='bbox 1224 1185 1294 1217; x_wconf 83' lang='lat' dir='ltr'><strong>Non</strong></span> <span class='ocrx_word' id='word_1_345' title='bbox 1320 1187 1523 1219; x_wconf 82' lang='lat' dir='ltr'><strong>obstantibus</strong></span> <span class='ocrx_word' id='word_1_346' title='bbox 1542 1189 1829 1221; x_wconf 81' lang='lat' dir='ltr'><strong>constitutionibus</strong></span> 
     </span>
     <span class='ocr_line' id='line_1_73' title="bbox 1095 1237 1827 1282; baseline 0.005 -13"><span class='ocrx_word' id='word_1_347' title='bbox 1095 1243 1127 1269; x_wconf 85' lang='lat' dir='ltr'><strong>ct</strong></span> <span class='ocrx_word' id='word_1_348' title='bbox 1157 1237 1418 1271; x_wconf 79' lang='lat' dir='ltr'><strong>ordinationibus</strong></span> <span class='ocrx_word' id='word_1_349' title='bbox 1450 1240 1656 1282; x_wconf 86' lang='lat' dir='ltr'><strong>apostolicis,</strong></span> <span class='ocrx_word' id='word_1_350' title='bbox 1687 1251 1827 1279; x_wconf 85' lang='lat' dir='ltr'><strong>necnon,</strong></span> 
     </span>
     <span class='ocr_line' id='line_1_74' title="bbox 1095 1292 1828 1333; baseline 0.007 -12"><span class='ocrx_word' id='word_1_351' title='bbox 1095 1295 1257 1333; x_wconf 84' lang='lat' dir='ltr'><strong>quatenus</strong></span> <span class='ocrx_word' id='word_1_352' title='bbox 1283 1301 1364 1333; x_wconf 87' lang='lat' dir='ltr'><strong>opus</strong></span> <span class='ocrx_word' id='word_1_353' title='bbox 1391 1292 1450 1329; x_wconf 77' lang='lat' dir='ltr'><strong>sit,</strong></span> <span class='ocrx_word' id='word_1_354' title='bbox 1476 1293 1635 1325; x_wconf 79' lang='lat' dir='ltr'><strong>dictorum</strong></span> <span class='ocrx_word' id='word_1_355' title='bbox 1660 1293 1828 1333; x_wconf 88' lang='lat' dir='ltr'><strong>Ordiuum,</strong></span> 
     </span>
     <span class='ocr_line' id='line_1_75' title="bbox 1095 1343 1833 1389; baseline 0.005 -14"><span class='ocrx_word' id='word_1_356' title='bbox 1095 1343 1191 1375; x_wconf 84' lang='lat' dir='ltr'><strong>etiam</strong></span> <span class='ocrx_word' id='word_1_357' title='bbox 1217 1343 1408 1383; x_wconf 87' lang='lat' dir='ltr'><strong>iuramento,</strong></span> <span class='ocrx_word' id='word_1_358' title='bbox 1432 1344 1678 1378; x_wconf 77' lang='lat' dir='ltr'><strong>confirmatione</strong></span> <span class='ocrx_word' id='word_1_359' title='bbox 1700 1352 1833 1389; x_wconf 86' lang='lat' dir='ltr'><strong>aposto-</strong></span> 
     </span>
     <span class='ocr_line' id='line_1_76' title="bbox 1095 1396 1831 1439; baseline 0.004 -11"><span class='ocrx_word' id='word_1_360' title='bbox 1095 1396 1165 1435; x_wconf 77' lang='lat' dir='ltr'><strong>lica,</strong></span> <span class='ocrx_word' id='word_1_361' title='bbox 1189 1397 1239 1429; x_wconf 73' lang='lat' dir='ltr'><strong>vel</strong></span> <span class='ocrx_word' id='word_1_362' title='bbox 1266 1397 1375 1439; x_wconf 80' lang='lat' dir='ltr'><strong>quavis</strong></span> <span class='ocrx_word' id='word_1_363' title='bbox 1400 1396 1554 1430; x_wconf 83' lang='lat' dir='ltr'><strong>firmitate</strong></span> <span class='ocrx_word' id='word_1_364' title='bbox 1573 1398 1634 1430; x_wconf 76' lang='lat' dir='ltr'><strong>alia</strong></span> <span class='ocrx_word' id='word_1_365' title='bbox 1658 1399 1831 1438; x_wconf 87' lang='lat' dir='ltr'><strong>roboratis,</strong></span> 
     </span>
     <span class='ocr_line' id='line_1_77' title="bbox 1095 1449 1832 1493; baseline 0.004 -13"><span class='ocrx_word' id='word_1_366' title='bbox 1095 1449 1223 1482; x_wconf 85' lang='lat' dir='ltr'><strong>statutis</strong></span> <span class='ocrx_word' id='word_1_367' title='bbox 1251 1455 1284 1481; x_wconf 84' lang='lat' dir='ltr'><strong>et</strong></span> <span class='ocrx_word' id='word_1_368' title='bbox 1308 1449 1601 1482; x_wconf 78' lang='lat' dir='ltr'><strong>consuetudinilms</strong></span> <span class='ocrx_word' id='word_1_369' title='bbox 1617 1478 1624 1491; x_wconf 94' lang='lat'><strong>,</strong></span> <span class='ocrx_word' id='word_1_370' title='bbox 1653 1450 1832 1493; x_wconf 73' lang='lat' dir='ltr'><strong>privilegiis</strong></span> 
     </span>
     <span class='ocr_line' id='line_1_78' title="bbox 1095 1502 1832 1546; baseline 0.003 -13"><span class='ocrx_word' id='word_1_371' title='bbox 1095 1512 1243 1544; x_wconf 85' lang='lat' dir='ltr'><strong>quoque,</strong></span> <span class='ocrx_word' id='word_1_372' title='bbox 1270 1502 1405 1534; x_wconf 88' lang='lat' dir='ltr'><strong>indultis</strong></span> <span class='ocrx_word' id='word_1_373' title='bbox 1439 1508 1470 1533; x_wconf 82' lang='lat' dir='ltr'><strong>ct</strong></span> <span class='ocrx_word' id='word_1_374' title='bbox 1502 1502 1617 1535; x_wconf 84' lang='lat' dir='ltr'><strong>litteris</strong></span> <span class='ocrx_word' id='word_1_375' title='bbox 1643 1504 1832 1546; x_wconf 80' lang='lat' dir='ltr'><strong>apostolicis</strong></span> 
     </span>
     <span class='ocr_line' id='line_1_79' title="bbox 1094 1554 1833 1599; baseline 0.003 -13"><span class='ocrx_word' id='word_1_376' title='bbox 1094 1555 1125 1586; x_wconf 92' lang='lat' dir='ltr'><strong>in</strong></span> <span class='ocrx_word' id='word_1_377' title='bbox 1152 1554 1348 1587; x_wconf 85' lang='lat' dir='ltr'><strong>contrarium</strong></span> <span class='ocrx_word' id='word_1_378' title='bbox 1367 1555 1624 1598; x_wconf 85' lang='lat' dir='ltr'><strong>praemissorum</strong></span> <span class='ocrx_word' id='word_1_379' title='bbox 1650 1557 1833 1599; x_wconf 81' lang='lat' dir='ltr'><strong>quomodo-</strong></span> 
     </span>
     <span class='ocr_line' id='line_1_80' title="bbox 1094 1607 1830 1648; baseline 0.003 -9"><span class='ocrx_word' id='word_1_380' title='bbox 1094 1607 1175 1640; x_wconf 81' lang='lat' dir='ltr'><strong>libet</strong></span> <span class='ocrx_word' id='word_1_381' title='bbox 1191 1608 1368 1647; x_wconf 84' lang='lat' dir='ltr'><strong>concessis,</strong></span> <span class='ocrx_word' id='word_1_382' title='bbox 1388 1608 1586 1641; x_wconf 74' lang='lat' dir='ltr'><strong>cenfirmatis</strong></span> <span class='ocrx_word' id='word_1_383' title='bbox 1605 1614 1637 1641; x_wconf 86' lang='lat' dir='ltr'><strong>et</strong></span> <span class='ocrx_word' id='word_1_384' title='bbox 1656 1609 1830 1648; x_wconf 73' lang='lat' dir='ltr'><strong>innovatis;</strong></span> 
     </span>
     <span class='ocr_line' id='line_1_81' title="bbox 1095 1659 1833 1702; baseline 0.003 -11"><span class='ocrx_word' id='word_1_385' title='bbox 1095 1659 1209 1702; x_wconf 84' lang='lat' dir='ltr'><strong>quibus</strong></span> <span class='ocrx_word' id='word_1_386' title='bbox 1235 1660 1386 1692; x_wconf 86' lang='lat' dir='ltr'><strong>omnibus</strong></span> <span class='ocrx_word' id='word_1_387' title='bbox 1412 1665 1444 1692; x_wconf 91' lang='lat' dir='ltr'><strong>et</strong></span> <span class='ocrx_word' id='word_1_388' title='bbox 1469 1659 1833 1702; x_wconf 68' lang='lat' dir='ltr'><strong>singulis,illoru1nte-</strong></span> 
     </span>
     <span class='ocr_line' id='line_1_82' title="bbox 1094 1712 1832 1756; baseline 0.003 -12"><span class='ocrx_word' id='word_1_389' title='bbox 1094 1722 1190 1744; x_wconf 88' lang='lat' dir='ltr'><strong>nores</strong></span> <span class='ocrx_word' id='word_1_390' title='bbox 1215 1712 1442 1755; x_wconf 86' lang='lat' dir='ltr'><strong>praesentibus</strong></span> <span class='ocrx_word' id='word_1_391' title='bbox 1474 1723 1534 1755; x_wconf 90' lang='lat' dir='ltr'><strong>pro</strong></span> <span class='ocrx_word' id='word_1_392' title='bbox 1566 1714 1661 1756; x_wconf 84' lang='lat' dir='ltr'><strong>plene</strong></span> <span class='ocrx_word' id='word_1_393' title='bbox 1688 1718 1719 1746; x_wconf 90' lang='lat' dir='ltr'><strong>et</strong></span> <span class='ocrx_word' id='word_1_394' title='bbox 1743 1713 1832 1746; x_wconf 85' lang='lat' dir='ltr'><strong>suffi-</strong></span> 
     </span>
     <span class='ocr_line' id='line_1_83' title="bbox 1094 1763 1830 1807; baseline 0.001 -11"><span class='ocrx_word' id='word_1_395' title='bbox 1094 1763 1218 1797; x_wconf 82' lang='lat' dir='ltr'><strong>cienter</strong></span> <span class='ocrx_word' id='word_1_396' title='bbox 1239 1765 1401 1807; x_wconf 76' lang='lat' dir='ltr'><strong>expressis</strong></span> <span class='ocrx_word' id='word_1_397' title='bbox 1419 1765 1589 1805; x_wconf 85' lang='lat' dir='ltr'><strong>habentes,</strong></span> <span class='ocrx_word' id='word_1_398' title='bbox 1608 1765 1672 1798; x_wconf 89' lang='lat' dir='ltr'><strong>illis</strong></span> <span class='ocrx_word' id='word_1_399' title='bbox 1698 1765 1776 1798; x_wconf 78' lang='lat' dir='ltr'><strong>alias</strong></span> <span class='ocrx_word' id='word_1_400' title='bbox 1798 1766 1830 1797; x_wconf 90' lang='lat' dir='ltr'><strong>in</strong></span> 
     </span>
     <span class='ocr_line' id='line_1_84' title="bbox 1094 1817 1832 1861; baseline 0.004 -13"><span class='ocrx_word' id='word_1_401' title='bbox 1094 1827 1152 1849; x_wconf 88' lang='lat' dir='ltr'><strong>suo</strong></span> <span class='ocrx_word' id='word_1_402' title='bbox 1169 1817 1289 1858; x_wconf 78' lang='lat' dir='ltr'><strong>robore</strong></span> <span class='ocrx_word' id='word_1_403' title='bbox 1306 1817 1544 1860; x_wconf 87' lang='lat' dir='ltr'><strong>permansuris,</strong></span> <span class='ocrx_word' id='word_1_404' title='bbox 1567 1818 1604 1850; x_wconf 85' lang='lat' dir='ltr'><strong>ad</strong></span> <span class='ocrx_word' id='word_1_405' title='bbox 1632 1818 1832 1861; x_wconf 84' lang='lat' dir='ltr'><strong>praemisso-</strong></span> 
     </span>
     <span class='ocr_line' id='line_1_85' title="bbox 1095 1869 1833 1914; baseline 0.004 -14"><span class='ocrx_word' id='word_1_406' title='bbox 1095 1880 1164 1902; x_wconf 88' lang='lat' dir='ltr'><strong>rum</strong></span> <span class='ocrx_word' id='word_1_407' title='bbox 1190 1869 1349 1909; x_wconf 78' lang='lat' dir='ltr'><strong>effectum,</strong></span> <span class='ocrx_word' id='word_1_408' title='bbox 1376 1870 1436 1902; x_wconf 91' lang='lat' dir='ltr'><strong>hac</strong></span> <span class='ocrx_word' id='word_1_409' title='bbox 1460 1870 1528 1902; x_wconf 78' lang='lat' dir='ltr'><strong>vice</strong></span> <span class='ocrx_word' id='word_1_410' title='bbox 1555 1871 1731 1910; x_wconf 86' lang='lat' dir='ltr'><strong>dumtaxat,</strong></span> <span class='ocrx_word' id='word_1_411' title='bbox 1759 1882 1833 1914; x_wconf 86' lang='lat' dir='ltr'><strong>spe-</strong></span> 
     </span>
     <span class='ocr_line' id='line_1_86' title="bbox 1094 1922 1833 1965; baseline 0.004 -12"><span class='ocrx_word' id='word_1_412' title='bbox 1094 1922 1219 1955; x_wconf 86' lang='lat' dir='ltr'><strong>cialiter</strong></span> <span class='ocrx_word' id='word_1_413' title='bbox 1243 1927 1273 1954; x_wconf 90' lang='lat' dir='ltr'><strong>et</strong></span> <span class='ocrx_word' id='word_1_414' title='bbox 1292 1933 1446 1964; x_wconf 83' lang='lat' dir='ltr'><strong>expresse</strong></span> <span class='ocrx_word' id='word_1_415' title='bbox 1463 1923 1672 1965; x_wconf 69' lang='lat' dir='ltr'><strong>dei-ogan111s;</strong></span> <span class='ocrx_word' id='word_1_416' title='bbox 1699 1924 1833 1956; x_wconf 86' lang='lat' dir='ltr'><strong>ceteris-</strong></span> 
     </span>
     <span class='ocr_line' id='line_1_87' title="bbox 1095 1974 1644 2019; baseline 0.004 -13"><span class='ocrx_word' id='word_1_417' title='bbox 1095 1985 1156 2017; x_wconf 87' lang='lat' dir='ltr'><strong>que</strong></span> <span class='ocrx_word' id='word_1_418' title='bbox 1177 1974 1353 2007; x_wconf 87' lang='lat' dir='ltr'><strong>contrariis</strong></span> <span class='ocrx_word' id='word_1_419' title='bbox 1373 1975 1644 2019; x_wconf 83' lang='lat' dir='ltr'><strong>quibuscumque.</strong></span> 
     </span>
    </p>

    <p class='ocr_par' dir='ltr' id='par_1_16' title="bbox 1094 2027 1834 2480">
     <span class='ocr_line' id='line_1_88' title="bbox 1137 2027 1831 2070; baseline 0.006 -11"><span class='ocrx_word' id='word_1_420' title='bbox 1137 2028 1152 2070; x_wconf 61' lang='grc' dir='ltr'><strong>ἓ</strong></span> <span class='ocrx_word' id='word_1_421' title='bbox 1184 2027 1215 2060; x_wconf 81' lang='lat'><strong>5.</strong></span> <span class='ocrx_word' id='word_1_422' title='bbox 1248 2027 1401 2060; x_wconf 64' lang='lat' dir='ltr'><strong>Volumus</strong></span> <span class='ocrx_word' id='word_1_423' title='bbox 1432 2033 1540 2061; x_wconf 88' lang='lat' dir='ltr'><strong>autem</strong></span> <span class='ocrx_word' id='word_1_424' title='bbox 1572 2035 1607 2061; x_wconf 93' lang='lat' dir='ltr'><strong>ut</strong></span> <span class='ocrx_word' id='word_1_425' title='bbox 1641 2030 1831 2063; x_wconf 87' lang='lat' dir='ltr'><strong>earumdem</strong></span> 
     </span>
     <span class='ocr_line' id='line_1_89' title="bbox 1095 2080 1829 2126; baseline 0.005 -15"><span class='ocrx_word' id='word_1_426' title='bbox 1095 2080 1318 2122; x_wconf 87' lang='lat' dir='ltr'><strong>praesentium</strong></span> <span class='ocrx_word' id='word_1_427' title='bbox 1363 2080 1546 2114; x_wconf 87' lang='lat' dir='ltr'><strong>litterarum</strong></span> <span class='ocrx_word' id='word_1_428' title='bbox 1592 2083 1805 2126; x_wconf 89' lang='lat' dir='ltr'><strong>transumptis</strong></span> <span class='ocrx_word' id='word_1_429' title='bbox 1822 2110 1829 2123; x_wconf 93' lang='lat'><strong>,</strong></span> 
     </span>
     <span class='ocr_line' id='line_1_90' title="bbox 1095 2132 1831 2176; baseline 0.005 -12"><span class='ocrx_word' id='word_1_430' title='bbox 1095 2132 1192 2165; x_wconf 88' lang='lat' dir='ltr'><strong>ctiam</strong></span> <span class='ocrx_word' id='word_1_431' title='bbox 1216 2133 1402 2176; x_wconf 88' lang='lat' dir='ltr'><strong>impressis,</strong></span> <span class='ocrx_word' id='word_1_432' title='bbox 1427 2144 1523 2166; x_wconf 87' lang='lat' dir='ltr'><strong>manu</strong></span> <span class='ocrx_word' id='word_1_433' title='bbox 1552 2135 1686 2167; x_wconf 82' lang='lat' dir='ltr'><strong>alicuius</strong></span> <span class='ocrx_word' id='word_1_434' title='bbox 1711 2135 1831 2168; x_wconf 90' lang='lat' dir='ltr'><strong>notarii</strong></span> 
     </span>
     <span class='ocr_line' id='line_1_91' title="bbox 1095 2183 1831 2229; baseline 0.007 -15"><span class='ocrx_word' id='word_1_435' title='bbox 1095 2183 1240 2226; x_wconf 85' lang='lat' dir='ltr'><strong>pubblici</strong></span> <span class='ocrx_word' id='word_1_436' title='bbox 1258 2184 1462 2227; x_wconf 86' lang='lat' dir='ltr'><strong>subscriptis,</strong></span> <span class='ocrx_word' id='word_1_437' title='bbox 1483 2190 1515 2217; x_wconf 91' lang='lat' dir='ltr'><strong>ct</strong></span> <span class='ocrx_word' id='word_1_438' title='bbox 1532 2185 1640 2228; x_wconf 74' lang='lat' dir='ltr'><strong>sigillo</strong></span> <span class='ocrx_word' id='word_1_439' title='bbox 1666 2197 1831 2229; x_wconf 86' lang='lat' dir='ltr'><strong>personae</strong></span> 
     </span>
     <span class='ocr_line' id='line_1_92' title="bbox 1094 2236 1834 2279; baseline 0.004 -11"><span class='ocrx_word' id='word_1_440' title='bbox 1094 2236 1127 2268; x_wconf 93' lang='lat' dir='ltr'><strong>in</strong></span> <span class='ocrx_word' id='word_1_441' title='bbox 1145 2236 1367 2269; x_wconf 78' lang='lat' dir='ltr'><strong>ecclesiastica</strong></span> <span class='ocrx_word' id='word_1_442' title='bbox 1379 2237 1536 2279; x_wconf 74' lang='lat' dir='ltr'><strong>dignitate</strong></span> <span class='ocrx_word' id='word_1_443' title='bbox 1552 2238 1746 2271; x_wconf 86' lang='lat' dir='ltr'><strong>constitutae</strong></span> <span class='ocrx_word' id='word_1_444' title='bbox 1765 2250 1834 2271; x_wconf 89' lang='lat' dir='ltr'><strong>mu-</strong></span> 
     </span>
     <span class='ocr_line' id='line_1_93' title="bbox 1095 2288 1833 2332; baseline 0.004 -12"><span class='ocrx_word' id='word_1_445' title='bbox 1095 2288 1187 2327; x_wconf 90' lang='lat' dir='ltr'><strong>nitis,</strong></span> <span class='ocrx_word' id='word_1_446' title='bbox 1215 2289 1329 2321; x_wconf 86' lang='lat' dir='ltr'><strong>eadem</strong></span> <span class='ocrx_word' id='word_1_447' title='bbox 1353 2299 1489 2332; x_wconf 88' lang='lat' dir='ltr'><strong>prorsus</strong></span> <span class='ocrx_word' id='word_1_448' title='bbox 1515 2289 1596 2323; x_wconf 83' lang='lat' dir='ltr'><strong>fides</strong></span> <span class='ocrx_word' id='word_1_449' title='bbox 1627 2291 1833 2331; x_wconf 81' lang='lat' dir='ltr'><strong>adhibeatur,</strong></span> 
     </span>
     <span class='ocr_line' id='line_1_94' title="bbox 1096 2340 1833 2386; baseline 0.004 -14"><span class='ocrx_word' id='word_1_450' title='bbox 1096 2341 1129 2373; x_wconf 90' lang='lat' dir='ltr'><strong>in</strong></span> <span class='ocrx_word' id='word_1_451' title='bbox 1154 2340 1274 2373; x_wconf 89' lang='lat' dir='ltr'><strong>iudicio</strong></span> <span class='ocrx_word' id='word_1_452' title='bbox 1300 2346 1333 2373; x_wconf 84' lang='lat' dir='ltr'><strong>et</strong></span> <span class='ocrx_word' id='word_1_453' title='bbox 1356 2346 1454 2382; x_wconf 85' lang='lat' dir='ltr'><strong>extra,</strong></span> <span class='ocrx_word' id='word_1_454' title='bbox 1488 2353 1569 2385; x_wconf 84' lang='lat' dir='ltr'><strong>quae</strong></span> <span class='ocrx_word' id='word_1_455' title='bbox 1602 2343 1833 2386; x_wconf 77' lang='lat' dir='ltr'><strong>praescntilms</strong></span> 
     </span>
     <span class='ocr_line' id='line_1_95' title="bbox 1096 2393 1833 2437; baseline 0.004 -12"><span class='ocrx_word' id='word_1_456' title='bbox 1096 2393 1176 2437; x_wconf 89' lang='lat' dir='ltr'><strong>ipsis</strong></span> <span class='ocrx_word' id='word_1_457' title='bbox 1202 2394 1433 2434; x_wconf 86' lang='lat' dir='ltr'><strong>adhiberetur,</strong></span> <span class='ocrx_word' id='word_1_458' title='bbox 1471 2395 1497 2427; x_wconf 89' lang='lat' dir='ltr'><strong>si</strong></span> <span class='ocrx_word' id='word_1_459' title='bbox 1531 2395 1640 2428; x_wconf 80' lang='lat' dir='ltr'><strong>forent</strong></span> <span class='ocrx_word' id='word_1_460' title='bbox 1669 2396 1833 2429; x_wconf 81' lang='lat' dir='ltr'><strong>exhibitae</strong></span> 
     </span>
     <span class='ocr_line' id='line_1_96' title="bbox 1097 2448 1339 2480; baseline -0.004 0"><span class='ocrx_word' id='word_1_461' title='bbox 1097 2448 1148 2480; x_wconf 81' lang='lat' dir='ltr'><strong>vel</strong></span> <span class='ocrx_word' id='word_1_462' title='bbox 1174 2453 1339 2480; x_wconf 89' lang='lat' dir='ltr'><strong>ostensae.</strong></span> 
     </span>
    </p>

    <p class='ocr_par' dir='ltr' id='par_1_17' title="bbox 1098 2500 1831 2595">
     <span class='ocr_line' id='line_1_97' title="bbox 1142 2500 1831 2544; baseline 0.001 -11"><span class='ocrx_word' id='word_1_463' title='bbox 1142 2501 1256 2533; x_wconf 82' lang='lat' dir='ltr'><strong>Datum</strong></span> <span class='ocrx_word' id='word_1_464' title='bbox 1281 2500 1314 2532; x_wconf 89' lang='lat' dir='ltr'><strong>in</strong></span> <span class='ocrx_word' id='word_1_465' title='bbox 1339 2501 1418 2533; x_wconf 83' lang='lat' dir='ltr'><strong>Arce</strong></span> <span class='ocrx_word' id='word_1_466' title='bbox 1444 2500 1641 2544; x_wconf 88' lang='lat' dir='ltr'><strong>Gandulphi‚</strong></span> <span class='ocrx_word' id='word_1_467' title='bbox 1670 2501 1831 2534; x_wconf 80' lang='lat' dir='ltr'><strong>dioecesis</strong></span> 
     </span>
     <span class='ocr_line' id='line_1_98' title="bbox 1098 2553 1831 2595; baseline 0 -8"><span class='ocrx_word' id='word_1_468' title='bbox 1098 2553 1313 2595; x_wconf 83' lang='lat' dir='ltr'><strong>Albanensis,</strong></span> <span class='ocrx_word' id='word_1_469' title='bbox 1341 2553 1399 2586; x_wconf 89' lang='lat' dir='ltr'><strong>sub</strong></span> <span class='ocrx_word' id='word_1_470' title='bbox 1424 2555 1545 2587; x_wconf 89' lang='lat' dir='ltr'><strong>annulo</strong></span> <span class='ocrx_word' id='word_1_471' title='bbox 1570 2554 1754 2595; x_wconf 80' lang='lat' dir='ltr'><strong>piscatoris,</strong></span> <span class='ocrx_word' id='word_1_472' title='bbox 1780 2554 1831 2587; x_wconf 85' lang='lat' dir='ltr'><strong>die</strong></span> 
     </span>
    </p>
   </div>
   <div class='ocr_carea' id='block_1_9' title="bbox 1841 1192 2024 1239">
    <p class='ocr_par' dir='ltr' id='par_1_18' title="bbox 1841 1192 2024 1239">
     <span class='ocr_line' id='line_1_99' title="bbox 1911 1192 2024 1221; baseline -0.009 -9"><span class='ocrx_word' id='word_1_473' title='bbox 1911 1192 1957 1221; x_wconf 47' lang='lat' dir='ltr'><strong>Dyr·</strong></span> <span class='ocrx_word' id='word_1_474' title='bbox 1968 1195 2024 1215; x_wconf 53' lang='lat' dir='ltr'><strong>gan»</strong></span> 
     </span>
     <span class='ocr_line' id='line_1_100' title="bbox 1841 1221 2001 1239; baseline 0.006 -1"><span class='ocrx_word' id='word_1_475' title='bbox 1841 1221 1920 1239; x_wconf 61' lang='lat' dir='ltr'><strong>centini</strong></span> <span class='ocrx_word' id='word_1_476' title='bbox 1927 1225 1953 1239; x_wconf 74' lang='lat' dir='ltr'><strong>tot</strong></span> <span class='ocrx_word' id='word_1_477' title='bbox 1960 1225 2001 1239; x_wconf 78' lang='lat' dir='ltr'><strong>utu.</strong></span> 
     </span>
    </p>
   </div>
   <div class='ocr_carea' id='block_1_10' title="bbox 1842 2034 2026 2082">
    <p class='ocr_par' dir='ltr' id='par_1_19' title="bbox 1842 2034 2026 2082">
     <span class='ocr_line' id='line_1_101' title="bbox 1881 2034 2026 2059; baseline 0 -6"><span class='ocrx_word' id='word_1_478' title='bbox 1881 2034 2026 2059; x_wconf 75' lang='lat' dir='ltr'><strong>Transuiuptis</strong></span> 
     </span>
     <span class='ocr_line' id='line_1_102' title="bbox 1842 2061 1985 2082; baseline -0.007 -1"><span class='ocrx_word' id='word_1_479' title='bbox 1842 2061 1911 2082; x_wconf 76' lang='lat' dir='ltr'><strong>danda</strong></span> <span class='ocrx_word' id='word_1_480' title='bbox 1927 2061 1985 2080; x_wconf 73' lang='lat' dir='ltr'><strong>tides.</strong></span> 
     </span>
    </p>
   </div>
  </div>
 </body>
</html>
