2247 3208
107 221 160 247 An.
177 218 207 245 C.
231 219 298 247 ¹654

304 266 373 300 sore
399 277 435 299 ae
461 276 535 298 suos
555 266 721 308 plenarios
747 271 773 297 et
803 265 945 307 integros
972 264 1045 297 rili:-

305 324 372 352 etus
397 318 504 351 sortiri
531 324 562 349 et
588 318 736 350 obtinere
765 318 882 350 ‹lebere
902 317 1047 351 decerni-

305 382 375 405 mus
390 371 511 415 pariter
524 376 555 404 et
569 372 782 405 declaramus.

126 438 293 467 mammmbus
350 424 421 467 §6.
448 424 597 457 Volentcs
631 430 660 456 te
692 429 824 468 propter
856 434 965 456 causas
994 433 1045 455 su-

108 466 467 521 Qiffs‘lljssllis&ispi-adicias
494 488 511 510 a
536 478 745 521 perceptione
777 478 948 515 fructuum,
974 476 1047 509 red-

108 520 293 566 33233224351531
306 531 445 571 dimum,
472 536 702 574 proventuum,
728 530 857 569 iuriuin,
883 529 1046 562 obventio-

306 596 381 618 num
400 591 432 617 et
452 585 741 617 emolumentorum
756 592 1044 626 quorumcumque,

306 638 451 671 oninium
476 643 507 670 et
532 637 731 679 singularum
757 635 965 678 dignitatum,
996 645 1046 667 ec-

305 691 493 731 clesiarum,
520 690 805 729 monasteriorum,
833 689 1043 732 prioratuum,

306 744 560 783 beneficiorum,
595 743 775 777 officiorum
812 748 843 775 ct
875 753 1045 775 munerum

307 803 433 830 tuorum
466 796 711 840 quorumlibet,
745 807 780 829 ac
814 795 1046 828 iurisdictionis

306 849 547 883 ecclesiasticae
572 854 604 881 et
628 849 829 892 temporalis,
847 859 942 891 quam
960 853 1047 881 ante-

306 903 367 936 hac
388 901 550 942 habueris,
571 903 661 935 nullo
679 902 775 935 modo
793 901 857 934 sive
877 901 910 934 in
936 912 1047 945 perpe-

306 961 395 989 tuum
427 955 492 988 sive
524 955 563 988 ad
590 960 715 999 tempus
747 955 923 995 cecidisse,
948 955 1046 998 idque

305 1020 370 1043 non
391 1010 496 1043 solum
514 1009 617 1052 quoad
643 1009 888 1052 perceptionem
906 1014 938 1041 et
957 1019 1047 1042 recu-

305 1063 508 1107 perationem
519 1062 661 1095 omnium
672 1063 841 1101 t'ructtuim,
853 1062 1045 1103 reddituum,

304 1108 528 1160 proventuum,
543 1116 672 1156 iurium,
684 1116 913 1149 obventionum
921 1121 953 1149 et
966 1126 1046 1149 emo-

306 1171 527 1203 lumentorum
558 1168 768 1207 huiusmodi,
795 1179 876 1212 quac
910 1169 1046 1202 durante

307 1225 359 1256 tna
384 1234 401 1255 a
424 1227 603 1256 memorato
629 1222 715 1255 Statu
743 1222 968 1255 Ecclesiastico
994 1222 1048 1255 ab·

306 1276 409 1309 sentia
445 1276 680 1315 decurrerunt,
716 1275 771 1307 sed
808 1275 903 1307 etiam
939 1274 1047 1317 quoad

305 1329 465 1372 integram
490 1328 650 1361 actionem
683 1333 715 1361 et
745 1327 794 1360 ius
827 1327 1047 1371 prosequendi

305 1381 549 1426 perceptionem
574 1386 605 1414 et
628 1381 908 1424 recuperationem
922 1390 1049 1413 eorum-

306 1435 380 1469 dem
405 1435 576 1474 fructumn,
603 1434 799 1473 reddituum,
822 1438 1046 1476 proventuum,

307 1488 436 1528 iurium,
449 1487 683 1521 obventionum
698 1492 729 1520 et
740 1488 1047 1527 emolumentorum,

307 1546 371 1574 tam
401 1540 598 1574 iudicialiter
629 1551 724 1584 quam
760 1540 1051 1573 extraiiulicialitcr

308 1599 421 1629 contra
439 1604 673 1638 quamcumque
691 1604 875 1637 personam,
896 1604 975 1637 quae
990 1594 1049 1627 sub

309 1648 422 1692 quovis
448 1652 617 1691 praetextu
643 1647 768 1680 tenoris
792 1648 956 1691 praefatae
974 1658 1050 1680 con-

307 1701 483 1734 stitutionis
500 1700 679 1734 Innocentii
706 1700 975 1744 praedecessoris,
994 1711 1051 1734 seu

309 1765 345 1787 ex
365 1765 571 1798 quocumque
590 1754 652 1787 alio
671 1754 740 1786 iure
763 1755 813 1787 vel
836 1754 1050 1787 concessione

311 1808 487 1841 cuiuslibet
517 1813 673 1847 naturae,
699 1818 736 1839 ex
767 1809 862 1841 causa
888 1812 995 1840 tamen
1021 1813 1053 1841 et

310 1862 480 1895 occasione
497 1861 773 1894 contraventionis
790 1862 1051 1904 supradictorum

310 1916 545 1956 mandatorum,
564 1921 814 1959 praeceptorum
833 1920 865 1948 et
877 1915 1051 1956 iussorum,

311 1980 348 2001 ac
372 1979 521 2012 egressus
541 1969 585 2001 tui
603 1980 618 2002 e
637 1968 727 2002 Statu
748 1968 977 2002 Ecclesiastico
999 1969 1054 2001 bu-

312 2022 451 2056 iusmodi
484 2023 599 2055 fundos
624 2023 674 2055 vel
699 2022 866 2062 redditus,
892 2027 946 2054 aut
970 2022 1052 2062 iura,

313 2087 394 2119 quae
426 2076 466 2110 ad
500 2081 529 2109 te
563 2075 653 2119 prius
686 2076 876 2119 spectabant
908 2081 937 2108 et
970 2058 1077 2109 nunci

313 2134 477 2172 spectant,
503 2129 563 2162 sibi
589 2129 805 2173 appropriare
836 2129 1053 2172 praetendere
1074 2101 1076 2160 i

314 2185 447 2223 valeret,
468 2183 507 2215 ad
534 2193 629 2226 quam
647 2182 807 2214 actionem
827 2187 859 2215 et
875 2182 924 2214 ius
943 2187 973 2215 te
998 2193 1055 2225 pa·
1074 2196 1076 2212 i

316 2236 496 2269 risormitcr
530 2236 642 2268 harum
675 2235 759 2268 serie
787 2235 988 2268 restituimus
1025 2240 1056 2268 et

317 2289 461 2333 plenarie
495 2288 751 2331 reintegramus3
778 2300 830 2329 ac,
856 2289 888 2321 in
919 2289 1055 2331 gratiam

316 2343 493 2387 supradicti
519 2343 672 2376 Ludovici
690 2342 786 2385 regis,
809 2342 877 2383 tibi,
896 2348 930 2375 ut
947 2343 987 2376 ad
1012 2343 1057 2376 al-

318 2408 403 2431 mam
428 2396 546 2429 Urbem
576 2396 753 2439 praefatam
786 2395 926 2436 reverti,
953 2395 1057 2428 omni-

318 2451 442 2493 busque
468 2454 500 2482 et
523 2448 660 2491 singulis
679 2453 751 2481 tuae
769 2447 992 2481 cardinalitiae
1011 2448 1058 2481 di-

319 2503 449 2547 gnitatis
476 2502 659 2536 honoribus
684 2506 717 2535 et
740 2501 974 2545 praerogativis
998 2501 1056 2542 uti,

318 2557 391 2596 srui,
417 2556 515 2600 potiri
546 2561 578 2589 et
606 2555 766 2599 gaudere,
792 2565 920 2587 necnon
946 2564 1059 2588 omnes

320 2610 502 2644 functiones
528 2609 761 2649 cardinalitias,
787 2609 1059 2653 quemadmodum

422 2673 500 2703 Buta.
518 2673 596 2701 Rom.
613 2688 648 2694 —
666 2674 724 2702 Vol.
741 2673 832 2701 XVII.
977 2672 1011 2702 34

895 218 1082 241 Attnxbetilt
1107 219 1151 242 ΥΠ
1177 218 1224 242 ΡΡ.

1729 209 1793 242 ⁶205

1088 276 1201 298 onmes
1221 270 1253 298 et
1272 265 1390 308 singuli
1409 266 1616 299 venerabiles
1637 266 1751 299 fratres
1774 276 1829 300 no-

1088 318 1146 351 stri
1179 319 1210 352 S.
1243 319 1279 352 R.
1307 319 1342 351 E.
1369 319 1553 352 cardinales
1581 320 1686 353 facere
1711 320 1827 359 solent,

1086 372 1308 415 parisormiter
1343 383 1497 406 exercere
1531 373 1635 406 libere
1672 379 1704 406 et
1740 373 1828 406 licite

1087 425 1195 468 possis
1221 431 1252 457 et
1268 426 1388 465 valcas,
1407 425 1654 469 permittimus¹,
1676 427 1828 460 concedi-

1087 489 1157 511 mus
1184 483 1217 511 et
1240 478 1460 521 indulgemus.

1131 532 1146 573 ,ξ
1171 531 1201 564 7.
1230 530 1390 571 Ceterum,
1411 537 1446 564 ut
1466 533 1729 567 benevolentiam
1751 545 1825 576 erga
1898 542 2024 563 minatum

1088 589 1117 617 te
1143 589 1291 617 nostram
1310 585 1456 618 uberiori
1478 586 1716 628 significatione
1736 592 1826 620 testa·
1839 569 2023 625 lJffssiliessiJiifssssg

1089 642 1152 670 tam
1180 638 1344 678 faciamus,
1371 649 1486 671 omnes
1512 644 1545 672 et
1568 639 1714 681 singulos
1741 623 2024 672 sami-{i‘ssilii'lssfn‘ii'tlrssfs'

1088 690 1184 723 liares
1211 695 1295 730 tuos,
1321 691 1375 734 qui
1401 691 1556 731 consilio,
1583 692 1752 734 scriptura,
1778 674 2024 726 veliffisserfflfm‘ffl

1089 744 1189 786 opera
1213 742 1301 778 casui
1337 743 1389 776 die
1419 753 1457 776 xx
1486 743 1614 786 augusti
1640 753 1771 777 MDCLXII
1797 745 1829 779 in

1088 795 1173 829 Urbe
1200 797 1368 839 praedicta
1393 802 1542 840 sequuta,
1570 802 1690 840 tuoque
1708 807 1724 830 e
1742 797 1831 830 Statu

1087 849 1317 883 Ecclesiastico
1334 849 1489 893 egressui,
1506 856 1538 883 et
1554 860 1611 882 seu
1627 850 1758 883 illorum
1776 861 1831 883 an-

1089 903 1179 936 nexis
1212 908 1245 936 et
1276 903 1449 943 connexis,
1482 903 1757 947 dependentibus,
1780 906 1830 938 vel

1088 956 1164 989 inde
1183 956 1329 1000 sequutis
1346 956 1619 1000 quibuscumque,
1641 967 1722 1000 quae
1737 967 1832 1001 prae-

1089 1009 1236 1043 sentibus
1270 1020 1330 1053 pro
1364 1011 1460 1052 plene
1493 1015 1526 1043 et
1557 1010 1756 1043 sufficienter
1780 1021 1832 1044 ex-

1089 1063 1212 1106 pressis
1240 1068 1271 1095 et
1295 1063 1491 1106 specificatis
1518 1063 1633 1097 haberi
1659 1065 1828 1103 volumus,

1089 1116 1211 1160 aliquid
1238 1116 1485 1155 contribuerint,
1501 1127 1560 1149 seu
1581 1117 1725 1159 desuper
1743 1116 1832 1160 quic-

1090 1180 1194 1213 quam,
1221 1170 1289 1202 sive
1314 1180 1467 1212 magnum
1486 1170 1552 1203 sive
1577 1180 1724 1213 parvum,
1743 1169 1832 1212 prin-

1090 1223 1240 1266 cipaliter
1263 1223 1313 1255 vel
1339 1223 1542 1261 accessorie‚
1568 1227 1624 1255 aut
1647 1223 1726 1256 alias
1753 1232 1832 1265 quo-

1090 1275 1273 1308 modolibet
1297 1275 1424 1318 egerint
1440 1277 1489 1308 vel
1516 1275 1665 1313 fecerint,
1684 1285 1741 1308 seu
1757 1285 1832 1308 con-

1091 1329 1248 1369 tribuere,
1276 1339 1373 1371 agcre
1399 1330 1449 1361 vel
1477 1329 1581 1361 facero
1606 1328 1772 1371 potuerint
1795 1329 1832 1361 ea

1090 1383 1128 1416 de
1143 1384 1247 1422 causa,
1267 1382 1393 1415 ratione
1412 1383 1463 1415 vel
1482 1382 1664 1420 occasione,
1680 1382 1737 1414 sub
1755 1391 1833 1424 quo-

1090 1435 1136 1468 vis
1163 1440 1343 1478 praetextu,
1364 1435 1472 1468 colore
1498 1436 1548 1467 vel
1574 1434 1707 1477 ingenio
1728 1445 1745 1466 a
1764 1433 1833 1476 qui-

1090 1488 1199 1522 busvis
1218 1488 1377 1521 iudicibus
1403 1494 1435 1521 et
1460 1488 1612 1532 personis
1627 1498 1831 1531 quacumque

1090 1543 1281 1576 auctoritate
1312 1548 1343 1575 et
1376 1547 1535 1585 potestate
1568 1541 1775 1583 fungentibus
1801 1545 1834 1572 et

1092 1595 1246 1629 functuris
1273 1607 1309 1629 ac
1334 1595 1481 1628 eiusdem
1508 1595 1539 1627 S.
1564 1595 1601 1627 P..
1624 1594 1659 1626 E.
1688 1593 1834 1627 cardina-

1092 1651 1176 1683 libus
1202 1656 1234 1683 et
1258 1660 1350 1683 sacro
1377 1650 1507 1682 illorum
1533 1649 1675 1691 collegio
1700 1647 1733 1681 in
1759 1657 1834 1690 per-

1091 1704 1189 1744 sonis,
1216 1704 1321 1743 bonis,
1347 1703 1472 1735 iuribus
1492 1708 1524 1735 et
1546 1703 1641 1735 rebus
1668 1701 1733 1734 suis
1759 1699 1834 1733 civi-

1092 1758 1182 1797 liter,
1209 1756 1440 1795 criminaliter,
1465 1757 1514 1788 vel
1543 1755 1664 1788 mixtim
1697 1760 1729 1787 et
1753 1753 1832 1786 alias

1092 1810 1345 1854 quomodolibet,
1373 1810 1496 1842 directe
1519 1809 1568 1842 vel
1585 1807 1756 1845 indirecte,
1777 1816 1834 1849 pu-

1093 1864 1176 1896 blice
1200 1864 1250 1896 vel
1276 1863 1410 1901 occulte,
1429 1861 1609 1899 molestari,
1631 1859 1831 1903 perturbari,

1094 1916 1213 1955 vexari,
1235 1915 1407 1959 inquietari
1426 1915 1475 1947 vel
1495 1912 1659 1957 impediri,
1676 1923 1735 1945 seu
1751 1912 1833 1955 capi,

1095 1969 1264 2008 carcerari,
1292 1968 1456 2008 arrestari,
1482 1966 1690 2010 interrogari,
1716 1965 1835 1998 exanti-

1095 2023 1183 2063 nari,
1208 2027 1261 2055 aut
1286 2021 1405 2064 inquiri
1434 2022 1622 2054 nullatenus
1656 2029 1752 2063 posse
1779 2029 1835 2051 ne-

1095 2087 1156 2120 que
1178 2076 1308 2115 debere,
1325 2074 1528 2107 decernimus
1548 2073 1707 2113 similiter,
1727 2083 1764 2104 ac
1782 2082 1834 2104 or-

1096 2129 1241 2162 dinamus
1268 2133 1300 2160 et
1325 2128 1538 2160 declaramus.
1903 2158 1905 2160 ,

1139 2183 1154 2225 ξ
1179 2181 1210 2215 8.
1237 2181 1273 2213 Et
1296 2180 1509 2213 nibilominus
1535 2179 1684 2213 omnibus
1714 2185 1745 2211 ct
1769 2179 1834 2211 siu-
1872 2185 2029 2206 Pontifnxirri·

1096 2235 1177 2277 gulis
1191 2233 1316 2277 legatis,
1328 2233 1526 2276 vicelegatis,
1547 2232 1834 2275 gubernatoribus,
1845 2214 2028 2258 f³i1ines⁹ris=3⁵3i3

1095 2287 1263 2326 iudicibus,
1282 2286 1462 2329 barigellis,
1482 2285 1673 2329 capitaneis,
1701 2271 1916 2318 ceteris·caum
1933 2265 2006 2285 mmm

1097 2340 1315 2385 queiustitiae
1332 2339 1490 2372 ministris
1504 2339 1732 2382 praesentibus
1749 2344 1781 2371 et
1795 2339 1836 2371 su-

1098 2395 1196 2434 turis,
1223 2399 1286 2426 tam
1311 2393 1414 2426 dietae
1440 2392 1532 2425 Urbis
1558 2402 1654 2435 quam
1690 2392 1836 2424 universi

1098 2448 1202 2482 Status
1219 2446 1435 2480 Ecclesiastici
1452 2445 1546 2479 nobis
1562 2445 1701 2478 mediate
1720 2446 1768 2478 vel
1781 2445 1837 2477 im-

1098 2501 1237 2535 mediate
1261 2499 1408 2540 subiecti,
1434 2499 1531 2533 etiam
1554 2498 1585 2532 S.
1609 2498 1646 2531 R.
1670 2498 1704 2531 E.
1732 2497 1838 2531 cardi-

1838 220 1890 245 ΛΗ.
1908 220 1935 244 C.
1959 219 2022 246 ¹054

1136 2617 1146 2644 1
1165 2615 1214 2643 Ed.
1231 2614 1310 2643 Main.
1327 2614 1391 2651 legit
1401 2614 1623 2651 praemittimus
1637 2616 1678 2648 (n.
1693 2612 1743 2647 T.).
