2247 3208
198 190 289 218 An.C.
313 190 381 218 1663
426 182 491 216 ‘134

220 885 336 911 Expositio.

219 1779 337 1800 statutum.

393 239 545 271 februarii
562 248 717 278 MDctxm,
731 238 933 282 pontificatus
950 240 1052 272 nostri
1070 251 1124 272 an-

392 301 433 325 no
457 302 526 325 vm.

426 354 483 381 Dat.
501 353 544 380 die
562 354 593 380 16
608 353 736 381 februarii
753 354 830 390 1663,
847 354 942 390 pontif.
962 363 1031 383 anno
1047 363 1104 384 vm.

667 496 846 530 CDXXVIII.

393 573 602 616 Confirmatio
633 575 747 608 statuti
777 586 873 618 super
899 576 1124 618 uniformitate

436 627 565 660 habitus
585 628 843 671 oonqreyaliom's
872 628 974 661 Vallis
1001 629 1123 668 Umbro-

434 690 487 713 sae
511 685 539 712 et
563 680 802 713 silvestrium&

583 760 746 787 Alexander
765 760 842 794 Papa
862 760 928 792 VH,

532 803 568 830 ad
587 803 716 830 futuram
736 803 779 830 rei
800 804 980 830 memoriam.

435 873 449 915 ξ
473 873 504 906 1.
530 873 652 916 Exponi
668 873 760 907 nobis
777 884 880 917 nuper
893 874 968 906 fecit
988 874 1121 907 dilectus

391 925 476 958 filius
518 926 618 958 abbas
659 926 819 968 generalis
861 927 1120 969 congregationis

391 977 488 1011 Vallis
514 977 689 1011 Umbrosae
706 989 742 1010 ac
759 978 964 1012 Silvestrinae
990 978 1120 1012 Ordinis

391 1031 491 1064 sancti
509 1031 683 1070 Benedicti,
703 1032 801 1074 quod,
824 1042 894 1064 cum
911 1042 970 1075 per
993 1038 1120 1065 nostras

390 1083 423 1115 in
448 1084 543 1116 simili
565 1084 666 1116 forma
683 1084 792 1117 Brevis
810 1085 948 1123 litteras,
967 1096 1025 1128 per
1043 1096 1121 1128 quas

391 1137 661 1179 congregationes
677 1138 912 1170 monachorum
930 1138 1026 1170 Vallis
1050 1138 1123 1170 Um-

389 1189 506 1221 brosae
532 1193 563 1221 et
585 1188 846 1223 Silvestrinorum
870 1191 902 1223 in
926 1202 1023 1223 unam
1049 1201 1123 1224 con-

390 1241 551 1274 iunximus
573 1247 604 1274 et
626 1242 794 1283 univimus,
820 1243 905 1276 inter
929 1244 990 1277 alia
1012 1255 1122 1277 cavea-

390 1300 441 1327 tur
465 1305 617 1338 expresse
634 1300 669 1328 ut
689 1296 933 1330 constitutiones
952 1298 1120 1330 ambarum

390 1349 676 1390 congregationum
704 1349 888 1382 huiusmodi
913 1334 1041 1383 afflicto
1065 1351 1121 1383 ab·

389 1401 464 1433 bate
490 1401 634 1443 generali
667 1406 698 1434 et
729 1402 799 1434 aliis
827 1413 886 1445 per
918 1403 1047 1436 easdem
1072 1403 1123 1437 lit-

390 1458 474 1486 teras
498 1454 660 1497 deputatis
684 1454 901 1495 revideantur,
930 1461 961 1488 et
984 1456 1024 1488 ad
1048 1467 1123 1489 con-

391 1511 559 1548 gruentem
589 1507 717 1539 tertiam
742 1508 876 1540 sormam
901 1509 1099 1542 reducantur
1114 1537 1121 1550 ‚

390 1559 458 1601 ipse
483 1559 580 1592 abbas
610 1561 770 1602 generalis
803 1566 834 1593 et
863 1562 1005 1604 deputati
1031 1573 1124 1605 prae-

391 1612 463 1652 sati,
491 1613 609 1645 habitis
638 1613 779 1656 desuper
803 1615 948 1657 pluribus
973 1626 1124 1658 congres-

391 1665 486 1705 sibus,
513 1665 596 1698 inter
621 1666 683 1698 alia
708 1672 859 1700 statutum
884 1668 1053 1701 ediderant
1078 1675 1124 1702 te-

392 1718 479 1750 noris
504 1719 557 1761 qui
583 1719 739 1762 sequitur,
765 1720 935 1754 videlicet:

435 1772 449 1814 g
475 1771 505 1803 2.
533 1784 545 1802 α
565 1771 641 1804 Cum
664 1778 806 1806 nostrum
836 1774 878 1806 sit
904 1775 989 1807 omni
1019 1777 1124 1809 studio

392 1823 425 1856 in
451 1834 521 1857 eam
546 1835 653 1858 curam
676 1825 864 1860 incumbere
884 1833 918 1859 ut
941 1829 1124 1862 constitutio

393 1887 490 1920 super
505 1877 622 1911 unione
640 1880 923 1922 congregationum
940 1881 1036 1914 Vallis
1053 1882 1126 1914 [m-

392 1929 505 1963 brosae
523 1936 554 1963 et
577 1931 781 1964 Silvestrinae
807 1943 824 1965 a
849 1933 1054 1966 sanctissimo
1071 1935 1126 1967 do-

392 1981 479 2015 mino
511 1989 620 2016 nostro
650 1984 683 2016 in
713 1996 881 2019 commune
906 1987 1025 2019 bonum
1050 1988 1126 2020 reli-

395 2035 498 2077 gionis
530 2047 595 2069 non
623 2035 666 2069 ita
700 2038 826 2081 pridem
859 2039 945 2072 edita
977 2041 1125 2073 suumin

393 2085 543 2121 omnibus
569 2090 718 2122 sortiatur
742 2090 900 2132 effectum,
928 2097 959 2125 et
988 2094 1125 2136 proinde

393 2140 543 2173 monachi
561 2153 672 2176 omnes
697 2143 754 2175 sub
772 2154 835 2176 uno
857 2145 961 2187 capite
979 2145 1013 2177 in
1029 2156 1125 2177 unam

395 2194 679 2235 congregationem
710 2195 771 2227 iam
800 2197 921 2229 redacti
947 2197 979 2229 in
1004 2199 1126 2230 cunctis

394 2245 595 2278 uniformiter
625 2248 821 2290 procedant,
849 2248 928 2281 haec
957 2260 1031 2282 vero
1054 2250 1125 2282 uni-

396 2295 525 2337 sormas,
544 2303 676 2341 propter
701 2299 817 2332 fulvum
843 2306 874 2333 et
898 2301 1125 2335 intermedium

396 2351 537 2383 colorem
567 2361 629 2394 quo
666 2352 829 2395 hucusque
862 2354 909 2385 usi
945 2360 1039 2393 sunt,
1075 2356 1124 2387 vix

396 2404 515 2436 servari
548 2405 664 2447 possit,
689 2405 754 2438 imo
785 2412 816 2438 et
846 2408 996 2439 monachi
1031 2407 1126 2441 Vallis

397 2456 574 2490 Umbrosae
604 2458 688 2490 inter
707 2469 749 2499 se,
771 2465 802 2491 et
825 2459 1001 2492 Silvestrini
1026 2472 1043 2492 a
1067 2460 1127 2493 Sil-

397 2507 545 2542 vestrinis
570 2521 667 2553 saepe
692 2511 818 2554 saepius
844 2512 1048 2556 discrepent:
1081 2513 1128 2546 id-

433 2572 445 2598 1
468 2571 504 2598 Ex
524 2573 632 2608 Regest.
653 2573 678 2599 in
698 2573 800 2601 Secret.
822 2573 898 2600 Brev.

970 194 1150 218 BULLARIUM
1173 195 1325 220 ROMANUM

1159 241 1243 274 circo
1268 243 1484 286 praecipimus
1508 250 1544 277 ut
1566 255 1678 278 omnes
1711 250 1743 279 et
1772 247 1889 289 singuli

1158 299 1288 327 nostrae
1305 296 1564 338 congregationis
1578 298 1737 339 monachi,
1755 299 1889 333 dimisso

1160 347 1271 379 habitu
1306 349 1475 382 memorati
1506 351 1647 392 coloris,
1679 352 1890 396 imposterum

1158 400 1259 442 nigris
1285 406 1407 433 tantum
1431 401 1583 435 incedant
1605 404 1756 445 vestibus,
1782 410 1818 437 ut
1842 405 1890 438 sic

1159 459 1338 495 appareant
1362 464 1433 486 esse
1458 455 1607 487 monachi
1632 456 1726 489 unius
1751 462 1783 489 et
1808 457 1891 490 eius-

1159 504 1231 537 dem
1242 506 1516 549 congregationi53
1528 518 1564 540 ac
1576 514 1748 551 propterea
1762 510 1890 543 laneum

1159 559 1278 591 collare
1304 560 1412 592 album
1437 570 1534 603 supra
1557 566 1679 593 vestem
1703 567 1838 604 gestent,
1854 568 1890 595 ut

1158 610 1299 654 reliquos
1324 613 1517 645 monasticos
1543 612 1678 646 Ordines
1703 613 1887 655 imitentur,

1159 667 1254 706 atque
1286 663 1319 696 in
1350 665 1488 707 caputii,
1516 666 1660 698 cucullae
1686 677 1723 699 ac
1753 666 1889 699 vestium

1159 718 1317 748 structura
1348 717 1460 749 eadem
1496 728 1625 760 prorsus
1664 719 1703 751 ab
1740 718 1888 752 omnibus

1906 199 1955 226 An.
1968 198 1997 226 C.
2019 198 2085 226 1663

1158 775 1302 801 servetur
1327 769 1438 810 forma,
1457 775 1488 803 et
1511 770 1543 803 in
1570 771 1730 814 superiori
1756 777 1788 804 et
1807 772 1891 805 inse·
1928 789 1931 791 Δ

1157 818 1234 851 riori
1260 819 1346 852 labio
1372 825 1403 852 et
1426 825 1534 853 mento
1553 821 1788 864 aliquantulum
1805 822 1890 855 dese-

1157 876 1229 903 rant
1252 871 1381 912 barbae,
1396 872 1482 905 omni
1507 883 1637 916 prorsus
1655 874 1841 907 curiositate
1858 879 1890 907 et

1156 924 1295 957 vanitate
1321 925 1440 957 reiecta
1463 930 1557 968 atque
1582 926 1751 959 interdicta
1768 940 1798 959 ».

1200 977 1214 1020 ἓ
1238 977 1269 1010 3.
1296 977 1372 1010 Cum
1395 984 1516 1018 autem,
1543 979 1625 1012 sicut
1652 980 1766 1013 eadem
1791 991 1889 1024 expo-

1157 1029 1231 1062 sitio
1256 1029 1483 1073 subiungebat,
1506 1031 1609 1064 dictus
1635 1032 1732 1065 abbas
1759 1043 1890 1075 genera-

1157 1083 1195 1116 lis
1221 1088 1373 1116 statutum
1391 1084 1573 1118 huiusmodi
1591 1085 1790 1128 apostolicae
1815 1096 1891 1119 con-

1156 1135 1347 1169 firmationis
1358 1141 1491 1169 nostrae
1502 1138 1679 1180 patrocinio
1697 1138 1890 1171 communiri

1157 1200 1363 1233 summopere
1390 1190 1572 1223 desideret:
1600 1201 1676 1232 nos,
1702 1191 1805 1234 ipsius
1835 1192 1890 1224 ab·

1156 1242 1238 1275 batis
1265 1243 1424 1285 generalis
1449 1244 1530 1276 votis
1548 1243 1580 1276 in
1598 1244 1786 1287 praemissis
1805 1245 1892 1278 savo-

1156 1295 1301 1328 rabiliter
1325 1307 1468 1329 annuere
1493 1298 1648 1337 volentes,
1675 1297 1846 1341 ipsumque
1871 1309 1889 1331 a

1157 1348 1331 1393 quibusvis*
1340 1350 1691 1391 excommunicationis,
1703 1351 1890 1394 suspensio-

1156 1401 1206 1434 nis
1236 1407 1268 1434 et
1291 1402 1468 1443 interdicti,
1498 1403 1634 1446 aliisque
1659 1403 1888 1437 ecclesiasticis

1157 1455 1337 1494 sententiis
1353 1455 1498 1488 censuris
1525 1461 1556 1488 et
1571 1456 1703 1499 poeniS‚
1718 1467 1736 1488 a
1753 1456 1820 1489 iure
1839 1457 1889 1490 vel

1157 1509 1196 1539 ab
1221 1508 1364 1549 homine,
1383 1508 1494 1552 quavis
1520 1510 1692 1542 occasione
1718 1511 1768 1542 vel
1794 1512 1890 1543 causa

1158 1561 1239 1601 latis,
1258 1561 1283 1593 si
1310 1562 1423 1605 quibus
1450 1563 1695 1606 quomodolibet
1717 1563 1889 1596 innodatus

1159 1613 1273 1654 existit,
1284 1615 1323 1647 ad
1337 1614 1484 1648 ess'ectum
1493 1615 1717 1659 praesentium
1727 1616 1891 1648 dumtaxat

1158 1669 1434 1711 consequendum,
1462 1669 1576 1701 harum
1602 1669 1687 1702 serie
1719 1670 1890 1702 absolven-

1159 1727 1206 1753 tes
1232 1727 1264 1753 et
1287 1722 1468 1754 absoluturi]
1496 1723 1565 1755 sore
1598 1728 1789 1761 censentes,
1816 1733 1890 1765 sup-

1158 1773 1387 1818 plicationibus
1420 1775 1488 1807 eius
1522 1774 1653 1808 nomine
1671 1775 1765 1807 nobis
1791 1785 1890 1818 super

1160 1828 1223 1860 hoc
1241 1827 1407 1860 humiliter
1424 1828 1585 1871 porrectis
1607 1827 1763 1867 inclinati,
1790 1832 1890 1860 statu-

1161 1886 1227 1912 tum
1244 1880 1494 1923 praeinsertum,
1515 1879 1706 1912 auctoritate
1733 1880 1890 1924 apostoli-

1161 1935 1204 1972 ca,
1224 1939 1337 1965 tenore
1355 1933 1590 1976 praesentium,
1609 1932 1837 1966 confirmamus
1858 1938 1891 1966 et

1160 1987 1396 2029 approbamus,
1432 1986 1544 2029 illique
1580 1985 1775 2018 inviolabilis
1813 1996 1891 2028 apo-

1160 2038 1295 2071 stolicae
1332 2039 1491 2071 firmitatis
1517 2039 1617 2071 robur
1649 2037 1827 2078 adiicimus,
1854 2049 1891 2072 ac

1160 2102 1274 2124 omnes
1300 2096 1331 2123 et
1355 2091 1501 2134 singulos
1526 2090 1606 2122 iuris
1639 2095 1671 2122 et
1702 2090 1776 2123 sacti
1803 2091 1892 2124 dese-

1160 2149 1239 2184 ctus,
1259 2143 1285 2176 si
1311 2144 1366 2187 qui
1391 2144 1533 2188 desuper
1557 2144 1804 2185 intervenerint,
1819 2155 1893 2188 sup-

1159 2198 1299 2240 plenius.

1203 2250 1217 2292 ξ
1241 2249 1272 2281 4.
1299 2249 1516 2282 Decernentes
1541 2254 1693 2282 statutum
1710 2249 1893 2293 praeinser-

1161 2307 1226 2334 tum
1244 2312 1280 2333 ac
1296 2307 1484 2344 praesentes
1502 2302 1626 2335 litteras
1643 2313 1774 2346 semper
1789 2302 1889 2343 firma,

1159 2354 1263 2386 valida
1284 2359 1315 2386 et
1339 2354 1480 2387 efficacia
1505 2356 1641 2388 existere
1660 2361 1690 2388 et
1708 2355 1785 2396 sore,
1804 2366 1893 2388 suos-

1161 2417 1221 2449 que
1238 2407 1401 2449 plcnarios
1422 2413 1453 2440 et
1476 2408 1619 2450 integros
1637 2407 1767 2441 effectus
1783 2408 1892 2441 sortiri

1161 2464 1191 2491 et
1215 2457 1370 2499 obtinere,
1394 2471 1431 2492 ac
1456 2461 1494 2493 ab
1518 2460 1592 2501 illis,
1610 2462 1648 2494 ad
1675 2472 1753 2504 quos
1772 2467 1893 2504 spectat

1161 2518 1192 2545 et
1216 2523 1273 2555 pro
1299 2518 1441 2556 tempore
1473 2515 1737 2557 quandocumque
1764 2520 1892 2558 specta-

1161 2565 1221 2605 bit,
1248 2565 1476 2600 inviolabiliter
1508 2567 1688 2608 observari,
1716 2568 1825 2612 sicque
1859 2568 1893 2601 in

1905 995 2019 1024 *Statutum
2029 1001 2087 1021 prae-

1904 1024 2002 1041 luserlum
2015 1024 2087 1042 roulir-

1904 1050 1946 1068 mat
1958 1048 2059 1069 Pontifex.

1933 2257 2044 2279 Decretum
2065 2258 2091 2279 il·-

1906 2285 1980 2306 ritans.
