2247 3208
200 220 249 248 An.
270 219 298 248 C.
316 220 382 248 1662

224 544 325 565 Conditio.

219 1908 326 1930 Clausulas
339 1909 374 1930 ad-

194 1935 231 1956 dit.

395 268 469 301 tatis
487 268 568 311 Iesu,
588 266 715 299 solvere
733 267 937 302 recusantes,
957 262 996 294 ad
1014 272 1126 304 quam-

394 330 533 363 cumque
565 318 746 361 simplicem
781 315 972 349 eorumdem
998 318 1126 347 exacto—

394 384 465 405 rum
483 370 746 414 requisitionem,
766 369 863 401 etiam
888 366 1069 406 executive,
1089 377 1125 398 ac

394 435 597 469 quacumque
618 423 838 467 appellatione
856 423 994 460 remota,
1013 424 1124 452 aucto-

393 478 488 510 ritate
513 482 625 510 nostra
649 477 841 520 procedant.

435 531 449 573 ξ
472 530 503 563 3.
522 530 677 563 Volumus
695 534 802 561 autem
823 528 909 571 quod
933 526 1020 559 istud
1047 525 1123 557 sub-

386 584 524 624 sidium,
559 588 713 627 respectu
750 579 1002 615 contributionis
1041 578 1120 611 cleri

392 642 424 670 et
450 636 662 670 ecclesiarum
690 637 904 676 locorumque
929 633 1071 675 piorum.
1089 636 1121 663 et

391 700 607 733 personarum
625 687 921 736 ecclesiasticarmn
935 684 1120 728 praedicto-

390 747 462 774 rum
481 752 668 783 regnorum,
684 740 810 772 scilicet
827 739 938 771 decem
958 742 990 769 et
1003 746 1119 768 novem

390 794 572 827 millionurn
587 792 830 836 praedictorum
844 790 1035 822 ducatorum
1046 787 1119 821 cum

390 847 525 879 dimidio
543 846 677 878 alterius
692 844 858 884 millionis,
874 842 1030 875 succedat
1046 842 1119 874 loco

390 896 673 943 quorumcumque
703 908 862 937 onerum,
896 895 1118 938 gravaminum

390 958 421 985 et
445 951 690 995 impositionum
710 950 806 982 etiam
826 959 886 992 pro
911 948 1069 981 militibus
1087 952 1119 979 et

389 1006 460 1038 aliis
479 1005 740 1048 quibuscumque
757 1002 998 1046 impositorum,
1025 1012 1061 1033 ac
1086 1011 1119 1033 e-

389 1059 465 1090 tiam
479 1059 550 1090 loco
570 1064 853 1100 quorumcumque
878 1054 1016 1087 aliorum
1042 1054 1119 1085 sub-

388 1111 546 1143 sidiorum
579 1119 679 1152 super
703 1108 903 1141 millionibus
929 1117 989 1150 per
1014 1106 1117 1139 felicis

388 1162 626 1196 recordationis
668 1161 894 1194 Innocentium
933 1160 1053 1203 Papam
1092 1159 1117 1191 X

387 1216 534 1259 aliosque
559 1215 834 1258 praedecessores
852 1219 984 1246 nostros
1007 1213 1118 1245 hacte-

387 1280 448 1302 nus
467 1270 723 1312 approbatorum
750 1273 782 1301 et
806 1277 1053 1307 concessorum,
1072 1266 1117 1298 ita

389 1323 475 1365 quod
506 1322 637 1355 illorum
670 1322 782 1364 vigore
816 1321 898 1352 nihil
933 1319 1074 1363 amplius
1100 1330 1117 1351 a

388 1376 489 1415 clero,
507 1385 568 1407 nec
593 1385 610 1407 a
635 1384 798 1417 quoquam
825 1373 1117 1413 ecclesiaru1n,lo-

387 1437 500 1460 corum
515 1427 644 1470 piorum
663 1432 695 1459 et
708 1426 1007 1459 ecclesiasticorum
1022 1436 1117 1468 prae-

388 1480 548 1513 dictorum
561 1480 644 1522 exigi
656 1479 771 1523 possit,
787 1480 941 1522 quodque
956 1479 1116 1522 pecuniae

388 1544 425 1566 ex
450 1534 625 1577 praedictis
651 1532 806 1566 subsidiis
826 1538 863 1581 ‘et
888 1533 1024 1575 gahellis
1058 1542 1115 1565 seu

387 1586 474 1627 sisis,
500 1592 536 1618 ut
560 1586 760 1630 praefertur,
782 1597 799 1618 a
824 1586 918 1618 dictis
945 1585 1116 1618 ecclesias-

388 1639 458 1672 ticis
482 1639 669 1681 exigendae,
691 1639 722 1671 in
743 1638 929 1681 praedictos
949 1643 980 1671 et
996 1648 1061 1671 non
1083 1638 1115 1670 in

387 1692 467 1724 alios
482 1702 560 1724 usus
575 1696 820 1731 convertantur,
833 1702 933 1734 super
948 1701 1012 1734 quo
1030 1690 1116 1723 eius-

387 1745 461 1777 dem
484 1745 663 1777 maicstatis
689 1750 762 1777 tuae
788 1745 924 1788 eiusque
950 1744 1116 1776 ministro-

387 1807 459 1829 rum
480 1802 512 1830 et
536 1797 721 1830 officialium
740 1808 1021 1841 quorumcumque
1040 1808 1116 1830 con-

388 1849 540 1883 scientias
566 1860 751 1883 oneramus.

431 1902 445 1945 §
468 1902 500 1935 4.
526 1903 746 1936 Decernentes
772 1908 964 1946 praesentes
990 1903 1115 1936 litteras

388 1955 522 1996 validas,
545 1955 657 1989 sirmas
689 1961 719 1988 et
745 1956 892 1989 efficaces
918 1956 1059 1989 existere
1085 1962 1117 1989 et

388 2008 471 2049 sore,
490 2008 601 2051 sicque
627 2014 658 2041 et
683 2019 747 2041 non
773 2010 868 2041 aliter
886 2009 1000 2052 quovis
1021 2020 1117 2052 prae-

390 2065 490 2102 textu,
516 2061 643 2094 ratione
660 2062 711 2094 vel
736 2064 834 2094 causa
857 2072 917 2105 per
942 2072 1117 2105 quoscum-

390 2124 453 2156 que
483 2113 608 2146 iudices
642 2114 824 2147 ordinarios
858 2120 889 2147 ct
923 2115 1114 2157 delegatos,

390 2167 487 2199 etiam
506 2178 677 2200 causarum
694 2167 805 2211 palatii
830 2168 1002 2211 apostolici
1027 2169 1117 2202 audi-

390 2224 500 2260 tores,
527 2221 654 2252 sublata
680 2232 884 2263 quacumque
910 2222 1059 2255 omnihus
1086 2228 1118 2255 et

391 2272 545 2314 singulis,
572 2273 806 2316 cuiuscumque
832 2274 972 2316 gradus,
999 2280 1115 2316 status,

391 2326 601 2366 conditionis,
628 2326 811 2369 qualitatis,
838 2327 1117 2370 praeeminentiae

392 2382 424 2411 et
438 2378 616 2420 dignitatis,
636 2379 732 2411 ctiam
751 2379 1004 2421 ecclesiasticae,
1021 2381 1117 2414 etiam

390 2430 558 2463 individua
582 2431 748 2463 mentione
775 2431 889 2473 dignis,
912 2434 1118 2475 quomodoli-

390 2483 446 2515 bet
463 2483 495 2515 in
521 2483 720 2516 contrarium
737 2483 913 2525 iudicandi,
941 2485 1117 2520 definiendi

393 2541 425 2568 et
456 2536 696 2579 interpretandi
729 2537 882 2570 facultate
905 2538 946 2580 fet
970 2541 1119 2577 auctori-

393 2594 477 2629 tate,
505 2589 660 2629 iudicari,
688 2589 897 2633 interpretari
935 2597 965 2623 et
991 2592 1118 2626 ilc-liniri

968 213 1148 237 BULLARIUM
1174 212 1326 236 ROMAM'M

1161 260 1304 299 debere,
1331 270 1367 292 ac
1391 260 1519 292 irritum
1546 265 1577 293 et
1609 260 1705 293 inane
1736 260 1763 293 si
1796 270 1890 293 secus

1160 322 1261 355 super
1286 313 1336 344 his
1362 323 1379 344 a
1404 323 1586 355 quoquam,
1612 313 1724 356 quavis
1750 313 1892 346 auctori-

1160 370 1238 405 tate,
1261 365 1406 398 scienter
1425 366 1475 397 vel
1493 365 1696 407 ignoranter,
1714 365 1891 409 contigerit

1157 417 1322 450 attentari.

1200 469 1258 512 ἐξ).
1278 470 1348 503 Non
1366 470 1573 503 obstantibus
1595 471 1886 504 constitutionibus

1910 211 1957 238 An.
1979 211 2007 239 C.
2025 211 2092 239 1662

1933 483 2089 504 Contrariorum

1856 524 1861 530 .
1902 509 2022 536 derogatio.

1156 527 1188 555 et
1213 522 1476 556 ordinationibus
1502 523 1703 566 apostolicis,
1731 524 1828 556 etiam
1853 535 1886 557 ln

1155 576 1366 617 generalibus
1392 576 1541 609 conciliis
1568 576 1677 617 editis,
1703 577 1885 620 privilegiis

1155 640 1296 672 quoque,
1322 630 1456 663 indultis
1483 635 1515 668 et
1539 630 1657 662 litteris
1683 629 1884 673 apostolicis,

1154 682 1322 723 ecclesiis,
1350 683 1460 726 regnis
1477 711 1484 724 ,
1511 683 1686 726 personis,
1719 683 1884 726 capitulis,

1153 736 1361 768 monasteriis
1378 763 1385 776 ,
1411 736 1647 776 conventibus,
1675 736 1823 778 collegiis
1854 741 1887 770 et

1153 789 1224 822 aliis
1247 790 1434 833 praedictis,
1461 791 1521 823 sub
1551 791 1813 834 quibuscumque
1837 796 1886 824 te-

1152 842 1289 875 noribus
1315 847 1347 875 et
1382 843 1516 883 formis,
1543 854 1580 875 ac
1611 854 1684 876 cum
1714 842 1883 886 quibusvis

1153 894 1249 927 etiarn
1265 895 1546 937 derogatoriarurn
1559 896 1788 938 derogatoriis,
1801 895 1885 928 aliis-

1152 958 1216 990 que
1242 948 1494 989 efficacioribus,
1521 948 1754 981 efficacissimis
1780 954 1812 981 et
1835 949 1884 981 in-

1152 1001 1256 1033 solitis
1282 1000 1452 1041 clausulis,
1471 1001 1744 1044 irritantibusque
1763 1005 1795 1034 et
1811 1001 1882 1034 aliis

1152 1054 1313 1093 decretis,
1340 1053 1373 1086 in
1398 1064 1519 1096 genere
1550 1054 1601 1086 vel
1632 1053 1665 1085 in
1697 1053 1820 1096 specie,
1846 1065 1883 1087 ac

1151 1107 1230 1138 alias
1247 1106 1280 1137 in
1297 1106 1500 1139 contrarium
1519 1106 1778 1149 praemissorum
1803 1117 1884 1149 quo-

1150 1158 1331 1191 modolibet
1355 1158 1534 1198 concessis,
1562 1158 1752 1201 approbatis
1779 1163 1812 1191 et
1834 1159 1884 1191 in-

1151 1212 1298 1252 novatis;
1327 1212 1445 1254 quibus
1479 1212 1631 1244 omnibus
1665 1216 1698 1244 et
1729 1211 1881 1254 singulis,

1150 1264 1278 1297 etiamsi
1302 1274 1363 1307 pro
1388 1264 1562 1296 sufficienti
1587 1264 1719 1297 illorum
1745 1264 1882 1307 deroga-

1151 1317 1238 1350 tione
1257 1318 1296 1350 de
1320 1317 1384 1350 illis
1407 1328 1588 1361 eorumque
1611 1318 1687 1350 totis
1709 1318 1880 1350 tenoribus

1150 1370 1314 1414 specialis,
1341 1370 1493 1413 specifica
1518 1375 1550 1403 et
1574 1370 1753 1411 individua,
1780 1381 1817 1404 ac
1841 1371 1881 1403 de

1149 1425 1250 1456 verbo
1271 1425 1310 1457 ad
1329 1425 1477 1464 verbum,
1498 1434 1564 1457 non
1583 1429 1691 1457 autern
1716 1435 1777 1467 per
1794 1425 1882 1457 clau-

1149 1478 1237 1510 sulas
1252 1478 1424 1520 generales
1440 1477 1527 1510 idem
1547 1477 1773 1520 importantes,
1791 1487 1882 1510 men-

1150 1530 1194 1562 tio
1213 1541 1270 1563 seu
1288 1530 1422 1573 quaevis
1448 1530 1510 1563 alia
1535 1530 1704 1573 expressio
1730 1530 1881 1562 habenda

1149 1589 1250 1624 esset,
1276 1583 1409 1616 illorum
1434 1588 1580 1623 tenores,
1607 1593 1644 1615 ac
1661 1583 1688 1615 si
1713 1583 1752 1616 de
1778 1583 1880 1615 verbo

1149 1637 1188 1669 ad
1212 1637 1349 1669 verbum
1374 1636 1456 1668 nihil
1474 1636 1605 1679 penitus
1632 1636 1754 1668 omisso
1773 1636 1882 1679 expri-

1148 1695 1291 1730 mentur,
1310 1689 1542 1733 praesentibus
1559 1699 1619 1732 pro
1644 1689 1742 1732 plene
1768 1693 1800 1720 et
1815 1688 1882 1721 sus-

1148 1742 1298 1775 ficienter
1315 1742 1479 1785 expressis
1498 1747 1530 1774 et
1546 1742 1679 1774 insertis
1705 1742 1879 1782 habentes,

1149 1795 1213 1828 illis
1239 1796 1318 1828 alias
1351 1796 1384 1827 in
1410 1806 1469 1828 suo
1494 1796 1615 1828 robore
1640 1795 1880 1838 permansuris,

1149 1849 1188 1881 ad
1219 1848 1480 1891 praemissorum
1512 1847 1664 1880 effectum
1694 1847 1882 1891 specialiter

1150 1907 1182 1934 et
1195 1911 1350 1944 expresse
1367 1901 1576 1943 derogamus3
1596 1901 1783 1944 ceterisque
1803 1911 1882 1934 con-

1150 1954 1258 1986 trariis
1285 1953 1561 1996 quibuscumque.

1193 2007 1207 2050 ξ
1224 2006 1254 2038 6.
1274 2006 1313 2039 Ut
1338 2011 1447 2039 autem
1464 2010 1658 2049 praesentes
1683 2010 1815 2039 nostrae
1829 2005 1882 2038 lit-

1151 2066 1250 2101 terae,
1269 2071 1342 2094 cum
1363 2071 1445 2104 opus
1472 2060 1583 2101 suerit,
1601 2061 1641 2093 ad
1660 2060 1805 2093 omnium
1823 2071 1882 2094 no—

1152 2114 1253 2147 titiam
1277 2113 1403 2147 facilius
1430 2113 1584 2146 devenire
1608 2113 1749 2156 possint,
1769 2114 1883 2146 decer-

1150 2169 1256 2201 nimus
1281 2173 1317 2200 ut
1348 2178 1461 2200 earum
1492 2167 1670 2210 exemplis,
1698 2166 1797 2200 etiam
1822 2167 1882 2199 im-

1150 2221 1274 2265 pressis
1290 2248 1298 2262 ,
1324 2231 1423 2253 manu
1448 2220 1586 2253 alicuius
1611 2219 1731 2253 notarii
1756 2220 1881 2263 publici

1151 2274 1365 2318 subscriptis,
1400 2278 1432 2306 et
1464 2284 1627 2317 personae
1659 2273 1693 2305 in
1724 2273 1882 2316 dignitate

1152 2327 1375 2361 ecclesiastica
1391 2327 1589 2360 constitutae
1608 2326 1716 2370 sigillo
1733 2326 1882 2368 munitis,

1152 2383 1266 2415 eadem
1291 2392 1429 2426 prorsus
1446 2380 1527 2414 fides
1552 2381 1585 2413 in
1602 2380 1725 2414 iudicio
1743 2385 1775 2413 et
1792 2385 1883 2413 extra

1152 2435 1368 2475 adhibeatur,
1402 2444 1485 2478 quae
1525 2434 1605 2477 ipsis
1648 2432 1882 2477 praesentibus

1152 2488 1390 2529 adhiberetur,
1426 2487 1454 2520 si
1489 2488 1598 2520 forent
1634 2486 1797 2520 exhibitae
1832 2486 1883 2518 vel

1154 2546 1318 2574 ostensae.

1196 2594 1310 2626 Datum
1335 2594 1470 2635 Romae,
1496 2593 1582 2637 apud
1608 2593 1638 2626 S.
1665 2591 1796 2625 Mariam
1821 2590 1884 2624 Ma-

1936 2011 1998 2032 fides
2022 2014 2077 2033 trau·

1896 2042 2031 2065 sumptorum.
