2247 3208
209 225 255 253 An.
276 225 304 252 C.
324 225 389 253 1665>

216 1596 338 1625 Redeuntes·
347 1601 383 1626 pu-

201 1628 246 1643 mre
270 1628 383 1648 superiori-

202 1649 241 1670 bus
257 1651 321 1669 vetat.

231 2227 338 2256 Clausulas
351 2233 385 2254 ap-

204 2256 272 2280 ponit.

436 217 456 249 2
973 221 1152 245 BULLARIUM
1175 220 1338 245 ROMANUM'

405 276 450 306 ris
476 273 600 306 litteras
625 272 841 314 inspexerunt
870 279 1047 313 partesque
1080 279 1136 301 au-

406 327 556 358 diverunt
575 351 582 364 ,
609 324 746 357 consilio
762 350 769 363 ‚
803 322 933 355 attentis
970 322 1110 354 narratis
1126 348 1134 362 ‚

405 378 597 411 auctoritate
633 376 832 420 apostolica,
860 380 974 408 tenore
999 385 1136 418 presen-

408 432 497 470 tium,
525 431 586 462 sub
618 430 734 473 poenis
767 440 805 462 eo
830 429 902 472 ipso
926 427 1134 460 incurrendis

404 483 594 526 privationis
626 482 714 515 vocis
757 482 879 515 activae
919 485 951 513 et
985 480 1134 523 passivae

404 545 532 568 necnon
558 534 739 567 officiorum
758 539 789 567 et
808 532 1022 566 inhabilitatis
1039 533 1079 565 ad
1098 543 1135 565 ea

404 593 435 620 et
460 588 522 620 alia
548 597 773 630 quaecumque
799 587 832 619 in
856 591 1027 629 posterum
1052 585 1135 618 obti-

403 641 523 680 nenda,
543 639 763 683 praecipimus
789 643 821 671 et
844 638 1044 680 iniungimus
1070 641 1135 669 tam

402 693 547 736 generali
581 697 613 724 et
637 692 706 724 aliis
743 691 1005 734 quibuscumque
1037 700 1136 733 supe-

402 746 544 779 rioribus
571 745 777 787 regularibus
813 744 941 776 Ordinis
973 744 1132 786 praefati,

402 809 438 831 ae
475 799 571 830 etiam
610 797 833 830 Calceatorum
873 795 1134 828 modificatorum

400 856 678 894 nuncupatorum,
698 860 794 893 quam
810 849 1038 892 superioribus
1057 859 1134 881 con-

401 905 628 947 gregationum
667 903 889 946 praefatorum
928 902 1134 934 Excalceato-

401 968 473 990 rum
498 957 637 989 nationis
662 956 850 999 Hispaniae,
871 960 905 987 ut
930 955 962 988 in
988 955 1133 988 futurum

400 1011 572 1052 religiosos
590 1011 674 1042 ullos
689 1014 885 1041 memoratae
905 1009 1133 1051 congregatio-

400 1064 449 1096 nis
464 1064 729 1095 Excalceatorum
744 1062 926 1094 Gallicanae
944 1062 1131 1094 nullatenus

400 1116 573 1158 recipiant,
601 1125 658 1147 seu
683 1114 834 1157 recipere
859 1114 1011 1153 audeant,
1034 1118 1131 1157 atque

400 1168 571 1210 hucusque
596 1172 749 1209 receptos
779 1165 888 1198 statim
913 1166 952 1198 ad
984 1167 1131 1199 eamdem

400 1220 702 1263 congregationem,
725 1230 740 1251 a
766 1230 829 1262 qua
853 1219 976 1261 absque
1001 1224 1132 1262 aposto-

398 1273 462 1306 lica
487 1272 731 1315 dispensatione
758 1272 994 1312 discesserunt,
1020 1273 1132 1305 remit-

399 1331 479 1366 tant,
506 1325 650 1368 exceptis
675 1325 730 1364 iis,
758 1324 813 1367 qui
837 1325 934 1357 modo
959 1325 1132 1368 reperiun-

400 1383 452 1411 tur
484 1379 654 1411 transitum
688 1378 803 1410 secisse
836 1378 875 1410 ad
900 1377 1132 1421 Congregatio—

398 1442 473 1464 nem
508 1431 775 1464 Exealceatorum
811 1431 1009 1474 Hispaniae:
1044 1433 1131 1465 salva

399 1494 530 1527 semper
554 1484 586 1516 in
611 1483 799 1527 praemissis
833 1484 1027 1516 auctoritate
1053 1495 1130 1517 con-

399 1536 597 1579 gregationis
623 1537 814 1569 eorumdem
839 1536 1065 1569 cardinalium.

443 1589 457 1631 g
473 1589 503 1622 3.
523 1590 696 1621 Praeterea
712 1590 877 1632 praefatae
903 1590 1130 1632 congregatio-

398 1643 447 1675 nis
463 1642 644 1675 Gallicanae
660 1642 885 1685 supcrioribus
904 1643 1000 1676 simili
1018 1644 1128 1684 modo,

399 1696 592 1728 auctoritate
619 1700 650 1727 et
674 1700 789 1728 tenore
814 1696 1004 1738 praedictis,
1023 1696 1130 1728 iniun-

399 1748 503 1790 gimus
536 1752 571 1779 ut
598 1748 788 1780 eorumdem
820 1748 957 1781 fratrum
989 1749 1129 1782 reditum

398 1801 555 1842 religiosa
580 1811 652 1832 curn
678 1800 836 1833 charitate
863 1801 1048 1844 excipiant,
1069 1812 1130 1834 nec

398 1854 471 1887 illos
496 1858 674 1897 propterea
699 1854 762 1896 (iis
800 1859 925 1887 tantum
959 1855 1104 1899 exeeptis
1121 1882 1128 1896 ‚

399 1907 453 1950 qui
473 1906 658 1950 aliquorum
674 1912 939 1950 perpetratoruin
957 1908 1130 1941 eriminum

398 1970 522 2003 poenas
548 1959 796 2001 subterfugituri
823 1960 1062 2005 discesserunt)
1083 1963 1131 1995 ul-

399 2013 438 2045 lis
458 2012 574 2056 poenis
589 2017 643 2045 aut
662 2013 898 2056 privationibus
915 2014 1075 2055 asflciant;
1095 2026 1131 2048 ac

399 2065 538 2108 proinde
557 2065 601 2097 ita
625 2065 711 2098 circa
727 2067 907 2108 praemissa
923 2066 992 2099 sieri
1008 2072 1039 2099 et
1057 2078 1131 2100 exe-

401 2117 456 2160 qui
485 2118 666 2160 respective
699 2119 758 2150 sub
791 2119 853 2151 iam
889 2120 982 2152 dictis
1014 2120 1130 2164 poenis

401 2171 591 2202 mandamus
617 2174 649 2202 et
672 2171 905 2214 praecipimus.

445 2223 459 2265 ἓ
479 2222 509 2255 4.
537 2223 756 2256 Decernentes
782 2225 913 2257 easdem
937 2231 1129 2268 praesentes

401 2275 527 2308 litteras
552 2285 683 2318 semper
706 2276 834 2317 firmas,
860 2278 980 2311 validas
1006 2284 1037 2311 et
1063 2279 1131 2312 effi-

402 2338 495 2360 caces
521 2328 660 2361 existere
686 2334 718 2361 et
741 2329 823 2370 sore,
850 2341 993 2375 suosque
1018 2334 1131 2376 plena-

402 2381 468 2413 rios
495 2385 527 2413 et
550 2381 694 2423 integros
721 2382 853 2416 effectus
879 2385 989 2418 sortiri
1014 2391 1046 2418 et
1073 2387 1129 2419 ob-

402 2433 531 2473 tinere,-
547 2444 584 2466 ac
608 2434 647 2466 ab
671 2434 747 2475 illis,
775 2436 814 2468 ad
839 2447 921 2479 quos
946 2443 1073 2481 spectat
1097 2444 1130 2472 et

401 2497 461 2529 pro
477 2491 623 2530 tempore
638 2489 805 2531 spectabit,
823 2490 1055 2525 inviolabiliter
1072 2493 1129 2526 ob-

403 2540 537 2580 servari,
556 2540 667 2583 sicque
688 2541 719 2573 in
740 2543 928 2585 praemissis
953 2555 1013 2588 per
1030 2556 1129 2588 quos-

403 2603 541 2637 cumque
560 2593 682 2627 iudices
698 2595 879 2629 ordinarios
898 2602 930 2630 et
946 2598 1126 2642 delegatos,

1169 268 1267 301 etiam
1291 279 1463 301 causarum
1484 269 1595 312 palatii
1621 270 1793 313 apostolici
1810 270 1901 303 audi-

1169 326 1272 361 tores,
1290 320 1428 354 iudicari
1446 326 1478 354 et
1498 321 1625 355 definiri
1650 323 1785 362 debere,
1801 334 1837 356 ac
1859 324 1902 356 ir-

1169 374 1268 406 ritum
1293 378 1325 406 et
1354 374 1451 406 inane
1488 374 1514 406 si
1544 384 1639 407 secus
1670 385 1771 418 super
1803 376 1854 409 his
1884 386 1901 408 a

1170 437 1351 470 quoquam,
1380 427 1492 470 quavis
1517 427 1730 468 auctoritate,
1757 428 1900 461 scienter

1168 480 1219 513 vel
1243 481 1443 523 ignoranter,
1468 481 1644 523 contigerit
1667 482 1831 514 attentari.

1211 534 1226 576 ἓ
1250 533 1281 566 5.
1306 533 1377 566 Non
1401 534 1609 566 obstantibus
1633 534 1836 577 praemissis,
1863 545 1899 568 ac
1915 546 2096 568 Contrariatolln.

1168 586 1459 619 constitutionibus
1481 591 1513 619 et
1537 587 1797 634 ordinationibus
1823 598 1900 630 apo-

1168 639 1317 679 stolicis,
1351 649 1499 679 necnon,
1533 644 1694 683 quatenus
1725 650 1807 683 opus
1833 641 1898 680 sit,

1167 691 1412 734 praedictorum
1447 691 1575 725 Ordinis
1612 697 1644 725 et
1674 692 1901 734 congregatio-

1167 755 1258 784 num,
1289 745 1386 777 etiam
1414 745 1599 777 iuramento
1617 771 1624 784 ‚
1652 744 1900 777 confirmatione

1167 797 1361 841 apostoliea,
1380 798 1431 830 vel
1450 798 1562 840 quavis
1587 797 1741 830 firmitate
1766 798 1829 830 alia
1849 808 1902 830 ro-

1167 851 1314 890 boratis,
1351 851 1480 883 statutis
1517 855 1550 883 et
1582 851 1898 890 consuetudinibus,

1167 903 1347 945 privilegiis
1374 913 1524 946 quoque,
1551 903 1685 936 indultis
1718 908 1750 935 et
1781 903 1900 936 litteris

1167 956 1356 998 apostolicis
1374 956 1407 988 in
1427 956 1627 988 contrarium
1641 956 1899 999 praemissorum

1167 1009 1417 1051 quomodolibet
1441 1008 1620 1049 concessis,
1643 1007 1842 1042 confirmatis
1868 1013 1900 1041 et

1165 1061 1347 1101 innovatis;
1375 1061 1494 1104 quibus
1516 1062 1667 1094 omnibus
1693 1067 1726 1095 et
1749 1062 1897 1104 singulis,

1165 1114 1298 1147 illorum
1316 1118 1448 1147 tenores
1462 1114 1694 1157 praesentibus
1721 1125 1782 1158 pro
1799 1115 1897 1158 plene

1166 1172 1198 1201 et
1228 1167 1430 1200 sufficienter
1461 1167 1627 1210 expressis
1664 1178 1701 1200 ac
1732 1167 1771 1200 de
1797 1168 1898 1200 verbo

1165 1220 1204 1253 ad
1225 1220 1361 1253 verbum
1386 1220 1520 1253 insertis
1542 1220 1716 1260 habentes,
1734 1220 1798 1253 illis
1819 1220 1898 1253 alias

1164 1273 1197 1306 in
1221 1283 1281 1306 suo
1306 1273 1427 1306 robore
1460 1273 1687 1316 permansuris
1704 1299 1712 1313 ,
1739 1273 1779 1306 ad
1804 1283 1899 1316 prae-

1164 1325 1340 1358 missorum
1366 1325 1528 1365 effectum,
1547 1326 1608 1358 hac
1628 1325 1697 1358 vice
1719 1326 1896 1366 dumtaxat,

1164 1379 1351 1422 specialiter
1372 1383 1404 1411 et
1429 1388 1585 1422 expresse
1611 1379 1827 1421 derogamus3
1846 1388 1898 1411 ce-

1162 1432 1309 1475 terisque
1335 1432 1507 1465 contrariis
1533 1431 1808 1475 quibuscumque.

1208 1484 1276 1527 {6-
1310 1484 1464 1518 Volumus
1493 1490 1603 1518 autem
1638 1489 1674 1516 ut
1708 1484 1899 1517 earumdem

1164 1539 1389 1581 praesentium
1403 1539 1631 1582 transumptis,
1646 1538 1744 1571 etiam
1761 1538 1900 1581 impres-

1165 1592 1222 1632 sis,
1241 1602 1339 1624 manu
1360 1591 1498 1625 alicuius
1523 1591 1655 1624 notariii
1679 1591 1803 1635 publici
1823 1591 1901 1624 sub·

1165 1644 1296 1687 scriptis
1313 1670 1321 1685 ‚
1348 1649 1380 1677 et
1405 1644 1513 1687 sigillo
1537 1654 1702 1688 personae
1737 1644 1771 1676 in
1795 1645 1901 1677 eccle-

1165 1697 1296 1729 siastica
1321 1697 1478 1739 dignitate
1511 1698 1709 1730 constitutae
1740 1697 1898 1737 munitis,

1165 1750 1280 1783 eadem
1305 1760 1448 1793 prorsus·
1467 1749 1548 1782 fides
1577 1750 1700 1793 ubique
1726 1751 1874 1783 locorum
1890 1777 1898 1790 ,

1165 1808 1230 1835 tam
1255 1803 1288 1835 in
1313 1803 1435 1835 iudicio
1456 1814 1551 1846 quam
1578 1808 1669 1836 extra
1693 1803 1784 1843 illud,
1808 1802 1901 1835 adhi-

1164 1856 1294 1896 beatur,
1307 1866 1389 1899 quae
1403 1856 1554 1899 ipsismet
1564 1855 1796 1899 praesentibus
1809 1855 1901 1888 adhi-

1164 1909 1313 1949 beretur,
1340 1908 1366 1941 si
1391 1909 1500 1941 forent
1525 1909 1689 1942 exhibitae
1714 1909 1764 1941 vel
1791 1913 1901 1941 osten-

1165 1972 1233 1995 sae.
1583 1987 1586 1990 -

1208 2015 1325 2048 Datum
1348 2015 1470 2048 Romae
1491 2015 1578 2058 apud
1598 2014 1628 2048 S.
1651 2015 1782 2048 Mariam
1803 2015 1900 2047 Maio—

1165 2078 1248 2108 rem,
1264 2069 1325 2101 suh
1339 2069 1459 2102 annulo
1477 2068 1665 2109 piscatoris,
1682 2068 1733 2101 die
1758 2079 1795 2102 xv
1814 2069 1900 2113 apri-

1166 2122 1204 2154 lis
1214 2131 1345 2155 nnchu
1362 2120 1570 2165 pontificatus
1587 2121 1691 2154 nostri
1706 2132 1790 2155 anno
1804 2132 1863 2156 v111
1876 2121 1897 2155 ¹.

1199 2183 1257 2210 Dat.
1279 2183 1322 2211 die
1343 2184 1376 2210 15
1395 2182 1487 2218 aprilis
1508 2182 1584 2216 1662,
1606 2182 1702 2218 pontif.
1724 2191 1795 2212 anno
1816 2190 1872 2212 vni.

1413 2352 1655 2388 CCCLXXXVII.

1163 2441 1266 2485 Super
1289 2442 1524 2476 contributione
1547 2443 1832 2477 ecclesiasticorum
1850 2454 1899 2476 re-

1206 2505 1346 2538 ¹qnorum·
1371 2495 1526 2530 Castellae
1555 2500 1584 2529 et
1607 2496 1759 2540 Leyz'onz's
1794 2497 1899 2530 decem

1199 2611 1210 2637 1
1229 2610 1269 2638 Ab
1285 2610 1428 2646 electione3
1443 2611 1507 2640 edit.
1523 2611 1602 2639 Main.
1620 2612 1683 2649 legit
1698 2619 1734 2640 vn
1751 2613 1789 2648 (R.
1805 2611 1853 2650 Τ.).

1917 225 1959 248 ΧΠ.
1981 224 2008 248 Γ]Δ
2033 225 2098 250 loon.

1947 1488 2096 1520 Transursplo-

1914 1527 1958 1542 rum
1973 1521 2033 1542 lideS.
