2247 3208
206 215 255 243 An.
276 201 304 243 c.
323 216 388 244 1663
434 207 498 241 1⁶26

274 589 385 614 Deruentio

204 619 282 637 conlui
289 617 361 636 iornin.

403 266 477 304 rint,
496 265 527 297 in
546 269 673 296 centum
691 262 833 295 millibus
848 261 945 294 scutis
963 260 1134 303 praedietis

403 318 533 351 minime
565 316 743 359 computari
769 315 924 354 debeant,
950 314 1005 346 sed
1031 313 1133 346 dictae

402 379 560 413 personae
594 368 828 402 ecclesiasticae
854 377 1010 409 expensas
1036 366 1133 408 ipsas,

400 424 483 455 ultra
508 431 607 454 ratam
633 426 756 464 partem
782 430 874 463 quam
899 419 1023 452 ratione
1052 418 1135 451 eius-

403 476 475 508 dem
507 475 641 507 subsidii
672 475 794 506 solvere
826 473 1012 512 debebunt,
1037 471 1134 504 etiam

401 529 585 571 persolvere
611 532 789 559 teneantur.

975 214 1013 236 Bt}
1019 212 1153 236 LLAmUM
1179 212 1329 236 ROMANUM

1170 270 1280 292 sorum
1312 259 1459 293 effectum
1483 261 1653 301 dumtaxat,
1672 260 1735 294 illis
1761 261 1839 294 alias
1865 260 1897 293 in

1149 322 1227 345 -suo
1259 313 1379 345 robore
1408 313 1645 356 permansuris,
1683 314 1896 356 derogamus;

1169 366 1348 408 ceterisque
1374 365 1542 398 contrariis
1569 366 1838 409 quibuscumque,

1212 419 1226 461 ξ
1250 418 1281 450 4.
1310 419 1372 450 Aut
1396 419 1420 451 si
1446 418 1654 461 patriarchis,
1680 419 1898 462 archiepisco-

1167 471 1224 514 pis,
1244 471 1415 514 episcopis,
1434 470 1553 510 electis,
1574 471 1899 512 administratoribus,

1168 524 1353 564 abbatibus,
1387 523 1689 563 conmiendatariis‚
1716 524 1899 567 ceterisque

445 581 459 623 ξ
484 580 514 613 3.
534 580 603 613 Non
617 579 820 612 obstantibus
840 577 1003 621 quibusvis
1019 576 1133 609 consti-
1169 576 1350 619 praedictis,
1371 581 1399 608 et
1427 576 1593 619 quibusvis
1618 576 1696 615 aliis,
1724 577 1900 609 communi-

402 633 578 666 tutionibus
604 637 635 665 et
660 630 917 664 ordinationibus
935 630 1133 672 apostolicis,

402 687 497 719 etiam
528 685 559 717 in
593 684 736 717 conciliis
768 683 1002 716 universalibus
1028 682 1132 722 editis,

402 749 527 772 necnon
568 738 774 770 ecclesiarum
790 763 797 776 ,
837 737 1132 775 monasteriorum,

401 792 619 835 prioratuum,
651 790 816 828 Ordhuun,
842 789 1133 831 congregationum

402 850 433 878 et
466 844 652 877 militiarum
688 841 897 880 huiusmodi,
924 842 1018 874 ctiam
1050 841 1133 873 iura-

402 902 520 937 mento,
539 896 781 929 confirmatione
800 894 986 937 apostoliea,
998 895 1044 926 vel
1057 904 1133 936 qua-

401 951 447 984 vis
472 950 620 982 firmitate
652 949 713 981 alia
744 948 928 987 roboratis,
951 946 1077 979 statutis
1103 951 1134 979 et

402 1003 698 1040 consuetudinibus,
712 1000 949 1041 stabilimentis,
972 1000 1085 1032 usibus
1104 1004 1135 1031 et

401 1058 533 1097 naturis,
570 1054 749 1099 privilegiis
789 1065 941 1097 quoque,
979 1053 1133 1091 indultis,

401 1109 655 1153 exemptionibus
687 1114 717 1140 et
741 1107 1014 1147 immunitatibus,
1039 1106 1134 1139 etiam

400 1163 433 1196 in
458 1173 594 1205 corpore
618 1161 696 1193 iuris
721 1160 849 1200 clausis,
867 1171 903 1193 ac
920 1159 1036 1193 litteris
1059 1169 1136 1202 apo-

402 1215 536 1255 stolicis,
558 1214 714 1254 ecclesiis,
741 1213 959 1253 monasteriis,
986 1212 1135 1256 priorati-

401 1269 472 1309 bus,
496 1267 745 1312 praeceptoriis,
770 1266 941 1310 praelatis,
973 1266 1133 1309 capitulis,

357 1355 361 1358 ,
402 1320 621 1361 conventibus,
633 1320 817 1359 Ordinibus,
829 1318 1134 1361 congregationibus

403 1379 435 1407 et
451 1374 585 1413 militiis,
604 1373 741 1416 aliisque
762 1372 946 1415 praedictis,
964 1372 996 1403 in
1015 1382 1134 1413 genere

402 1428 450 1460 vel
476 1427 507 1459 in
533 1426 650 1470 speeie,
668 1426 726 1458 sub
747 1436 947 1469 quacumque
979 1425 1080 1456 forma
1105 1429 1136 1457 et

402 1480 572 1513 verborum
597 1479 816 1522 expressione,
839 1489 856 1510 a
880 1478 974 1510 nobis
1000 1483 1031 1510 et
1055 1477 1135 1511 Sede

403 1532 596 1576 Apostolica,
609 1533 704 1565 etiam
716 1522 996 1571 consistorialiter,
1007 1536 1038 1565 et
1047 1536 1135 1563 motu

403 1586 509 1626 simili,
536 1597 572 1618 ac
596 1586 674 1619 alias
700 1585 813 1629 quovis
839 1585 935 1617 inodo
967 1584 1151 1624 emanatis„

403 1639 579 1678 concessis,
599 1650 634 1671 ae
658 1639 752 1672 etiam
777 1638 898 1670 iteratis
916 1638 1038 1669 vicibus
1061 1648 1136 1670 eon-

402 1691 548 1732 firmatis,
568 1692 752 1735 approbatis
771 1697 803 1724 et
818 1691 996 1731 innovatis,
1020 1691 1134 1733 quibus

404 1745 553 1778 omnibus
578 1750 609 1777 et
628 1745 784 1787 singulis,
815 1744 939 1777 etiamsi
966 1755 1024 1787 pro
1050 1744 1136 1776 suffi-

404 1798 499 1830 cienti
530 1808 641 1830 eorum
674 1797 882 1839 derogatione
917 1798 958 1834 de
989 1797 1052 1831 illis
1085 1808 1138 1830 co-

403 1861 540 1894 rumque
566 1851 639 1884 totis
665 1851 831 1884 tenoribus
857 1851 1017 1894 specialis,
1035 1851 1136 1894 speci-

402 1904 481 1944 fica,
508 1914 659 1948 expressa
684 1909 714 1937 et
743 1905 915 1944 individua,
941 1915 1005 1937 non
1031 1910 1136 1938 autem

403 1967 462 2001 per
486 1958 646 1990 clausulas
672 1959 838 2000 generales
864 1958 949 1990 idem
963 1958 1138 2001 importan-

405 2016 470 2049 tes,
494 2011 614 2043 mentio
642 2021 698 2043 seu
724 2011 851 2053 quaevis
878 2011 938 2043 alia
965 2011 1136 2054 'expressio

406 2063 554 2095 habenda
578 2068 631 2095 aut
647 2063 755 2106 aliqua
775 2063 837 2095 alia
857 2064 1016 2106 exquisita
1036 2064 1137 2096 forma

406 2115 445 2147 ad
471 2116 534 2147 hoc
557 2116 711 2148 servanda
738 2116 828 2155 soret,
854 2122 885 2149 et
908 2117 941 2148 in
965 2117 1011 2149 eis
1030 2127 1137 2149 cavea-

406 2173 467 2213 tura
481 2178 631 2210 expresse
650 2169 735 2211 quod
758 2179 814 2210 per
840 2169 1026 2201 huiusmodi
1055 2170 1138 2201 elau-

406 2221 491 2252 sulas
518 2221 684 2262 generales
717 2221 762 2253 eis
795 2222 978 2254 nullatenus
1005 2222 1138 2264 deroge-

407 2277 457 2305 tur
482 2283 539 2305 nec
563 2273 753 2315 derogatum
778 2284 847 2307 csse
875 2280 1044 2307 censeatur
1075 2274 1137 2306 nisi

407 2325 466 2358 sub
492 2326 586 2358 certis
604 2327 700 2358 modo
718 2332 749 2359 ct
765 2327 865 2359 forma
882 2327 914 2358 in
939 2327 985 2360 eis
1011 2338 1139 2370 expres-

407 2378 463 2419 sis,
488 2384 616 2411 tenores
642 2379 839 2420 huiusmodi,
865 2390 900 2412 ae
925 2380 950 2412 si
977 2381 1014 2412 de
1039 2380 1137 2412 verbo

408 2432 446 2464 ad
480 2432 611 2464 verbum
646 2432 886 2472 insererentur,
912 2433 1138 2476 praesentibus

407 2495 468 2528 pro
490 2484 688 2517 sufficienter
705 2485 868 2528 expressis
884 2491 915 2518 et
943 2486 1083 2526 insertis,
1103 2497 1139 2518 ac

408 2537 538 2569 modum
557 2543 587 2569 et
609 2538 742 2569 sormam
768 2538 806 2570 ad
832 2538 863 2571 id
890 2540 1067 2571 servandos
1080 2549 1138 2581 pro

408 2589 571 2623 individuo
592 2590 722 2632 servatis
749 2591 914 2632 habentes,
928 2592 965 2623 ad
984 2591 1139 2635 praeniis—

1167 635 1215 662 ter
1244 630 1293 661 vel
1321 629 1457 667 divisim,
1483 629 1520 661 ad
1549 629 1659 661 eadem
1685 628 1725 660 sit
1747 628 1829 661 Sede
1856 629 1901 661 in-

1168 683 1292 716 dultum
1329 684 1416 725 quod
1453 682 1627 723 interdici,
1658 682 1812 726 suspendi
1851 683 1899 715 vel

1167 735 1441 768 excommunicari
1459 746 1523 768 non
1550 736 1674 778 possint
1697 746 1754 778 per
1778 736 1900 768 litteras

1166 788 1359 831 apostolicas
1385 800 1448 821 non
1476 789 1628 821 facientes
1645 790 1774 831 plenam
1801 793 1833 821 et
1850 799 1902 821 ex-

1166 852 1309 884 pressam
1343 853 1378 874 ae
1412 843 1450 875 de
1486 843 1584 874 verbo
1618 843 1657 875 ad
1694 843 1828 874 verbum
1861 842 1899 874 de

1166 895 1293 928 indulfo
1319 895 1506 927 huiusmodi
1532 895 1744 928 mentionem.

1211 948 1225 990 ἓ
1242 947 1272 980 5.
1292 948 1446 980 Volumus
1468 953 1575 980 autem
1596 949 1694 991 quod,
1713 947 1799 980 iuxta
1817 947 1901 981 ordi-

1168 1002 1330 1034 nationem
1364 1001 1395 1033 in
1422 1000 1560 1034 concilio
1593 1001 1766 1034 Viennensi
1802 1011 1901 1044 super

1169 1055 1231 1087 hoe
1257 1054 1385 1093 editam,
1403 1054 1543 1091 calices,
1568 1053 1641 1085 libri
1668 1059 1700 1086 et
1723 1053 1784 1086 alia
1809 1064 1902 1086 orna-

1168 1113 1277 1141 menta
1290 1104 1514 1147 eeclesiarum,
1524 1106 1806 1146 monasteriorum,
1816 1106 1902 1149 prio-

1169 1166 1295 1193 ratuum
1314 1166 1346 1193 et
1371 1160 1507 1193 aliorum
1532 1159 1767 1192 beneficiorum
1785 1164 1815 1192 et
1832 1159 1902 1202 pio-

1170 1226 1237 1247 rum
1257 1215 1403 1247 locorum
1421 1214 1479 1246 sub
1505 1213 1731 1256 praesentibus
1756 1223 1902 1255 compre-

1170 1269 1347 1301 hensorum
1373 1267 1479 1299 divino
1506 1265 1607 1299 cultui
1633 1265 1783 1299 dedicata
1808 1267 1902 1298 causa

1168 1320 1312 1363 pignoris
1336 1320 1386 1352 vel
1413 1319 1493 1352 alias
1527 1318 1698 1351 occasione
1730 1316 1900 1351 solutionis

1169 1372 1305 1405 subsidii
1325 1371 1508 1404 huiusmodi
1523 1372 1708 1404 nullatenus
1722 1371 1900 1414 capiantur,

1168 1426 1399 1465 distrahantur,
1428 1426 1475 1457 vel
1507 1430 1723 1467 occupentur,
1750 1424 1902 1467 quodque

1169 1480 1357 1511 earumdem
1376 1479 1599 1522 praesentium
1618 1478 1798 1510 litterarum
1817 1482 1904 1509 tran-

1169 1533 1327 1576 sumptis,
1354 1543 1452 1564 manu
1478 1531 1595 1564 notarii
1620 1531 1741 1574 publici
1767 1527 1903 1563 subscri-

1168 1586 1248 1629 ptis,
1276 1591 1307 1619 et
1331 1585 1437 1628 sigillo
1463 1585 1597 1618 alicuius
1622 1595 1659 1617 ex
1687 1584 1780 1617 dictis
1806 1584 1904 1616 colle-

1168 1640 1310 1672 ctoribus
1340 1640 1390 1671 vel
1423 1639 1556 1671 alterius
1589 1637 1726 1681 praelati
1753 1636 1903 1670 ecclesia-

1150 1693 1239 1734 ¹stiei
1265 1692 1415 1731 munitis,
1450 1693 1563 1725 eadem
1600 1702 1732 1735 prorsus
1766 1690 1845 1723 sides
1870 1690 1902 1722 in

1171 1745 1288 1779 iudicio
1314 1751 1345 1778 et
1370 1750 1458 1778 extra
1478 1745 1597 1788 ubique
1623 1745 1792 1784 habeatur,
1821 1754 1903 1787 quae

1169 1799 1247 1842 ipsis
1272 1799 1496 1842 praesentibus
1526 1798 1720 1838 haberetur,
1745 1797 1771 1830 si
1797 1797 1904 1830 forent

1170 1852 1331 1885 exhibitae
1359 1853 1407 1884 vel
1433 1856 1593 1884 ostensae.

1211 1905 1326 1937 Datum
1349 1905 1480 1945 Romae,
1500 1904 1586 1947 apud
1603 1903 1634 1936 S.
1657 1902 1789 1936 Mariam
1807 1902 1904 1935 Maio-

1171 1969 1250 1998 rem,
1278 1959 1338 1991 sub
1363 1959 1484 1991 annulo
1510 1957 1698 1997 Piscatoris,
1728 1954 1779 1989 die
1798 1966 1833 1989 111
1860 1955 1904 1987 se-

1168 2011 1288 2044 bruarii
1332 2022 1476 2044 MDCLXHI
1496 2038 1503 2051 ,
1545 2009 1757 2053 pontificatus
1797 2006 1902 2041 nostri

1169 2075 1254 2096 anno
1279 2074 1347 2096 v111.

1204 2125 1260 2151 Dat.
1283 2124 1326 2151 die
1345 2123 1361 2151 3
1381 2123 1510 2151 februarii
1533 2123 1618 2158 1663,
1639 2122 1732 2159 pontif.
1755 2130 1825 2150 anno
1844 2128 1902 2156 uu.

1463 2248 1616 2281 CDxxtv.

1173 2327 1261 2367 Quod
1274 2327 1430 2370 fratribus
1449 2328 1540 2359 laicis
1557 2325 1816 2370 conqreyalionis
1832 2323 1906 2359 Gal-

1216 2380 1342 2412 licanae
1365 2381 1506 2423 fratrum
1531 2381 1788 2423 Reformatorem
1813 2389 1902 2421 mm-

1215 2438 1402 2476 cupalorum
1430 2434 1483 2467 SS.
1513 2434 1686 2466 Trinitatis
1710 2432 1906 2475 redemptio-

1215 2487 1265 2518 nis
1290 2487 1487 2529 captivorum
1514 2497 1577 2519 non
1601 2487 1744 2529 competit
1769 2486 1820 2518 ius
1842 2484 1906 2527 suf-

1214 2539 1369 2581 fra-sandi
1397 2538 1428 2571 in
1454 2539 1659 2571 electionibus
1691 2543 1719 2571 et
1750 2537 1901 2580 receptio-

1215 2592 1311 2624 m'bus
1336 2593 1531 2624 novitiorum
1556 2592 1587 2624 in
1609 2591 1773 2635 capitalis.

1911 211 1961 239 An.
1981 211 2010 240 C.
2027 210 2094 240 1663

1950 958 2098 983 'si-ausnmpto-

1915 990 1959 1003 runi
1976 985 2035 1004 tides.
