2247 3208
121 196 309 226 An.c.1fiot

138 1367 239 1387 cuns-ata
251 1367 297 1387 sub—

112 1395 154 1414 Ιωιιι
172 1397 205 1423 .‘¹.
224 1394 297 1414 deere-

112 1423 155 1440 nunu
171 1423 263 1443 :trit-uis.

114 2369 225 2389 Contraria
236 2369 297 2389 tuna.

903 195 1023 219 ALEXAN
1030 196 1092 219 uun
1117 197 1160 220 Vll
1186 197 1234 220 FP.

1726 215 1744 223 .-

1724 190 1788 224 057

314 250 432 288 ceptas,
447 249 479 277 et
495 243 623 287 quoties
640 243 714 276 illae
732 243 942 283 emanabant,
959 243 1054 275 toties
1096 244 1217 287 pariter
1241 251 1425 279 nostrorum
1450 246 1696 291 disponentibus
1726 249 1834 281 buius-

313 299 346 331 in
370 298 543 342 pristinum
567 303 598 330 et
622 308 693 330 eum
725 298 758 329 iu
784 308 847 340 quo
865 302 959 329 antea
976 307 1054 339 quo-

312 351 494 384 modolibet
519 356 611 383 erant
634 355 752 383 statum
767 349 937 389 restitutas,
959 359 1054 392 repo-

312 404 388 437 sitas
405 409 438 436 et
456 404 600 447 plenarie
619 404 841 446 reintegratus,
859 413 895 434 ac
911 402 950 435 de
967 412 1051 434 novo

312 457 409 490 etiam
434 457 493 489 sub
519 466 719 500 quacumque
752 455 924 499 posteriori
957 455 1051 494 data,

311 520 370 553 per
394 515 424 543 te
449 515 480 543 et
506 510 680 542 familiares
706 514 778 541 tuos
812 508 974 551 praefatos
1001 517 1050 539 eo-

310 574 420 596 rumve
446 563 624 607 quemlibet
641 563 909 606 quandocumque
930 560 1052 602 eligen-

311 616 371 658 da,
397 627 591 656 concessas,
616 620 839 659 perpetuoque
870 613 992 646 validas
1019 618 1051 645 et

311 669 458 702 efficaces
481 669 617 702 existere
643 674 673 700 et
698 668 783 707 sore,
809 676 946 710 suosque
983 667 1051 709 ple-

310 723 419 756 narios
443 728 475 755 et
498 722 642 763 integros
668 720 798 753 ell'ectus
822 720 930 752 sortiri
948 726 978 752 ct
994 720 1050 752 ob-

310 775 431 815 tinere,
458 785 493 807 ac
518 773 746 807 iuviolabiliter
771 772 950 813 observari,
977 773 1049 806 tibi-

310 838 371 871 que
397 833 430 860 et
454 826 662 859 familiaribus
687 826 748 859 tuis
772 825 932 869 praefatis,
949 832 983 858 ut
1000 836 1049 857 su-

309 891 379 923 pra,
397 880 430 912 in
451 880 600 913 omnibus
617 885 648 911 et
662 889 720 922 per
736 878 845 911 onmia
861 878 1047 921 plenissime

309 932 487 976 suffragari,
513 942 652 972 necnon,
675 932 708 964 in
734 937 881 964 eventum
907 942 970 975 quo
999 943 1049 964 su-

308 996 367 1029 per
390 986 584 1030 praemissis,
604 991 659 1018 aut
678 995 792 1018 eorum
817 985 923 1028 aliqua
945 990 1044 1028 parte,

308 1039 567 1081 ambiguitatem,
593 1039 865 1077 controversiam,
891 1038 1022 1071 dubium
1039 1065 1046 1077 ,

309 1092 399 1125 litem
418 1093 466 1124 vel
497 1092 742 1125 contentionem
774 1091 969 1124 iudicialiter
997 1093 1045 1125 rel

308 1145 598 1178 extraiudicialitcr
622 1145 698 1178 oriri
724 1146 773 1177 vel
799 1145 920 1177 moveri
946 1146 1048 1178 conti-

308 1197 401 1240 gerit,
425 1208 553 1241 semper
577 1199 615 1230 ad
642 1198 687 1229 tui
707 1203 737 1230 et
755 1198 961 1231 familiarium
979 1204 1048 1231 tuo-

308 1260 377 1282 rum
402 1251 619 1293 praesatorum
638 1251 857 1290 commodum,
878 1251 1046 1284 utilitatem

308 1309 339 1336 et
363 1304 504 1337 savorem
528 1304 657 1343 resolvi,
684 1303 788 1336 decidi
806 1309 838 1335 et
855 1304 1047 1346 interpreta-

307 1356 353 1398 ri,
380 1357 489 1400 sicque
515 1363 547 1390 et
570 1367 635 1390 non
661 1357 754 1390 aliter
778 1357 811 1389 in
842 1357 991 1390 omnibus
1016 1363 1047 1390 et

307 1409 442 1451 singulis
466 1409 649 1452 praemissis
674 1420 732 1452 per
756 1420 973 1453 quoscumque
1003 1410 1047 1442 iu-

308 1461 395 1494 dices
409 1462 592 1495 ordinarios
613 1468 644 1494 et
666 1463 840 1505 delegatos,
868 1463 962 1495 etiam
976 1474 1048 1498 cau-

307 1526 412 1547 sarum
444 1515 555 1558 palatii
589 1516 759 1559 apostolici
793 1516 976 1557 auditores,
1011 1528 1045 1549 ac

306 1565 338 1598 S.
358 1566 395 1598 R.
415 1566 450 1598 E.
478 1566 670 1606 cardinales,
697 1566 791 1599 etiam
817 1567 855 1599 dc
878 1568 976 1600 latere
1003 1568 1047 1599 le-

306 1625 407 1661 gatos,
418 1619 624 1663 ipsorumque
637 1620 847 1652 cardinalium
863 1621 1046 1663 collegium,

307 1682 434 1705 necnon
459 1673 669 1706 camerarium
691 1684 744 1705 seu
764 1674 1044 1716 procamerarium,

308 1725 543 1757 thesaurarium
569 1726 773 1768 generalem,
805 1727 1044 1769 praesidentes,

307 1778 443 1811 clericos
468 1785 499 1810 et
523 1779 789 1819 commissarium,
811 1780 932 1812 aliosve
951 1791 1047 1823 quos-

307 1831 386 1863 libet
410 1831 568 1864 dictarum
594 1832 684 1864 Sedis
710 1837 742 1865 et
765 1843 910 1865 camerae
928 1833 1047 1866 ossicia-

306 1884 353 1916 les
367 1891 398 1916 et
411 1884 585 1921 ministros,
604 1896 807 1928 quacumque
823 1886 1047 1929 praeeminen-

307 1935 350 1968 tia
376 1942 407 1968 ct
431 1941 593 1979 potestate
620 1938 789 1979 fungentes
814 1944 846 1970 et
871 1938 1044 1978 suncini-os,

305 1988 338 2020 in
364 1989 473 2032 quavis
497 1991 592 2021 causa
618 1995 649 2022 et
672 1990 834 2029 instantia,
860 1990 983 2023 sublata
1001 1991 1046 2023 eis

306 2047 338 2074 et
361 2052 473 2074 eorum
499 2043 635 2076 cuilibet
660 2043 768 2086 (piaris
794 2043 886 2077 aliter
907 2044 1047 2077 iudican-

307 2093 339 2126 di
365 2100 397 2126 et
420 2095 655 2138 interpretandi
682 2096 829 2129 facultate
855 2102 886 2129 et
909 2097 1047 2129 auctori-

306 2152 391 2186 tate,
416 2147 549 2180 iudicari
575 2153 606 2180 et
630 2147 755 2180 definiri
782 2149 919 2188 debere,
947 2160 982 2182 ac
1007 2150 1048 2181 ir-

306 2199 402 2232 ritum
420 2205 451 2233 et
475 2200 571 2233 inane
591 2200 616 2233 si
637 2212 727 2233 secus
751 2212 847 2245 super
865 2201 915 2234 his
933 2213 949 2234 a
968 2213 1047 2246 quo-

308 2263 403 2296 quam
419 2279 426 2293 ,
454 2253 562 2296 quavis
587 2254 800 2295 auctoritate,
831 2255 970 2288 scienter
998 2256 1046 2288 rel

307 2305 505 2348 ignoranter,
532 2306 706 2349 contigerit
729 2308 891 2340 attentari.

352 2359 367 2402 g
390 2358 422 2391 9.
452 2358 523 2391 Non
552 2359 760 2392 obstantibus
779 2361 928 2394 omnibus
942 2362 1048 2395 etsin-

309 2411 392 2455 gulis
419 2412 614 2455 praemissis,
640 2423 675 2445 ac
700 2414 843 2456 praefata
868 2415 1046 2448 Innocentii

308 2466 578 2510 praedecessoris,
605 2477 753 2506 necnon,
780 2473 939 2510 quatenus
965 2480 1047 2512 opus

309 2519 360 2559 sit,
386 2520 579 2552 recolendae
605 2520 779 2553 memoriae
798 2520 842 2552 Pii
861 2521 896 2553 lv
915 2528 946 2554 et
966 2523 1011 2555 Pii
1025 2523 1048 2555 Υ

310 2572 530 2605 Romanorum
556 2572 743 2605 Pontificum
766 2573 1049 2615 pi·acdeco.¹ss01·uin

1096 297 1182 329 modi
1209 298 1326 339 gratias
1357 310 1411 331 seu
1444 301 1665 334 absolutiones
1690 312 1754 334 non
1784 313 1834 334 va-

1096 350 1162 382 lere
1188 350 1247 382 nisi
1274 352 1337 384 reis
1361 353 1543 385 constitutis
1568 354 1600 386 in
1625 355 1805 388 carceribus
1822 383 1829 395 ,

1095 408 1127 435 et
1149 403 1295 437 eiusdem
1314 405 1359 437 Pii
1377 406 1413 437 lv
1429 407 1690 449 praedecessoris
1708 410 1746 441 dc
1765 420 1832 451 gra-

1095 455 1157 495 tiis,
1178 458 1409 500 qualecumque
1435 458 1590 492 iutercssc
1610 461 1712 493 dictae
1729 474 1832 494 came-

1094 518 1146 540 rae
1161 510 1357 551 apostolicae
1371 513 1650 552 concernentibus,
1669 514 1701 545 in
1718 516 1829 547 eadem

1093 563 1221 593 camera
1251 562 1336 594 intra
1364 568 1485 596 certum
1515 570 1638 608 tempus
1670 566 1747 598 inibi
1781 578 1831 599 cx-

1093 624 1237 655 pressun]
1256 617 1510 657 praesentandis,
1532 619 1754 660 registrandis,
1777 630 1830 652 seu

1092 665 1294 700 insinuandis
1320 668 1377 710 (ita
1409 674 1442 700 ut
1471 676 1657 713 praesentes
1685 673 1830 711 litterae,

1093 719 1217 752 etiamsi
1243 720 1275 752 iu
1300 721 1367 764 ipsa
1393 725 1529 763 camera,
1548 734 1602 756 scu
1630 725 1741 767 quovis
1766 726 1829 758 alio

1092 773 1256 813 tribunali,
1275 774 1417 808 archivio
1434 781 1465 808 ct
1479 776 1550 808 loco
1566 787 1727 820 nunquam
1742 789 1832 821 prac-

1091 831 1266 866 sententur,
1291 827 1514 870 registrcntur,
1533 840 1590 861 nce
1616 829 1827 869 insimieutur,

1091 878 1302 912 nibilominus
1326 881 1453 912 valeant
1471 887 1501 913 et
1518 882 1698 923 subsistant,
1718 894 1752 915 ac
1774 884 1829 915 tibi

1091 937 1122 963 et
1148 932 1360 965 familiaribus
1386 934 1467 974 tuis,
1501 944 1581 977 quos
1608 942 1828 976 concernunt,

1090 983 1256 1027 suffragari
1282 986 1446 1029 debeant),
1467 998 1503 1019 ac
1524 988 1641 1020 nostris
1659 994 1690 1021 ct
1706 991 1830 1022 cancel-

1091 1037 1186 1070 lariae
1201 1039 1397 1080 apostolicae
1418 1040 1547 1082 regulis,
1566 1042 1756 1083 pracsertim
1775 1042 1829 1074 illa

1091 1091 1129 1123 dc
1156 1101 1220 1124 non
1247 1092 1392 1124 tollendo
1427 1092 1493 1125 iure
1527 1094 1694 1136 quaesito,
1720 1095 1828 1127 aliisve

1090 1144 1286 1186 quibuslibet
1321 1145 1527 1187 apostolicis,
1553 1158 1587 1178 ac
1619 1147 1648 1179 in
1681 1148 1828 1180 conciliis

1090 1196 1185 1228 etiam
1209 1197 1442 1230 universalibus
1474 1199 1592 1237 editis,
1624 1200 1829 1241 generalibus

1089 1250 1137 1281 vel
1163 1250 1365 1292 specialibus,
1392 1252 1686 1284 constitutionibus
1720 1258 1749 1285 ct
1777 1264 1828 1285 or-

1090 1303 1327 1343 dinationibus,
1348 1305 1474 1348 legibus
1500 1316 1627 1348 quoquc
1653 1306 1747 1338 ctiam
1773 1307 1830 1339 im-

1089 1357 1263 1399 perialibus
1282 1362 1309 1389 ct
1329 1358 1588 1401 municipalibus,
1609 1360 1733 1399 edictis,
1753 1360 1829 1392 ban-

1089 1408 1241 1442 nimentis
1267 1416 1298 1443 ct
1323 1411 1474 1451 decretis,
1500 1412 1594 1444 etiam
1620 1413 1829 1445 consistoria-

1089 1461 1171 1494 libus
1196 1468 1227 1495 et
1251 1463 1474 1504 cameralibus,
1501 1475 1536 1496 ac
1562 1465 1664 1497 dictae
1686 1464 1779 1497 L'rbis
1798 1470 1826 1497 et

1089 1526 1245 1557 camerae,
1266 1517 1375 1550 aliisve
1401 1517 1606 1560 quilmslil‘wt‚
1626 1519 1721 1550 ctiam
1744 1519 1829 1551 iura-

1089 1575 1199 1602 mento
1219 1597 1226 1609 ,
1261 1570 1511 1603 confirmatione
1538 1572 1742 1614 aqmstolica,
1778 1574 1826 1604 vel

1089 1623 1201 1665 quavis
1228 1622 1381 1655 firmitate
1407 1624 1469 1656 alia
1495 1625 1677 1664 roboratis,
1697 1626 1827 1657 statutis

1089 1685 1264 1718 corumque
1290 1677 1575 1709 reformatiouibus
1601 1683 1628 1709 ct
1657 1678 1745 1709 noris
1776 1679 1829 1710 ad-

1089 1728 1276 1769 ditionibus,
1301 1729 1400 1772 stylis‚
1426 1730 1534 1762 usibus
1561 1736 1591 1762 ct
1617 1732 1829 1763 cousuetudi-

1088 1781 1212 1821 nibus,
1250 1782 1347 1815 etiam
1380 1782 1702 1821 inunemorabililms,
1731 1785 1829 1827 priri-

1089 1834 1182 1877 lcgiis
1213 1846 1359 1878 quoque,
1390 1837 1525 1870 indultis
1556 1843 1587 1869 ct
1608 1837 1725 1870 litteris
1752 1849 1829 1880 apo-

1089 1888 1213 1920 stolicis
1250 1889 1345 1921 ctiam
1370 1889 1446 1921 fisco
1479 1896 1589 1923 nostro
1618 1896 1649 1923 ct
1684 1902 1827 1923 camerini*

1089 1941 1261 1983 praelatae,
1288 1940 1421 1984 eiusque
1448 1948 1479 1974 ct
1504 1943 1604 1975 dictae
1637 1943 1727 1975 Sedis
1759 1946 1828 1976 olli-

1089 1993 1222 2025 cialibus
1248 1999 1280 2025 et
1303 1994 1469 2034 ministris,
1495 1995 1605 2027 aliisve
1631 1996 1828 2038 spiilmslibct

1089 2046 1236 2088 personis
1254 2051 1283 2078 ct
1303 2046 1392 2086 locis,
1411 2047 1468 2079 sub
1486 2048 1741 2091 quiluiscmnquc
1761 2060 1829 2081 ver-

1089 2097 1205 2130 borum
1231 2099 1398 2131 tenoribus
1423 2105 1455 2131 et
1479 2100 1602 2139 formis,
1621 2112 1655 2132 a«-
1673 2112 1742 2132 cum
1762 2101 1828 2144 qui-

1090 2151 1194 2183 busvis
1219 2151 1314 2184 etiam
1348 2152 1628 2195 derogatoriarum
1660 2155 1829 2196 derogato-

1089 2204 1154 2243 riiS,
1179 2205 1315 2247 aliisque
1336 2205 1579 2247 efficacioribus,
1599 2208 1828 2239 efficacissimis

1090 2262 1121 2288 et
1145 2256 1281 2289 insolitis
1306 2259 1477 2299 clausulis,
1503 2270 1537 2291 ac
1574 2260 1772 2292 irritantibus
1798 2268 1829 2293 et

1090 2310 1160 2343 aliis
1185 2310 1341 2351 decretis,
1367 2312 1399 2344 in
1425 2323 1542 2355 genere
1568 2315 1616 2346 rel
1642 2314 1674 2346 in
1700 2316 1827 2357 specie,

1090 2374 1125 2396 ac
1157 2364 1235 2397 alias
1267 2365 1299 2397 in
1333 2366 1536 2399 contrarium
1577 2369 1828 2411 quomodolibet

1090 2418 1276 2459 concessis,
1296 2419 1504 2461 confirmatis,
1523 2422 1710 2464 approbatis
1736 2428 1767 2454 et
1781 2423 1829 2454 in-

1091 2471 1243 2510 novatis,
1278 2472 1397 2514 quibus
1424 2474 1575 2506 omnibus
1610 2480 1639 2506 ct
1675 2475 1827 2516 singulis,

1092 2524 1215 2556 etiamsi
1248 2535 1308 2567 sro
1342 2536 1452 2558 eorum
1489 2527 1657 2559 sufficienti
1695 2529 1830 2569 deroga-

1092 2576 1177 2609 tione
1204 2577 1242 2609 de
1269 2577 1332 2610 illis
1361 2589 1537 2621 corumque
1566 2581 1638 2611 totis
1664 2581 1828 2613 amnibus

1836 200 2030 227 An.c.1002
