2247 3208
123 225 173 252 An.
191 224 217 249 Cr
244 223 311 250 ⁴666

914 220 1103 245 ALExANDEn
1127 221 1171 245 VH
1198 221 1245 244 Pr.

312 271 494 314 expositum
511 270 579 309 suit,
596 270 659 313 ipsi
678 270 845 303 decretum
857 269 1052 309 huiusmodi,

314 335 375 368 pro
400 323 536 357 firmiori
561 323 647 356 illius
672 323 896 363 subsistentia,
924 327 1055 366 aposto-

316 378 397 411 licae
415 377 672 411 confirmationis
689 382 819 410 nostrae
835 377 953 409 robore
967 387 1055 409 com-

316 430 433 463 muniri
460 440 667 473 summopere
686 430 882 462 desiderent:
900 439 967 468 nos,
986 438 1056 471 spe-

317 484 431 517 cialem
456 483 577 516 eisdem
603 484 691 516 clero
717 488 747 515 et
773 483 892 525 populo
918 480 1054 522 gratiam

318 538 423 583 faqere
459 537 625 575 volentes,
661 540 692 567 et
728 545 840 567 eorum
877 533 1078 574 singulares³

318 600 477 633 personas
492 600 509 621 a
521 588 684 631 quibusvis
700 585 1055 625 excommunicationis,
1077 610 1079 621 ,

318 641 544 685 suspensionis
570 646 601 673 et
625 640 806 679 interdicti,
837 639 973 680 allisque
1007 648 1058 670 ec-

319 694 507 728 clesiasticis
525 692 701 732 sententiis,
724 691 873 724 censuris
884 696 915 723 et
932 690 1057 733 poenis,

320 759 336 780 a
361 747 430 779 iure
456 747 506 779 vel
531 746 570 778 ab
591 744 735 785 homine,
756 743 867 786 quavis
885 743 1057 776 occasione

320 801 370 834 vel
395 801 489 833 causa
514 799 597 838 latis,
623 798 647 830 si
675 797 791 841 quibus
813 796 1080 840 quomodolibet}

320 852 496 885 innodatae
522 852 684 890 existunt,
712 851 751 883 ad
787 848 936 882 effectum
965 860 1059 892 prae-

321 905 460 938 sentium
474 904 640 937 dumtaxat
652 903 931 946 consequendum,
943 903 1059 935 harum

320 958 404 991 serie
429 958 635 990 absolventes
660 961 690 989 et
710 957 874 988 absolutas
895 955 964 988 sore
986 966 1061 988 cen-

321 1015 438 1049 sentes,
464 1009 755 1053 supplicationibus
782 1019 894 1041 eorum
927 1009 1059 1042 nomine

320 1063 413 1095 nobis
453 1073 554 1105 super
595 1063 656 1095 hoc
696 1062 863 1094 humiliter
900 1061 1060 1105 porrectis
1081 1079 1083 1099 ρ

1437 268 1497 301 DL.

1099 338 1308 381 Confirmatio
1335 338 1453 371 decreti
1477 338 1512 370 in
1535 336 1678 380 capitulo
1695 336 1842 378 (senerali

1141 391 1400 433 conqreyatiom's
1417 390 1462 423 Ss.
1490 389 1613 421 Vitom's
1630 394 1658 422 et
1678 388 1844 431 Hidulplti

1143 443 1278 476 Ordinis
1304 443 1409 475 sancti
1435 442 1602 475 Benedicti
1622 441 1711 481 editi,
1736 441 1839 484 quod,

1143 496 1214 528 licet
1239 497 1356 538 fratres
1382 495 1460 527 laici
1483 504 1536 526 seu
1563 494 1727 526 commissi
1746 493 1844 525 nulla

1142 548 1294 580 emittant
1314 551 1388 579 vota
1405 546 1459 578 sed
1482 550 1612 578 {aizium
1630 546 1737 587 elapso
1759 545 1843 576 bien-

1142 601 1198 633 m'o
1212 599 1254 632 ad
1266 600 1479 632 stabilitatem
1492 598 1707 640 recipiantur,
1726 597 1844 629 nihilo-

1141 653 1249 685 minus
1273 656 1345 685 vota
1367 651 1536 694 simplicia
1559 649 1737 688 castitalis,
1759 659 1843 691 pau-

1141 705 1277 748 pertatis
1291 708 1319 736 et
1331 703 1529 737 obedientiae
1540 702 1682 734 emittere
1693 701 1811 733 debean
1818 705 1839 740 t,

1142 756 1302 790 servanda
1318 755 1481 800 quamdiu
1495 755 1733 798 perrizanserint
1748 754 1783 785 in
1796 754 1843 785 ed-

1144 812 1216 844 dom
1240 810 1498 854 conqresyacz'one,
1519 818 1556 840 ex
1573 817 1640 850 qua
1657 817 1676 838 a
1692 806 1839 848 superio-

1142 865 1234 897 ribus
1258 863 1378 906 eoepelle'
1392 865 1535 905 possunt,
1561 870 1627 893 non
1643 863 1750 892 cautem
1770 868 1842 901 pro-

1140 918 1217 961 prid
1240 916 1406 950 voluntale
1431 913 1591 947 discedere
1612 912 1634 945 ¹.
1665 941 1671 946 .

1296 995 1460 1024 Alexander
1479 995 1559 1028 Papa
1579 993 1647 1024 vn,

1225 1044 1259 1069 ad
1281 1044 1459 1075 perpetuam
1479 1039 1525 1066 rei
1540 1037 1723 1065 memoriam.

1735 206 1803 240 465
1848 214 1897 243 An.
1919 213 1945 242 C.
1967 215 2033 243 icoo

321 1116 478 1155 inclinati,
505 1116 672 1148 decretum
691 1115 936 1158 praeinsertum,
956 1100 1083 1163 aucto-2
1146 1113 1342 1147 Commissae
1379 1110 1472 1143 nobis
1508 1108 1642 1143 caelitus
1678 1108 1844 1151 dispensa·
1881 1112 2004 1139 Exordium.

323 1169 417 1202 ritate
455 1169 651 1212 apostolica,
679 1174 792 1201 tenore
818 1167 1058 1210 praesentium,
1080 1179 1083 1193 ι
1102 1166 1199 1200 tionis
1226 1165 1308 1198 ratio
1334 1164 1443 1206 exigit,
1463 1168 1508 1203 ut,
1528 1166 1696 1205 paternam
1716 1159 1845 1192 christi-

322 1222 539 1265 approbamus
579 1227 610 1253 et
650 1220 907 1260 confirmamus,
947 1219 1062 1262 illique
1083 1220 1244 1263 {fidelium
1284 1217 1440 1251 Altissimi
1473 1214 1635 1258 obsequiis
1665 1214 1723 1246 suh
1757 1212 1844 1245 suavi

321 1275 517 1308 inviolabilis
543 1274 741 1318 apostolicae
766 1273 929 1306 firmitatis
964 1273 1063 1305 robur
1083 1271 1085 1293 ²
1103 1271 1301 1306 monasticae
1344 1270 1427 1302 vitae
1470 1269 1547 1311 iugo
1587 1266 1845 1309 mancipatorum

323 1328 514 1368 adiicimus;
541 1329 627 1361 salva
654 1333 759 1360 tamen
778 1337 910 1369 semper
930 1326 962 1358 in
976 1336 1063 1369 prac-
1104 1336 1213 1358 curam
1239 1327 1400 1367 gerentes,
1427 1332 1511 1365 quae
1537 1321 1576 1353 ab
1598 1319 1675 1363 ipsis
1694 1317 1846 1362 prudenti

324 1381 429 1414 missis
461 1381 653 1414 auctoritate
689 1380 853 1424 praefatae
886 1389 1064 1422 congrega·
1083 1409 1086 1425 ι
1105 1378 1294 1420 salubrique
1320 1376 1450 1409 decreta
1474 1378 1655 1407 noscuntur
1682 1382 1751 1404 csse
1776 1380 1847 1403 con-

158 1500 272 1520 Decretum
287 1506 298 1518 ιι
307 1510 311 1513 ·

129 1531 203 1547 ΙῚῘΑΠΕ.

138 2185 249 2206 Contraria
259 2184 320 2206 tollit⁴

325 1434 421 1468 tionis
447 1433 671 1467 cardinalium.
1084 1430 1086 1457 ῐ

1106 1433 1189 1473 silio,
1214 1441 1277 1475 quo
1301 1431 1394 1463 firma
1417 1438 1546 1472 semper
1565 1432 1661 1470 atque
1679 1423 1847 1457 inviolabi-

369 1487 383 1530 §
407 1487 439 1520 3.
466 1487 687 1528 Decernentes
711 1486 843 1518 easdem
876 1490 1065 1528 praesentes
1085 1489 1086 1522 ἶ
1105 1485 1343 1529 liapersistant‚
1358 1481 1529 1526 apostolici
1548 1478 1735 1513 muniminis
1757 1487 1847 1521 prae-

327 1540 452 1573 iitteras
477 1549 605 1582 semper
630 1538 749 1579 firmas,
769 1538 890 1571 validas
909 1543 941 1570 et
961 1537 1066 1570 effica-
1086 1558 1087 1565 η

325 1603 378 1625 ces
403 1592 540 1626 existere
565 1596 597 1625 et
622 1592 699 1631 sore,
725 1602 865 1634 suosque
899 1576 1088 1643 plenarios}

1107 1539 1190 1573 sidio
1215 1539 1421 1571 roboremus.

1152 1593 1167 1635 ἓ
1199 1591 1229 1624 1.
1266 1590 1388 1633 Exponi
1418 1587 1581 1631 siquidem
1614 1584 1708 1618 nobis
1742 1592 1847 1626 nuper

326 1651 358 1678 et
381 1645 527 1688 integros
553 1644 683 1677 effectus
714 1644 823 1677 sortiri
849 1648 880 1676 et
908 1644 1066 1683 obtinere,
1086 1647 1089 1683 l
1109 1646 1259 1678 fecerunt
1284 1641 1395 1676 dilecti
1422 1641 1477 1673 lilii
1503 1638 1690 1683 praesidens
1716 1641 1747 1669 et
1772 1635 1849 1668 dest—

325 1709 362 1731 ac
387 1697 471 1738 illis,
498 1697 537 1730 ad
563 1708 644 1740 quos
670 1702 794 1741 spectat
832 1702 864 1730 et
894 1707 954 1740 pro
991 1702 1068 1729 tem-

327 1762 406 1794 pore
447 1751 621 1794 spectabit,
659 1750 850 1794 plenissime
877 1749 1066 1792 suffragari,

1109 1698 1231 1731 nitores
1249 1694 1382 1739 capituli
1405 1692 1565 1736 generalis
1586 1686 1849 1732 congregationis

1109 1751 1157 1784 ss.
1191 1749 1296 1783 vitoni
1333 1753 1365 1781 et
1396 1744 1552 1788 Hidulphi
1582 1742 1711 1776 Ordinis
1747 1740 1849 1773 sancti

328 1804 438 1846 sicque
468 1804 501 1836 in
534 1803 723 1847 praemissis
756 1813 815 1846 per
847 1812 1067 1845 quoscumque
1088 1792 1091 1842 i
1110 1802 1286 1843 Benedicti,
1313 1801 1398 1845 quod
1428 1800 1513 1832 circa
1544 1795 1767 1840 receptionem
1794 1794 1851 1825 sra-

328 1857 449 1889 iudices
475 1856 656 1889 ordinarios
691 1861 723 1888 et
758 1856 944 1898 delegatos,
971 1855 1091 1887 etiam·

328 1921 498 1943 causarum
526 1909 639 1953 palatii
675 1909 845 1952 apostolici
880 1907 1091 1958 auditores,⁴

329 1962 464 1996 iudicari
489 1968 520 1995 et
544 1961 670 1995 definiri
702 1962 840 2001 debere,
874 1972 910 1994 ac
943 1961 1070 1993 irritum
1090 1966 1091 1973 ¹

330 2021 362 2050 et
385 2016 490 2055 inane,
517 2016 543 2048 si
562 2025 653 2048 secus
673 2025 769 2058 super
783 2014 834 2047 his
856 2025 873 2046 a
895 2024 1070 2057 quoquam,

331 2068 442 2112 quavis
471 2068 663 2101 auctoritate
683 2094 690 2107 ,
722 2066 864 2100 scienter
894 2067 943 2099 vel
980 2065 1071 2109 igno-

331 2127 454 2161 ranter,
480 2120 653 2163 contigerit
678 2120 842 2153 attentari.

376 2174 390 2218 ἓ
415 2174 445 2206 4.
472 2174 541 2206 Non
566 2173 769 2206 obstantibus
795 2172 1000 2216 praemissis,
1036 2183 1073 2205 ac

334 2228 620 2260 constitutionibus
645 2232 678 2259 et
702 2226 963 2259 ordinationibus
996 2236 1073 2269 apo-

333 2281 476 2321 stolicis,
517 2280 699 2323 ceterisque
735 2279 906 2312 contrariis
942 2279 1074 2322 quibus-

334 2343 486 2377 cumque.

377 2386 491 2419 Datum
516 2385 653 2425 Romae,
680 2385 763 2428 apud
789 2384 819 2417 S.
850 2383 981 2416 Mariam
1012 2383 1074 2415 Ma-

334 2440 453 2479 iorem,
479 2439 537 2471 sub
570 2439 689 2470 annulo
716 2437 904 2476 piscatoris,
933 2437 984 2469 die
1009 2447 1073 2470 xvn

334 2492 402 2525 iulii
416 2501 564 2531 imctxvi,
579 2490 785 2534 pontificatus
804 2489 905 2522 nostri
918 2499 1002 2522 anno
1015 2499 1072 2523 x11.

370 2553 427 2581 Dat.
449 2553 493 2580 die
514 2554 544 2580 17
564 2553 622 2579 iulii
644 2552 721 2585 1666,
739 2559 808 2578 anno
823 2559 870 2577 x11.

446 2662 520 2690 Ball.
537 2662 619 2689 Rom.
633 2676 665 2680 —-
685 2659 744 2687 Vol.
763 2658 861 2699 XVII
1015 2656 1049 2686 59

1112 1862 1197 1889 trum
1215 1855 1371 1889 laicorum
1386 1864 1440 1886 seu
1456 1850 1702 1884 commissorum
1722 1847 1799 1879 olim
1818 1845 1849 1877 in

1112 1909 1254 1953 capitulo
1281 1906 1425 1951 generali
1452 1905 1557 1937 dictae
1589 1898 1851 1943 congregationis

1112 1964 1233 1996 editum
1266 1962 1324 1993 suit
1359 1960 1525 1993 decretum
1557 1954 1680 1988 tenoris
1714 1953 1769 1996 qui
1804 1962 1853 1984 sen

1114 2017 1230 2060 quitur,
1256 2014 1431 2047 videlicet:

1163 2082 1175 2100 <r
1190 2068 1289 2107 Quod,
1306 2066 1448 2110 quamvis
1467 2064 1499 2096 in
1515 2061 1767 2111 congregatione
1784 2058 1856 2091 Cas-

1115 2121 1245 2159 sinensi,
1271 2121 1309 2153 ad
1335 2119 1424 2152 cuius
1455 2118 1554 2150 instar
1579 2115 1663 2147 dicta
1680 2114 1727 2146 Ss.
1746 2111 1853 2144 Vitoni

1115 2180 1147 2207 et
1171 2171 1328 2214 Hidulphi
1355 2168 1563 2212 congregatio
1582 2169 1689 2197 erecta
1710 2168 1770 2202 est,
1794 2163 1856 2194 sra-

1115 2232 1178 2259 tres
1204 2223 1367 2258 commissi
1393 2233 1447 2255 seu
1480 2220 1553 2254 laici
1587 2219 1675 2251 nulla
1708 2216 1856 2249 emittant

1115 2285 1196 2319 vota,
1212 2279 1268 2312 sed
1285 2282 1407 2310 tantum
1426 2277 1536 2318 elapso
1552 2272 1685 2306 biennio
1704 2270 1743 2303 ad
1758 2268 1857 2301 stabi·

1116 2334 1239 2366 litatem
1264 2330 1463 2373 recipiantur
1482 2337 1499 2359 a
1516 2325 1737 2370 superioribus
1757 2328 1785 2355 et
1807 2332 1857 2354 sc-

1116 2385 1273 2423 nioribus,
1288 2386 1522 2424 teneanturque
1547 2377 1699 2422 quamdiu
1726 2378 1858 2408 manent

1117 2438 1149 2470 in
1187 2435 1439 2478 congregatione
1480 2442 1609 2465 servare
1647 2429 1856 2467 castitatem,

1116 2494 1340 2534 paupertatem
1371 2492 1403 2519 et
1435 2484 1655 2519 obedientiam
1692 2493 1728 2515 ex
1767 2490 1859 2524 prae-

1118 2548 1213 2585 cepto
1250 2542 1382 2583 regulae
1425 2549 1482 2572 seu
1519 2535 1777 2575 declarationis,
1820 2532 1859 2564 ad

1118 2595 1271 2628 maiorem
1296 2599 1403 2626 tamen
1430 2592 1561 2624 fratrum
1589 2594 1773 2623 nostrorum
1802 2584 1860 2618 lai-

1885 1590 2001 1617 Exponitio.
