2247 3208
1719 221 1777 252 1²27
1825 228 1872 254 An.
1889 226 1916 254 C.
1942 228 2006 255 1063

1160 275 1189 307 2.
1218 275 1439 308 Det-eruentes
1458 277 1589 308 casalem
1615 283 1807 319 praesentes
1849 289 1969 310 culusum.

1077 327 1203 361 litteras
1233 339 1365 372 semper
1390 328 1510 369 tirinas,
1538 330 1659 363 validas
1685 334 1716 362 et
1741 330 1808 362 essi-

352 380 447 421 Cum,
473 380 557 414 sicut
581 381 719 414 dilectus
744 380 828 414 tilius
853 386 1059 424 procurator,
1081 391 1174 414 caces
1208 382 1349 415 existere
1376 387 1405 414 ct
1441 383 1534 423 fore,
1562 394 1706 426 suosque
1737 385 1808 427 plc-

308 434 470 478 generalis
496 434 758 477 congregationis
778 433 962 467 Gallicanae
982 422 1059 492 fra-2
1077 433 1185 466 narios
1222 438 1254 466 et
1288 434 1436 477 integros
1474 435 1607 468 ctl'ectus
1640 436 1751 468 sortiri
1775 440 1809 469 et

307 493 391 521 trum
418 487 679 520 Rcsormatorum
703 492 961 530 nuncupatorum
987 485 1227 519 Or-obtinere
1246 512 1253 526 ,
1280 497 1316 519 ac
1340 486 1425 526 illis,
1452 487 1491 519 ad
1517 497 1598 530 quos
1624 492 1751 530 spectat
1775 493 1808 521 et

307 541 390 574 dinis
415 540 467 573 SS.
495 540 658 573 Trinitatis
683 539 918 582 redemptionis
943 521 1057 582 capti-i
1073 548 1133 581 pro
1158 543 1308 582 tempore
1327 539 1500 583 spectabit,
1523 540 1715 583 plenissime
1742 542 1808 574 sus-

305 603 417 626 vorum
443 593 537 625 nobis
561 603 663 636 nuper
688 591 804 635 exponi
824 592 908 631 fecit,
927 592 1040 625 fratres
1055 575 1057 644 τ
1073 591 1202 633 smgari,
1225 592 1337 636 sieque
1355 592 1387 625 in
1406 593 1596 637 praemissis
1625 605 1685 638 per
1709 606 1807 638 quos-

902 228 1043 251 Atlixxxb
1052 228 1088 250 ΕΡ.
1113 228 1154 251 Vll
1181 229 1227 250 PF.

502 276 668 302 Alexander
688 274 766 308 Papa
788 274 850 307 vn,
1121 276 1135 315 ξ

447 319 483 346 ad
503 319 636 346 futuram
656 319 701 346 rei
721 319 900 346 memoriam.

111 224 162 252 An.
183 226 211 251 C.
235 225 301 253 1663

136 392 187 418 Sum
198 394 216 412 lx·
226 396 277 414 atio.

303 966 555 1010 praedecessore
592 969 704 997 nostro
741 964 890 1008 specifice
924 964 1056 1011 confir-J
1114 961 1183 1005 3³3.
1214 962 1283 995 Non
1316 963 1524 996 obstantibus
1549 964 1582 996 in
1608 965 1806 998 contrarium
1890 976 2003 1000 eonii-arus

303 1024 419 1059 matae,
442 1017 592 1050 fratribus
611 1017 737 1050 clericis
762 1022 793 1050 ct
814 1017 903 1050 laicis
923 1028 1040 1061 aequa-
1071 1016 1184 1055 allatis,
1203 1028 1238 1049 ac
1257 1017 1549 1051 constitutionibus
1572 1022 1603 1050 et
1628 1018 1808 1052 ordinatio·
1822 1002 1916 1028 ‘ww'

303 1072 378 1105 liter
391 1076 608 1115 competente,
621 1071 754 1104 nulliter
768 1072 851 1104 etde
868 1072 950 1104 sacto
964 1082 1039 1114 spo·
1054 1106 1055 1118 ¹
1071 1069 1167 1101 nibus
1182 1070 1384 1112 apostolicis,
1398 1082 1537 1112 necnon,
1551 1075 1711 1115 quatenus
1723 1083 1806 1116 opus

303 1125 398 1159 liatos
423 1135 492 1157 esse
517 1124 786 1168 praetenderint,
813 1126 914 1167 eaque
940 1121 1120 1168 superfsit‚
1153 1123 1395 1166 praedictorum
1421 1123 1550 1157 Ordinis
1574 1130 1603 1157 ct
1629 1135 1807 1169 congrega-

303 1189 338 1212 re
364 1179 403 1212 ad
428 1177 633 1211 venerabiles
663 1178 776 1210 fratres
808 1182 938 1210 nostros
968 1168 1055 1210 san-i
1072 1174 1178 1215 tionis,
1204 1176 1300 1208 etiam
1322 1176 1520 1217 iuramento,
1555 1177 1805 1211 confirmatione

303 1236 374 1264 ctae
399 1231 564 1264 Romanae
590 1231 754 1263 Ecclesiae
780 1230 962 1263 cardinales
982 1242 1038 1263 ne·
1054 1227 1055 1230 ’
1071 1229 1264 1272 apostolica,
1284 1230 1334 1262 vel
1353 1231 1465 1273 (plavis
1491 1230 1643 1264 firmitate
1669 1232 1731 1265 alia
1756 1243 1808 1265 ro·

303 1285 400 1327 gotiis
425 1290 457 1317 et
482 1283 775 1317 consultationibus
811 1284 1036 1327 episcoporum
1072 1282 1194 1315 boratis
1212 1310 1219 1323 ,
1250 1283 1381 1315 statutis
1416 1288 1449 1316 et
1468 1285 1776 1318 consuetudinibus
1797 1313 1804 1326 ,

303 1344 335 1371 et
358 1338 556 1381 regularium
575 1338 777 1381 praepositos
797 1348 964 1371 recursum
983 1339 1038 1372 ha-
1071 1336 1251 1379 privilegiis
1283 1347 1428 1386 quoque,
1459 1337 1595 1370 indultis
1625 1343 1657 1370 et
1687 1339 1806 1372 litteris

301 1391 459 1432 hilerim,
493 1392 598 1424 dictus
623 1402 700 1424 vero
725 1396 918 1434 procurator
942 1402 1039 1434 gene·
1070 1389 1260 1432 apostolicis
1286 1390 1316 1422 in
1336 1390 1538 1423 contrarium
1556 1391 1807 1434 quomodolibet

301 1445 378 1478 ralis
403 1444 656 1478 controversiam
694 1444 877 1477 huiusmodi
903 1455 920 1477 a
944 1445 1037 1477 nobis
1053 1445 1055 1452 ⁸
1070 1443 1255 1483 concessis,
1276 1443 1473 1477 confirmatis
1491 1450 1519 1477 ct
1535 1445 1716 1486 innovatis,
1737 1445 1807 1489 qui-

303 1498 408 1532 dirimi
435 1508 642 1541 summopere
668 1497 852 1530 desideret:
1052 1496 1129 1529 ibus
1156 1496 1308 1529 omnibus
1335 1502 1368 1530 et
1393 1497 1545 1540 singulis,
1564 1498 1694 1531 illorum
1716 1503 1806 1532 teno-

104 1587 109 1592 ¹
139 1560 249 1581 confirmat
266 1564 287 1582 ut
346 1552 361 1595 ξ
385 1551 417 1584 1.
444 1551 516 1591 Nos,
540 1551 647 1594 ipsum
670 1556 915 1594 procuratorem
941 1533 1119 1593 gene-ires
1143 1549 1376 1592 praesentibus
1395 1560 1455 1594 pro
1473 1551 1570 1594 plene
1590 1556 1621 1583 et
1641 1551 1806 1584 sufficien-

103 1587 233 1610 ¹⁰mbr¹⁶³'
301 1607 403 1639 ralem
429 1605 580 1649 specialis
607 1605 714 1637 favore
741 1604 863 1647 gratiae
881 1605 1036 1648 prosequi
1071 1607 1120 1634 ter
1145 1604 1309 1646 expressis
1331 1594 1367 1636 'et
1390 1603 1518 1636 insertis
1544 1605 1718 1644 habentes,
1739 1605 1804 1638 illis

300 1659 460 1697 volentes,
486 1662 518 1690 et
543 1668 560 1690 a
586 1657 752 1701 quibusvis
778 1657 1038 1690 excommunica·
1069 1656 1148 1689 alias
1182 1657 1214 1689 in
1246 1667 1305 1690 suo
1337 1658 1458 1690 robore
1488 1657 1714 1701 permansuris
1731 1685 1738 1698 ,
1765 1659 1805 1691 ad

300 1711 407 1751 tionis,
437 1711 658 1754 suspensionis
683 1716 715 1744 et
738 1710 925 1749 interdicti,
952 1699 1055 1743 :111'is--'
1071 1710 1329 1754 praemissorum
1355 1710 1520 1751 effectum,
1540 1711 1601 1744 hac
1618 1710 1686 1744 vice
1713 1711 1806 1744 dum-

301 1775 364 1809 que
389 1765 619 1798 ecclesiasticis
645 1765 823 1805 sententiis,
843 1765 988 1798 censuris
1006 1770 1038 1797 et
1071 1769 1165 1805 taxat,
1195 1763 1385 1808 specialiter
1420 1769 1452 1797 et
1483 1774 1639 1807 expresse
1668 1764 1806 1807 deroga-

300 1817 439 1861 poenis,
468 1829 486 1850 a
510 1817 579 1850 iure
604 1819 655 1850 vel
681 1819 720 1850 ab
746 1818 898 1857 homine,
925 1818 1035 1862 quavis
1068 1829 1159 1857 mus,
1187 1817 1375 1861 ceterisque
1401 1817 1575 1851 contrariis
1594 1817 1806 1861 quibuscum-

301 1872 473 1903 occasione
492 1872 542 1903 vel
568 1874 666 1904 causa
682 1872 762 1911 latis,
779 1871 805 1903 si
824 1871 939 1914 quibus
958 1882 1038 1914 quo·
1070 1882 1146 1914 que.

300 1924 481 1957 modolibet
502 1925 677 1957 innodatus
696 1925 814 1965 existit,
830 1926 868 1957 ad
887 1924 1052 1957 effectum·
1112 1926 1126 1968 ξ
1158 1924 1189 1956 -4,
1216 1925 1371 1957 Volumus
1407 1929 1514 1957 autem
1548 1930 1583 1957 ut
1618 1925 1804 1958 earumdem
1820 1932 2004 1986 suntssiffimtrnu·

305 647 454 680 conversi
484 657 541 680 seu
558 646 632 680 laici
651 645 756 679 dietae
773 645 1038 688 congregationis
1055 663 1056 677 ÷

305 707 338 733 se
364 701 403 733 ab
429 710 540 733 eorum
565 698 786 742 superioribus
820 703 852 731 et
887 697 1056 736 fratribus]

305 753 527 787 sacerdotibus
579 752 725 786 eiusdem
777 744 1056 797 congregationis¹

304 817 383 840 voce
407 806 510 839 activa
534 810 566 839 et
589 805 657 838 iure
684 804 899 848 suffragandi,
926 803 1056 844 secun-J

304 861 378 892 dum
393 858 642 903 dispositionem
659 859 792 901 regulae
807 858 882 892 dicti
900 858 1037 899 Ordinis,

303 924 322 946 a
335 912 436 945 felicis
451 910 685 945 reeordationis
698 911 887 944 Innocentio
901 912 986 954 Papa
1000 911 1038 944 ΙΙΙ

300 1977 522 2020 praesentium
552 1978 716 2010 dumtaxat
747 1979 1035 2022 consequendum,

301 2030 415 2063 harum
447 2031 530 2063 serie
555 2032 764 2063 absolventes
796 2037 828 2064 et
851 2033 1035 2064 absolutum

302 2083 369 2116 sore
406 2090 578 2116 censentes
598 2111 605 2124 ,
637 2084 929 2127 supplicationibus
967 2086 1034 2119 cius

301 2137 433 2170 nomine
458 2137 552 2170 nobis
577 2148 676 2181 super
693 2138 755 2170 hoc
776 2138 945 2171 humiliter
964 2150 1034 2182 por-

301 2190 400 2223 rectis
426 2191 592 2231 inclinati,
619 2197 651 2224 et
675 2193 864 2225 eorumdem
890 2193 1036 2225 cardina-

301 2243 379 2276 lium
394 2271 401 2283 ,
427 2244 480 2287 qui
504 2255 574 2277 rem
599 2245 743 2287 partibus
769 2245 887 2278 auditis
912 2252 1035 2278 mature

302 2296 526 2330 examinarunt
550 2308 586 2330 ac
611 2298 847 2337 discusserunt,
872 2299 1009 2331 consilio
1025 2326 1053 2339 „

300 2350 452 2383 fratribus
479 2350 569 2383 laicis
606 2351 791 2384 huiusmodi
817 2362 882 2383 non
908 2351 1052 2395 connum,

299 2408 368 2436 tere
394 2403 442 2436 ius
467 2403 665 2445 suffragandi
697 2405 730 2436 in
761 2405 977 2437 electionibus
1003 2411 1036 2437 et

299 2456 544 2499 receptionibus
581 2456 800 2497 novitiorum,
841 2459 1031 2491 auctoritate

299 2509 490 2552 apostolica,
508 2515 621 2542 tenore
640 2510 869 2553 praesentium,
892 2501 1051 2545 declara-³

299 2573 370 2595 mus
395 2573 432 2595 ac
457 2562 670 2603 decernimus,
698 2569 730 2596 et
753 2563 796 2595 ita
821 2559 1052 2607 imposterum*

299 2616 420 2649 servari
444 2617 633 2650 mandamus
658 2623 690 2650 et
712 2617 942 2661 praecipimus.

1072 655 1212 689 cumque
1231 645 1356 679 iudices
1375 646 1559 679 ordinarios
1575 652 1607 679 et
1624 647 1805 690 delegatos,

1073 697 1170 730 etiam
1203 709 1376 731 causarum
1402 699 1514 742 palatii
1547 700 1720 742 apostolici
1752 711 1807 733 au-

1072 751 1210 791 ditores,
1237 751 1374 784 iudicari
1401 757 1433 784 et
1458 751 1586 785 definiri
1613 753 1748 793 debere,
1771 764 1807 786 ac

1071 802 1202 835 irritum
1230 808 1262 836 et
1292 803 1390 836 inane
1416 805 1442 836 si
1468 815 1562 837 secus
1588 816 1689 848 super
1714 806 1764 838 liis
1789 817 1806 840 a

1072 857 1394 899 quoquani,.quavis
1420 857 1636 897 auctoritate,
1663 858 1807 891 scienter

1070 909 1121 941 vel
1158 909 1363 951 ignoranter,
1390 910 1568 952 contigerit
1592 911 1759 943 attentari.

1069 1977 1288 2021 praesentium
1336 1978 1516 2010 litterarum
1564 1978 1776 2021 transumptis
1795 2005 1802 2018 ,

1069 2032 1165 2064 etiam
1190 2032 1373 2075 impressis,
1403 2042 1500 2064 manu
1526 2031 1660 2065 alicuius
1687 2032 1804 2065 notarii

1069 2085 1191 2128 publici
1217 2085 1427 2128 subscriptis,
1454 2090 1486 2118 ct
1510 2085 1618 2128 sigillo
1644 2095 1805 2129 personae

1067 2139 1100 2170 in
1118 2138 1338 2170 ecclesiastica
1355 2138 1509 2181 dignitate
1528 2138 1723 2171 constitutae
1737 2149 1806 2171 mu-

1050 2186 1051 2191 *
1069 2192 1278 2230 iiitis,cade1n
1293 2191 1371 2224 fides
1385 2192 1417 2223 in
1432 2191 1551 2224 iudicio
1567 2196 1599 2224 et
1613 2197 1700 2225 extra
1713 2192 1806 2225 adhi-

1068 2247 1196 2285 beatur,
1217 2256 1297 2289 quae
1316 2246 1544 2288 praesentibus
1570 2245 1649 2289 ipsis
1670 2245 1805 2279 adhibe-

1068 2305 1167 2337 retur,
1194 2298 1219 2331 si
1247 2300 1353 2331 forent
1377 2299 1539 2331 exhibitae
1566 2300 1615 2331 vel
1641 2303 1802 2332 ostensae.

1113 2352 1224 2384 Datum
1250 2352 1379 2393 Romae,
1399 2352 1483 2395 apud
1508 2351 1538 2384 S.
1559 2352 1689 2385 Mariam
1709 2352 1805 2385 Maio-

1070 2416 1153 2443 rem,
1189 2406 1247 2437 sub
1279 2406 1398 2438 annulo
1424 2405 1617 2446 piscatoris,
1644 2405 1695 2438 die
1720 2417 1737 2439 x
1763 2406 1805 2438 se-

1068 2459 1191 2492 bruarii
1217 2469 1369 2499 nnetxin,
1389 2458 1596 2503 pontificatus
1621 2460 1723 2493 nostri
1749 2470 1805 2492 an-

1068 2524 1110 2545 no
1136 2524 1204 2546 x'111.

1104 2575 1161 2601 Dat.
1178 2574 1221 2601 die
1241 2575 1271 2602 tO
1286 2574 1413 2601 februarii
1434 2574 1509 2609 1663,
1525 2575 1620 2611 pontis.
1637 2583 1706 2602 anno
1729 2580 1784 2602 vm.
