2247 3208
219 273 271 300 An.
289 273 316 299 e.
340 272 406 299 ¹669
453 261 516 296 818
995 267 1172 291 Bt'LLAfflUM
1197 265 1348 291 Rom-*Nm
1936 274 1986 302 An.
2007 276 2037 303 c.
2058 276 2124 302 1669

245 334 300 354 Vota
310 333 402 354 catechi-

458 320 472 364 ἓ
512 319 543 352 4.
586 318 632 351 Ad
676 317 757 350 haec
799 315 907 360 quoad
950 319 1023 348 vota
1065 320 1149 347 cate·
1192 319 1317 358 spectet
1332 313 1498 348 verificare
1524 321 1555 349 et
1581 317 1745 360 publicare
1765 331 1929 364 quascuffi.

219 363 590 411 isstt¹¹830¹155lii-:histarum
615 370 784 403 statuimus
808 368 928 413 pariter
959 373 989 401 et
1021 368 1150 401 ordina·
1193 378 1256 410 que
1280 367 1404 400 litteras
1429 369 1627 412 apostolicas
1643 397 1650 411 ,
1676 373 1926 408 constitution&

218 416 483 465 ‘r'iffissmapss'sissmus
519 430 628 457 votum
665 423 870 456 obedientiae
905 432 967 465 quo
1000 420 1149 454 nonnulli
1194 425 1226 453 et
1261 421 1419 464 rescripta
1458 421 1675 456 Romanorum
1711 425 1927 467 Pontificum,

252 1704 310 1724 Aliae
321 1702 408 1723 vicaric-

228 1734 270 1750 *1im
282 1729 408 1753 apostolico-

226 1762 271 1778 runi
290 1756 408 1776 sac-uttam&

219 467 313 486 mmm'
411 479 576 520 regulares
602 488 657 509 eos
683 476 892 518 obstringunt
927 475 1049 507 eisdem
1083 484 1149 506 non

412 531 570 574 impedire
596 530 643 562 sui
670 528 766 561 officii
796 527 983 561 exercitium
1016 527 1075 560 sub
1104 527 1150 559 di-

411 583 556 617 rectione
594 582 752 616 dictorum
784 580 973 614 vicariorum
999 579 1151 623 apostoli-

413 647 525 669 corum
562 645 742 678 eorumque
779 634 1056 677 provicariorum,
1092 643 1151 664 nec

413 689 500 722 istud
525 688 676 731 impediri
701 697 796 731 posse
815 698 833 719 a
848 686 1055 728 regularibus
1077 689 1152 717 tam·

414 752 510 786 quam
537 742 583 774 eis
614 741 723 784 vigore
752 740 827 773 dicti
859 740 923 772 voti
956 738 1150 771 catechistae

414 795 601 829 omnimode
621 794 740 827 subditi
762 794 844 833 sint,
879 793 1025 836 quinimo
1042 797 1151 824 votum

414 848 602 882 huiusmodi
627 847 660 880 in
685 847 746 880 hac
772 845 1006 879 circumstantia
1027 846 1150 878 nullum

415 912 483 935 esse
521 901 735 933 declaramus.
772 900 923 932 Volentes
962 899 1000 931 ab
1038 898 1151 930 iisdem

413 954 539 987 vicariis
558 953 745 997 apostolicis
764 962 862 995 posse
881 952 984 984 dictos
1010 950 1152 983 catechi-

415 1012 479 1040 stas
509 1006 659 1049 compelli
692 1010 726 1037 ut
751 1005 808 1037 sub
836 1015 945 1037 eorum
972 1003 1151 1036 directione

416 1065 449 1093 et
467 1059 685 1103 dependentia
705 1069 760 1090 sua
780 1059 888 1091 munia
914 1061 1097 1090 exerceant.
1116 1056 1154 1088 Et

415 1118 575 1156 quatenus
602 1114 767 1154 regulares
800 1112 838 1144 de
869 1111 950 1143 sacto
976 1109 1154 1152 adstringe-

414 1171 489 1200 rent
513 1166 707 1198 catechistas
733 1166 771 1197 ad
791 1164 907 1197 similia
931 1169 1004 1196 vota
1026 1168 1057 1195 et
1074 1162 1152 1196 alias

417 1219 655 1261 obligationes,
683 1218 800 1261 quibus
825 1227 842 1249 a
865 1216 992 1249 vicariis
1025 1220 1154 1259 aposto-

415 1271 484 1305 licis
510 1271 767 1313 independentes
797 1274 1026 1309 remanerent,
1061 1279 1153 1311 posse

417 1325 548 1356 eosdem
575 1323 712 1355 vicarios
738 1322 932 1365 apostolicos
958 1320 1087 1364 publica
1112 1320 1154 1352 si-

417 1375 625 1418 gnificatione
651 1374 856 1407 manifestare
873 1373 1089 1416 regularibus,
1109 1378 1155 1405 at-

418 1438 480 1472 que
505 1428 555 1460 his
580 1428 738 1467 intimare,
764 1432 799 1459 ut
816 1427 998 1459 abstineant
1024 1426 1061 1458 ab
1081 1435 1151 1465 usu,

417 1491 473 1514 seu
500 1481 604 1513 verius
630 1480 742 1520 abusu,
763 1480 955 1512 catechistas
983 1483 1056 1511 voto
1082 1478 1155 1510 obe-

419 1534 561 1567 dientiae
588 1544 664 1576 erga
689 1543 721 1565 se
749 1533 835 1575 ipsos
871 1531 1024 1575 privative
1051 1530 1154 1573 quoad

418 1586 555 1619 vicarios
589 1597 606 1618 a
643 1585 723 1618 Sede
762 1584 948 1627 Apostoliczi
984 1584 1155 1626 deputatos

419 1638 658 1682 obstringendi.

463 1694 478 1736 g
503 1692 534 1725 5.
562 1692 697 1735 Insuper
722 1693 868 1724 volumus
894 1695 929 1723 ut
953 1690 991 1723 ad
1022 1690 1156 1722 vicarios

421 1745 615 1789 apostolicos
650 1745 733 1777 intra
762 1743 841 1776 fines
868 1753 999 1776 suorum
1030 1742 1157 1775 vicaria-

420 1804 510 1831 tuum
536 1798 710 1841 praecipue
729 1802 861 1840 spectet,
880 1796 1017 1828 maxime
1036 1795 1068 1828 in
1086 1805 1157 1828 con-

421 1862 517 1883 cursu
554 1849 772 1889 visitationis,
810 1860 846 1881 ea
882 1849 1044 1891 inspicere
1077 1858 1157 1891 quae

421 1909 566 1947 spectant
584 1903 621 1935 ad
641 1903 747 1942 tidem,
763 1903 868 1935 bonos
884 1912 990 1934 mores
1008 1906 1040 1933 et
1056 1900 1158 1933 admi-

420 1957 646 1991 nistrationem
677 1960 953 1988 sacramentorum
982 1953 1157 1997 baptismi,

420 2009 617 2043 matrimonii
648 2014 678 2041 et
707 2007 844 2041 aliorum
871 2008 911 2040 ad
932 2008 1052 2040 cultum
1081 1998 1159 2039 div‘i-

421 2073 509 2101 num,
525 2062 563 2095 ad
589 2072 703 2105 preces
730 2061 884 2104 publicas,
912 2060 951 2093 ad
982 2059 1158 2102 imaginum

422 2115 701 2159 reliquiarumque
727 2115 860 2154 cultum;
887 2118 1051 2156 competat
1082 2123 1160 2156 quo-

423 2180 486 2213 que
523 2168 617 2202 dictis
649 2168 775 2201 vicariis
807 2166 991 2211 apostolicis
1025 2166 1160 2199 facultas

425 2233 525 2265 super
567 2222 658 2255 novis
697 2221 857 2254 miraculis
897 2224 926 2253 et
968 2219 1160 2263 martyribus

425 2286 612 2320 processum
625 2274 828 2314 instituendi,
848 2278 878 2306 et
896 2273 934 2306 ad
951 2278 1160 2306 memoratam

426 2328 638 2360 cardinalium
676 2326 962 2369 congregationem
998 2325 1162 2358 transmit-

427 2380 514 2414 tendi
535 2407 541 2419 ‚
566 2390 694 2412 necnon
720 2380 806 2412 circa
831 2378 1092 2412 observationem
1117 2379 1162 2410 se-

384 2437 386 2439 '
427 2439 549 2467 storum
573 2434 756 2476 rituumque
783 2433 1075 2466 ecclesiasticorum
1098 2437 1161 2464 sta-

426 2486 540 2518 tuendi
565 2496 784 2529 quaecumque
816 2486 1053 2529 opportuniora
1075 2484 1162 2517 vide-

425 2540 556 2577 buntur,
583 2538 760 2570 secundum
787 2539 917 2571 decreta
941 2538 1161 2570 Romanorum

427 2591 619 2625 Pontificum
648 2591 859 2634 locorumque
890 2591 1159 2624 circumstantias.

434 2646 473 2679 Ac
490 2645 528 2677 ad
547 2645 676 2677 eosdem
702 2644 836 2676 vicarios
861 2644 1053 2687 apostolicos
1067 2644 1162 2676 etiam

1193 484 1275 517 quae
1300 475 1446 507 locorum
1471 475 1649 509 Ordinariis
1677 478 1771 520 dirigi
1796 481 1927 520 solent,

1194 526 1332 559 iubilaea
1353 537 1491 570 quoque,
1510 528 1736 571 indulgentias,
1756 542 1928 567 sacrarum·

1194 589 1255 622 que
1270 580 1555 622 congregationum
1573 582 1808 616 ordinationes.
1831 585 1928 619 Porro

1193 632 1367 675 unicuique
1382 638 1634 666 memoratorum
1648 635 1873 679 episcoporum
1889 639 1929 671 vi-

1195 684 1355 717 cariorum
1380 686 1637 728 apostolicorum
1661 698 1716 720 sex
1733 691 1879 723 notarios
1898 702 1930 724 a-

1194 738 1371 780 postolicos
1386 739 1516 772 creandi
1538 746 1568 772 et
1589 740 1778 775 instituendi
1796 743 1928 777 faculta-

1195 795 1269 831 tem,
1296 791 1382 824 dicta
1405 792 1607 832 auctoritate,
1626 794 1740 828 harum
1759 796 1851 837 serie,
1874 798 1930 830 tri-

1194 842 1322 877 buimus
1337 850 1369 877 et
1382 845 1598 888 impertimur.
1614 847 1764 881 Ceterum
1787 850 1844 883 has
1866 861 1929 884 om-

1196 907 1252 929 nes
1279 897 1447 931 facultates
1472 899 1564 932 dictis
1588 900 1717 933 vicariis
1743 903 1931 945 apostolicis

1195 949 1239 982 ita
1263 950 1440 993 elargimur
1465 957 1497 984 et
1520 954 1728 987 concedimus
1748 982 1755 995 ,
1782 961 1817 988 ut
1841 962 1931 989 extra

1196 1013 1309 1035 eorum
1334 1004 1453 1037 limites
1479 1016 1649 1039 excurrere
1665 1007 1742 1050 ipsis
1760 1009 1851 1041 nullo
1869 1019 1933 1042 mo-

1197 1055 1236 1087 do
1261 1055 1367 1096 liceat,
1387 1057 1472 1099 quod
1489 1057 1620 1100 quidem
1639 1059 1771 1092 omnino
1789 1066 1933 1093 vetamus

1196 1112 1227 1140 et
1250 1109 1485 1151 prohibemus:
1511 1112 1596 1144 salva
1627 1122 1757 1154 semper
1781 1112 1813 1145 in
1839 1123 1934 1156 prae-

1196 1160 1303 1193 missis
1329 1162 1523 1194 auctoritate
1559 1164 1723 1205 praefatae
1757 1175 1933 1208 congrega-

1198 1214 1291 1246 t'onis
1309 1214 1520 1248 cardinalium
1538 1216 1678 1258 negotiis
1701 1217 1931 1261 Propagandac

1197 1266 1285 1299 Fidei
1311 1268 1584 1310 praepositorum.

1241 1319 1255 1362 g
1279 1319 1310 1352 6.
1338 1320 1523 1353 Mandantes
1543 1327 1730 1365 propterea,
1758 1322 1791 1355 in
1815 1323 1932 1356 virtute
1970 1334 2055 1355 Poenae
2079 1340 2127 1354 120„-

1197 1379 1324 1406 sanctae
1351 1373 1554 1407 obedientiae
1574 1386 1609 1407 ac
1626 1376 1684 1408 sub
1699 1363 1984 1418 indignationis&
2005 1361 2127 1381 'mmmm'

1198 1431 1326 1459 nostrae
1352 1426 1487 1469 aliisque
1512 1432 1624 1460 nostro
1655 1438 1710 1460 seu
1737 1428 1840 1461 dictae
1867 1439 1935 1461 car-
2120 1446 2133 1457 ·

1198 1478 1354 1511 diualium
1378 1480 1640 1522 congregationis
1672 1480 1804 1514 arbitrio
1829 1481 1935 1524 impo-
2123 1482 2130 1487 '

1198 1532 1313 1564 nendis
1331 1533 1453 1575 poenis,
1475 1532 1623 1565 omnibus
1641 1539 1672 1566 et
1688 1533 1824 1576 singulis
1842 1545 1937 1577 regu-

1199 1583 1320 1617 laribus
1345 1585 1530 1627 praedictis,
1551 1586 1659 1618 aliisve
1678 1586 1881 1629 quibuslibet
1897 1588 1936 1620 ad

1200 1647 1279 1679 quos
1317 1642 1442 1680 spectat
1478 1642 1510 1670 et
1546 1648 1605 1680 pro
1643 1643 1791 1681 tempore
1821 1639 1936 1682 quovis

1200 1689 1297 1722 modo
1323 1690 1502 1732 spectabit,
1530 1696 1563 1722 ut
1596 1691 1706 1723 onmia
1742 1696 1773 1724 et
1808 1691 1937 1733 singula

1200 1743 1379 1789 praemissa
1415 1749 1524 1776 exacte
1539 1771 1546 1784 ‚
1580 1744 1812 1777 inviolabiliter
1835 1750 1866 1777 et
1890 1745 1938 1777 in-

1201 1807 1354 1829 concusse
1381 1797 1556 1830 observent
1580 1802 1611 1830 et
1636 1798 1857 1841 adimpleant;

1244 1850 1258 1892 g
1284 1850 1314 1882 7.
1344 1851 1387 1882 Ac
1408 1850 1617 1883 decernentes
1643 1851 1773 1884 easdem
1789 1861 1936 1895 praesen·
1959 1860 2086 1890 *nocrotum
2102 1858 2130 1880 ir·

1201 1907 1248 1935 tes
1273 1903 1395 1935 litteras
1426 1902 1553 1943 firmas,
1581 1904 1702 1937 validas
1727 1909 1758 1936 et
1793 1904 1937 1937 efficaces
1948 1889 2020 1907 ‘'¹²³⁰‘'

1202 1956 1339 1989 existere
1374 1961 1407 1989 et
1438 1957 1521 1997 fore,
1548 1967 1689 2000 suosque
1715 1952 1880 2000 plenarios
1906 1963 1938 1990 et

1202 2009 1354 2051 integros,
1381 2007 1511 2042 effectus
1532 2010 1639 2042 sortiri
1664 2015 1696 2042 et
1721 2010 1882 2049 obtinere,
1901 2020 1938 2043 ac

1202 2061 1387 2094 memoratis
1409 2061 1535 2094 vicariis
1563 2062 1750 2105 apostolicis
1777 2062 1810 2094 in
1834 2062 1937 2095 omni-

1203 2116 1260 2147 bus
1286 2119 1318 2146 et
1340 2125 1399 2157 per
1424 2115 1532 2147 omnia
1548 2115 1735 2157 plenissime
1753 2114 1935 2156 suffragari,

1203 2167 1312 2210 sicque
1349 2167 1381 2200 in
1418 2167 1603 2210 praemissis
1630 2178 1688 2210 per
1713 2177 1938 2210 quoscumque

1204 2220 1326 2253 iudices
1357 2220 1537 2254 ordinarios
1563 2226 1595 2253 et
1619 2220 1785 2262 delegatos
1801 2246 1808 2260 ‚
1843 2219 1940 2253 etiam

1204 2284 1372 2306 causarum
1411 2273 1523 2317 palatii
1558 2274 1726 2318 apostolici
1758 2274 1939 2315 auditores,

1204 2326 1340 2359 iudicari
1371 2331 1402 2359 et
1435 2325 1560 2359 definiri
1593 2326 1723 2366 debere,
1752 2336 1787 2359 ac
1813 2325 1940 2358 irritum

1205 2384 1236 2412 et
1261 2379 1355 2411 inane
1382 2379 1407 2411 si
1433 2389 1523 2411 secus
1541 2389 1637 2422 super
1664 2378 1714 2411 his
1731 2389 1748 2410 a
1765 2389 1937 2422 quoquam,

1204 2432 1314 2475 quavis
1340 2431 1540 2471 auctoritate,
1566 2431 1704 2464 scienter
1721 2433 1770 2465 vel
1787 2431 1939 2473 ignoran-

1204 2489 1261 2524 ter,
1288 2484 1463 2527 contigerit
1487 2484 1652 2517 attentari.

1248 2537 1262 2580 ἓ
1287 2536 1318 2569 8.
1345 2536 1414 2569 Non
1439 2536 1641 2569 obstantibus
1672 2534 1872 2580 apostolicis,
1905 2546 1940 2569 ac
1971 2542 2087 2564 Contrariis
2099 2542 2136 2564 do·

1205 2590 1236 2622 in
1278 2589 1515 2623 universalibus
1558 2589 1874 2632 provincialibusque
1909 2572 2017 2622 etmm‘

1205 2643 1409 2687 synodalibus
1435 2642 1579 2675 conciliis
1605 2641 1710 2683 editis,
1734 2642 1939 2684 generalibus
