2247 3208
100 271 150 295 An.
172 268 199 294 C.
220 267 285 294 tGGO

921 264 1064 288 creans
1088 265 1118 288 ix
1143 265 1190 288 Pl‘.
1703 252 1765 286 817
1812 263 1864 288 An.
1883 261 1910 286 c.
1930 259 1999 287 1669

292 314 419 354 siones,
447 319 477 346 et
501 314 676 346 schismata
701 314 733 346 in
759 313 953 346 christianae
980 323 1029 345 re·

292 366 421 410 ligionis
455 366 687 400 detrimentum
719 373 813 410 atque
850 365 1028 410 perniciem

293 425 464 462 eruptura,
492 419 554 451 nisi
579 419 643 452 illis
674 425 797 452 mature
823 423 1026 458 occurratur,

293 473 332 504 de
358 478 607 506 memoratorum
633 472 847 504 cardinalium
872 470 1026 510 consilio,

293 524 482 559 auctoritate
515 525 712 568 apostolica,
740 531 850 557 tenore
876 533 1029 567 praesen-

295 577 395 617 tium,
434 577 639 610 decernimus
685 576 852 609 statuimus
877 581 909 607 et
943 574 1030 607 ordi-

295 640 408 662 namus
434 630 521 672 quod
554 629 711 672 praedicti
745 628 887 671 episcopi
921 627 1029 659 vicarii

295 682 465 725 apostolici
497 683 537 715 ab
569 682 719 716 omnibus
751 687 783 714 et
815 681 950 723 singulis
980 691 1030 713 re-

296 735 419 778 ligiosis
458 735 629 767 cuiuslibet
664 734 812 774 Ordinis,
852 744 1031 776 congrega-

296 787 393 821 tionis
418 794 447 820 et
474 787 623 826 instituti,
641 787 737 819 etiam
759 786 926 819 Societatis
950 786 1029 825 Iesu,

295 840 329 872 in
353 839 518 883 praedicta
542 849 643 882 regna
668 845 699 871 et
724 839 904 882 provincias
927 839 990 871 sive
1015 849 1031 871 a

295 893 359 925 suis
385 892 627 925 successoribus
653 892 740 925 missi
766 892 830 924 sint
850 891 914 924 sive
940 902 956 924 a
978 901 1033 924 no-

295 945 345 978 bis
371 950 425 977 aut
449 946 700 987 congregatione
727 945 918 978 eorumden]
935 944 1032 977 cardi-

296 998 418 1031 nalium
438 999 622 1042 specialiter
640 999 793 1042 deputati,
813 998 941 1041 exigere
958 1008 1032 1040 pos-

296 1051 359 1084 sint
388 1057 419 1084 et
452 1052 589 1084 debeant
626 1057 661 1084 ut
692 1063 766 1084 suas
798 1057 944 1095 patentes
977 1061 1033 1083 seu

297 1105 375 1138 alias
400 1115 616 1148 quascumque
643 1115 756 1137 eorum
781 1104 954 1145 missionis,
980 1104 1034 1136 de-

297 1157 492 1197 stinationis,
509 1157 748 1190 constitutionis
767 1162 797 1189 ct
815 1155 1034 1199 deputationis

298 1211 419 1243 litteras
445 1210 630 1250 exhibeant,
651 1210 755 1253 iisque
774 1209 828 1252 qui
853 1209 923 1241 illas
945 1208 1035 1241 exhi-

297 1263 374 1296 bere
400 1262 630 1301 recusaverint,
649 1268 808 1305 tamquam
834 1261 924 1294 Sedis
950 1262 1035 1303 Apo-

298 1316 430 1349 stolicae
450 1316 600 1358 delegati,
619 1316 793 1359 prohibere
812 1325 850 1347 ne
866 1315 1034 1347 facultates

298 1368 357 1401 sibi
394 1379 453 1411 per
483 1368 605 1401 litteras
643 1367 830 1400 huiusmodi
867 1377 1057 1409 concessas

299 1427 492 1461 exerceant;
528 1420 653 1464 ipsique
679 1422 847 1463 regulares
872 1412 1059 1454 licentiam?

299 1473 471 1507 exercendi
496 1484 569 1506 suas
596 1474 762 1506 facultates
778 1478 890 1516 petere
909 1478 1037 1505 tenean-
1056 1483 1058 1514 t

299 1533 350 1559 tur
375 1528 414 1559 ab
439 1526 553 1559 iisdem
580 1527 740 1570 episcopis
764 1526 890 1559 vicariis
908 1515 1059 1569 aposto-⁴

299 1579 392 1620 licis,
420 1590 515 1623 quam
540 1579 595 1611 isti
620 1580 780 1621 denegare
807 1589 872 1611 non
899 1578 1038 1611 debeant

301 1632 362 1665 nisi
387 1633 419 1665 in
444 1643 519 1665 casu
545 1633 650 1675 gravis
687 1642 802 1665 causae
834 1632 936 1665 dictae
962 1642 1038 1663 con-

301 1685 484 1727 gregationi
502 1685 714 1718 cardinalium
737 1684 1035 1718 communicandae.

299 1737 401 1771 Porro
426 1738 504 1770 dicti
529 1739 706 1780 regulares,
728 1739 760 1770 in
781 1738 909 1784 defectu
934 1748 1039 1769 sacer-

301 1791 415 1823 dotum
432 1790 638 1828 secularium,
652 1801 717 1823 non
736 1791 840 1823 solum
857 1791 948 1823 titulo
966 1790 1040 1822 cha-

300 1843 421 1883 ritatis,
446 1843 501 1876 sed
527 1843 622 1876 etiam
648 1843 809 1882 iustitiae,
836 1853 945 1875 curam
975 1843 1040 1874 ani-

301 1906 426 1929 marum
452 1901 625 1928 teneantur
642 1906 804 1936 exercere,
824 1901 863 1936 et,
883 1902 1040 1939 quatenu<
1060 1901 1061 1912 ¹

301 1949 333 1982 id
359 1949 464 1981 facere
489 1954 651 1988 recusent,
671 1960 688 1981 a
705 1948 830 1981 vicariis
853 1949 1040 1992 apostolicis

302 2003 342 2035 ad
362 2003 425 2034 tale
449 2012 567 2034 munus
592 2002 778 2034 obeundum
802 2001 871 2044 cogi
904 2002 1038 2045 possint.

302 2054 573 2097 Quotiescumque
590 2065 667 2087 vero
687 2056 854 2097 regulares
870 2055 927 2087 sub
950 2055 1040 2088 titulo

301 2107 582 2141 missionariorum
614 2118 722 2140 curam
748 2107 928 2140 animarum
953 2117 1042 2139 exer-

302 2160 421 2193 cebunt
438 2186 446 2200 ‚
473 2160 593 2192 subditi
626 2160 690 2192 sint
718 2161 824 2203 quoad
857 2159 1041 2192 functiones

302 2213 509 2256 parochiales
534 2212 710 2245 visitationi
729 2218 762 2245 et
785 2212 980 2245 correctioni
998 2212 1043 2244 vi-

303 2265 465 2298 cariorum
491 2266 755 2308 apostolicorum,
775 2271 827 2298 aut
852 2265 1043 2309 prov-icario-

303 2329 375 2352 rum
396 2319 594 2358 eorumdem,
613 2318 700 2350 iuxta
715 2319 980 2351 constitutionem
998 2329 1044 2351 re·
1062 2319 1065 2325 '

305 2371 462 2405 colendae
486 2371 660 2404 memoriae
685 2371 836 2414 Gregorii
860 2372 964 2415 Papae
992 2372 1043 2404 XV

304 2424 568 2467 praedecessoris
593 2424 714 2467 pariter
737 2425 862 2465 nostri,
889 2435 971 2468 quae
997 2424 1065 2457 in-›

304 2477 420 2521 incipit
454 2477 671 2510 Iit-scrutabili
712 2477 773 2509 Dei
811 2477 1018 2520 providentia
1033 2504 1041 2517 ,

306 2535 368 2563 etc.
390 2556 398 2571 ,
441 2539 525 2562 anno
573 2529 806 2563 incarnationis
857 2530 1042 2562 Dominicae
1064 2524 1067 2546 ¹

305 2593 455 2624 nncxxn,
486 2583 581 2616 nonis
616 2583 768 2631 februarii
804 2582 945 2623 editam,
982 2594 1067 2636 nec¹

304 2636 374 2669 sine
398 2636 529 2669 licentia
552 2637 741 2669 eorumdem
760 2636 951 2670 vicariorum
968 2647 1044 2680 apo·
1063 2650 1068 2681 3

394 2700 473 2728 Bau.
491 2700 574 2727 Rom.
595 2714 629 2719 —
655 2700 714 2726 Vol.
735 2700 826 2727 XVII.
974 2699 1023 2726 103

1071 312 1268 351 stolicorum,
1301 317 1333 345 et
1364 313 1465 345 multo
1490 312 1594 345 minus
1619 316 1731 344 contra
1757 322 1810 344 eo-

1072 375 1142 397 rum
1168 366 1373 405 voluntatem,
1390 365 1487 399 liceat
1503 364 1705 407 regularibus
1723 364 1811 397 aedi-

1071 417 1168 450 ficare
1195 423 1226 450 et.
1249 419 1377 460 aperire
1404 418 1556 451 ecclesias
1580 418 1612 450 in
1638 418 1724 450 ‘locis
1756 417 1811 450 ubi

1071 469 1133 512 ipsi
1159 471 1208 502 vel
1234 471 1287 503 alii
1306 470 1499 503 missionarii
1526 469 1656 503 alterius
1682 469 1810 502 Ordinis

1074 533 1131 554 seu
1157 523 1338 566 presbyteri
1363 524 1526 556 seculares
1558 523 1707 555 similiter
1734 522 1811 554 mis-

1073 574 1206 607 sionarii
1225 576 1377 608 ecclesias
1395 576 1533 615 habent,
1554 576 1608 608 ubi
1625 586 1698 609 vero
1719 586 1812 619 aper-

1074 632 1123 659 tae
1148 636 1212 659 non
1238 627 1316 666 sint,
1343 627 1467 670 possint
1493 628 1531 660 ad
1557 628 1689 660 formam
1713 628 1812 671 priri-

1073 679 1234 722 legiorum
1260 685 1291 712 et
1313 680 1500 713 facultatum
1530 681 1608 723 ipsis
1643 691 1812 713 concessa-

1074 743 1157 765 rum.

1119 785 1133 828 ἓ
1150 784 1182 818 3.
1200 784 1277 818 Cum
1291 790 1408 825 autem,
1423 796 1499 828 prae
1513 786 1717 819 multitudine
1736 794 2006 831 neo-*AQuVamwuthv

1075 838 1249 881 phytorum
1275 838 1307 870 in
1331 840 1395 870 una
1412 839 1577 882 provincia
1597 845 1650 871 aut
1670 826 1962 882 civitate,{¹13³1i'3ii‘2rut-'i¹
1978 825 2007 865 ’(Ῐῖ

1074 892 1123 924 rel
1159 890 1420 934 provinciarun1¹
1457 892 1689 934 amplitudine,
1729 878 2003 924 11nusssi¹0si¹.‡2¹iii'm.⁴⁹⁰‘

1076 948 1131 976 aut
1156 944 1238 976 alter
1274 944 1327 987 qui
1353 945 1398 976 eis
1434 950 1589 987 praesunt
1618 944 1813 977 missionarii

1075 1007 1141 1030 uon
1166 996 1338 1037 sufficiunt,
1358 997 1477 1040 aliique
1507 1002 1687 1040 suppetunt
1710 1008 1813 1030 sacer-

1076 1050 1166 1083 dotes
1191 1051 1355 1083 seculares
1380 1056 1433 1082 aut
1457 1050 1612 1092 religiosi,
1639 1050 1713 1083 licet
1737 1051 1814 1083 alte-

1076 1103 1141 1135 rius
1165 1101 1314 1141 Ordinis,
1341 1113 1478 1145 quorum
1505 1108 1610 1135 tamen
1636 1103 1813 1135 subsidium

1076 1155 1196 1189 necilli
1212 1162 1384 1198 quaerunt,
1401 1166 1460 1189 nec
1477 1156 1623 1189 oblatum
1637 1156 1812 1199 recipiunt,

1077 1214 1160 1248 tunc,
1187 1209 1297 1242 habito
1324 1209 1485 1242 dumtaxat
1504 1214 1655 1252 respectu
1673 1209 1711 1241 ad
1728 1209 1815 1242 chri-

1077 1262 1257 1295 stianorum
1290 1263 1533 1302 necessitatem,
1560 1263 1684 1306 possint
1707 1268 1739 1295 et
1759 1263 1815 1296 de-

1077 1315 1175 1348 beant
1194 1315 1301 1348 vicarii
1327 1316 1495 1358 apostolici
1520 1315 1678 1358 praedicti
1704 1326 1816 1358 opera-

1079 1367 1144 1400 rios
1180 1368 1415 1410 multiplicare,
1441 1368 1613 1411 parochias
1647 1368 1789 1400 dividere
1807 1395 1823 1408 ‚,

1079 1421 1204 1464 aliaque
1229 1421 1386 1453 eiusmodi
1417 1422 1520 1453 facere
1548 1421 1635 1453 iuxta
1660 1421 1817 1463 praescri-

1078 1479 1132 1516 pta
1157 1485 1174 1505 a
1198 1474 1297 1506 sacris
1322 1474 1499 1506 canonibus
1525 1479 1555 1506 et
1589 1473 1724 1506 Concilii
1750 1473 1818 1505 Tri-

1080 1526 1202 1560 dentini
1229 1526 1379 1559 decretis.
1413 1526 1544 1558 Possint
1568 1537 1695 1569 quoque
1719 1526 1818 1559 iidem

1078 1580 1189 1613 vicarii
1215 1579 1384 1622 apostolici
1419 1580 1547 1622 exigere
1573 1590 1591 1611 a
1615 1579 1818 1621 regularibus

1080 1633 1239 1665 rationem
1257 1633 1458 1665 executionis
1476 1633 1601 1675 piarum
1618 1633 1818 1664 voluntatum

1081 1691 1237 1728 quatenus
1264 1685 1303 1718 ad
1328 1686 1400 1718 illas
1427 1685 1631 1727 exequendas
1648 1684 1695 1717 illi
1722 1685 1820 1727 depu-

1082 1744 1201 1771 tentur.
1228 1738 1401 1770 Praeterea
1435 1738 1522 1769 iuxta
1554 1737 1821 1769 constitutionem

1081 1791 1273 1824 recolendae
1300 1791 1475 1823 memoriae
1491 1790 1610 1822 Urbani
1632 1790 1736 1832 Papae
1756 1788 1821 1821 Vnt

1059 1883 1061 1893 γ
1082 1843 1344 1888 praedecessoris
1369 1843 1494 1886 pariter
1515 1842 1636 1880 nostri,
1665 1852 1747 1884 quae
1773 1842 1821 1874 in-

1083 1897 1161 1939 cipit
1190 1896 1241 1928 Eoe
1275 1896 1380 1928 debito
1403 1895 1581 1939 pastoralis
1606 1894 1722 1937 officii,
1747 1900 1820 1934 etc„

1083 1950 1109 1982 si
1135 1950 1217 1982 sorte
1243 1949 1369 1991 aliquae
1394 1948 1635 1981 controversiae
1661 1947 1747 1980 inter
1771 1957 1822 1980 re-

1084 1990 1214 2044 ligiosos
1241 2002 1400 2034 dictarum
1426 2001 1566 2044 partium
1600 1999 1708 2042 <quod
1739 1999 1821 2032 Deus

1061 2077 1063 2088 1
1084 2056 1224 2096 avertat)
1250 2054 1404 2092 oriantur,
1423 2053 1592 2086 memorati
1614 2052 1725 2084 vicarii
1751 2061 1822 2094 apo-

1085 2107 1200 2147 stolici,
1221 2112 1384 2150 tamquam
1403 2106 1495 2138 Sedis
1512 2105 1717 2148 Apostolicae
1734 2105 1825 2137 dele-

1061 2190 1063 2197 <
1086 2160 1150 2203 gati
1166 2187 1174 2200 ,
1200 2160 1272 2193 illas
1297 2159 1447 2191 decidere
1478 2164 1510 2191 et
1540 2157 1717 2191 terminare
1749 2167 1825 2200 pos-

1085 2214 1149 2246 sint
1173 2218 1205 2246 et
1230 2213 1382 2245 debeant.
1409 2211 1440 2244 Si
1466 2221 1544 2244 vero
1561 2210 1708 2253 graviora
1729 2220 1826 2253 quae-

1087 2268 1159 2299 dam
1183 2266 1319 2308 negocia
1345 2265 1555 2304 occurrerint,
1581 2274 1619 2296 ea
1643 2264 1681 2296 ad
1707 2273 1766 2296 nos
1792 2268 1825 2296 et

1086 2320 1249 2352 Romanos
1273 2317 1445 2351 Pontifices
1470 2326 1674 2350 successores
1694 2322 1824 2349 nostros

1087 2371 1303 2415 quantocitius
1329 2370 1368 2403 ab
1393 2370 1508 2403 iisdem
1532 2369 1659 2403 vicariis
1695 2374 1825 2412 aposto-

1086 2425 1156 2458 licis
1181 2424 1374 2463 referantur,
1392 2428 1427 2455 ut
1452 2423 1538 2466 quod
1551 2422 1584 2454 in
1601 2422 1665 2455 illis
1682 2415 1825 2454 statuen-

1087 2478 1162 2510 dum
1177 2477 1281 2517 fuerit,
1299 2479 1425 2509 matura
1439 2475 1677 2510 consultatione
1699 2474 1826 2508 adhibi-

1087 2533 1127 2570 ta,
1154 2530 1356 2563 decernatur.

1125 2605 1134 2628 t
1156 2601 1227 2628 Male
1246 2602 1291 2627 ed.
1313 2601 1392 2627 Main.
1408 2600 1472 2635 legit
1485 2600 1639 2636 provincia
1655 2607 1758 2625 earum
1772 2605 1821 2633 pro

1082 2646 1308 2682 provinciarum
1325 2646 1365 2680 (R.
1375 2645 1424 2680 T.).
