2247 3208
189 184 238 210 An.
261 184 290 209 tl.
314 183 379 210 ¹667

211 1191 334 1214 Exordium.

223 1719 303 1740 Urbani
323 1719 368 1741 vin

183 1745 320 1767 conutitutio.

382 242 526 274 gamus·,
559 230 742 273 ceterisque
775 230 947 263 contrariis
984 230 1116 272 quibus·

382 294 534 328 cumque.

426 336 542 368 Datum
567 336 706 375 Romae,
734 337 816 379 apud
844 336 874 368 S.
904 335 1031 368 Mariam
1058 335 1120 367 Ma-

381 387 507 427 iorem,
535 389 592 421 sub
618 389 738 421 annulo
772 388 952 426 piscatoris,
979 387 1030 419 die
1056 398 1119 420 xxii

382 441 527 474 octobris
563 451 735 479 uncmvu,
769 439 976 483 pontificatus
1018 439 1118 471 nostri

383 503 469 527 anno
495 504 516 526 L

417 551 475 581 Dat.
498 554 540 582 die
559 554 593 581 22
613 554 731 581 octobris
751 554 826 585 1667,
843 553 934 588 pontif.
950 560 1046 580 annot.

691 695 807 728 xxvii.

379 776 547 811 Revocatio
562 780 590 807 et
604 774 791 807 annullatio
805 775 1044 807 constitutionis
1061 774 1119 807 Ur-

425 828 502 861 bani
531 827 614 861 VIII
638 828 788 861 eremitas
819 827 1119 861 Camaldulensium

421 881 576 914 Etruriae
592 882 656 914 sire
669 881 858 924 provinciae
873 881 1030 914 Arelincie
1046 891 1119 912 cum

422 935 666 978 congreqatione
684 935 803 968 Montis
822 935 960 969 Coronae
978 934 1118 967 eiusdem

424 987 558 1022 Ordinis
582 988 832 1030 incorporamus.

600 1069 734 1096 Clemens
755 1068 832 1102 Papa
853 1069 898 1101 lx,

500 1113 536 1140 ad
555 1116 733 1147 perpetuam
753 1113 797 1140 rei
818 1112 987 1144 memoriam

425 1183 522 1223 Illius,
549 1183 604 1226 qui
630 1183 769 1216 charitas
795 1190 842 1216 est
866 1190 897 1215 et
914 1184 996 1216 Deus
1020 1185 1116 1227 pacis,

380 1238 464 1270 vices
491 1236 566 1270 licet.
591 1236 742 1269 immeriti
769 1242 920 1279 gerentes
947 1237 979 1269 in
1009 1238 1115 1275 terris,

380 1290 418 1323 ad
445 1300 482 1322 ea
506 1289 687 1333 peculiares
707 1289 893 1332 vigilantiae
920 1294 1047 1322 nostrae
1071 1302 1118 1322 cu-

379 1353 431 1376 ras
457 1342 597 1376 libenter
622 1343 854 1380 convertimus,
880 1353 939 1386 per
963 1351 1044 1386 quae
1069 1354 1119 1375 re-

378 1395 515 1439 ligiosae
540 1395 810 1435 christifidelium,
838 1396 892 1439 qui
919 1397 1118 1439 abnegantes

378 1449 570 1492 semetipsos
603 1448 718 1481 divinis
750 1449 914 1492 obsequiis
947 1460 1018 1481 sese
1061 1450 1140 1481 sub*

382 1502 472 1534 suavi
491 1501 638 1534 arctioris
656 1506 753 1544 atque
780 1501 954 1537 severioris
976 1501 1120 1545 discipli-

377 1564 439 1588 nae
465 1555 541 1597 iugo
563 1554 770 1592 devoverunt,
797 1554 899 1597 quieti
925 1554 1117 1593 consulitur,

378 1613 476 1651 prout
499 1609 626 1640 matura
650 1607 886 1640 deliberatione
913 1608 1055 1641 adhibita
1076 1619 1119 1640 sa-

379 1660 519 1693 lubriter
536 1659 691 1703 expedire
709 1660 741 1692 in
759 1660 894 1693 Domino
913 1660 1116 1692 arbitramur.

423 1713 438 1757 g
471 1713 503 1746 l.
530 1713 657 1746 Dudum
687 1713 848 1756 siquidem
878 1713 980 1746 felicis
1014 1724 1121 1745 recor-

380 1765 519 1799 dationis
537 1765 684 1798 Urbanus
702 1766 787 1809 Papa
802 1765 866 1798 Ylll
886 1767 1120 1808 praedecessor

379 1823 501 1858 noster,
516 1817 611 1851 certis
630 1823 705 1851 tunc
722 1818 884 1861 expressis
901 1819 1007 1851 causis
1026 1819 1120 1851 addu-

380 1875 450 1903 ctus
477 1881 622 1904 eremum
651 1870 929 1907 Camaldulensem
958 1870 1119 1909 Etruriae,

379 1923 446 1956 sive
471 1923 661 1967 provinciae
688 1923 858 1963 Aretinae,
884 1934 920 1956 ac
944 1934 1122 1966 congrega-

380 1976 503 2009 tionem
534 1976 651 2009 Montis
676 1975 820 2009 Coronae
846 1976 974 2009 Ordinis
999 1976 1121 2009 Camal-

379 2029 575 2069 dulensium,
592 2038 772 2073 eorumque
786 2029 966 2073 respective
984 2039 1120 2070 eremos,

379 2082 589 2122 monasteria,
613 2083 759 2116 membra
791 2087 822 2115 et
846 2082 908 2115 alia
932 2083 1003 2116 loca
1027 2092 1123 2125 regu-

377 2135 459 2168 laria
476 2136 515 2167 ab
541 2135 586 2168 eis
611 2135 838 2177 dependentia,
857 2135 994 2168 invicem
1010 2145 1122 2178 perpe-

378 2192 433 2221 tuo
459 2189 569 2229 univit,
596 2188 752 2221 annexuit
776 2194 807 2221 et
830 2189 1061 2232 incorporavit,
1085 2199 1122 2222 ac

379 2251 416 2275 ex
435 2242 480 2274 eis
498 2242 647 2275 omnibus
674 2242 720 2274 sic
744 2242 852 2282 unitis,
871 2241 1005 2275 annexis
1024 2246 1057 2275 et
1074 2241 1123 2274 in-

381 2296 563 2338 corporatis
588 2295 718 2328 unicam
749 2297 913 2329 dumtaxat
943 2307 1123 2340 congrega-

379 2347 519 2387 tionem,
551 2359 616 2381 non
649 2349 786 2391 amplius
818 2349 933 2382 Montis
964 2348 1121 2390 Coronae,

378 2402 436 2434 sed
457 2401 673 2434 Eremitarum
690 2401 989 2446 Canialdulensium
1007 2403 1046 2435 de
1072 2413 1123 2436 ce-

378 2459 448 2488 tero
482 2455 756 2498 nuncupandam,
782 2455 874 2488 cuius
909 2462 1005 2500 eaput
1037 2461 1123 2491 esset

377 2507 546 2552 praedicta
557 2518 686 2540 eremus
696 2507 952 2542 Camaldulensis
964 2509 1120 2550 Etruriae,

380 2559 532 2594 similiter
555 2565 714 2603 perpetuo
741 2561 841 2594 erexit
862 2567 892 2593 et
911 2561 1066 2594 instituit:
1086 2572 1122 2595 ac

469 2624 545 2654 Ball.
567 2623 648 2650 Rom.
668 2638 699 2641 —
726 2623 784 2652 Vot,
806 2624 888 2650 XVII
1029 2624 1062 2652 74

1011 182 1153 206 CLEMENS
1177 184 1206 207 tx
1232 184 1279 207 1³1³.

1799 176 1863 209 585

1164 230 1299 274 insuper
1313 231 1397 265 idem
1412 232 1559 266 Urbanus
1574 234 1905 277 praedecessorunio·

1164 294 1238 316 nem
1272 290 1304 316 et
1330 285 1625 328 incorporationem
1656 287 1757 319 eremi
1783 286 1905 319 Camal-

1164 337 1345 369 dulensium
1373 338 1403 369 in
1430 339 1592 371 montibus
1618 350 1719 383 prope
1742 339 1905 373 civitatem

1163 388 1394 422 Taurineuseui
1414 392 1506 429 sitae,
1527 394 1590 424 uua
1608 403 1679 425 cum
1695 393 1765 425 aliis
1785 393 1903 426 eremis

1164 445 1195 472 et
1221 442 1368 474 domibus
1390 453 1447 475 seu
1470 444 1547 475 loris
1568 445 1606 476 ab
1629 447 1665 476 ca
1690 445 1904 487 dependenti-

1162 493 1235 531 bus,
1260 493 1324 525 sire
1351 505 1480 537 quoquo
1508 496 1605 528 modo
1632 497 1669 528 ad
1697 498 1783 529 illam
1809 497 1903 540 perti⁴

1163 545 1334 585 uentibus,
1362 546 1544 588 praedictae
1576 549 1821 591 congregationi
1847 549 1903 582 Ca-

1162 597 1414 631 rnaldulensium
1430 599 1542 632 Montis
1568 600 1712 633 Coronae
1732 603 1788 633 sub
1808 601 1904 637 cerm&

1164 655 1240 683 tunc
1265 652 1427 694 expressis
1452 653 1694 686 conditionibus
1728 656 1903 693 l'actas‚au·

1163 704 1311 737 ctoritate
1346 707 1525 748 apostolica
1552 707 1741 749 approbavit
1774 712 1805 739 et
1830 718 1903 740 ron-

1163 756 1310 797 firmavit,
1337 764 1369 790 et
1393 759 1471 791 alias
1511 765 1609 802 prout
1634 760 1666 791 in
1692 760 1776 792 binis
1802 761 1902 803 ipsius

1163 810 1282 844 Urbani
1315 812 1578 854 praedecessoris
1611 813 1729 845 litterIs
1762 813 1903 856 desuper

1164 864 1194 897 in
1220 865 1319 897 simili
1345 865 1448 898 forma
1473 865 1581 898 Brevis
1607 865 1658 898 die
1685 876 1739 899 viu
1760 866 1902 898 octobris

1162 928 1326 952 iincxxxui
1361 924 1391 950 ct
1423 918 1472 951 die
1507 929 1564 951 viu
1598 919 1725 961 augusti
1756 928 1901 952 iincxxxv

1162 971 1339 1015 respective
1350 972 1519 1014 expeditis,
1532 982 1666 1014 quarum
1677 977 1805 1003 tenores
1815 982 1903 1014 prae·

1164 1025 1308 1058 sentibus
1324 1035 1383 1067 pro
1398 1025 1493 1067 plene
1511 1030 1543 1056 ct
1560 1024 1761 1057 sufficienter
1778 1035 1902 1067 expres-

1163 1078 1260 1111 sisae
1285 1078 1323 1110 de
1348 1078 1449 1110 verbo
1474 1078 1513 1110 ad
1540 1078 1673 1110 verbum
1699 1077 1827 1110 insertis
1847 1078 1902 1110 ha-

1162 1131 1232 1164 beri
1257 1132 1412 1167 volumus.
1440 1130 1570 1163 uberius
1595 1131 1788 1163 continetur.

1207 1185 1221 1227 ᾗ
1239 1183 1269 1216 02.
1292 1184 1368 1216 Cum
1383 1189 1489 1225 autem
1505 1184 1604 1225 <sit-ut
1619 1184 1817 1226 accepimus)
1833 1184 1901 1216 sub-

1164 1237 1238 1269 inde
1257 1236 1342 1269 inter
1360 1236 1495 1269 dilectos
1514 1236 1598 1269 tilios
1616 1236 1766 1269 eremitas
1786 1235 1901 1269 Camal-

1164 1290 1326 1329 dulenses,
1339 1289 1411 1322 illos
1427 1289 1576 1326 nimirum
1590 1290 1730 1322 nationis
1745 1289 1900 1327 Etruriae,

1164 1343 1217 1386 qui
1242 1343 1381 1376 militant
1403 1344 1460 1375 sub
1489 1343 1619 1375 nomine
1637 1343 1902 1385 congregationis

1163 1396 1268 1429 Eremi
1292 1396 1419 1435 Sacrae,
1442 1408 1478 1428 cx
1499 1398 1572 1435 una,
1594 1401 1625 1429 et
1642 1397 1715 1429 illos
1734 1396 1902 1429 nationum

1163 1449 1268 1482 Status
1280 1450 1380 1482 nostri
1395 1449 1621 1489 Ecclesiastici,
1635 1449 1769 1482 dominii
1780 1449 1902 1489 veneti,

1163 1503 1252 1545 regni
1275 1503 1438 1546 Neapolis,
1465 1503 1619 1536 Poloniae
1646 1508 1677 1536 et
1701 1502 1901 1541 Germaniae,

1163 1555 1216 1598 qui
1235 1556 1312 1588 olim
1330 1556 1513 1588 militabant
1542 1557 1601 1588 sub
1621 1556 1753 1588 nominc
1769 1565 1902 1598 congre-

1163 1609 1302 1652 gationis
1328 1609 1443 1642 Montis
1468 1609 1625 1647 Coronae,
1653 1620 1690 1641 ex
1716 1610 1839 1648 altera,
1866 1618 1902 1641 ac

1164 1664 1237 1695 illos
1260 1663 1401 1696 nationis
1421 1663 1689 1702 Pedemontanae,
1708 1673 1744 1694 ex
1764 1662 1827 1694 alia
1851 1672 1903 1693 re-

1163 1716 1303 1759 spective
1322 1716 1475 1758 partibus,
1496 1715 1600 1748 latriae
1615 1715 1857 1748 controversiae
1871 1720 1903 1747 et

1164 1766 1366 1801 differentiae
1385 1773 1516 1800 exortae
1535 1780 1570 1800 ac
1589 1768 1759 1800 suscitatae
1775 1767 1902 1799 suerint:

1208 1822 1222 1863 g
1247 1820 1278 1853 3.
1299 1821 1369 1859 Nos,
1389 1831 1447 1864 pro
1469 1820 1640 1853 commissa
1659 1820 1752 1852 uobis
1767 1819 1902 1852 caelitus
1942 1831 2059 1861 amnena-3
2072 1830 2098 1851 (ιο

1164 1873 1333 1916 pastoralis
1359 1873 1455 1906 officii
1483 1875 1558 1905 cura
1584 1878 1804 1915 olslstortunum
1824 1858 2097 1904 eiius-wmmmbswa'

1164 1926 1249 1958 modi
1276 1926 1419 1958 dissidiis
1449 1926 1628 1958 remedium
1661 1925 1839 1964 adhibere,
1868 1936 1904 1957 ac

1165 1979 1324 2011 fraternae
1358 1978 1524 2011 charitatis
1559 1978 1787 2010 an‘ioenitatem
1822 1978 1906 2010 inter

1164 2031 1313 2064 eremitas
1328 2032 1519 2074 praedictos,
1538 2036 1693 2074 quantum
1712 2041 1784 2063 curn
1799 2031 1906 2063 Domi-

1164 2095 1205 2118 no
1231 2095 1421 2128 possumus.
1450 2085 1618 2117 restituere
1649 2090 1744 2127 atque
1770 2083 1906 2116 firmiter

1164 2139 1305 2171 solidare
1331 2137 1508 2181 cupientes,
1534 2139 1571 2170 de
1598 2137 1831 2170 venerabilium
1851 2138 1906 2169 sra-

1165 2197 1250 2224 trum
1283 2197 1468 2224 nostrorum
1502 2191 1532 2224 S.
1562 2192 1598 2224 R.
1626 2192 1660 2224 E.
1693 2191 1905 2224 cardinalium

1164 2245 1304 2288 negotiis
1318 2251 1349 2277 et
1366 2245 1661 2277 consultationilms
1678 2245 1905 2288 episcoporum

1165 2304 1196 2332 et
1220 2298 1415 2341 regularium
1442 2298 1723 2342 praepositorum,
1752 2299 1806 2341 qui
1832 2309 1907 2331 con-

1166 2351 1338 2385 troversias
1370 2357 1402 2384 et
1434 2351 1629 2384 dill'erentias
1661 2351 1842 2393 praedictas
1868 2362 1906 2384 ex

1165 2405 1392 2438 commissione
1418 2405 1609 2437 recolendae
1636 2405 1809 2437 memoriae
1836 2405 1908 2438 Ale-

1164 2458 1278 2490 xandri
1303 2458 1407 2501 Papae
1432 2458 1480 2490 Vll
1507 2458 1764 2501 praedecessoris
1786 2457 1907 2500 pariter

1165 2512 1265 2544 nostri
1291 2518 1415 2544 mature
1434 2522 1468 2544 ae
1483 2512 1657 2553 diligenter
1683 2512 1906 2544 examinarunt

1165 2568 1195 2596 et
1210 2564 1464 2607 persas-aderunt,
1485 2565 1634 2605 consilio,
1655 2570 1740 2597 motu
1760 2565 1905 2607 proprio,

1910 186 1957 210 Au.
1980 185 2008 210 C.
2031 184 2099 211 1667

1948 1197 2026 1218 Mouva
2050 1202 2096 1219 eam

1913 1225 2034 1245 revocandi.
