2247 3208
120 266 170 288 An.
188 265 218 288 ta.
239 261 307 289 1b69

110 745 132 763 (Ἳ
148 751 160 763 n
175 743 222 763 uine
234 748 295 769 prae·

109 771 237 790 serv-turae.

306 321 343 343 ac
363 313 512 353 receptor
537 314 568 343 et
587 314 812 353 procuratores
833 312 969 352 quatuor
990 317 1045 338 na-

306 362 430 395 tionum
463 362 608 395 eiusdem
634 362 792 395 facultatis
809 389 816 401 ,
836 365 868 393 ct,
899 359 952 393 alii
978 359 1046 402 qui-

306 417 388 450 libet
413 427 613 460 quacumque
638 415 856 450 ecclesiastica
880 416 929 448 vel
955 425 1045 446 mun-

307 469 389 502 dana
414 470 570 513 dignitate
596 471 644 503 vel
670 474 826 513 potestate
853 467 987 511 praediti
1014 472 1045 499 et

307 522 490 565 fungentes,
509 523 646 556 cuiusvis
672 528 784 560 status,
809 521 938 563 gradus,
961 520 1046 552 ordi-

306 575 367 612 nis,
386 576 673 618 praeeminentiae,
696 573 892 608 conditionis
919 578 949 605 et
970 582 1045 615 qna-

306 628 404 661 litatis
432 629 579 667 existant,
600 634 654 661 aut
679 628 758 661 alias
783 625 932 669 specifica
949 631 980 657 et
1000 625 1047 657 in-

308 681 434 714 dividua
460 682 625 714 mentione
651 686 681 713 et
708 679 915 723 expressione
942 678 1043 717 digni,

307 734 338 766 in
360 735 547 778 praemissis
568 745 625 767 seu
651 744 763 767 eorum
788 733 895 775 aliquo
922 732 970 763 ius
997 732 1045 763 vel

307 787 466 821 interesse
492 787 651 820 habentes
681 797 736 819 seu
764 786 884 818 habere
911 795 1047 828 quomo-

308 840 430 873 dolibet
454 840 719 883 praetendentes,
744 839 808 872 illis
830 848 894 871 non
913 848 1046 870 consen-

307 893 418 930 serint,
440 903 498 925 nec
524 893 563 925 ad
590 903 627 925 ea
651 891 766 931 vocati,
787 891 873 923 citati
892 895 921 922 ct
936 889 1044 930 auditi,

306 955 411 988 neque
438 955 563 983 causac,
590 950 725 988 propter
750 955 829 987 quas
856 949 1047 986 praesentes

307 997 498 1036 emanarint,
525 997 723 1030 sufficienter
748 997 916 1034 deductae,
940 994 1048 1028 veriti-

307 1055 397 1083 catae
423 1056 454 1082 et
479 1049 670 1082 iustificatac
697 1049 825 1088 suerint,
848 1054 902 1083 aut
926 1059 961 1081 cx
988 1048 1047 1080 alia

308 1113 513 1146 quacumque
540 1102 742 1146 quantumvis
762 1101 904 1144 legitima
926 1106 956 1133 et
973 1099 1049 1131 iuri-

309 1155 380 1188 dica
397 1166 432 1188 ac
449 1155 501 1198 pia
526 1161 557 1187 et
581 1155 785 1198 privilegiata
804 1156 907 1192 causa,
931 1153 1063 1194 colore„

308 1214 476 1252 praetextu
502 1213 533 1241 et
557 1209 671 1251 capite,
690 1208 785 1240 etiam
803 1207 835 1239 in
853 1216 987 1249 corpore
1007 1206 1049 1237 iu·

308 1261 351 1293 ris
372 1263 487 1299 clauso,
507 1261 602 1294 etiam
629 1261 780 1299 enormis,
807 1259 1048 1293 enormissimac

309 1319 341 1346 et
365 1310 664 1352 totalis'laesionis,
692 1314 781 1346 nullo
808 1323 950 1355 unquam
973 1317 1050 1344 tem-

309 1377 389 1410 pore
405 1367 444 1403 de
462 1366 684 1410 subreptionis
703 1367 750 1398 vel
771 1365 971 1408 obreptionis
997 1370 1050 1397 aut

309 1419 467 1452 nullitatis
495 1419 582 1459 vitio,
615 1430 670 1451 seu
697 1418 885 1451 intentionis
918 1423 1048 1450 nostrae

309 1476 365 1504 aut
378 1472 535 1504 interesse
554 1472 743 1504 habentium
759 1482 814 1503 seu
829 1471 950 1503 babere
963 1480 1050 1513 prae-

309 1524 513 1557 tendentium
547 1534 745 1563 consensus,
776 1523 878 1556 aliove¹
905 1523 1051 1566 quolibet

310 1577 408 1609 etiam
435 1577 638 1620 quantumvis
663 1587 789 1619 magno,
813 1577 948 1615 formali,
976 1576 1051 1608 sub-

310 1630 450 1663 stantiali
477 1641 512 1662 ac
538 1630 715 1672 incogitato
743 1636 774 1663 et
807 1629 1048 1672 inexcogitabili

312 1683 438 1715 defectu
465 1683 580 1722 notari,
608 1683 802 1726 impugnari,
828 1682 974 1725 infringi,
1002 1693 1052 1714 re-

312 1736 452 1774 tractari,
480 1735 619 1775 limitari,
646 1736 684 1768 ad
710 1736 789 1768 viam
815 1745 869 1768 seu
895 1736 1050 1768 terminos

312 1788 390 1821 iuris
416 1794 470 1821 aut
494 1788 738 1831 privilegiorum
770 1789 872 1822 dictae
897 1789 1052 1821 universi-

313 1840 369 1874 tati
399 1841 534 1884 eiusque
562 1841 703 1874 facultati
730 1842 846 1883 artium
873 1842 1053 1884 qnomralo-

311 1894 393 1926 libet
416 1905 646 1927 concessorum
680 1895 809 1934 reduci,
836 1901 889 1927 aut
920 1894 949 1926 in
978 1906 1054 1927 von-

313 1946 502 1979 troversian]
534 1947 667 1987 vocari,
701 1958 758 1980 scu
792 1948 943 1980 adversus
967 1948 1053 1990 ipsas

313 2005 499 2042 praesentes
518 1999 642 2032 litteras
662 2000 851 2043 aperitionis
865 2000 942 2040 oris,
961 2000 1054 2032 resti-

314 2051 446 2084 tutionis
472 2052 503 2083 in
530 2052 701 2094 integrum,
725 2052 850 2085 aliudve
876 2053 1054 2095 quodcum-

314 2115 376 2147 que
394 2104 482 2143 iuris,
502 2105 574 2136 sacti
589 2106 637 2137 vel
657 2105 779 2147 gratiae
804 2105 983 2138 remedium
1000 2105 1054 2137 im-

314 2156 435 2199 petrari
460 2167 518 2189 seu
544 2157 707 2195 intentari,
735 2163 788 2190 aut
813 2158 983 2200 impetrato
1004 2159 1052 2191 vel

315 2209 410 2250 etiam
434 2215 545 2249 motu,
572 2211 708 2243 scientia
734 2217 765 2243 et
790 2211 960 2254 potcstatis
988 2212 1054 2254 ple-

315 2262 461 2295 nitudine
488 2263 618 2306 paribus
646 2274 799 2296 comesse
826 2266 875 2297 vel
903 2269 1053 2296 emanato

317 2315 502 2357 quempiam
521 2316 552 2347 in
571 2316 690 2349 iudicio
715 2318 764 2349 vel
791 2324 880 2349 extra
900 2317 981 2349 illud
1008 2317 1053 2348 uti

316 2377 373 2399 seu
391 2378 424 2400 se
446 2368 555 2400 iuvare
580 2369 648 2401 ullo
666 2370 762 2402 modo
781 2380 889 2412 posse,
910 2370 966 2403 scd
992 2375 1055 2402 eas-

318 2421 389 2452 dem
405 2427 594 2463 praesentes
614 2422 737 2454 litteras
753 2422 869 2462 (irruas,
890 2423 1009 2455 validas
1024 2428 1056 2455 et

317 2473 466 2505 efficaces
485 2473 622 2506 existere
638 2480 669 2506 et
685 2475 762 2513 sore,
785 2485 925 2518 suosque
944 2477 1054 2518 plena-

316 2527 382 2559 rios
407 2532 438 2559 et
462 2526 605 2569 integros
631 2527 760 2560 effectus
786 2529 892 2560 sortiri
918 2534 948 2560 et
974 2529 1055 2561 obti-

317 2589 406 2618 nere,
428 2590 463 2611 ac
489 2580 527 2612 ab
554 2580 627 2619 illis,
652 2581 689 2613 ad
717 2592 797 2624 qnos
821 2581 932 2624 quovis
958 2582 1053 2615 modo

318 2638 443 2676 spes-tat
461 2638 492 2665 et
509 2634 668 2676 spectabit
685 2634 715 2666 in
736 2636 884 2676 suturam,
904 2635 936 2667 in
955 2636 1054 2668 omni-

948 257 1090 281 CLEMEXS
1114 257 1144 281 lX
1169 257 1216 280 ΓΡ.

1732 244 1796 279 313
1843 252 1931 279 mc.
1955 251 2020 278 ioca

1087 305 1145 338 bus
1169 310 1201 338 et
1223 315 1281 348 per
1299 304 1407 338 omnia
1426 304 1655 338 inviolabiliter
1672 308 1702 336 et
1720 303 1827 335 incon-

1088 369 1178 391 cusse
1205 358 1379 398 observari,
1407 359 1517 402 sicque
1543 364 1576 391 et
1602 368 1666 391 non
1684 357 1778 390 aliter
1795 356 1828 388 in

1088 412 1277 454 praemissis
1304 422 1363 455 per
1389 423 1612 455 quoscumque
1635 411 1756 443 iudices
1773 420 1827 443 01·-

1088 464 1232 497 dinarios
1265 468 1296 497 et
1321 465 1501 506 delegatos,
1534 465 1628 497 ctiam
1659 474 1828 496 causarum

1089 517 1199 559 palatii
1236 517 1404 559 apostolici
1445 518 1630 555 auditores,
1659 517 1827 559 dictaeque

1088 569 1303 602 univcrsitatis
1319 570 1566 613 privilegiorum
1577 576 1826 609 conservatores,

1088 633 1123 655 ac
1149 622 1180 654 S.
1202 622 1238 654 R.
1258 622 1291 654 Ε.
1320 623 1513 662 cardinales,
1541 623 1637 655 etiam
1664 622 1702 655 de
1728 624 1827 655 latere
1839 629 1959 676 Μῖἕιιιευῐα
1976 628 2022 650 suf.-

1088 676 1212 717 legatos
1237 680 1267 707 ct
1289 675 1496 717 Apostolicac
1523 675 1614 708 Sedis
1641 674 1826 718 praedictae
1882 671 1887 676 ’

1088 727 1224 760 nuncios
1251 732 1283 759 et
1308 727 1541 765 internuncios,
1570 728 1713 769 aliosque
1732 738 1829 770 quos-

1089 779 1167 811 libet
1192 790 1395 822 quacumque
1428 779 1686 822 praeeminentia
1716 785 1746 812 et
1770 790 1828 822 po-

1089 837 1203 864 testate
1238 832 1407 874 fuugentes
1433 838 1464 864 et
1491 833 1676 872 iuncturos,
1702 833 1828 865 sublata

1089 885 1134 917 eis
1161 890 1191 918 ct
1217 896 1327 918 eorum
1360 886 1493 918 cuilibet
1523 886 1633 929 quavis
1665 886 1758 918 aliter
1784 886 1828 918 iu-

1090 938 1217 971 dicandi
1244 944 1275 972 et
1300 939 1535 982 interpretandi
1565 939 1713 981 facultate
1732 944 1762 971 et
1779 950 1830 971 au-

1089 991 1248 1032 ctoritate,
1277 991 1308 1024 in
1327 1003 1527 1035 quacumque
1546 994 1645 1024 causa
1662 996 1693 1023 et
1713 992 1830 1024 instan-

1091 1045 1131 1077 tia
1151 1044 1283 1077 iudicari
1301 1050 1333 1077 ct
1350 1045 1477 1077 deliniri
1503 1045 1634 1085 debere,
1650 1056 1685 1077 ac
1703 1045 1828 1077 irritum

1091 1104 1122 1130 ct
1146 1098 1241 1130 inane
1259 1098 1418 1141 quidquid
1445 1108 1537 1131 secus
1556 1108 1654 1141 super
1675 1098 1734 1137 his,
1756 1108 1830 1140 qua-

1091 1162 1229 1194 cumque
1245 1151 1444 1191 auctoritate,
1460 1151 1600 1184 scienter
1618 1152 1667 1184 vel
1682 1151 1829 1193 ignoran-

1092 1210 1150 1244 ter,
1173 1204 1348 1247 contigerit
1373 1204 1533 1237 attentari.

1134 1258 1148 1299 ξ
1172 1257 1201 1289 li.
1227 1256 1380 1295 Quocirca
1404 1257 1582 1289 venerabili
1609 1256 1696 1289 fratri
1722 1258 1851 1311 Augu·d
1878 1265 2025 1290 exequuta-c:

1091 1310 1175 1342 stino
1195 1310 1446 1352 archiepiscopo
1465 1310 1708 1352 'l‘rapezuntinQ
1724 1315 1827 1353 etpro
1854 1295 1934 1317 epum.

1093 1368 1237 1405 tempore
1275 1363 1425 1395 existenti
1460 1368 1571 1395 nostro
1609 1369 1639 1395 ct
1671 1363 1762 1396 Sedis
1789 1363 1828 1395 ad

1092 1421 1226 1448 tractum
1254 1416 1358 1448 Rheni
1380 1422 1409 1449 ct
1426 1422 1533 1459 partes
1559 1416 1730 1449 inferiores
1755 1416 1830 1449 Ger-

1091 1468 1215 1501 maniae
1253 1469 1395 1509 nnncio,
1421 1479 1481 1512 per
1515 1474 1706 1512 praesentes
1741 1475 1829 1501 motu

1092 1521 1161 1564 pari
1188 1521 1417 1554 committimus
1444 1526 1475 1554 et
1499 1522 1700 1561 mandamus,
1724 1527 1830 1564 quate-

1092 1586 1151 1607 nus
1178 1576 1258 1618 ipse,
1288 1580 1449 1618 tamquam
1475 1576 1513 1607 ad
1540 1576 1620 1608 haec
1647 1575 1830 1618 specialiter

1093 1629 1260 1671 delegatus
1293 1639 1363 1661 cum
1394 1630 1541 1661 facultate
1572 1629 1830 1671 subdelegandi,

1094 1691 1151 1724 per
1165 1692 1209 1721 sc,
1224 1682 1273 1714 vel
1287 1681 1393 1721 alium,
1409 1692 1464 1714 seu
1479 1681 1570 1721 alios,
1586 1681 1641 1714 ubi
1655 1686 1688 1714 et
1700 1681 1828 1724 quando

1094 1745 1173 1777 opus
1201 1735 1303 1774 suerit,
1323 1741 1354 1767 ct
1371 1735 1634 1777 quotiescumque
1660 1744 1720 1777 pro
1741 1741 1831 1777 parte

1093 1788 1251 1820 interesse
1277 1787 1309 1819 in
1334 1787 1521 1830 praemissis
1548 1787 1745 1827 habentium,
1773 1798 1831 1819 seu

1094 1841 1227 1874 alicuius
1245 1852 1365 1880 eorum,
1383 1842 1522 1883 desuper
1536 1841 1633 1872 suerit
1648 1840 1831 1883 requisitus,

1095 1894 1226 1927 casdem
1251 1899 1438 1937 praesentes
1455 1893 1577 1926 litteras
1596 1899 1628 1926 et
1645 1894 1676 1925 in
1695 1893 1740 1925 eis
1758 1904 1833 1926 con-

1096 1952 1182 1979 tenta
1200 1957 1421 1990 quaecumque
1442 1947 1633 1979 solemniter
1650 1945 1832 1989 publicans,

1095 2000 1223 2042 illisque
1238 1999 1373 2032 efficacis
1393 1999 1593 2032 defensionis
1609 1999 1770 2042 praesidio
1788 2010 1833 2031 as-

1095 2052 1230 2091 sistens,
1259 2052 1353 2084 sat-iat
1385 2052 1575 2084 auctoritate
1613 2054 1721 2084 nostra
1747 2051 1831 2094 ipsas

1095 2110 1283 2147 praesentes
1302 2105 1425 2137 litteras
1445 2110 1476 2137 et
1492 2104 1523 2136 in
1543 2104 1588 2135 eis
1607 2109 1757 2136 contenta
1776 2104 1834 2135 hu-

1095 2158 1234 2197 iusmodi
1254 2169 1310 2201 per
1335 2164 1502 2198 rectorem,
1520 2158 1701 2199 magistros,
1722 2157 1834 2189 docto-

1096 2221 1158 2250 res,
1176 2211 1322 2254 aliosque
1348 2212 1531 2253 graduatos,
1551 2211 1730 2249 scholares,
1745 2210 1835 2242 deca-

1096 2275 1172 2296 num
1202 2270 1230 2296 et
1258 2264 1484 2296 vicedecanmn
1511 2264 1669 2296 facultatis
1696 2263 1833 2304 artium,

1097 2322 1301 2359 receptorem
1335 2322 1366 2348 et
1398 2322 1640 2360 procuratorem
1668 2316 1835 2348 nationum

1095 2369 1312 2402 univcrsitatis
1342 2369 1537 2413 praedictae,
1564 2370 1682 2403 aliosve
1715 2369 1835 2412 quosli-

1096 2424 1158 2462 bct,
1178 2423 1209 2455 in
1227 2423 1377 2455 omnibus
1396 2428 1427 2455 et
1444 2433 1503 2465 per
1520 2422 1629 2455 omnia
1641 2422 1836 2455 inviolabili-

1097 2483 1144 2508 t==r
1167 2481 1197 2508 ct
1222 2476 1344 2508 illibate
1368 2476 1541 2515 observari,
1562 2487 1622 2508 non
1645 2476 1836 2518 permittens

1097 2540 1289 2572 (pienisptam
1323 2534 1436 2561 contra
1475 2529 1614 2571 ipsarum
1652 2529 1834 2561 litterarum

1098 2582 1346 2625 dispositionem
1362 2582 1607 2625 quomodolibet.
1621 2580 1761 2613 indebite
1774 2591 1837 2612 ino-

1099 2636 1214 2675 lestari‚
1234 2635 1414 2678 perturbari
1434 2636 1481 2668 vel
1499 2634 1692 2678 inquietari,
1712 2639 1836 2665 ‹cntra›
