2247 3208
204 214 254 240 An.
273 213 303 241 c.
322 211 389 240 1663
436 202 499 236 16⁶2

401 259 575 292 universae
599 257 726 299 plateae
751 254 939 297 praedictae
960 251 1083 285 domini
1105 254 1138 283 et

402 310 551 355 patroni,
582 314 629 347 et,
651 308 689 340 ab
722 306 796 339 inde
822 306 919 345 citra,
946 315 980 337 se
1003 304 1137 337 dictam-

404 374 466 408 que
484 371 595 395 eorum
613 359 786 393 ecclesiam
806 357 1087 390 manutenuissent
1103 357 1136 389 in

403 416 493 460 quasi
511 413 721 458 possessione
740 412 773 444 in
788 412 940 444 universa
956 412 1065 454 platea
1082 410 1136 442 hu-

402 467 554 506 iusmodi,
580 467 677 499 etiam
702 464 858 508 privative
885 464 990 507 quoad
1022 473 1135 496 omnes

401 521 483 554 alios
522 519 619 552 etiam
656 519 826 551 domorum
863 517 970 550 eidem
1006 517 1135 559 plateae

401 573 618 606 adiacentium
644 571 803 610 dominos,
823 568 982 612 erigendi,
1002 568 1134 601 tenendi

402 630 435 658 et
459 624 602 658 habendi
634 624 756 656 bancos
782 628 814 655 et
847 622 989 654 tabulata
1021 621 1061 653 ad
1091 620 1136 653 es-

401 678 521 711 sectum
545 676 625 709 inibi
651 676 781 714 fructus,
809 675 938 714 herbas,
967 674 1077 717 pisces
1106 679 1136 705 et

400 731 464 763 alia
495 729 712 763 comestibilia
741 727 930 767 vendendi,
965 727 1134 769 dictosque

399 783 523 817 bancos
550 787 582 815 et
606 782 749 814 tabulata
773 779 925 823 personis
948 779 1009 811 sibi
1033 779 1135 811 bene-

400 836 478 868 visis
503 835 653 874 locandi,
679 833 856 877 pensiones
884 842 921 864 ex
948 832 1149 868 huiusmodi¹

399 889 619 923 locationibus
643 887 875 931 provenientes
902 885 1131 929 percipiendi,

402 941 552 984 exigendi
579 946 610 973 et
644 939 791 978 levandi,
826 938 919 970 acin
951 948 1026 970 suos
1057 948 1132 969 usus

401 1000 433 1028 et
457 995 630 1027 utilitatem
666 991 897 1030 convertendi,
925 995 956 1023 et
980 990 1131 1033 personis

399 1047 597 1092 praedictiS‚
626 1046 748 1078 similes
782 1045 903 1077 bancos
935 1048 967 1076 et
992 1044 1149 1075 tabulata1

399 1100 432 1133 in
458 1101 565 1143 platea
591 1097 775 1131 huiusmodi
801 1097 966 1139 erigendi,
998 1096 1131 1128 tenendi

399 1159 432 1187 et
457 1152 609 1191 habendi,
635 1150 802 1184 licentiam
838 1149 1051 1189 concedendi,
1081 1159 1133 1182 ce-

399 1211 534 1249 teraque
560 1204 667 1238 omnia
693 1209 724 1236 et
746 1204 873 1245 singula
898 1202 960 1235 alia
988 1203 1027 1235 ad
1052 1201 1132 1234 libe-

398 1269 468 1292 rum
488 1258 588 1301 ipsius
609 1258 735 1299 plateae
757 1256 934 1288 dominium
952 1255 1130 1298 spectantia

981 203 1159 228 BULLARIUM
1183 201 1335 227 ROMANUM

1171 248 1370 292 regularium
1407 248 1658 281 Ministrantium
1693 246 1831 279 Infirmis
1864 246 1904 278 ad

1171 302 1301 335 domum
1327 301 1423 333 etiam
1447 301 1631 342 regularem
1656 300 1691 333 B.
1716 300 1834 332 Mariae
1853 309 1905 331 su-

1169 365 1229 398 per
1252 355 1428 387 Minervam
1463 359 1681 397 nuncupatam
1718 354 1757 386 de
1790 353 1904 386 eadem

1169 408 1253 441 Urbe
1268 408 1401 440 fratrum
1411 406 1540 440 Ordinis
1552 406 1816 440 Praedicatorum
1829 406 1903 449 itur,

1169 462 1227 494 sub
1252 465 1421 504 praetextu
1451 460 1537 503 quod
1561 460 1640 492 situs
1663 460 1849 493 huiusmodi
1870 460 1903 493 in

1170 514 1283 546 eadem
1315 513 1422 555 platea
1452 522 1517 544 non
1543 512 1902 555 comprehenderetur,

1169 566 1226 598 sed
1256 567 1346 598 locus
1383 565 1526 608 privatus
1558 570 1590 597 et
1621 565 1659 597 de
1695 565 1902 608 pertinentiis

1169 619 1273 651 dictae
1300 619 1413 651 domus
1439 617 1610 658 extiteret‚
1643 618 1766 650 bancos
1792 617 1903 650 huius-

1167 671 1255 704 modi
1282 671 1420 713 erigere,
1447 670 1569 703 habere
1588 675 1620 703 et
1640 675 1753 703 tenere
1777 670 1902 714 posse),

1168 724 1263 756 etiam
1289 724 1399 756 forsan
1436 724 1475 756 de
1511 723 1644 756 licentia
1669 724 1903 766 magistrorum

1166 777 1287 810 viarum
1312 777 1405 810 Urbis
1431 787 1489 810 seu
1512 777 1633 810 viarum
1660 776 1900 820 praesidentis,

1167 832 1246 864 duos
1272 832 1393 864 bancos
1419 831 1541 864 similes
1567 832 1599 864 in
1617 832 1731 864 eodem
1752 831 1815 863 situ
1831 840 1903 864 ere-

1166 884 1290 924 xisset,
1320 884 1459 928 illosque
1496 895 1555 927 pro
1587 884 1730 927 piscibus
1760 884 1903 918 venden-

1167 936 1214 969 dis
1241 937 1402 977 locasset,
1425 937 1542 970 habito
1575 943 1681 970 autem
1712 947 1773 980 per
1797 936 1902 972 archi-

1166 990 1395 1031 presbyterum
1416 994 1449 1021 et
1465 990 1640 1033 capitulum
1667 994 1699 1022 et
1724 990 1899 1024 canonicos

1166 1041 1353 1083 praedictos
1394 1042 1432 1074 ad
1468 1047 1545 1073 tunc
1578 1042 1773 1075 existentem
1799 1042 1900 1084 ipsius

1165 1093 1285 1126 Urbani
1311 1094 1577 1137 praedecessoris
1602 1095 1635 1127 in
1669 1095 1781 1127 eadem
1813 1095 1900 1128 Urbe

1165 1146 1321 1179 vicarium
1346 1147 1379 1178 in
1397 1147 1622 1190 spiritualibus
1640 1149 1828 1190 generalem
1849 1158 1901 1181 re-

1165 1210 1281 1241 cursu,
1307 1200 1425 1232 banchi
1461 1200 1620 1243 praedicti
1657 1201 1776 1241 amoti,
1812 1201 1900 1244 iique

1164 1256 1299 1293 postea,
1331 1256 1499 1294 praetextu
1523 1251 1689 1284 cuiusdav
1716 1252 1900 1286 sententiae

398 1311 548 1350 faciendi,
565 1310 704 1346 dicendi,
724 1310 858 1352 gerendi
880 1315 912 1342 et
937 1308 1130 1352 exequendi,
1146 1344 1148 1352 ‚
1165 1313 1182 1335 ἃ
1207 1308 1284 1335 tunc
1310 1303 1471 1337 existente
1497 1310 1627 1337 sanctae
1653 1304 1817 1337 Romanae
1842 1305 1901 1338 Ec-

397 1364 610 1398 nihilominus
630 1363 668 1395 de
687 1373 771 1394 anno
792 1372 884 1395 MDCH
908 1354 1148 1427 archipresby-'¹
1165 1356 1285 1389 Clesiae
1304 1356 1636 1391 cameral'iifluditore
1654 1363 1832 1397 emanatae‚
1849 1358 1901 1391 de·

398 1422 449 1449 ter
474 1422 506 1449 et
529 1415 675 1448 cancnici
708 1415 808 1457 aliqui
835 1416 889 1457 (ut
913 1415 1130 1455 credebatur)
1146 1438 1147 1455 ἶ
1164 1419 1229 1441 nuo
1255 1409 1395 1452 appositi
1422 1409 1580 1449 fuissent,
1614 1409 1797 1443 introducta
1821 1421 1898 1445 vero

399 1476 488 1503 extra
513 1469 687 1511 capitulum
714 1473 745 1500 et
772 1467 981 1510 singulariter
1006 1461 1224 1504 contra-iper
1262 1461 1346 1493 vium
1381 1462 1612 1504 appellationis
1652 1465 1748 1495 causa
1787 1463 1900 1496 huius-

397 1522 514 1555 hentes
540 1532 600 1564 per
620 1531 730 1553 eorum
752 1526 907 1553 assertam
935 1501 1147 1563 scripturaml.
1165 1514 1252 1547 modi
1280 1514 1311 1546 in
1334 1517 1461 1547 camera
1485 1516 1667 1558 apostolica
1694 1527 1803 1549 coram
1831 1527 1904 1550 cer-⁴

396 1576 569 1620 privatam,
592 1585 673 1617 quae
694 1585 753 1617 per
774 1574 889 1607 Sedem
908 1574 1129 1616 Apostolicam
1166 1568 1204 1600 liS
1241 1567 1388 1600 eiUSdssm
1429 1579 1576 1601 camerae
1610 1569 1737 1602 clericis
1753 1596 1760 1609 ,
1786 1570 1898 1613 ibique

396 1639 461 1662 non
487 1628 643 1671 probatur
672 1627 874 1665 confirmata,
909 1626 1131 1659 renunciavis-
1165 1623 1225 1654 sub
1251 1622 1303 1655 die
1342 1632 1412 1655 xxvl
1445 1622 1523 1655 iunii
1561 1632 1698 1656 MDcxxlv
1730 1623 1897 1666 praedicto

397 1686 493 1720 sent,
527 1686 558 1712 et
592 1682 631 1713 ab
657 1690 769 1712 eorum
805 1679 945 1712 eeclesia
980 1679 1129 1712 abdicare
1165 1675 1286 1707 Adflmo
1313 1675 1432 1715 CitatO,
1461 1681 1493 1708 et
1516 1676 1633 1708 iterum
1667 1676 1725 1708 sub
1751 1676 1802 1708 die
1827 1686 1897 1709 xxV1

396 1739 580 1766 tentassent
608 1732 791 1765 huiusmodi
828 1733 949 1764 bancos
979 1738 1011 1764 ei
1041 1727 1241 1765 tabu-*iunii
1266 1737 1402 1761 uncxxvi
1420 1728 1566 1761 discusso
1592 1738 1631 1760 an
1657 1728 1695 1760 de
1721 1729 1808 1761 bono
1827 1728 1897 1761 iure

396 1787 459 1821 leta
486 1797 523 1819 ac
549 1786 683 1817 macella
708 1784 895 1828 apponendi
914 1790 945 1817 et
970 1785 1032 1817 alia
1051 1769 1146 1841 iura)

396 1839 429 1873 in
463 1845 494 1872 et
520 1849 617 1881 supra
643 1839 727 1870 dicta
762 1839 871 1881 platea
902 1838 1147 1881 arcliipresby-'

397 1898 468 1926 tero
504 1898 535 1925 et
559 1891 722 1924 canonicis
756 1902 792 1923 ac
826 1891 967 1934 capitulo
1001 1892 1147 1955 praedi-5
1164 1889 1249 1921 dicto
1275 1888 1472 1928 Crescentio‚
1496 1889 1535 1921 de
1559 1889 1645 1921 bono
1670 1889 1772 1921 dictae
1797 1890 1908 1923 eccle-⁷

397 1947 465 1986 ctis,
487 1952 521 1978 ut
545 1946 739 1989 praefertur,
767 1945 996 1988 competentia,
1018 1946 1057 1978 ad
1087 1946 1147 2021 s3·‘

396 2010 507 2033 vorem
533 2000 762 2041 magistrorum
798 1999 919 2031 viarum
946 1998 1066 2038 Urbis,
1100 2004 1132 2031 et

398 2053 437 2087 de
463 2063 547 2085 anno
574 2061 728 2089 MDcxvul,
747 2062 802 2083 seu
828 2052 892 2084 alio
912 2051 1032 2083 veriori
1055 2057 1131 2084 tem-

1164 1781 1265 1824 ipsius
1292 1781 1451 1814 ecclesiae
1478 1787 1655 1822 constaret,
1670 1782 1775 1814 citatis
1794 1787 1826 1814 et
1844 1792 1899 1814 au-

1164 1835 1238 1867 ditis
1264 1841 1328 1868 tam
1354 1835 1521 1879 praedicto
1539 1836 1662 1868 Adamo
1689 1846 1781 1878 quam
1801 1835 1898 1868 etiam

1163 1942 1229 1974 siae
1255 1942 1325 1974 iure
1362 1947 1511 1974 constare
1547 1943 1728 1974 resolutum
1762 1942 1895 1982 ruisset,

1165 1994 1308 2038 dictique
1334 1995 1598 2037 archipresbyter
1617 2005 1653 2027 ac
1670 1994 1847 2037 capitulum
1866 2000 1898 2028 et

1163 2047 1322 2087 canonici,
1339 2047 1448 2089 vigore
1470 2047 1679 2079 resolutionis
1699 2047 1894 2088 huiusmodi,

396 2115 495 2149 pore,
522 2105 660 2136 Adamus
686 2105 808 2136 Mellius
835 2104 1046 2137 aromatarius
1078 2101 1222 2139 cu-lsub
1248 2099 1298 2132 die
1328 2110 1337 2132 1
1362 2100 1430 2132 iulii
1463 2109 1599 2133 Mucxxvl
1634 2100 1820 2132 mandatum
1857 2100 1896 2132 de

397 2159 522 2192 iusdam
548 2158 663 2190 domus
698 2158 803 2189 eidem
829 2159 955 2203 plateae
982 2158 1131 2190 adiacen-

397 2212 459 2252 tis,
486 2217 518 2243 et
549 2211 588 2243 ad
621 2210 843 2243 Crescentium
870 2211 908 2243 de
934 2211 1129 2243 Crescentiis

397 2266 596 2303 Romanum,
623 2270 659 2296 ut
683 2265 908 2303 asserebatur,
934 2264 1126 2307 spectantis,

396 2318 577 2361 inquilinus
604 2317 768 2350 habitator
792 2318 1030 2360 (praetendens
1056 2322 1129 2349 ante

397 2370 591 2414 apothecam
609 2370 712 2402 dictae
731 2370 845 2402 domus
860 2371 892 2402 in
911 2370 1050 2413 quodam
1067 2370 1128 2402 situ

396 2423 544 2465 angulari
568 2422 675 2454 medio
707 2423 793 2454 iuter
825 2423 970 2455 eamdem
996 2422 1130 2465 apothe-

397 2487 467 2509 cam
504 2480 537 2508 et
566 2475 647 2507 viam
680 2475 842 2518 publicam
879 2485 977 2518 super
1016 2475 1129 2507 eadem

396 2530 507 2572 platea
532 2533 765 2565 transeuntem,
789 2537 851 2569 qua
869 2538 885 2558 a
911 2528 1006 2559 domo
1036 2537 1130 2569 regu-

397 2581 475 2615 laris
500 2580 530 2613 S.
558 2580 674 2612 Mariae
700 2580 906 2623 lllagdalenae
932 2579 1127 2613 clericorum

1163 2153 1402 2185 manutenendo
1424 2152 1456 2184 in
1473 2152 1695 2195 possessione,
1715 2163 1770 2184 seu
1789 2152 1893 2195 quasi,

1164 2206 1294 2238 tenendi
1330 2206 1476 2238 banchus
1507 2206 1539 2237 in
1571 2206 1737 2248 praedicto
1768 2205 1830 2237 situ
1865 2210 1897 2238 et

1163 2261 1268 2302 platea
1289 2258 1487 2291 ¹huiusmodi
1524 2263 1637 2290 contra
1666 2259 1796 2291 eosdem
1822 2258 1895 2290 Cre-

1163 2313 1321 2345 scentium
1347 2318 1378 2344 et
1408 2313 1564 2344 Adamum
1598 2312 1838 2351 obtinuissent,
1865 2316 1895 2344 et

1162 2366 1195 2397 in
1220 2366 1307 2398 illius
1333 2366 1558 2398 executionem
1583 2365 1659 2398 dicti
1689 2365 1828 2404 banchi,
1861 2364 1894 2397 in

1163 2421 1280 2462 angulo
1304 2419 1468 2462 praedicto
1486 2424 1521 2451 ut
1541 2419 1720 2462 praefertur
1741 2417 1891 2460 appositi,

1163 2473 1261 2505 amoti
1286 2478 1317 2504 et
1346 2473 1462 2505 sublati
1496 2472 1651 2511 fuissent,
1678 2481 1790 2503 verum
1816 2470 1893 2503 dicti

1163 2525 1366 2558 Crescentius
1401 2530 1433 2558 et
1456 2526 1617 2564 Adamus,
1641 2524 1827 2556 mandatum
1853 2522 1892 2555 de

1163 2579 1403 2611 manutenendo
1429 2578 1580 2621 illiusque
1597 2577 1817 2610 executionem
1838 2575 1883 2608 hu

1920 197 1974 224 An.
1990 195 2020 224 C.
2035 195 2103 224 1663
