2247 3208
187 251 238 278 An.
260 251 289 278 c.
309 251 375 278 1664
421 239 484 273 960

386 297 509 335 haberi,
536 294 668 338 perinde
687 303 722 325 ac
739 292 764 324 si
783 300 947 333 nunquam
972 298 1117 321 emanas-

379 356 446 384 sent
464 354 517 382 aut
532 348 717 386 ‹;=xtitissent,
730 354 905 387 omnesque
924 347 955 376 et
971 342 1116 384 singulos

378 403 539 447 praefatos
565 400 602 433 ad
626 398 819 432 verificanda
847 396 1034 441 praemissa,
1063 399 1117 428 aut

379 467 415 488 ea
438 456 489 487 vel
516 455 645 486 illorum
663 452 778 495 aliqua,
799 459 975 492 eorumque
993 458 1115 487 causaS,

378 509 459 547 loca,
486 512 640 550 tempora,
659 505 829 548 qualitates
854 508 885 535 et
909 502 1116 534 circumstan-

378 561 437 593 tias
473 561 505 592 in
538 559 658 591 iudicio
690 559 739 590 vel
779 561 867 589 extra
898 554 978 589 illud
1010 553 1115 596 expri-

379 614 497 646 menda
521 613 569 645 vcl
594 611 768 644 revelanda
791 610 975 642 nullatenus
1000 607 1114 647 teneri,

377 677 484 710 neque
510 667 547 698 ad
566 666 605 705 id,
625 665 714 697 nullo
732 673 874 706 unquam
891 667 1047 705 tempore,
1068 660 1116 692 in-

376 719 458 752 vitos
483 718 554 760 cogi
578 718 628 750 vel
648 715 799 759 compelli
824 725 935 758 posse,
965 714 1114 755 solasque

379 776 564 815 praesentes
589 771 712 803 litteras
737 769 775 801 ad
800 767 1039 811 probationem,
1064 776 1116 798 ve-

376 824 590 857 rificationem
623 828 654 855 et
690 821 947 854 iustificationcm
971 819 1114 852 omniun]

378 883 408 910 et
433 878 632 919 singularum
657 875 830 918 gratiarum
863 873 1113 916 praemissarum

377 930 532 970 sufficere,
559 939 617 961 ncc
642 928 772 961 alterius
790 925 990 970 probationis
1014 924 1114 956 admi-

377 984 520 1016 niculum
545 983 583 1015 ad
609 983 672 1013 hoc
695 980 825 1023 requiri,
851 979 1002 1022 ipsasque
1020 987 1114 1020 prae—

378 1041 483 1069 sentes
509 1035 642 1075 litteras,
668 1034 763 1066 ctiam
788 1044 824 1065 ex
851 1042 888 1064 eo
913 1030 999 1073 quod
1023 1034 1113 1062 motu

377 1089 511 1132 proprio
547 1086 783 1126 emanaverint,
822 1095 880 1118 nec
910 1083 978 1116 fisci
1011 1083 1114 1116 nostri

376 1146 570 1185 procurz‘itor
595 1145 625 1173 et
648 1149 794 1172 camerae
825 1142 952 1170 nostrae
986 1140 1114 1179 aposto-

377 1195 457 1227 licae
475 1192 711 1227 commissarius
730 1191 902 1234 generalis,
919 1190 1038 1232 aliique
1055 1200 1114 1222 no-

378 1248 435 1281 stri
461 1253 491 1279 et
516 1247 617 1279 dictae
642 1245 732 1278 Sedis
749 1244 901 1277 officiales
916 1248 946 1276 ct
962 1243 1111 1282 ministri,

379 1301 542 1343 ceterique
562 1300 701 1342 desuper
715 1298 869 1330 interesse
884 1297 1041 1329 habentes
1055 1306 1112 1328 seu

378 1353 499 1386 habere
517 1351 778 1395 praetendentes,
805 1350 844 1381 ad
869 1349 1044 1392 praemissa
1060 1359 1114 1381 vo-

377 1406 452 1446 cati,
479 1405 565 1437 citati
590 1410 620 1437 et
645 1404 743 1435 auditi
770 1402 897 1442 suerint,
920 1412 1024 1444 neque
1042 1412 1114 1433 cum

378 1459 424 1492 eis
451 1458 678 1491 concordatum
703 1456 854 1495 extiterit,
880 1455 1004 1497 ipsique
1023 1454 1061 1486 ad
1082 1453 1113 1485 id

378 1523 442 1545 non
468 1511 701 1549 consenserint,
728 1520 783 1542 seu
808 1508 894 1552 quod
912 1518 977 1540 non
997 1507 1041 1540 sic
1058 1507 1114 1540 sed

378 1567 473 1598 aliter
499 1566 615 1597 sactum
640 1575 672 1596 se
698 1563 860 1602 habuerit,
886 1567 917 1594 et
936 1561 1115 1604 praemissa

378 1630 449 1652 cum
478 1629 591 1651 corum
619 1616 867 1649 circumstantiis
894 1620 925 1648 et
953 1614 1116 1658 qualitati-

378 1672 437 1705 bus
452 1673 547 1705 etiam
562 1676 854 1714 quantumcumque
870 1668 1115 1711 aggravantibus

380 1731 442 1759 tam
457 1735 667 1768 personarum
682 1734 777 1767 quam
793 1733 913 1762 rerum,
933 1727 1115 1765 temporum

380 1784 411 1812 et
435 1780 597 1817 locorum,
623 1778 725 1809 aliove
743 1777 854 1819 quovis
877 1780 1035 1818 respectu,
1063 1785 1116 1806 ex-

379 1843 488 1876 pressa
522 1837 553 1863 ct
589 1830 769 1873 specificata
806 1839 871 1862 non
902 1828 983 1868 sint,
1022 1833 1115 1860 etex

380 1884 543 1927 quibusvis
568 1883 638 1915 aliis
663 1882 766 1914 causis
785 1881 986 1924 quantumvis
1010 1880 1117 1922 legiti-

959 239 1139 264 BPLLARIUM
1163 237 1314 261 ROMANUM

1161 286 1288 318 testatis
1308 284 1512 327 plenitudine
1530 284 1662 328 paribus
1680 282 1826 323 concedi,
1842 287 1897 315 aut

1159 340 1203 371 ita
1227 349 1383 371 concesso
1410 338 1595 381 quempiam
1627 337 1658 369 in
1690 336 1809 369 iudicio
1843 335 1894 368 vel

1159 397 1249 425 extra
1269 392 1349 424 illud
1366 391 1413 423 uti
1427 391 1613 423 nullatenus
1628 400 1771 433 unquam
1784 399 1893 432 posse,

1158 445 1330 488 minusque
1346 443 1477 479 easdem
1491 448 1679 486 praesentes
1695 443 1820 475 litteras
1834 441 1894 474 sub

1158 498 1324 541 quibusvis
1349 497 1501 529 similium
1515 496 1575 528 'vel
1597 495 1803 528 dissimilium
1824 505 1895 537 gra-

1158 551 1273 583 tiarum
1298 549 1580 589 revocationibus,
1605 547 1894 591 suspensionibus,

1157 603 1404 636 limitationibus
1428 603 1478 635 vel
1503 601 1572 634 aliis
1597 600 1767 634 contrariis
1786 599 1897 643 dispo-

1157 656 1348 697 sitionibus,
1376 657 1472 689 etiam
1497 665 1556 698 per
1585 665 1645 687 nos
1677 659 1708 686 et
1732 653 1895 686 Romanos

1156 708 1329 742 Pontifices
1355 719 1561 742 successores
1587 712 1732 747 nostros,
1762 706 1895 739 Sedem-

1157 773 1218 805 que
1236 763 1424 805 praefatam,
1436 762 1494 794 sub
1506 761 1708 804 quibuslibet
1720 760 1895 792 verborum

1156 815 1323 848 tenoribus
1348 820 1380 847 et
1404 814 1515 847 formis
1530 840 1537 853 ,
1563 824 1599 846 ac
1623 823 1696 845 cum
1726 811 1893 855 quibusvis

1155 869 1309 901 clausulis
1333 873 1366 900 et
1389 868 1528 900 decretis
1555 866 1825 910 quandocumque
1850 864 1894 897 sa-

1156 921 1279 953 ciendis
1301 920 1548 963 comprehendi,
1569 924 1623 951 aut
1639 917 1893 960 comprehensas

1156 974 1302 1013 censeri,
1329 974 1387 1005 sed
1413 983 1541 1015 semper
1565 972 1604 1004 ab
1628 971 1692 1004 illis
1721 975 1892 1013 exceptas,

1156 1032 1189 1059 et
1213 1027 1341 1069 quoties
1366 1027 1440 1059 illae
1466 1025 1710 1063 emanaverint,
1740 1024 1837 1056 toties
1863 1024 1897 1056 in

1154 1080 1339 1123 pristinum,
1365 1078 1649 1120 firmissimumque
1676 1082 1708 1109 et
1733 1076 1896 1109 validissi-

1154 1143 1254 1173 mum,
1281 1142 1418 1175 eumque
1444 1132 1477 1164 in
1503 1141 1566 1174 quo
1593 1135 1688 1163 antea
1713 1130 1895 1173 quomodo-

1155 1186 1236 1218 libet
1260 1190 1360 1225 erant‚
1389 1190 1509 1218 statum
1533 1183 1707 1224 restitutas,
1733 1183 1895 1226 repositas

1156 1243 1188 1271 et
1200 1238 1345 1281 plenarie
1359 1237 1582 1280 reintegratas,
1594 1241 1625 1268 et
1639 1236 1677 1268 de
1694 1246 1778 1268 novo
1795 1235 1894 1268 etiam

1156 1291 1216 1322 sub
1235 1300 1435 1333 quacumque
1456 1288 1633 1332 posteriori
1652 1289 1733 1327 data,
1751 1298 1810 1331 per
1825 1298 1893 1328 eos,

1156 1344 1196 1376 ad
1222 1354 1303 1386 quos
1328 1347 1453 1386 spectat
1485 1347 1516 1375 et
1546 1352 1606 1385 pro
1640 1346 1787 1384 tempore
1822 1351 1895 1384 spe-

1155 1397 1261 1436 stabit,
1289 1407 1442 1429 eorumve
1468 1395 1655 1438 quemlibet,
1675 1394 1895 1436 quandocum-

1157 1461 1219 1494 que
1238 1450 1396 1492 eligenda,
1419 1458 1589 1481 concessas
1611 1446 1758 1489 intelligi,
1780 1457 1895 1489 perpe-

1135 1503 1278 1547 ‘tuoque
1302 1503 1424 1535 validas
1456 1507 1488 1535 et
1518 1501 1664 1534 efficaces
1696 1500 1835 1533 existere
1861 1504 1895 1532 et

1135 1557 1237 1596 lore,
1265 1565 1408 1598 suosque
1433 1554 1597 1597 plenarios
1624 1558 1657 1586 et
1682 1553 1827 1595 integros
1849 1552 1894 1584 es-

1157 1610 1258 1641 sectus
1284 1608 1391 1641 sortiri
1417 1612 1449 1640 et
1472 1607 1640 1647 obtinere,
1666 1616 1703 1638 ac
1727 1604 1895 1637 inviolabi-

1156 1662 1230 1696 liter
1254 1666 1286 1695 et
1309 1661 1504 1694 inconcusse
1530 1659 1707 1699 observari,
1733 1657 1895 1691 omnibus-

1158 1726 1220 1758 que
1245 1719 1277 1747 et
1300 1714 1437 1756 singulis
1462 1712 1624 1756 praefatis,
1656 1716 1692 1743 ut
1723 1721 1831 1753 supra,
1862 1710 1896 1742 in

1158 1768 1309 1802 omnibus
1334 1772 1367 1800 et
1391 1777 1449 1810 per
1481 1766 1589 1799 omnia
1616 1764 1803 1808 plenissime
1835 1762 1896 1796 suf-

1158 1822 1288 1864 sragari.

1202 1875 1216 1918 ξ
1241 1874 1272 1908 9.
1298 1873 1446 1914 Necnon,
1474 1873 1505 1905 in
1530 1876 1680 1905 eventum
1705 1881 1770 1914 quo
1796 1879 1896 1914 super

380 1938 440 1969 mis
465 1942 496 1969 ct
520 1936 672 1975 iuridicis,
692 1946 726 1967 ac
744 1946 779 1967 cx
802 1944 1006 1977 quocumque
1025 1943 1117 1976 prae·
1133 1942 1139 1964 t
1158 1927 1355 1971 praemissis,
1374 1931 1427 1959 aut
1447 1936 1560 1958 eorum
1577 1925 1685 1968 aliqua
1705 1928 1808 1967 parte,
1835 1933 1897 1955 am-

380 1996 482 2029 textu,
511 1990 601 2022 titulo
628 1994 659 2021 ct
683 1988 841 2031 capitulo,
869 1987 964 2020 etiam
990 1987 1021 2018 in
1047 1997 1117 2019 cor-
1137 1967 1141 2024 i
1159 1981 1362 2023 biguitatem,
1389 1978 1655 2017 controversiain,
1683 1976 1838 2017 dubium,
1864 1975 1897 2008 li-

380 2054 460 2087 pore
487 2043 563 2075 iuris
588 2043 715 2080 clauso,
751 2041 789 2072 de
821 2039 1041 2083 subreptionis
1066 2040 1116 2072 vel
1137 2062 1140 2086 1
1160 2039 1223 2066 tem
1258 2034 1308 2066 vel
1345 2031 1589 2065 contentionem
1623 2029 1816 2062 iudicialiter
1846 2029 1896 2060 vel

382 2096 582 2138 obrtptionis
613 2100 665 2127 aut
689 2093 845 2126 nullitatis
871 2093 962 2133 vitio,
989 2103 1045 2124 seu
1070 2092 1117 2124 in-

382 2149 535 2181 tentionis
553 2152 678 2180 nostrae
696 2147 745 2179 vel
764 2147 917 2188 quopiam
935 2145 998 2177 alio
1017 2155 1117 2187 quan-

384 2202 530 2234 tumlibet
555 2210 690 2242 magno,
718 2199 939 2237 substantiali,
966 2198 1114 2237 formali,

383 2254 558 2296 incogitato
585 2258 616 2285 ct
640 2251 879 2294 inexcogitabili
905 2251 1030 2283 defectu
1062 2261 1119 2283 no-

383 2307 455 2345 tari,
482 2306 677 2349 impugnari,
703 2305 869 2347 redargui,
898 2304 1043 2346 infringi,
1069 2314 1119 2335 re-

384 2360 533 2396 tractari,
559 2359 704 2397 limitari,
730 2357 929 2397 modificari,
958 2356 1118 2395 rescindi,

384 2412 558 2451 annullari,
586 2412 622 2443 ad
650 2412 804 2443 terminos
830 2411 906 2442 iuris
923 2409 1043 2449 reduci,
1069 2409 1118 2441 vel

385 2466 534 2498 adversus
553 2465 623 2496 illas
641 2463 829 2506 apraifionis
846 2463 923 2503 oris,
943 2461 1120 2495 restitutio-

384 2518 434 2550 nis
465 2518 497 2549 in
531 2517 710 2558 integrum,
736 2516 860 2548 aliudve
894 2516 1120 2558 quodcumque

385 2572 477 2609 iuris,
506 2570 578 2602 sacti
604 2570 653 2601 vel
680 2569 801 2610 gratiae
825 2568 1003 2600 remedium
1021 2568 1122 2610 impc-

387 2624 483 2662 trari,
511 2634 567 2655 seu
595 2623 691 2655 ctiam
717 2627 821 2660 motu,
849 2620 984 2653 scicntia
1010 2625 1042 2652 et
1065 2630 1122 2662 po-

1160 2085 1446 2118 extraiudicialiter
1470 2083 1547 2116 oriri
1572 2083 1620 2115 vel
1647 2081 1769 2114 moveri
1800 2080 1898 2113 conti·

1159 2139 1253 2182 gerit,
1278 2148 1406 2180 semper
1427 2137 1465 2169 ad
1482 2135 1625 2169 omnium
1643 2140 1675 2167 et
1696 2134 1898 2175 singulorum

1159 2192 1381 2236 praefatorum
1406 2189 1632 2227 commodum,
1663 2187 1836 2219 utilitatem
1866 2191 1898 2218 et

1139 2237 1303 2278 Ysavorem
1326 2243 1460 2283 resolvi,
1488 2242 1613 2281 decidi,
1640 2239 1771 2273 decerni
1797 2245 1828 2272 et
1853 2239 1896 2271 in-

1161 2298 1344 2342 terpretari,
1370 2297 1482 2339 sicque
1508 2301 1539 2328 et
1563 2305 1628 2327 non
1654 2293 1748 2326 aliter
1775 2293 1808 2325 in
1834 2302 1897 2325 orn-

1162 2352 1256 2384 nibus
1282 2355 1314 2383 et
1337 2349 1474 2391 singulis
1499 2346 1689 2392 praemissis
1712 2356 1772 2389 per
1804 2355 1897 2388 quos-

1162 2414 1301 2447 cumque
1326 2403 1449 2435 iudiccs
1475 2401 1659 2435 ordinarios
1674 2399 1897 2440 etdelegatos‚

1162 2457 1260 2490 etiam
1285 2467 1454 2490 causarum
1483 2454 1594 2497 palatii
1619 2450 1790 2496 apostolici
1815 2449 1901 2483 audi-

1163 2517 1262 2550 tores,
1289 2521 1325 2543 ac
1350 2510 1381 2542 S.
1402 2509 1439 2541 R.
1459 2508 1493 2540 E.
1522 2507 1715 2545 cardinales,
1742 2503 1839 2537 etiam
1860 2503 1900 2536 de

1164 2566 1263 2597 latcrc
1288 2565 1423 2606 legatos,
1450 2563 1658 2605 ipsorumque
1687 2556 1900 2591 cardinalium

1164 2617 1348 2660 collegium,
1374 2625 1503 2649 necnon
1520 2612 1732 2647 camerarium
1749 2620 1806 2644 seu
1825 2617 1900 2652 pro-

1902 232 1949 258 An.
1965 230 1994 257 C.
2016 228 2084 256 ¹6⁴5ss

1942 1871 1972 1891 Ab
1995 1870 2094 1891 omnibu«

1907 1897 1996 1919 iudicari
2020 1902 2094 1917 secun·

1908 1924 1956 1945 dum
1991 1928 2093 1948 praesen-

1908 1951 1959 1971 tium
1975 1950 2094 1970 tuter-arum

1908 1979 2013 1998 tenorem.

2239 816 2247 839 a:
2234 701 2247 810 nean-2
