2247 3208
234 210 285 235 An.
300 209 326 236 c.
352 208 418 235 1654
464 200 527 231 280

254 2239 364 2260 Duri-etum
373 2239 407 2260 de-

225 2265 319 2290 {innon-ii.

423 254 557 298 Hispani
575 263 645 285 cum
662 251 862 285 naturalibus
879 251 1091 284 communiter
1108 260 1163 293 ap-

423 306 534 351 pellati
550 332 557 346 ,
584 311 618 338 ut
644 310 737 337 antea
762 304 910 343 diximus,
937 303 1092 343 Crianos,
1126 303 1160 336 in

423 358 573 393 omnibus
588 356 802 390 electionibus
818 361 849 390 et
862 355 1040 390 officiorum
1057 355 1159 388 distri-

422 411 556 445 butione
581 411 705 444 summa
733 410 875 452 gaudent
897 419 974 453 pace
991 436 998 449 ‚
1029 413 1060 442 et
1091 419 1157 442 non

421 468 468 497 est
493 463 633 507 iurgium
659 463 821 506 quoddam
845 463 931 495 inter
955 462 1066 505 ipsos,
1095 461 1159 495 imo

421 516 668 550 confraternitas
695 515 935 555 desiderabilis,
961 519 993 548 et
1021 514 1160 548 amicitia

420 575 530 603 mutua
553 569 625 602 unis
649 579 720 602 cum
740 568 850 602 alteris
868 569 1051 602 intercedit.
1073 569 1159 601 Haec

420 623 516 655 etiam
540 622 730 655 alternativa
755 622 894 655 habetur
912 631 971 664 pro
989 622 1158 655 commodo

419 676 554 720 speciali
589 675 729 709 iustitiae
766 675 987 709 distributivae
1022 675 1056 707 in
1091 674 1156 708 illis

419 728 567 772 partibus
600 727 708 761 Limae
737 728 831 771 ‚apud
866 732 976 771 patres
1009 725 1158 770 Augusti-

419 782 534 815 nianos
557 782 650 824 regni
675 782 714 815 de
738 779 843 821 Quito,
861 781 944 824 apud
965 784 1072 823 patres
1095 779 1158 813 Do-

418 834 623 874 menican0s;
651 838 683 867 et
707 834 752 866 sic
780 834 881 867 multa
909 833 971 866 alia
995 834 1158 876 exempla-

418 886 474 927 ria,
502 897 585 930 quae
608 896 670 920 nec
693 887 793 919 latent
817 896 877 919 nec
897 887 999 919 latere
1024 890 1157 928 possunt

417 940 557 972 maxime
587 939 672 983 apud
701 944 851 982 regentes
883 944 915 972 et
939 939 1157 982 gubernantes

420 993 590 1033 homines,
621 993 675 1036 qui
713 993 842 1035 quidem
875 997 950 1024 sunt
983 992 1099 1024 diversi
1123 990 1156 1023 in

418 1045 561 1086 natione,
592 1045 709 1088 patria,
734 1045 895 1084 moribus,
921 1049 982 1078 etc.
1009 1044 1076 1077 Hoc
1098 1049 1154 1084 est,

419 1099 589 1131 reverendi
618 1103 726 1142 patres
754 1097 870 1137 nostri,
902 1098 990 1141 quod
1018 1108 1036 1130 a
1063 1098 1156 1130 nobis

418 1153 609 1196 postulatur,
637 1151 669 1183 in
694 1151 782 1184 cuius
808 1150 992 1184 testimonio
1017 1151 1157 1183 subscri-

418 1204 524 1240 bimus
537 1203 669 1238 nomina
681 1208 801 1243 nostra,
816 1208 860 1243 ut,
876 1203 901 1236 si
915 1201 1155 1236 inconveniens¹

419 1257 531 1299 suerit,
558 1262 594 1290 ut
623 1267 680 1290 nos
708 1256 902 1297 iudicamus,
932 1255 1155 1300 placueritque

418 1316 507 1345 tanto
532 1315 565 1344 et
588 1310 749 1354 superiori
774 1309 910 1351 iudicio,
936 1309 991 1344 flat
1022 1320 1039 1342 a
1069 1319 1157 1343 reve·

417 1364 526 1398 rendis
542 1363 789 1408 paternitatibus
810 1363 935 1398 vestris.
952 1363 1105 1403 Aracaeli,
1125 1368 1158 1396 et

417 1417 494 1451 maii
517 1427 616 1451 xxvm
645 1417 717 1457 die,
742 1426 827 1449 anno
853 1415 977 1450 Domini
1002 1425 1153 1450 tinchw.

462 1470 574 1504 Frater
597 1468 738 1512 Ignatius
762 1469 923 1511 lrraraga,
950 1473 1057 1502 custos
1081 1478 1156 1512 pro-

418 1523 541 1557 vinciae
565 1522 737 1556 Lunensis.

462 1576 575 1610 Frater
588 1576 779 1609 Benedictus
793 1575 831 1608 de
848 1574 929 1615 Iesu,
944 1573 1156 1618 prominister

418 1629 450 1664 S.
476 1629 637 1662 Francisci
662 1627 765 1667 Oueti.

461 1682 573 1717 Frater
596 1683 835 1717 Bartolomaeus
860 1682 1007 1725 Alunque
1022 1708 1030 1723 ,
1050 1686 1155 1714 custos

418 1734 450 1769 S.
476 1735 577 1771 Fidei.

461 1788 574 1822 Frater
598 1788 727 1823 Gabriel
752 1787 867 1829 Alfian,
895 1793 1001 1821 custos
1026 1787 1156 1832 provin—

418 1840 486 1874 ciae
509 1841 683 1880 Quitensis.

461 1895 574 1929 Frater
609 1894 798 1928 Franciscus
834 1895 932 1928 Perez
958 1895 997 1928 de
1021 1894 1154 1935 Ybieta,

418 1953 525 1982 custos
549 1948 758 1982 Charearum.

461 2001 573 2036 Frater
596 2002 732 2035 Ioannes
758 2000 928 2041 Guttierez‚
947 2000 1156 2044 prominister

418 2054 450 2089 S.
478 2055 580 2088 Fidei.

462 2108 575 2140 Frater
590 2108 727 2141 Didacus
744 2107 927 2148 Corottada,
945 2105 1156 2150 prominister

421 2160 460 2194 de
484 2160 654 2196 ChilensiS.

420 2231 573 2272 Supposita
602 2231 741 2270 petitione
763 2229 998 2270 provinciarum,
1022 2228 1156 2259 concedi-

459 2285 507 2311 tur
529 2280 718 2318 alternatim,
741 2279 827 2310 sicuti
854 2279 884 2309 in
910 2278 988 2308 Nova
1014 2273 1155 2317 Hispania

459 2329 503 2360 uti
526 2329 610 2359 solet.

779 2372 825 2400 Die
840 2379 857 2398 v
871 2371 939 2399 iunii
953 2377 1084 2399 unetxw.

562 2426 673 2460 Frater
690 2426 801 2460 Basms
818 2436 835 2458 a
852 2425 1044 2465 Bensumea,

443 2480 596 2515 definitor
610 2489 735 2523 gener„
752 2484 782 2511 et
799 2483 916 2511 secret.
932 2476 1107 2511 definitorii
1122 2488 1135 2508 r>
1146 2502 1153 2509 .

458 2552 470 2578 1
492 2550 604 2578 Videtur
627 2549 770 2585 legendum
789 2548 819 2575 id
841 2549 1011 2576 conveniens
1034 2555 1083 2583 pro
1107 2547 1156 2575 in-

422 2596 592 2627 conveniens
607 2596 643 2631 (a.
659 2594 708 2630 T.).

1009 204 1188 228 BULLARIL'M
1213 203 1365 228 ROMAXL'M

1946 208 1995 234 An.
2009 208 2036 234 C.
2061 208 2125 235 ¹665

1247 250 1264 293 ᾗ
1285 250 1316 282 2.
1343 250 1420 284 Cum
1443 257 1563 291 autem,
1590 253 1673 286 sicut
1699 255 1813 287 eadem
1838 265 1937 299 expo·
1973 267 2112 295 Supplicatum

1203 302 1277 336 sitio
1301 302 1542 347 subiungebat,
1574 306 1706 348 praefati
1739 312 1937 351 exponentes

1203 356 1369 389 decretum
1393 357 1590 398 huiusmodi,
1610 369 1672 402 quo
1689 359 1810 393 firmius
1835 361 1937 394 subsi-

1202 413 1264 442 stat
1278 413 1308 442 et
1324 414 1468 444 servetur
1484 412 1634 453 exactius,
1652 413 1848 456 apostolicae
1866 424 1937 447 con-

1201 461 1392 496 firmationis
1409 468 1537 497 nostrae
1550 466 1729 508 patrocinio
1746 467 1935 503 communiri

1201 525 1406 560 summopere
1432 516 1628 551 desiderent:
1730 558 1733 561 ¹
1752 522 1755 525 '
1773 526 1775 528 ’

1244 568 1258 611 ἓ
1281 568 1313 602 3.
1340 568 1415 610 Nos,
1442 569 1616 613 specialem
1644 571 1722 614 ipsis
1750 573 1937 616 exponenti·
1973 585 2126 615 nem-omma&

1199 621 1258 653 bus
1279 622 1415 663 gratiam
1450 622 1556 655 facere
1582 624 1739 663 volentes,
1767 629 1800 657 et
1823 635 1935 658 eorum
1946 611 2130 658 ¹1i1'22'i‘'25{fuifr'22'1'1'.'‘'

1199 673 1380 716 singulares
1396 685 1552 719 personas
1582 687 1599 710 a
1627 677 1793 720 quibusvis
1808 688 1936 711 excom-

1199 727 1437 768 municationis,
1453 729 1679 772 suspensionis
1705 735 1737 762 et
1760 730 1933 770 interdicti,

1199 779 1336 823 aliisque
1362 781 1594 815 ecclesiasticis
1617 783 1798 822 sententiis,
1821 794 1936 817 censu-

1199 831 1243 863 ris
1277 838 1309 864 ct
1339 833 1465 876 poenis,
1491 845 1509 867 a
1532 834 1602 867 iure
1634 836 1685 868 vel
1719 836 1758 868 ab
1784 836 1933 875 homine,

1200 885 1310 928 quavis
1337 886 1510 921 occasione
1531 889 1582 920 vel
1607 889 1704 920 causa
1720 887 1803 928 latis,
1823 888 1848 921 si
1866 889 1936 932 qui-

1198 939 1257 970 bus
1273 939 1702 981 quomodolibetinnodatae
1723 940 1875 981 existunt,
1894 942 1934 975 ad

1199 990 1348 1023 effectum
1372 992 1595 1034 praesentium
1625 993 1789 1027 dumtaxat
1812 1004 1932 1027 conse-

1198 1044 1383 1087 quendum,
1410 1044 1526 1077 harum
1552 1044 1637 1078 serie
1669 1045 1878 1079 absolventes
1903 1051 1936 1079 et

1198 1097 1364 1130 absolutas
1396 1097 1466 1130 sore
1503 1102 1698 1138 censentes,
1724 1099 1934 1142 supplicatio-

1197 1150 1292 1182 nibus
1318 1160 1430 1183 eorum
1455 1149 1586 1183 nomine
1619 1150 1714 1184 nobis
1747 1161 1847 1195 super
1871 1152 1935 1184 hoc

1198 1202 1366 1235 humiliter
1388 1203 1550 1247 porrectis
1566 1203 1721 1243 inclinati,
1741 1204 1780 1236 de
1799 1214 1935 1237 venera-

1198 1255 1312 1289 bilium
1328 1256 1462 1289 fratrum
1479 1261 1662 1289 nostrorum
1676 1256 1707 1289 S.
1724 1255 1761 1289 R.
1777 1256 1812 1289 E.
1832 1257 1936 1293 cardi-

1198 1308 1329 1347 nalium,
1350 1308 1488 1352 negotiis
1510 1314 1541 1342 et
1560 1309 1850 1344 consultationibus
1871 1310 1935 1354 epi-

1198 1371 1369 1404 scoporum
1386 1366 1418 1394 et
1440 1361 1638 1404 regularium
1663 1362 1932 1406 praepositorum,

1198 1414 1351 1455 consilio,
1383 1415 1512 1448 attentis
1541 1415 1696 1455 narratis,
1723 1425 1759 1448 ac
1781 1415 1851 1447 viso
1875 1424 1935 1458 per

1199 1468 1330 1501 eosdem
1347 1467 1525 1501 cardinales
1540 1468 1668 1501 decreto
1686 1467 1861 1501 definitorii
1879 1477 1935 1510 ge·

1198 1521 1315 1554 neralis
1349 1521 1545 1564 praeinserti
1580 1520 1706 1554 tenoris
1747 1521 1934 1554 authentica

1197 1574 1301 1608 forma
1325 1574 1481 1614 exhibito,
1500 1575 1606 1618 ipsum
1625 1575 1800 1615 decretum,
1826 1580 1934 1607 aucto-

1197 1628 1294 1661 ritate
1325 1628 1524 1671 apostolica,
1551 1632 1665 1661 tenore
1693 1627 1934 1673 praesentium,

1197 1680 1338 1724 benigne
1371 1681 1590 1726 approbamus
1623 1686 1655 1714 et
1686 1680 1932 1721 confirmamus,

1197 1739 1229 1768 et
1252 1734 1434 1768 executioni
1459 1734 1648 1768 demandari
1665 1733 1832 1774 iubemus·,
1851 1734 1936 1767 salva

1198 1793 1304 1823 tamen
1329 1796 1458 1831 semper
1482 1788 1514 1820 in
1538 1787 1721 1831 praemissis
1747 1787 1935 1820 auctoritate

1198 1842 1462 1885 congregationis
1476 1842 1696 1885 praefatorum
1709 1841 1932 1874 cardinalium.

1241 1896 1256 1939 ἓ
1278 1895 1310 1929 [ι.
1336 1895 1560 1928 Decernentes
1586 1894 1719 1927 easdem
1739 1898 1934 1937 praesentes

1197 1949 1325 1982 litteras
1351 1958 1482 1992 semper
1503 1947 1622 1988 firmas,
1639 1946 1763 1980 validas
1778 1952 1811 1980 et
1829 1947 1936 1979 effica-

1198 2012 1251 2034 ces
1278 2001 1419 2034 existere
1438 2005 1470 2034 et
1494 2001 1574 2040 sore,
1597 2010 1742 2043 suosque
1766 1999 1934 2043 plenarios

1198 2059 1230 2087 et
1254 2054 1401 2095 integros
1420 2052 1555 2086 effectus
1574 2051 1686 2085 sortiri
1714 2056 1746 2084 et
1770 2051 1933 2091 obtinere,

1197 2117 1234 2139 ac
1258 2106 1336 2145 illis,
1351 2106 1390 2138 ad
1416 2115 1497 2148 quos
1519 2109 1648 2148 spectat
1665 2109 1697 2137 et
1712 2114 1772 2147 pro
1787 2109 1936 2147 tempore

1198 2159 1378 2203 spectabit,
1405 2157 1592 2201 plenissime
1620 2156 1812 2200 suffragari,
1839 2162 1871 2189 et
1895 2158 1935 2190 ab

1197 2212 1261 2245 illis
1286 2211 1463 2255 respective
1492 2210 1720 2243 inviolabiliter
1747 2210 1932 2250 observari,

1198 2264 1311 2307 sicque
1342 2263 1375 2296 in
1400 2262 1586 2306 praemissis
1616 2273 1678 2306 per
1710 2272 1936 2306 quoscumque

1196 2317 1323 2350 iudices
1349 2316 1532 2349 ordinarios
1559 2320 1591 2349 et
1623 2316 1811 2358 delegatos,
1837 2315 1935 2348 etiam

1198 2379 1371 2403 causarum
1403 2369 1516 2412 palatii
1553 2368 1727 2412 apostolici
1758 2368 1936 2407 auditores,

1197 2421 1336 2455 iudicari
1359 2426 1392 2454 et
1420 2421 1549 2455 definiri
1575 2422 1719 2461 debere,
1745 2431 1782 2453 ac
1805 2420 1937 2452 irritum

1199 2480 1232 2508 et
1247 2475 1346 2507 inane
1363 2474 1390 2507 si
1407 2484 1502 2507 secus
1520 2484 1622 2517 super
1641 2473 1692 2506 his
1718 2483 1735 2505 a
1757 2482 1934 2516 quoquam,

1199 2528 1312 2571 quavis
1326 2527 1535 2567 auctoritate,
1554 2526 1698 2559 scienter
1712 2527 1762 2559 vel
1781 2525 1937 2568 ignoran-

1200 2585 1262 2622 ter,
1288 2580 1464 2624 contigerit
1488 2579 1656 2613 attentari.

1972 1900 2084 1922 Decretum
2101 1902 2130 1923 ir·

1946 1928 2018 1949 citans.
