2247 3208
188 254 246 299 ‘Am
269 270 296 297 c.
320 269 385 297 1669
433 260 496 294 826

249 437 378 456 Hecenselur

196 463 301 482 decretum
321 461 378 486 capi-

196 489 357 513 ltittgencffllff.
390 475 596 518 generalatus
632 472 760 505 Ordinis
796 472 930 504 fratrum
966 471 1126 503 Minorum

203 2175 324 2195 Muileriitnr
335 2175 368 2194 ile-

203 2210 205 2218 t
227 2208 266 2219 'tihi
288 2208 369 2225 ltiHlCIU·

187 2230 265 2246 sertum
275 2230 296 2247 ut
308 2234 327 2247 in
339 2234 371 2248 rn-

604 314 737 342 Clemens
757 312 835 347 Papa
856 311 908 345 lx,

506 361 540 387 ad
562 362 739 394 perpetuam
759 358 804 385 rei
825 356 1005 384 memoriam.

433 423 447 465 ᾗ
473 422 503 454 i.
531 421 608 453 Cum
638 420 738 461 (sieut
762 418 959 461 accepimus)
985 417 1125 450 officium

391 527 493 559 sancti
518 525 680 559 Francisci
698 524 977 568 Cappuccinorurn
1002 534 1126 556 nuncu-

387 585 537 623 patorum
550 580 588 612 de
604 578 768 622 praesenti
779 581 878 617 vacet,
891 587 949 620 per
963 576 1124 620 quoddam

386 643 461 665 vero
487 633 652 665 decretum
678 632 709 663 in
727 630 839 664 ultimo
863 630 1003 673 capitulo
1029 640 1126 672 gene-

387 685 444 718 rali
471 685 545 718 dicti
570 684 699 717 Ordinis
726 683 852 723 sactum,
870 689 903 715 et
918 694 934 715 a
952 683 1044 716 nobis
1066 693 1125 725 per

387 739 540 782 quasdam
567 743 694 770 nostras
714 737 744 768 in
771 736 868 769 simili
894 737 997 769 forma
1015 736 1124 769 Brevis

387 792 438 824 die
455 802 484 824 lx
501 789 696 833 septembris
715 799 866 822 nnetxvn
887 789 1056 832 expeditas
1073 788 1124 822 lit-

387 849 472 876 teras
498 842 730 882 consirmatum,
756 842 946 885 disponatur
975 842 1008 874 in
1040 842 1123 874 haee

385 897 502 929 verba:
536 908 547 925 <i
563 896 639 927 Cum
657 905 720 928 non
746 895 849 937 possit
873 900 965 938 pater
989 905 1124 936 genera-

386 951 426 983 lis
453 951 618 992 complere
646 954 744 981 totam
769 948 936 990 religionis
959 948 1119 981 visitatio-

386 1014 461 1036 nem
487 1003 625 1035 decursu
638 1001 813 1041 sexennii,
836 1001 967 1044 expedit
991 1000 1120 1033 differre

386 1056 526 1089 osticium
551 1055 756 1098 generalatus
787 1065 889 1097 nsque
921 1054 960 1087 ad
992 1059 1122 1097 septen-

385 1109 484 1147 nium,
501 1115 531 1140 et
549 1108 636 1151 quod
661 1107 685 1140 si
712 1108 846 1140 durante
867 1107 1037 1150 septennio
1055 1117 1121 1139 non

385 1163 546 1205 completa
563 1160 744 1193 visitatione
763 1160 907 1199 decedat,
926 1160 1049 1203 primus
1067 1160 1122 1193 de-

384 1214 493 1246 finitor
511 1213 569 1245 sub
590 1213 723 1245 nomine
740 1212 849 1245 vicarii
871 1213 1031 1255 generalis
1049 1224 1122 1256 per-

383 1266 469 1299 ficiat
492 1266 709 1298 visitationem
741 1270 773 1298 et
802 1270 932 1297 maneat
956 1265 988 1297 in
1014 1265 1120 1299 officio

383 1330 485 1362 usque
504 1319 542 1351 ad
558 1319 830 1361 complementum
848 1318 923 1350 dicti
941 1318 1120 1361 septennii·,

384 1372 454 1415 ipso
480 1378 586 1404 autem
612 1371 786 1414 impedito,
813 1372 864 1404 vel
889 1381 954 1404 non
979 1372 1118 1412 valente,

383 1425 536 1457 succedat
559 1424 640 1456 alius
672 1423 823 1456 definitor
854 1423 1011 1466 gradatim
1034 1423 1122 1456 iuxta

385 1476 637 1510 constitutiones
656 1489 682 1517 »3
712 1482 744 1509 et
774 1477 912 1520 proinde
942 1477 1027 1509 iuxta
1059 1477 1121 1509 hoc

385 1531 554 1563 decretum
573 1530 686 1563 electio
710 1531 784 1563 novi
814 1530 954 1562 ministri
986 1540 1122 1573 genera-

384 1584 424 1616 lis
454 1583 583 1616 Ordinis
615 1583 773 1626 praedicti
799 1589 871 1615 ante
898 1583 1120 1616 Pentecostem

383 1637 457 1668 anni
477 1646 617 1669 nnctxiv
633 1636 699 1667 sieri
719 1646 783 1668 non
802 1636 932 1668 debeat:
950 1646 1016 1674 nos,
1033 1636 1120 1668 felici

382 1699 607 1732 prosperoque
634 1687 780 1721 eiusdem
810 1687 937 1720 Ordinis
969 1688 1119 1731 regimini

383 1746 414 1774 et
431 1741 600 1783 gubernio,
620 1746 774 1784 quantum
793 1741 887 1773 nobis
907 1752 943 1773 ex
963 1741 1026 1773 alto
1044 1751 1120 1774 con-

383 1793 519 1834 ceditur,
539 1795 720 1833 consulere,
735 1805 771 1826 ac
790 1794 996 1826 incommoda
1014 1799 1047 1826 et
1064 1795 1120 1827 de-

382 1846 544 1884 trimenta,
563 1857 645 1889 quae
672 1847 824 1879 diuturna
841 1848 1047 1889 generalatus
1062 1848 1121 1879 hu-

381 1899 519 1931 iusmodi
538 1900 659 1932 vacatio
686 1900 909 1932 observantiae
928 1905 960 1932 et
978 1900 1120 1944 discipli-

380 1963 440 1984 nae
466 1953 607 1994 regulari
633 1958 728 1995 atque
755 1952 925 1994 religiosae
945 1952 1046 1995 quieti
1067 1953 1120 1986 ad-

381 2006 463 2037 ferre
489 2011 610 2048 posset,
631 2005 802 2038 excludere
821 2005 1007 2048 cupienteS,
1034 2005 1120 2039 aliis-

381 2069 442 2102 que
467 2059 734 2091 conv‹;·nientibus
759 2058 937 2091 rationibus
963 2059 1117 2100 adducti,

381 2112 420 2144 de
439 2113 670 2144 nonnullorum
689 2112 880 2144 dilectorum
897 2111 1038 2144 filiorum
1056 2112 1119 2144 Ro-

382 2176 496 2198 manae
532 2165 640 2197 curiae
679 2165 899 2207 praelatorum
930 2175 1028 2208 super
1056 2165 1119 2197 hoc

381 2218 512 2260 negotio
539 2229 555 2250 a
580 2217 672 2250 nobis
692 2217 877 2260 specialiter
894 2218 1118 2260 deputatorum

383 2271 537 2311 consilio,
573 2272 739 2303 decretum
775 2281 872 2314 supra
908 2281 1116 2314 expressum,

382 2329 537 2366 quantum
555 2324 593 2356 ad
615 2324 904 2366 prosequutionem
929 2323 1117 2357 visitationis

381 2387 399 2408 a
424 2377 526 2419 primo
552 2377 684 2419 aliisque
712 2376 938 2410 definitoribus
964 2377 1039 2409 dicti
1063 2376 1118 2410 Or-

382 2429 465 2462 dinis
488 2429 642 2471 gradatim
668 2435 702 2461 ut
726 2430 909 2473 praefertur
926 2430 1116 2471 faciendam,

381 2493 417 2514 ac
443 2482 719 2515 continuationem
745 2483 917 2516 vacationis
950 2484 1116 2526 generala-

382 2540 431 2567 tus
456 2545 558 2578 usque
583 2536 621 2568 ad
648 2537 922 2578 complementum
953 2535 1115 2579 septennii

382 2588 511 2628 attinet,
546 2587 737 2620 auctoritate
763 2588 941 2631 apostolica
960 2615 967 2628 ,
1001 2594 1114 2621 tenore

383 2641 616 2680 maesentium,
641 2641 846 2673 moderamur
871 2646 902 2674 et
928 2641 1112 2674 reducimus

976 263 1154 288 BULLARIUM
1178 261 1330 288 ROMANUM

1168 311 1207 344 ad
1232 311 1369 344 sormam
1400 317 1431 344 et
1455 316 1604 345 tenorem
1636 312 1905 346 constitutionum

1168 363 1312 396 eiusdem
1336 363 1475 405 Ordinis,
1501 365 1618 407 quibus
1645 364 1832 408 disponitur
1853 369 1907 401 ut,

1169 415 1339 449 eveniente
1358 422 1463 449 morte
1488 416 1624 449 ministri
1643 417 1802 459 generalis
1820 422 1910 451 ante-

1168 479 1265 512 quam
1291 474 1419 512 tempus
1446 479 1536 501 suum
1562 468 1789 511 compleverit,
1814 469 1909 502 mini-

1168 527 1237 553 ster
1270 522 1478 564 provincialis
1507 522 1592 554 illius
1623 522 1825 564 provinciae,
1852 522 1907 554 ubi

1168 574 1355 614 decesserit,
1369 574 1399 608 id
1415 575 1584 608 confestim
1600 574 1780 616 significare
1792 574 1908 607 debeat

1166 628 1368 670 procuratori
1387 628 1532 670 generali
1554 627 1631 660 dicti
1648 627 1777 660 Ordinis
1795 627 1826 659 in
1845 627 1907 660 hac

1166 681 1250 712 alma
1273 680 1357 713 Urbe
1382 680 1547 720 residenti,
1574 680 1627 723 qui
1653 681 1828 723 capitulum
1854 690 1908 722 ge-

1166 734 1276 766 nerale
1297 744 1356 776 pro
1378 733 1536 766 electione
1564 733 1663 764 futuri
1688 732 1827 765 ministri
1853 742 1907 775 ge-

1166 786 1286 818 neralis
1303 785 1392 818 illico
1418 796 1599 818 convocare
1622 790 1789 826 teneatue,
1807 790 1905 828 atque

1165 839 1208 871 ita
1233 848 1361 881 semper
1378 838 1410 870 in
1429 839 1571 871 futurum
1596 838 1716 871 serrari
1740 839 1903 878 volumus;

1165 897 1197 924 et
1221 897 1396 934 propterea
1428 892 1648 934 praecipimus
1684 890 1804 924 dilecto
1837 891 1904 924 filio

1165 944 1321 977 moderno
1356 945 1558 987 procuratori
1595 943 1739 986 generali
1773 943 1903 976 Ordinis

1164 997 1299 1040 praefati
1324 1002 1358 1029 ut
1381 997 1558 1040 capitulum
1590 997 1743 1039 generale
1775 995 1903 1029 Ordinis

1164 1049 1349 1082 huiusmodi
1383 1049 1413 1092 in
1440 1054 1588 1093 tempore
1619 1054 1650 1081 et
1681 1049 1819 1081 termino
1844 1059 1904 1092 per

1163 1102 1411 1136 constitutiones
1431 1103 1589 1145 praefatas
1613 1101 1822 1145 praescriptis
1844 1112 1902 1145 pro

1164 1155 1325 1188 electione
1351 1154 1422 1187 novi
1449 1154 1587 1187 ministri
1621 1154 1783 1197 generalis
1815 1154 1902 1186 eius-

1164 1208 1238 1240 dem
1262 1207 1390 1240 Ordinis
1409 1207 1642 1240 eelehrandum
1660 1207 1903 1250 quamprimum

1163 1259 1349 1300 convocet¹‚
1372 1271 1408 1293 ac
1425 1260 1498 1302 iltis,
1520 1260 1560 1293 ad
1584 1270 1666 1303 quos
1692 1264 1826 1303 spectat,
1854 1259 1902 1292 in-

1164 1313 1264 1354 timet,
1290 1324 1346 1346 seu
1371 1313 1511 1347 intimari
1537 1316 1628 1346 curet
1652 1318 1684 1346 et
1707 1313 1818 1353 faciat;
1850 1323 1903 1346 su-

1163 1366 1321 1410 pradictis
1339 1367 1458 1400 nostris
1476 1366 1592 1399 litteris
1614 1366 1719 1409 quoad
1744 1371 1851 1398 cetera
1869 1366 1902 1398 in

1164 1430 1221 1452 suo
1246 1419 1356 1462 vigore
1380 1419 1635 1452 remanentibus.

1206 1472 1221 1514 ἓ
1245 1472 1275 1505 2.
1303 1472 1524 1504 Decernentes
1547 1472 1679 1504 easdem
1704 1475 1899 1514 praesentes

1163 1525 1290 1560 litteras
1316 1535 1448 1568 semper
1472 1524 1597 1564 firmas,
1624 1524 1748 1557 validas
1779 1528 1811 1556 et
1836 1524 1903 1556 effi-

1163 1589 1258 1612 caces
1284 1579 1425 1611 existere
1452 1583 1484 1610 et
1515 1578 1595 1617 sore,
1622 1587 1766 1620 suosque
1791 1578 1904 1620 plena-

1164 1631 1230 1663 rios
1257 1635 1289 1663 et
1313 1630 1462 1673 integros
1488 1629 1624 1662 effeetus
1650 1629 1763 1662 sortiri
1790 1635 1822 1662 et
1847 1630 1904 1662 ob-

1165 1684 1290 1724 tinere,
1324 1694 1360 1716 ac
1380 1684 1419 1715 ab
1444 1683 1521 1724 illis,
1555 1684 1595 1716 ad
1614 1693 1696 1726 quos
1714 1688 1841 1727 spectat
1872 1687 1905 1716 et

1163 1747 1224 1780 pro
1252 1742 1399 1780 tempore
1430 1737 1701 1780 quandocumque
1725 1736 1901 1779 spectabit,

1163 1790 1196 1822 in
1221 1790 1372 1823 omnibus
1388 1795 1430 1822 vet
1453 1800 1513 1833 per
1535 1790 1642 1822 omnia
1665 1789 1902 1822 inviolabiliter

1164 1843 1343 1883 observari,
1354 1843 1467 1886 sicque
1482 1843 1515 1875 in
1530 1842 1721 1886 praemissis
1734 1853 1794 1886 per
1808 1853 1904 1885 quos-

1163 1906 1304 1939 cumque
1336 1895 1463 1928 iudices
1497 1895 1682 1928 ordinarios
1714 1899 1747 1927 et
1771 1895 1903 1937 delega-

1163 1955 1213 1983 tos
1229 1977 1237 1990 ,
1265 1949 1362 1982 etiam
1391 1959 1563 1982 causarum
1588 1948 1701 1992 palatii
1727 1948 1901 1991 apostolici

1162 2003 1350 2042 auditores,
1376 2002 1513 2035 iudicari
1546 2007 1578 2034 et
1603 2001 1731 2034 definiri
1757 2001 1899 2041 debere,

1162 2066 1198 2088 ac
1218 2055 1347 2088 irritum
1374 2060 1406 2087 et
1430 2055 1526 2087 inane
1553 2054 1579 2086 si
1605 2064 1701 2086 secus
1727 2064 1828 2097 super
1849 2053 1899 2085 his

1162 2120 1179 2141 a
1204 2119 1370 2152 quoquam
1386 2134 1394 2148 ,
1427 2107 1538 2150 quavis
1564 2106 1772 2146 auctoritate,
1795 2106 1902 2138 scien-

1161 2167 1212 2194 ter
1231 2163 1279 2194 vel
1304 2162 1509 2204 ignoranter,
1531 2159 1708 2202 contigerit
1731 2157 1898 2191 attentari.

1204 2216 1218 2258 ἓ
1243 2215 1271 2248 3.
1297 2215 1367 2248 Non
1393 2213 1596 2247 obstantibus
1631 2213 1762 2245 decreto
1793 2217 1825 2244 et,
1849 2211 1901 2243 lit-

1161 2268 1239 2301 teris
1264 2267 1386 2300 nostris
1411 2266 1574 2310 praefatis,
1601 2265 1739 2308 aliisque
1771 2264 1902 2297 ordina·

1161 2321 1303 2354 tionibus
1330 2326 1362 2354 et
1382 2319 1669 2352 constitutionibus
1695 2317 1897 2361 apostolicis,

1160 2375 1342 2417 ceterisque
1369 2372 1541 2406 contrariis
1568 2372 1841 2415 quibuscumque.

1202 2429 1217 2471 g
1240 2427 1272 2460 4.
1292 2427 1443 2460 Volumus
1462 2430 1571 2459 autem
1588 2431 1624 2457 ut
1640 2425 1785 2468 ipsarum
1805 2434 1897 2468 prae-

1158 2481 1298 2514 sentium
1337 2480 1520 2512 litterarum
1560 2478 1773 2521 transumptis
1792 2503 1800 2517 ,
1837 2487 1895 2509 seu

1158 2534 1328 2578 exemplis,
1345 2533 1441 2565 etiam
1453 2531 1633 2576 impressis,
1649 2541 1745 2563 manu
1760 2529 1893 2563 alicuius

1193 2649 1204 2675 1
1226 2647 1296 2674 Edit>
1318 2646 1396 2674 Main.
1417 2645 1481 2681 legit
1500 2646 1665 2672 convocaret
1683 2645 1720 2678 (n.
1735 2643 1785 2678 Τ.).

1919 262 1969 290 An.
1990 261 2019 290 C.
2036 264 2103 291 1560

1927 1480 2050 1510 'noer-ium
2067 1481 2098 1502 ii·-

1914 1511 1987 1528 ritant.

1948 2429 2011 2450 fides
2036 2431 2093 2452 trau·

1906 2459 2044 2482 sumptorum.
