2247 3208
148 193 197 219 An.
214 191 242 218 C.
268 190 333 217 ¹607

342 238 527 271 observent.
555 240 599 270 Ac
625 239 836 271 dect-inmites
870 239 954 281 ipsas
986 248 1101 298 prae-j

340 297 447 324 sentes
472 291 597 323 litteras
627 297 657 323 et
690 291 830 333 capitula
859 302 915 324 seu
948 292 1100 331 decretal

338 344 541 387 praeinserta
559 355 688 387 semper
706 345 806 383 tirma,
830 345 942 384 valida,
964 350 995 377 et
1012 344 1078 377 effi-
1097 347 1099 376 1

336 395 425 430 cacia
444 397 590 436 existere,
610 398 732 437 etl'ore,
747 408 889 440 suosque
908 397 1076 440 plenarios

335 455 370 482 et
393 450 540 493 integros
567 450 699 483 effectus
725 450 835 483 sortiri
862 456 891 482 et
913 450 1074 489 obtinere,

335 514 372 535 ac
396 503 460 537 illis
486 505 524 537 ad
550 514 631 546 quos
655 509 779 547 spectat
808 509 840 535 et
873 503 905 534 111
932 504 1072 535 futurum

335 557 605 600 quandocumque
624 556 792 598 spectabit,
810 555 842 587 in
867 556 1015 588 omuibus
1041 561 1073 588 et

152 623 282 647 ηιμ-κρυ..)
297 620 394 653 .,.ρε11’
419 610 528 643 omnia
545 609 733 653 plenissime
751 609 938 651 suffragari,
958 609 1070 652 sicque

136 654 204 671 ''¹⁴¹¹“
333 662 366 695 in
393 662 579 706 praemissis
608 672 669 705 per
698 672 917 705 quoscumque
946 662 1069 694 iudices

333 716 515 748 ordinarios
536 720 567 748 et
584 715 760 757 delegatos,
781 715 878 747 etiam
899 726 1069 747 causarum

330 768 439 810 palatii
465 767 630 810 apostolici
660 768 847 806 auditores,
878 767 1012 800 iudicari
1039 773 1069 800 ct

329 820 457 853 definiri
492 821 636 862 debere,
671 832 708 853 ac
738 821 864 853 irritum
890 825 921 853 et
951 820 1065 859 inane,

327 874 354 906 si
381 884 471 906 secus
496 885 594 917 super
624 874 674 907 his
706 886 722 907 a
749 884 929 917 quoquam,
956 873 1066 916 quavis

328 927 532 967 auctoritate,
552 928 692 960 scienter
711 929 759 961 vel
778 928 977 970 ignoranter,
994 938 1066 960 con-

326 980 461 1023 tingerit
484 981 648 1014 attentari.

369 1034 383 1077 ξ
408 1034 438 1067 5.
458 1033 526 1067 Non
548 1035 750 1066 obstantibus
771 1034 1064 1073 constitutionibus,

326 1091 354 1119 et
388 1087 646 1120 ordinationibus
679 1087 886 1130 apostolicis,
922 1098 957 1119 ac
989 1088 1063 1120 dicti

323 1139 471 1179 Ordinis,
499 1145 531 1172 et.
555 1140 626 1173 aliis
654 1140 837 1182 quibusvis,
859 1140 955 1172 etiam
981 1140 1064 1173 iura-

321 1197 452 1232 mento,
491 1193 737 1225 confirmatione
774 1193 974 1235 apostolica,
1013 1194 1061 1226 vel

320 1245 430 1288 quavis
454 1245 605 1278 firmitate
634 1246 695 1278 alia
731 1245 906 1286 roboratis,
938 1246 1061 1279 statutis·

318 1301 350 1330 et
374 1298 683 1337 consuetudinibus,
711 1298 887 1341 privilegiis
913 1310 1058 1342 quoque,

316 1350 451 1384 indultis
481 1356 512 1383 et
543 1351 658 1384 litteris
696 1352 884 1394 apostolicis
921 1351 952 1383 in
985 1363 1059 1385 con-

317 1404 452 1437 trarium
466 1405 717 1447 praemissorum
728 1405 975 1448 quomodolibet
984 1415 1059 1438 con-

316 1457 426 1498 cessis,
453 1457 663 1496 confirmatis,
686 1463 717 1490 et
742 1458 918 1498 innovatis3
941 1459 1057 1502 quibus

316 1510 466 1544 omnibus
490 1516 521 1543 et
538 1511 683 1553 singulis,
704 1511 834 1544 illorum
854 1517 981 1544 tenores
998 1523 1056 1555 pro

315 1565 410 1607 plene
446 1569 477 1596 et
516 1563 714 1597 sufficienter
743 1565 905 1608 expressis
948 1576 985 1597 ac
1016 1566 1054 1597 de

312 1617 410 1650 verbo
435 1617 474 1650 ad
491 1618 627 1650 verbum
645 1617 776 1650 insertis
798 1618 968 1659 habentes,
990 1619 1054 1651 illis

313 1672 379 1704 alas
397 1671 429 1703 in
447 1682 504 1704 suo
522 1672 641 1704 robore
658 1672 887 1715 permansuris,
907 1673 945 1705 ad
963 1683 1055 1715 prae-

312 1725 482 1757 missorum
508 1723 664 1765 effectum,
692 1725 752 1757 hac
783 1725 849 1757 vice
876 1725 1051 1765 dumtaxat,

312 1777 496 1820 specialiter
514 1782 545 1810 et
569 1788 720 1820 expresse
742 1778 950 1820 derogamus3
970 1784 1053 1812 cete-

311 1830 419 1874 risque
444 1830 613 1863 contrariis
639 1831 908 1874 quibuscumque.

355 1884 370 1926 g
394 1883 426 1916 6.
453 1883 610 1916 Volumus
630 1889 736 1916 autem
767 1890 802 1916 ut
831 1885 1051 1928 praesentium

311 1936 492 1970 litterarum
528 1937 756 1980 transumptis,
784 1948 839 1970 seu
865 1939 1049 1981 exemplis,

311 1990 407 2023 etiam
433 1990 614 2034 impressiS,
645 1987 741 2023 manu
770 1990 904 2023 alicuius
934 1991 1049 2024 notarii

309 2043 432 2087 publici
456 2043 667 2086 subscriptis,
694 2047 726 2076 et
750 2043 856 2085 sigillo
888 2054 1049 2086 personae

307 2097 340 2129 in
358 2097 575 2130 ecclesiastica
593 2096 749 2139 dignitate
768 2097 959 2130 constitutae
981 2109 1050 2130 rnu-

308 2150 395 2190 nitis,
422 2150 536 2183 eadem
573 2160 708 2193 prorsus
743 2148 823 2182 fides
861 2150 893 2182 in
928 2150 1048 2184 iudicio

308 2207 342 2235 et
365 2207 454 2235 extra
479 2202 684 2241 adhibeatur,
713 2213 794 2245 quae
820 2203 1048 2246 praesentibus

307 2255 386 2298 ipsis
412 2255 638 2293 adhiberetur,
656 2255 680 2288 si
699 2256 805 2289 forent
820 2256 982 2289 exhibitae
999 2258 1047 2290 vel

308 2312 471 2340 ostensae.

348 2361 463 2394 Datum
488 2361 621 2402 Romae,
649 2361 736 2404 apud
760 2361 790 2394 S.
818 2361 949 2401 Mariani
984 2362 1047 2395 Ma-

303 2414 407 2448 iorem
428 2441 436 2455 ,
463 2414 522 2447 sub
554 2415 674 2446 annulo
705 2414 897 2454 piscatoris,
931 2415 982 2448 die
1015 2426 1046 2448 ix

302 2467 507 2511 septembris,
534 2466 743 2510 pontificatus
770 2467 873 2500 nostri
899 2478 984 2501 anno
1010 2478 1032 2502 1.

337 2529 396 2557 Dat.
419 2529 462 2556 die
479 2531 508 2556 11
526 2528 689 2565 septembris
706 2529 785 2563 1667,
806 2537 876 2557 anno
894 2535 913 2556 1.

201 1046 315 1071 Derugaiio

129 1074 289 1094 contrariorum,

168 1891 229 1912 Fidei
245 1895 300 1913 tran-

114 1922 254 1943 numi-iorum.

409 2637 488 2669 Ball.
504 2637 588 2666 Rom.
602 2653 634 2657 ——
654 2637 714 2666 Vol.
732 2636 823 2665 XVII.
986 2636 1020 2664 70

966 191 1110 214 CLEMENS
1136 191 1164 214 lx
1190 192 1238 214 Pr.

1765 181 1828 212 571ῑῖ
1876 190 1923 216 An.
1946 189 1972 215 C.
1994 189 2057 216 1¹07

1458 240 1522 272 ΧΠ.

1121 309 1260 340 Ρι·(1ι’1·ι”11
1286 309 1503 350 ratificatiom‘
1528 311 1741 341 imparem-110
1770 309 1864 351 requi

1164 362 1298 394 Siciliae
1314 368 1340 394 et
1355 362 1558 394 Hierusalem
1585 373 1656 394 cum
1683 363 1745 394 tom
1775 363 1860 394 lvrrti

1162 415 1244 446 citra
1270 415 1416 447 Pharum
1443 416 1512 457 refle‘
1536 416 1694 447 catholico
1719 416 1758 447 ‹xl›
1789 416 1862 448 ,1113-

1160 467 1288 500 xandro
1327 468 1391 500 VII
1411 470 1524 510 sicerae,
1552 469 1699 500 annalem.
1733 479 1857 509 rwgsenz,

1160 524 1321 562 quatenus
1346 520 1483 552 damnus
1508 521 1761 553 ,tlediolanensis
1791 532 1859 553 ma-

1160 573 1260 604 iorem.
1293 578 1420 615 partem
1456 573 1673 605 Lomltartliae
1709 585 1858 616 compre-

1159 625 1290 665 lmndat,
1318 626 1455 659 absolvit
1480 631 1507 658 et
1533 626 1697 669 dispensat
1719 627 1760 658 att
1778 627 1857 658 otu?-

1158 678 1302 711 m‘ndum
1327 679 1447 711 dictum
1477 689 1612 721 regflmnn
1642 690 1714 712 cum
1739 690 1857 723 snpra-

1156 731 1240 764 diclo
1265 731 1385 764 ducatu
1413 732 1651 764 illcdiolanensi
1668 730 1688 764 ¹.

1143 811 1301 839 Carissimo
1323 814 1354 839 in
1376 812 1493 838 Christo
1514 812 1575 838 filio
1596 816 1701 838 nostro
1724 812 1837 846 carolo,

1244 856 1455 889 Hispaniarum
1475 856 1538 890 regi
1559 856 1720 889 catholico,

1340 910 1473 936 Clemens
1495 910 1572 942 Papa
1594 909 1641 942 lx,

1209 970 1368 998 Carissimo
1388 971 1418 997 in
1440 970 1555 997 Christo
1576 971 1619 997 fili
1635 973 1751 1003 noster,

1143 1017 1272 1043 salutem
1292 1018 1322 1043 et
1338 1015 1536 1049 apostolicam
1563 1015 1812 1042 benedictionem.

1888 1095 2030 1119 Prooemium.

1152 1086 1317 1118 Praeclara
1357 1086 1626 1129 predecessorum
1652 1090 1779 1118 tuorum
1817 1085 1848 1117 in

1107 1139 1190 1171 hanc
1214 1144 1357 1171 sanctam
1372 1138 1488 1171 Sedent
1507 1138 1635 1175 merita,
1657 1138 1847 1181 sinceratpie

1105 1191 1184 1224 fides
1202 1197 1234 1224 et
1251 1192 1369 1225 eximia
1392 1192 1504 1235 pietas,
1523 1202 1558 1223 ac
1576 1192 1703 1224 fervens
1722 1192 1847 1224 devotio

1106 1250 1176 1285 tua,
1207 1245 1323 1288 quibus
1349 1244 1382 1276 in
1415 1250 1528 1277 nostro
1560 1250 1590 1277 et
1620 1245 1723 1277 dictae
1757 1245 1847 1277 Sedis

1104 1304 1277 1341 conspectu
1319 1299 1441 1331 clarere
1478 1297 1699 1339 dignosceris,
1729 1298 1844 1331 merito

1102 1361 1162 1383 nos
1188 1351 1360 1390 inducunt,
1386 1356 1421 1382 ut
1449 1356 1478 1383 te
1509 1350 1704 1393 specialibus
1732 1351 1846 1383 [arori-

1102 1405 1161 1437 hus
1187 1410 1219 1437 et
1239 1404 1348 1447 gratiis
1374 1415 1628 1448 prosequamur.

1144 1460 1158 1501 ,ξ
1188 1459 1215 1491 1.
1234 1459 1324 1498 Sane,
1344 1459 1430 1499 licet,
1453 1459 1558 1491 clarae
1576 1458 1751 1491 memoriae
1771 1459 2039 1514 pm·S..2{}{⁵{{„,¹Jsg'.{ss

1100 1513 1189 1556 lippo
1221 1513 1279 1551 lv,
1312 1511 1538 1555 Hispaniarum
1572 1522 1648 1554 rege
1683 1513 1923 1545 cadrolicouows.

1100 1566 1245 1607 genitore
1272 1571 1335 1605 tuo,
1361 1565 1458 1598 rebus
1477 1565 1646 1603 humanis,
1672 1565 1754 1597 sicut
1778 1566 1843 1598 Deo

1098 1619 1238 1662 placuit,
1272 1624 1446 1662 exempto,
1480 1629 1617 1661 regnum
1650 1618 1777 1651 Siciliae
1812 1626 1844 1651 et

1098 1673 1300 1705 Hierusalem
1325 1683 1398 1705 cum
1431 1674 1495 1705 tota
1528 1674 1615 1704 terra
1649 1672 1727 1704 citra
1761 1672 1844 1705 Pha-

1098 1736 1181 1765 rum,
1199 1726 1264 1757 una
1285 1735 1355 1757 cum
1380 1724 1450 1757 aliis
1477 1724 1595 1767 regnis,
1618 1725 1793 1768 provinciis
1812 1730 1843 1757 ct

1097 1778 1273 1811 ditionibus
1297 1778 1469 1817 universis,
1487 1778 1526 1811 ad
1546 1783 1575 1810 te
1593 1778 1638 1810 uti
1653 1778 1721 1810 eius
1739 1778 1839 1811 tilium

1096 1837 1127 1864 et
1147 1831 1325 1864 haeredem
1346 1831 1414 1863 iure
1431 1831 1655 1871 successionis,
1673 1832 1838 1875 modoqw

1096 1890 1127 1917 et
1152 1885 1254 1917 forma
1291 1884 1516 1928 infrascriptis,
1542 1885 1687 1927 legitime
1724 1896 1840 1928 perve-

1094 1937 1192 1977 nerit,
1212 1942 1244 1970 et
1264 1937 1366 1970 felicis
1388 1936 1622 1970 recordatiouis
1656 1938 1839 1970 Alexander

1094 1990 1178 2032 Papa
1202 1990 1251 2022 vll
1277 1990 1511 2032 praedecessor
1537 1995 1648 2022 nostor
1673 1990 1776 2033 ipsum
1792 2001 1838 2022 rc—

1093 2053 1190 2085 gnum
1221 2042 1350 2076 Siciliae
1383 2048 1414 2075 et
1444 2043 1647 2075 Hierusalem
1672 2054 1743 2075 cum
1772 2045 1837 2076 tota

1094 2098 1178 2129 terra
1203 2106 1284 2139 quae
1311 2101 1357 2128 est
1383 2095 1461 2127 citra
1494 2096 1633 2128 Pharum
1663 2106 1764 2139 usque
1796 2097 1835 2129 ad

1092 2149 1232 2182 confinia
1271 2154 1429 2181 terrarum
1465 2149 1496 2181 S.
1536 2149 1572 2181 R.
1608 2149 1643 2181 E.
1682 2150 1837 2192 (excepta

1092 2203 1219 2235 civitate
1245 2203 1472 2235 Beneventana
1490 2213 1561 2234 cum
1584 2202 1653 2234 eius
1671 2202 1835 2234 territorio

1093 2261 1124 2288 et
1148 2254 1369 2298 pertinentiis,
1397 2264 1524 2287 necnon
1551 2256 1637 2286 terra
1662 2253 1727 2287 sive
1762 2256 1834 2287 loco

1091 2308 1300 2347 Pontiscurvi,
1316 2307 1547 2351 Aquinatensis
1565 2308 1732 2347 dioecesis,
1749 2309 1836 2341 eius-

1091 2372 1153 2405 que
1181 2360 1363 2400 tcrritorio,
1400 2371 1481 2403 (luae
1514 2361 1617 2394 dictus
1650 2362 1835 2394 Alexander

1090 2416 1328 2460 praedecessor
1365 2414 1424 2446 sibi
1462 2420 1493 2447 et
1530 2414 1635 2447 cidem
1669 2415 1832 2448 Ecclesiae

1090 2468 1279 2510 reservavit>
1305 2467 1362 2500 tibi
1388 2478 1447 2511 pro
1474 2473 1504 2500 tc
1531 2468 1659 2512 tuisque
1686 2468 1833 2502 haeredi-

1126 2584 1135 2610 1
1159 2581 1196 2609 Ex
1217 2581 1324 2617 Regest.
1346 2581 1374 2609 in
1393 2582 1496 2609 Secret.
1518 2581 1594 2609 Brev-
