2247 3208
192 231 243 257 .·..n
261 230 287 256 r..
314 230 378 258 ¹667
425 219 488 252 (3³³

223 766 278 786 Lites
288 763 379 790 penden-

196 795 227 812 !·‚
244 794 270 811 ad
293 796 314 810 se
330 796 377 810 :tvn-

261 1763 393 1788 <unanimis

211 1794 272 1813 1111111
293 1802 300 1810 ,
308 1794 355 1811 md.

386 278 548 315 sitionem,
565 272 792 311 immunitates,
810 269 1043 312 exemptiones,
1062 267 1123 299 nisi

385 336 420 364 ut
444 339 543 372 supra
567 330 728 369 exceptas,
747 335 783 357 ac
807 334 858 357 eas
877 333 955 367 quas
973 332 1011 355 ex
1028 321 1125 354 causa

386 393 459 416 vere
486 381 625 414 onerosa
643 388 810 411 concessas
831 378 861 409 in
888 376 1015 408 camera
1031 383 1124 417 prae-

387 436 474 468 1116ῐό
503 439 538 465 111
566 432 748 475 praefertur
777 429 900 463 admitti
927 426 1122 469 contigerit,

387 489 548 521 ullatenus
567 484 753 522 admittant,
773 488 814 522 et,
831 483 856 514 si
872 491 962 514 secus
981 479 1123 515 fecerint.

388 542 418 573 id
445 540 568 573 nemini
594 548 706 572 eorum
736 536 768 568 in
794 535 858 567 suis
889 532 1047 576 computis
1071 541 1126 563 seu

388 593 568 626 rationibus
586 602 644 635 per
661 589 806 623 eamdem
826 597 984 620 cameram
1003 583 1126 617 admitti

389 647 556 685 volumus,
583 644 639 676 scd
676 651 788 675 eorum
821 641 937 673 damno
963 647 1127 670 cessurum

392 709 465 732 esse
491 698 703 730 declaramus.

434 752 448 794 ξ
473 750 504 783 8.
531 750 698 782 Postremo
716 747 788 780 lites
814 742 1129 789 quaslibetoccasio—

392 816 430 837 ne
451 802 693 847 privilegiorum
720 811 753 832 ar
779 799 979 831 indultorum
1003 805 1128 828 necnon

390 856 629 889 immunitatum
645 859 677 885 et
690 851 930 894 exemptionum
946 846 1128 881 huiusmodi

391 907 635 954 quomodolibet
659 905 835 941 suscitatas,
858 902 936 935 etin
963 899 1129 943 quibusvis
1150 905 1152 911 ’

391 961 606 996 tribunalibus
624 959 805 1002 pendentes
825 956 965 997 (illarum
984 952 1129 986 omnium

393 1022 425 1048 et
449 1015 649 1057 singularum
674 1016 792 1043 statum
818 1015 848 1040 61
874 1007 1002 1045 merita,
1031 1005 1131 1037 nomi-

393 1077 498 1111 naque
532 1072 564 1098 et
595 1063 788 1106 cognomina
819 1060 959 1093 iudicum
987 1065 1018 1091 et
1041 1057 1133 1090 colli-

396 1120 540 1163 gantium
560 1115 755 1160 quorumvis,
776 1113 870 1147 etiam
889 1111 1021 1155 speciali
1043 1121 1133 1142 mon-

397 1173 485 1205 tione
501 1171 683 1213 dignorum,
700 1173 731 1201 et
745 1168 806 1199 alia
823 1167 918 1199 etiam
936 1165 974 1197 de
993 1163 1133 1196 necessi-

398 1230 462 1258 tate
476 1223 660 1268 specialiter
674 1219 896 1264 exprimenda,
910 1216 1134 1261 praesentibus

398 1288 456 1322 pro
481 1279 577 1321 plene
611 1281 642 1307 et
666 1273 863 1306 sufficienter
895 1270 1053 1313 expressis
1079 1269 1134 1300 lia-

397 1332 547 1371 bentes),
580 1340 597 1360 a
633 1327 888 1370 quibuscumque
920 1321 1135 1355 tribunalibus

399 1381 581 1416 huiusmodi
599 1381 638 1413 ad
659 1390 718 1412 nos
739 1377 925 1410 earumdem
944 1375 1025 1407 serie
1044 1384 1136 1417 prae-

399 1436 537 1469 sentium
563 1443 750 1469 avocamus,
779 1431 915 1472 illasque.
948 1428 1074 1471 penitus
1105 1432 1136 1458 ct

400 1489 533 1522 omnino
549 1492 706 1530 perpetuo
725 1482 958 1526 supprimimus
984 1486 1014 1513 61
1040 1480 1137 1512 extiti>

401 1542 546 1584 guimuS,
581 1544 611 1572 et
636 1548 695 1581 pro
722 1535 906 1579 suppressis
931 1540 962 1566 et
990 1531 1137 1565 extinctis

401 1594 516 1627 haberi
541 1593 687 1625 volumus
713 1595 743 1622 et
769 1589 981 1627 declaramus⁷
1007 1596 1042 1617 ac
1066 1595 1138 1628 par-

401 1647 486 1680 tibus
511 1649 706 1689 perpetuum
732 1642 872 1683 desuper
897 1638 1061 1672 silentium
1086 1637 1139 1669 im-

403 1699 565 1744 ponimus.

449 1753 463 1796 §
488 1752 519 1785 9.
545 1751 763 1783 Decernentes
789 1751 977 1790 praesentes
1004 1745 1138 1782 litteras,

406 1817 441 1839 ac
466 1805 574 1838 omnia
598 1809 629 1835 et.
653 1803 779 1844 singula
810 1801 841 1832 in
875 1799 938 1832 illis
963 1803 1137 1834 contenta,

407 1860 502 1892 etiam
530 1868 565 1889 ex
593 1867 631 1889 co
659 1855 744 1898 quod
777 1853 971 1896 quicumque
997 1851 1028 1882 in
1050 1861 1142 1893 prae-

407 1911 518 1944 missis·
540 1910 603 1943 sive
630 1918 741 1941 eorum
768 1906 876 1948 aliquo
910 1904 1065 1936 iuteresse
1092 1902 1142 1933 ha-

407 1966 533 2004 bentes,
552 1973 607 1995 seu
634 1961 755 1994 habere
781 1957 1030 2002 quomodolibet.
1053 1965 1144 1998 prae-

409 2018 589 2056 tendentes,
604 2016 666 2048 illis
690 2024 754 2046 non
780 2010 1013 2045 consenserint,
1031 2014 1085 2040 aut
1106 2008 1144 2040 ad

411 2082 447 2102 ea
470 2068 572 2102 vocati
598 2073 629 2100 et
653 2066 763 2105 auditi,
789 2075 844 2096 seu
869 2064 992 2101 rausae',
1012 2067 1146 2105 propter

412 2134 491 2166 quas
516 2123 605 2165 ipsae
624 2124 812 2164 praesentes
831 2121 1029 2153 emanarunt,
1049 2115 1147 2147 addu-

411 2182 489 2215 ctae,
508 2174 687 2207 verificatae
706 2182 761 2204 seu
781 2171 859 2203 alias
880 2168 1077 2200 sufficienter
1095 2171 1147 2199 aut

411 2229 507 2260 etiam
533 2228 694 2260 ullatenus
714 2223 903 2256 iustificatae
929 2232 992 2254 non
1020 2220 1146 2260 suerint,

412 2286 465 2313 aut
477 2281 537 2312 alia
551 2279 662 2322 quavis
677 2276 913 2320 quantumlibet
922 2275 994 2317 legit
1003 2275 1075 2312 111111,
1086 2273 1146 2316 pia,

411 2333 546 2365 iuridica
582 2336 613 2364 et
647 2329 848 2373 privilegiata
874 2330 991 2365 61111511,
1018 2328 1146 2363 601016,

412 2390 589 2429 praetextu,
612 2383 781 2416 occasione
807 2387 835 2413 61
863 2381 974 2423 rapite,
998 2379 1092 2411 etiam
1118 2379 1148 2410 in

414 2447 549 2480 corpore
583 2436 660 2468 iuris
693 2436 825 2473 clauso,
857 2434 953 2466 etiam
987 2431 1148 2470 enormis,

415 2489 658 2524 enormissimae
685 2494 711 2520 61
739 2487 844 2519 totalis
872 2486 1033 2524 laesionis,
1061 2486 1149 2517 nullo

418 2554 558 2587 unquam
595 2548 740 2583 tempore
776 2541 814 2572 116
851 2539 1070 2581 subreptionis
1102 2538 1150 2570 vel

419 2595 642 2639 obreptionis,
671 2594 827 2627 nullitatis
861 2598 911 2624 aut
945 2590 1151 2623 invaliditatis

967 220 1040 243 nt‘tt
1056 220 1147 242 ΚΠῘῘἯ
1171 218 1323 242 ΪὶΟΜᾹΝῙῘΜ

1166 265 1263 306 vitio,
1289 275 1346 297 seu
1372 264 1563 297 intentionis
1589 272 1718 299 nostrae
1745 267 1795 300 vel
1825 277 1906 310 quo-

1166 316 1288 350 rumvis
1312 317 1470 349 interesse
1498 317 1688 350 habentium
1713 330 1901 358 consensus,

1168 375 1220 403 aut
1247 370 1312 402 alio
1342 369 1456 412 quovis
1488 371 1702 412 quamtumvis
1731 382 1847 414 magno
1874 378 1904 405 et

1169 422 1375 456 substantiali
1393 433 1430 455 ac
1453 422 1669 464 inexcogitato
1695 424 1821 457 defectu
1847 435 1906 458 no-

1169 477 1238 516 tari,
1257 475 1449 519 impugnari,
1469 475 1648 515 invalidari,
1668 476 1831 519 restringi,
1858 488 1907 510 re-

1170 528 1310 567 tractari,
1338 528 1369 560 in
1397 528 1445 560 ius
1469 528 1518 559 vel
1540 528 1795 560 controversiam
1819 539 1908 563 revo-

1170 582 1245 619 cari,
1265 580 1428 623 suspendi,
1448 579 1589 618 limitari,
1611 585 1663 612 aut
1688 581 1725 613 ad
1753 581 1907 614 terminos

1171 635 1249 667 iuris
1266 634 1388 670 reduci,
1403 633 1478 666 seu¹
1496 634 1647 667 adversus
1666 635 1736 667 illas
1755 635 1907 677 aperitio—

1171 689 1221 721 nis
1246 688 1326 726 oris,
1356 687 1570 720 restitutionis
1595 685 1830 730 in'integrum,
1856 693 1910 720 aut

1173 741 1259 774 aliud
1279 741 1508 783 quodcumque
1527 740 1613 780 iuris,
1633 740 1704 772 sacti
1720 741 1770 773 vel
1789 739 1909 782 gratiae

1171 794 1354 827 remedium
1381 793 1558 836 impetrari,
1579 798 1633 825 aut
1652 791 1832 836 impetrato,
1854 803 1909 825 seu

1174 847 1268 880 etiam
1294 852 1381 880 motu
1408 846 1505 879 simili
1533 857 1701 885 concesso,
1724 845 1908 889 quempiam

1173 899 1206 931 in
1232 899 1352 932 iudicio
1377 900 1425 931 vel
1453 904 1539 930 extra
1558 898 1638 931 illud
1658 897 1702 930 uti
1729 907 1784 930 seu
1809 907 1841 930 se
1867 897 1910 929 iu-

1173 963 1245 984 vare
1260 962 1363 995 posse,
1379 961 1483 994 neque
1499 951 1628 983 easdem
1647 957 1835 993 praesentes
1853 951 1912 983 sub

1175 1006 1338 1048 quibusvis
1365 1005 1519 1038 similium
1536 1006 1585 1037 vel
1612 1004 1815 1037 dissimilium
1841 1014 1912 1036 con-

1175 1058 1375 1091 stitutionum
1402 1069 1436 1090 ac
1461 1058 1700 1090 revocationum
1728 1062 1758 1089 et
1783 1056 1914 1089 ordina-

1176 1111 1298 1144 tionum
1325 1110 1600 1149 revocationibus,
1628 1108 1912 1151 suspensionibus,

1176 1162 1423 1196 limitationibus
1449 1168 1479 1194 et
1504 1162 1573 1194 aliis
1598 1161 1765 1194 contrariis
1782 1160 1914 1204 disposi-

1177 1216 1319 1249 tionibus
1332 1226 1389 1258 pro
1403 1220 1545 1257 tempore
1559 1213 1805 1257 quomodolibet
1823 1212 1913 1245 sactis

1178 1268 1412 1311 comprehendi
1431 1272 1483 1299 aut
1500 1266 1751 1309 comprehensas
1773 1265 1912 1304 censeri,

1179 1322 1235 1354 sed
1261 1331 1391 1364 semper
1411 1320 1450 1352 ab
1469 1319 1533 1352 illis
1553 1324 1711 1361 exceptas,
1732 1323 1772 1357 et,
1792 1317 1915 1361 quoties

1179 1375 1252 1406 illae
1279 1373 1484 1411 manabunt,
1511 1371 1606 1404 toties
1631 1371 1663 1403 in
1688 1370 1859 1414 pristinum
1885 1374 1917 1401 et

1181 1426 1411 1459 validissimum
1430 1430 1545 1457 statum
1566 1423 1740 1459 restitutas,
1759 1422 1916 1465 repositas

1181 1485 1213 1513 et
1237 1479 1381 1522 plenarie
1414 1478 1651 1519 reintegrataS,
1679 1487 1714 1508 ac
1739 1475 1833 1508 etiam
1858 1474 1916 1506 snb

1181 1531 1355 1575 posteriori
1382 1531 1476 1569 data,
1505 1535 1664 1573 quatenus
1689 1538 1770 1571 opus
1794 1527 1851 1565 sit,
1878 1527 1916 1558 de

1182 1581 1265 1617 novo
1302 1593 1491 1621 concessas,
1523 1587 1744 1625 perpetuoque
1777 1579 1916 1617 validas,

1182 1638 1291 1670 firmas
1312 1642 1343 1669 et
1361 1637 1509 1668 osticaces
1534 1636 1672 1667 existere
1688 1639 1718 1665 et
1738 1634 1817 1672 sore,
1833 1642 1919 1664 suos-

1184 1702 1246 1734 que
1260 1690 1427 1734 plenarios
1445 1694 1477 1722 61
1493 1690 1639 1730 integros
1658 1686 1790 1719 effectus
1808 1685 1916 1718 sortiri

1184 1749 1215 1776 et
1230 1743 1393 1781 obtinere,
1408 1752 1441 1774 ac
1459 1742 1497 1774 ab
1518 1740 1678 1779 omnibus,
1700 1739 1738 1772 ad
1755 1748 1836 1781 quos
1851 1747 1919 1780 spe-

1185 1802 1246 1829 ctat
1266 1801 1297 1828 et
1311 1795 1581 1838 quandocumque
1601 1792 1769 1836 spectabit,
1788 1790 1921 1823 inviola-

1186 1849 1294 1881 biliter
1319 1846 1501 1885 observari,

1231 1902 1245 1943 ᾗ
1272 1899 1324 1932 10.
1353 1900 1468 1942 Sicque
1490 1899 1522 1930 in
1538 1896 1728 1941 praemissis
1747 1906 1806 1938 per
1830 1905 1922 1938 quos-

1187 1964 1324 1996 cumque
1350 1952 1474 1985 iudices
1496 1957 1527 1984 et
1551 1949 1802 1988 commissarios,
1827 1948 1922 1981 etiam
1954 1945 1957 1951 ’

1188 2016 1358 2039 causarum
1378 2003 1487 2047 palatii
1507 2002 1677 2046 apostolici
1703 2001 1875 2039 auditores,
1887 2008 1923 2031 ae

1189 2060 1335 2092 eiusdem
1360 2058 1390 2090 S.
1421 2057 1457 2089 R.
1480 2057 1513 2088 E.
1542 2055 1734 2093 cardinales,
1762 2053 1857 2086 etiam
1884 2052 1922 2084 de

1190 2114 1288 2145 latere
1316 2113 1491 2152 legatos‚et
1515 2107 1642 2150 quosvis
1660 2106 1751 2138 Sedis
1770 2110 1801 2138 et
1825 2115 1925 2137 came-

1191 2175 1244 2197 rae
1271 2163 1506 2207 praedictarum
1530 2160 1685 2193 officiales
1704 2164 1733 2191 61
1751 2159 1924 2197 ministros,

1192 2223 1223 2250 et
1247 2218 1327 2249 alios
1352 2224 1574 2258 quoscumque
1601 2212 1710 2256 quavis
1736 2210 1927 2243 auctoritate

1193 2277 1223 2303 et
1239 2274 1400 2313 potestate
1420 2268 1599 2309 fungentes,
1618 2276 1702 2297 nunc
1723 2270 1754 2297 61.
1769 2274 1828 2307 pro
1850 2268 1930 2295 tem-

1193 2334 1270 2367 pore
1297 2323 1494 2359 existentes,
1520 2320 1643 2351 sublata
1678 2318 1723 2349 eis
1753 2323 1785 2349 et
1818 2325 1929 2349 eorum

1170 2400 1172 2417 ;
1193 2377 1325 2409 cuilibet
1350 2375 1461 2418 quavis
1487 2373 1579 2406 aliter
1593 2370 1753 2404 iudicandi
1779 2375 1811 2402 et
1835 2368 1932 2401 inter—

1169 2419 1172 2462 f
1193 2429 1342 2473 pretandi
1361 2429 1510 2460 facultate
1531 2432 1564 2457 et
1577 2424 1775 2462 auctoritate,
1795 2421 1931 2454 iudicari

1193 2489 1222 2516 61
1237 2482 1362 2515 deliniri
1378 2481 1510 2519 debere,
1525 2489 1560 2511 ac
1577 2478 1703 2510 irritum
1731 2481 1762 2508 et
1785 2475 1881 2508 inane
1903 2473 1931 2506 si

1231 2599 1240 2622 1
1266 2595 1333 2622 Ε1111.
1353 2595 1428 2621 Maio.
1446 2593 1510 2628 legit
1528 2593 1573 2618 sed
1595 2600 1641 2627 pro
1662 2600 1710 2617 seu
1730 2592 1769 2625 (R.
1787 2590 1836 2626 T.).

1915 218 1964 244 An.
1982 218 2011 244 C.
2035 217 2101 244 ¹667

1959 1904 2057 1925 Clausala
2069 1904 2116 1925 sut»-
2142 1917 2147 1921 -

1955 1932 1981 1951 ’11.
