<?xml version="1.0" encoding="UTF-8"?>
<!DOCTYPE html PUBLIC "-//W3C//DTD XHTML 1.0 Transitional//EN"
    "http://www.w3.org/TR/xhtml1/DTD/xhtml1-transitional.dtd">
<html xmlns="http://www.w3.org/1999/xhtml" xml:lang="en" lang="en">
 <head>
  <title>
</title>
<meta http-equiv="Content-Type" content="text/html;charset=utf-8" />
  <meta name='ocr-system' content='tesseract 3.04.00' />
  <meta name='ocr-capabilities' content='ocr_page ocr_carea ocr_par ocr_line ocrx_word'/>
</head>
<body>
  <div class='ocr_page' id='page_1' title='image "./bullarumdiplomat17cath_0200.png"; bbox 0 0 2247 3208; ppageno 0'>
   <div class='ocr_carea' id='block_1_1' title="bbox 196 213 495 249">
    <p class='ocr_par' dir='ltr' id='par_1_1' title="bbox 196 213 495 249">
     <span class='ocr_line' id='line_1_1' title="bbox 196 213 495 249; baseline -0.01 0"><span class='ocrx_word' id='word_1_1' title='bbox 196 221 246 249; x_wconf 57' lang='lat' dir='ltr'>Aa.</span> <span class='ocrx_word' id='word_1_2' title='bbox 267 220 294 247; x_wconf 93' lang='lat' dir='ltr'>c.</span> <span class='ocrx_word' id='word_1_3' title='bbox 319 221 386 248; x_wconf 72' lang='lat'><strong>1663</strong></span> <span class='ocrx_word' id='word_1_4' title='bbox 433 213 495 246; x_wconf 73' lang='grc'>160</span> 
     </span>
    </p>
   </div>
   <div class='ocr_carea' id='block_1_2' title="bbox 390 317 1127 629">
    <p class='ocr_par' dir='ltr' id='par_1_2' title="bbox 390 317 1127 629">
     <span class='ocr_line' id='line_1_2' title="bbox 392 317 1125 365; baseline -0.005 -12"><span class='ocrx_word' id='word_1_5' title='bbox 392 320 563 365; x_wconf 88' lang='lat' dir='ltr'>praedictis</span> <span class='ocrx_word' id='word_1_6' title='bbox 602 329 661 361; x_wconf 89' lang='lat' dir='ltr'>per</span> <span class='ocrx_word' id='word_1_7' title='bbox 701 328 921 361; x_wconf 87' lang='lat' dir='ltr'>quoscumque</span> <span class='ocrx_word' id='word_1_8' title='bbox 962 317 1125 350; x_wconf 87' lang='lat' dir='ltr'>Romanos</span> 
     </span>
     <span class='ocr_line' id='line_1_3' title="bbox 391 370 1126 414; baseline -0.005 -7"><span class='ocrx_word' id='word_1_9' title='bbox 391 373 563 407; x_wconf 79' lang='lat' dir='ltr'>Pontifices</span> <span class='ocrx_word' id='word_1_10' title='bbox 595 376 727 404; x_wconf 85' lang='lat' dir='ltr'>eatenus</span> <span class='ocrx_word' id='word_1_11' title='bbox 760 370 1065 414; x_wconf 78' lang='lat' dir='ltr'>quomodocumque</span> <span class='ocrx_word' id='word_1_12' title='bbox 1094 376 1126 403; x_wconf 87' lang='lat' dir='ltr'>et</span> 
     </span>
     <span class='ocr_line' id='line_1_4' title="bbox 392 424 1125 469; baseline -0.001 -12"><span class='ocrx_word' id='word_1_13' title='bbox 392 427 676 469; x_wconf 77' lang='lat' dir='ltr'>qualitercumque</span> <span class='ocrx_word' id='word_1_14' title='bbox 693 434 860 463; x_wconf 86' lang='lat' dir='ltr'>concessa,</span> <span class='ocrx_word' id='word_1_15' title='bbox 885 433 980 456; x_wconf 91' lang='lat' dir='ltr'>usum</span> <span class='ocrx_word' id='word_1_16' title='bbox 997 424 1125 466; x_wconf 84' lang='lat' dir='ltr'>plateae</span> 
     </span>
     <span class='ocr_line' id='line_1_5' title="bbox 391 476 1125 519; baseline -0.007 -7"><span class='ocrx_word' id='word_1_17' title='bbox 391 484 424 512; x_wconf 89' lang='lat' dir='ltr'>et</span> <span class='ocrx_word' id='word_1_18' title='bbox 447 479 494 512; x_wconf 93' lang='lat' dir='ltr'>illi</span> <span class='ocrx_word' id='word_1_19' title='bbox 519 477 739 511; x_wconf 87' lang='lat' dir='ltr'>adiacentium</span> <span class='ocrx_word' id='word_1_20' title='bbox 757 477 906 509; x_wconf 91' lang='lat' dir='ltr'>locorum</span> <span class='ocrx_word' id='word_1_21' title='bbox 924 476 1125 519; x_wconf 88' lang='lat' dir='ltr'>illorumque</span> 
     </span>
     <span class='ocr_line' id='line_1_6' title="bbox 391 529 1127 573; baseline -0.007 -7"><span class='ocrx_word' id='word_1_22' title='bbox 391 532 641 566; x_wconf 80' lang='lat' dir='ltr'>concessionem</span> <span class='ocrx_word' id='word_1_23' title='bbox 666 529 910 570; x_wconf 77' lang='lat' dir='ltr'>concernentia,</span> <span class='ocrx_word' id='word_1_24' title='bbox 928 529 961 562; x_wconf 94' lang='lat' dir='ltr'>in</span> <span class='ocrx_word' id='word_1_25' title='bbox 986 540 1127 573; x_wconf 89' lang='lat' dir='ltr'>quorum</span> 
     </span>
     <span class='ocr_line' id='line_1_7' title="bbox 390 583 1127 629; baseline -0.005 -11"><span class='ocrx_word' id='word_1_26' title='bbox 390 584 526 629; x_wconf 79' lang='lat' dir='ltr'>pacifica</span> <span class='ocrx_word' id='word_1_27' title='bbox 550 583 763 627; x_wconf 76' lang='lat' dir='ltr'>possessione</span> <span class='ocrx_word' id='word_1_28' title='bbox 782 587 814 615; x_wconf 89' lang='lat' dir='ltr'>et</span> <span class='ocrx_word' id='word_1_29' title='bbox 834 593 897 615; x_wconf 90' lang='lat' dir='ltr'>usu</span> <span class='ocrx_word' id='word_1_30' title='bbox 922 587 1055 615; x_wconf 88' lang='lat' dir='ltr'>eatenus</span> <span class='ocrx_word' id='word_1_31' title='bbox 1074 593 1127 615; x_wconf 82' lang='lat' dir='ltr'>ex-</span> 
     </span>
    </p>
   </div>
   <div class='ocr_carea' id='block_1_3' title="bbox 393 635 1144 678">
    <p class='ocr_par' dir='ltr' id='par_1_3' title="bbox 393 635 1144 678">
     <span class='ocr_line' id='line_1_8' title="bbox 393 635 1144 678; baseline -0.005 -7"><span class='ocrx_word' id='word_1_32' title='bbox 393 638 533 678; x_wconf 86' lang='lat' dir='ltr'>titerant,</span> <span class='ocrx_word' id='word_1_33' title='bbox 559 647 688 670; x_wconf 88' lang='lat' dir='ltr'>necnon</span> <span class='ocrx_word' id='word_1_34' title='bbox 713 636 865 669; x_wconf 85' lang='lat' dir='ltr'>mandata</span> <span class='ocrx_word' id='word_1_35' title='bbox 889 640 921 668; x_wconf 91' lang='lat' dir='ltr'>et</span> <span class='ocrx_word' id='word_1_36' title='bbox 946 635 1144 668; x_wconf 38' lang='lat' dir='ltr'>sententias*</span> 
     </span>
    </p>
   </div>
   <div class='ocr_carea' id='block_1_4' title="bbox 390 688 1129 2529">
    <p class='ocr_par' dir='ltr' id='par_1_4' title="bbox 390 688 1129 2529">
     <span class='ocr_line' id='line_1_9' title="bbox 391 688 1125 733; baseline -0.007 -9"><span class='ocrx_word' id='word_1_37' title='bbox 391 692 430 725; x_wconf 90' lang='lat' dir='ltr'>de</span> <span class='ocrx_word' id='word_1_38' title='bbox 457 697 489 723; x_wconf 86' lang='lat' dir='ltr'>et</span> <span class='ocrx_word' id='word_1_39' title='bbox 512 701 613 733; x_wconf 88' lang='lat' dir='ltr'>super</span> <span class='ocrx_word' id='word_1_40' title='bbox 637 689 884 722; x_wconf 85' lang='lat' dir='ltr'>manutentione</span> <span class='ocrx_word' id='word_1_41' title='bbox 906 688 1125 731; x_wconf 84' lang='lat' dir='ltr'>possessionis</span> 
     </span>
     <span class='ocr_line' id='line_1_10' title="bbox 391 740 1127 786; baseline -0.005 -10"><span class='ocrx_word' id='word_1_42' title='bbox 391 744 497 777; x_wconf 84' lang='lat' dir='ltr'>dictae</span> <span class='ocrx_word' id='word_1_43' title='bbox 523 744 650 786; x_wconf 86' lang='lat' dir='ltr'>plateae</span> <span class='ocrx_word' id='word_1_44' title='bbox 676 752 734 785; x_wconf 90' lang='lat' dir='ltr'>per</span> <span class='ocrx_word' id='word_1_45' title='bbox 755 741 886 785; x_wconf 90' lang='lat' dir='ltr'>quosvis</span> <span class='ocrx_word' id='word_1_46' title='bbox 912 740 1023 784; x_wconf 88' lang='lat' dir='ltr'>palatii</span> <span class='ocrx_word' id='word_1_47' title='bbox 1048 751 1127 783; x_wconf 88' lang='lat' dir='ltr'>apo-</span> 
     </span>
     <span class='ocr_line' id='line_1_11' title="bbox 391 793 1125 833; baseline -0.005 -4"><span class='ocrx_word' id='word_1_48' title='bbox 391 797 498 830; x_wconf 87' lang='lat' dir='ltr'>stolici</span> <span class='ocrx_word' id='word_1_49' title='bbox 524 806 697 829; x_wconf 89' lang='lat' dir='ltr'>causarum</span> <span class='ocrx_word' id='word_1_50' title='bbox 721 794 899 833; x_wconf 81' lang='lat' dir='ltr'>auditores,</span> <span class='ocrx_word' id='word_1_51' title='bbox 926 793 992 826; x_wconf 88' lang='lat' dir='ltr'>sive</span> <span class='ocrx_word' id='word_1_52' title='bbox 1011 804 1125 826; x_wconf 91' lang='lat' dir='ltr'>eorum</span> 
     </span>
     <span class='ocr_line' id='line_1_12' title="bbox 391 846 1126 890; baseline -0.007 -8"><span class='ocrx_word' id='word_1_53' title='bbox 391 851 663 888; x_wconf 87' lang='lat' dir='ltr'>locumtenentes,</span> <span class='ocrx_word' id='word_1_54' title='bbox 686 852 742 880; x_wconf 92' lang='lat' dir='ltr'>aut</span> <span class='ocrx_word' id='word_1_55' title='bbox 765 847 846 880; x_wconf 90' lang='lat' dir='ltr'>alios</span> <span class='ocrx_word' id='word_1_56' title='bbox 872 846 1039 890; x_wconf 87' lang='lat' dir='ltr'>quoslibet</span> <span class='ocrx_word' id='word_1_57' title='bbox 1063 846 1126 878; x_wconf 90' lang='lat' dir='ltr'>Ro-</span> 
     </span>
     <span class='ocr_line' id='line_1_13' title="bbox 390 900 1123 938; baseline -0.007 -3"><span class='ocrx_word' id='word_1_58' title='bbox 390 912 505 936; x_wconf 80' lang='lat' dir='ltr'>manae</span> <span class='ocrx_word' id='word_1_59' title='bbox 541 901 656 934; x_wconf 88' lang='lat' dir='ltr'>Curiae</span> <span class='ocrx_word' id='word_1_60' title='bbox 692 900 817 933; x_wconf 87' lang='lat' dir='ltr'>iudices</span> <span class='ocrx_word' id='word_1_61' title='bbox 855 903 990 931; x_wconf 85' lang='lat' dir='ltr'>eatenus</span> <span class='ocrx_word' id='word_1_62' title='bbox 1023 900 1123 938; x_wconf 79' lang='lat' dir='ltr'>latas,</span> 
     </span>
     <span class='ocr_line' id='line_1_14' title="bbox 391 951 1127 995; baseline -0.008 -7"><span class='ocrx_word' id='word_1_63' title='bbox 391 959 558 988; x_wconf 77' lang='lat' dir='ltr'>emanatas</span> <span class='ocrx_word' id='word_1_64' title='bbox 591 959 623 986; x_wconf 84' lang='lat' dir='ltr'>et</span> <span class='ocrx_word' id='word_1_65' title='bbox 654 954 837 992; x_wconf 86' lang='lat' dir='ltr'>relaxatas,</span> <span class='ocrx_word' id='word_1_66' title='bbox 863 957 964 995; x_wconf 91' lang='lat' dir='ltr'>prout</span> <span class='ocrx_word' id='word_1_67' title='bbox 1001 951 1062 983; x_wconf 90' lang='lat' dir='ltr'>rite</span> <span class='ocrx_word' id='word_1_68' title='bbox 1095 956 1127 984; x_wconf 89' lang='lat' dir='ltr'>et</span> 
     </span>
     <span class='ocr_line' id='line_1_15' title="bbox 391 1004 1125 1049; baseline -0.007 -9"><span class='ocrx_word' id='word_1_69' title='bbox 391 1012 480 1040; x_wconf 88' lang='lat' dir='ltr'>recte</span> <span class='ocrx_word' id='word_1_70' title='bbox 508 1011 599 1049; x_wconf 82' lang='lat' dir='ltr'>gesta</span> <span class='ocrx_word' id='word_1_71' title='bbox 625 1010 726 1045; x_wconf 85' lang='lat' dir='ltr'>erant,</span> <span class='ocrx_word' id='word_1_72' title='bbox 752 1009 923 1049; x_wconf 84' lang='lat' dir='ltr'>perpetuo,</span> <span class='ocrx_word' id='word_1_73' title='bbox 946 1004 1005 1036; x_wconf 90' lang='lat' dir='ltr'>sub</span> <span class='ocrx_word' id='word_1_74' title='bbox 1028 1004 1125 1036; x_wconf 88' lang='lat' dir='ltr'>certis</span> 
     </span>
     <span class='ocr_line' id='line_1_16' title="bbox 390 1055 1127 1100; baseline -0.008 -6"><span class='ocrx_word' id='word_1_75' title='bbox 390 1061 489 1094; x_wconf 89' lang='lat' dir='ltr'>modo</span> <span class='ocrx_word' id='word_1_76' title='bbox 515 1065 547 1092; x_wconf 88' lang='lat' dir='ltr'>et</span> <span class='ocrx_word' id='word_1_77' title='bbox 572 1060 676 1092; x_wconf 79' lang='lat' dir='ltr'>forma</span> <span class='ocrx_word' id='word_1_78' title='bbox 701 1063 778 1090; x_wconf 89' lang='lat' dir='ltr'>tunc</span> <span class='ocrx_word' id='word_1_79' title='bbox 804 1057 981 1100; x_wconf 79' lang='lat' dir='ltr'>expressis,</span> <span class='ocrx_word' id='word_1_80' title='bbox 1009 1055 1127 1089; x_wconf 85' lang='lat' dir='ltr'>confir-</span> 
     </span>
     <span class='ocr_line' id='line_1_17' title="bbox 390 1109 1126 1155; baseline -0.007 -9"><span class='ocrx_word' id='word_1_81' title='bbox 390 1113 489 1147; x_wconf 85' lang='lat' dir='ltr'>mavit</span> <span class='ocrx_word' id='word_1_82' title='bbox 518 1118 551 1145; x_wconf 88' lang='lat' dir='ltr'>et</span> <span class='ocrx_word' id='word_1_83' title='bbox 575 1110 788 1155; x_wconf 73' lang='lat' dir='ltr'>approbavit,</span> <span class='ocrx_word' id='word_1_84' title='bbox 814 1121 867 1149; x_wconf 83' lang='lat' dir='ltr'>ac,</span> <span class='ocrx_word' id='word_1_85' title='bbox 893 1109 1022 1152; x_wconf 78' lang='lat' dir='ltr'>praevia</span> <span class='ocrx_word' id='word_1_86' title='bbox 1048 1120 1126 1152; x_wconf 84' lang='lat' dir='ltr'>qua-</span> 
     </span>
     <span class='ocr_line' id='line_1_18' title="bbox 392 1164 1127 1208; baseline -0.005 -10"><span class='ocrx_word' id='word_1_87' title='bbox 392 1175 609 1208; x_wconf 89' lang='lat' dir='ltr'>rumcumque</span> <span class='ocrx_word' id='word_1_88' title='bbox 641 1164 746 1197; x_wconf 91' lang='lat' dir='ltr'>litium</span> <span class='ocrx_word' id='word_1_89' title='bbox 772 1168 804 1195; x_wconf 89' lang='lat' dir='ltr'>et</span> <span class='ocrx_word' id='word_1_90' title='bbox 829 1173 1001 1195; x_wconf 86' lang='lat' dir='ltr'>causarum</span> <span class='ocrx_word' id='word_1_91' title='bbox 1026 1173 1127 1205; x_wconf 90' lang='lat' dir='ltr'>super</span> 
     </span>
     <span class='ocr_line' id='line_1_19' title="bbox 390 1215 1125 1264; baseline -0.007 -12"><span class='ocrx_word' id='word_1_92' title='bbox 390 1221 500 1264; x_wconf 76' lang='lat' dir='ltr'>platea</span> <span class='ocrx_word' id='word_1_93' title='bbox 525 1223 558 1251; x_wconf 92' lang='lat' dir='ltr'>et</span> <span class='ocrx_word' id='word_1_94' title='bbox 581 1216 807 1250; x_wconf 84' lang='lat' dir='ltr'>adiacentibus</span> <span class='ocrx_word' id='word_1_95' title='bbox 841 1216 922 1248; x_wconf 86' lang='lat' dir='ltr'>locis</span> <span class='ocrx_word' id='word_1_96' title='bbox 952 1215 1125 1248; x_wconf 75' lang='lat' dir='ltr'>antedictis</span> 
     </span>
     <span class='ocr_line' id='line_1_20' title="bbox 390 1268 1124 1313; baseline -0.008 -8"><span class='ocrx_word' id='word_1_97' title='bbox 390 1277 553 1305; x_wconf 88' lang='lat' dir='ltr'>motarum</span> <span class='ocrx_word' id='word_1_98' title='bbox 590 1281 648 1303; x_wconf 88' lang='lat' dir='ltr'>seu</span> <span class='ocrx_word' id='word_1_99' title='bbox 685 1269 899 1313; x_wconf 87' lang='lat' dir='ltr'>pendentium</span> <span class='ocrx_word' id='word_1_100' title='bbox 936 1268 1124 1301; x_wconf 75' lang='lat' dir='ltr'>avocatione</span> 
     </span>
     <span class='ocr_line' id='line_1_21' title="bbox 390 1320 1123 1368; baseline -0.007 -10"><span class='ocrx_word' id='word_1_101' title='bbox 390 1326 589 1368; x_wconf 85' lang='lat' dir='ltr'>illarumque</span> <span class='ocrx_word' id='word_1_102' title='bbox 611 1322 847 1366; x_wconf 81' lang='lat' dir='ltr'>suppressione</span> <span class='ocrx_word' id='word_1_103' title='bbox 866 1327 897 1354; x_wconf 84' lang='lat' dir='ltr'>et</span> <span class='ocrx_word' id='word_1_104' title='bbox 914 1320 1123 1360; x_wconf 79' lang='lat' dir='ltr'>extinctione,</span> 
     </span>
     <span class='ocr_line' id='line_1_22' title="bbox 391 1374 1126 1420; baseline -0.008 -9"><span class='ocrx_word' id='word_1_105' title='bbox 391 1378 510 1411; x_wconf 88' lang='lat' dir='ltr'>dictam</span> <span class='ocrx_word' id='word_1_106' title='bbox 537 1378 677 1420; x_wconf 75' lang='lat' dir='ltr'>plateam</span> <span class='ocrx_word' id='word_1_107' title='bbox 703 1386 739 1408; x_wconf 90' lang='lat' dir='ltr'>ac</span> <span class='ocrx_word' id='word_1_108' title='bbox 764 1376 834 1408; x_wconf 87' lang='lat' dir='ltr'>loca</span> <span class='ocrx_word' id='word_1_109' title='bbox 866 1375 895 1407; x_wconf 87' lang='lat' dir='ltr'>ei</span> <span class='ocrx_word' id='word_1_110' title='bbox 921 1374 1126 1417; x_wconf 89' lang='lat' dir='ltr'>circumqua-</span> 
     </span>
     <span class='ocr_line' id='line_1_23' title="bbox 392 1426 1127 1474; baseline -0.007 -11"><span class='ocrx_word' id='word_1_111' title='bbox 392 1441 455 1474; x_wconf 87' lang='lat' dir='ltr'>que</span> <span class='ocrx_word' id='word_1_112' title='bbox 481 1428 665 1463; x_wconf 88' lang='lat' dir='ltr'>adiacentia</span> <span class='ocrx_word' id='word_1_113' title='bbox 689 1428 721 1460; x_wconf 91' lang='lat' dir='ltr'>in</span> <span class='ocrx_word' id='word_1_114' title='bbox 747 1427 804 1460; x_wconf 91' lang='lat' dir='ltr'>viis</span> <span class='ocrx_word' id='word_1_115' title='bbox 823 1426 961 1470; x_wconf 86' lang='lat' dir='ltr'>publicis</span> <span class='ocrx_word' id='word_1_116' title='bbox 988 1426 1127 1459; x_wconf 83' lang='lat' dir='ltr'>existen-</span> 
     </span>
     <span class='ocr_line' id='line_1_24' title="bbox 392 1480 1126 1525; baseline -0.005 -9"><span class='ocrx_word' id='word_1_117' title='bbox 392 1485 435 1516; x_wconf 84' lang='lat' dir='ltr'>tia</span> <span class='ocrx_word' id='word_1_118' title='bbox 461 1488 493 1516; x_wconf 85' lang='lat' dir='ltr'>et</span> <span class='ocrx_word' id='word_1_119' title='bbox 517 1484 556 1516; x_wconf 87' lang='lat' dir='ltr'>ab</span> <span class='ocrx_word' id='word_1_120' title='bbox 583 1484 620 1516; x_wconf 76' lang='lat' dir='ltr'>ea</span> <span class='ocrx_word' id='word_1_121' title='bbox 655 1492 715 1525; x_wconf 84' lang='lat' dir='ltr'>per</span> <span class='ocrx_word' id='word_1_122' title='bbox 751 1481 895 1524; x_wconf 90' lang='lat' dir='ltr'>quinque</span> <span class='ocrx_word' id='word_1_123' title='bbox 927 1490 1046 1513; x_wconf 86' lang='lat' dir='ltr'>cannas</span> <span class='ocrx_word' id='word_1_124' title='bbox 1080 1480 1126 1512; x_wconf 90' lang='lat' dir='ltr'>di-</span> 
     </span>
     <span class='ocr_line' id='line_1_25' title="bbox 391 1532 1127 1579; baseline -0.007 -10"><span class='ocrx_word' id='word_1_125' title='bbox 391 1536 509 1570; x_wconf 85' lang='lat' dir='ltr'>stantia</span> <span class='ocrx_word' id='word_1_126' title='bbox 535 1534 723 1579; x_wconf 75' lang='lat' dir='ltr'>huiusmodi</span> <span class='ocrx_word' id='word_1_127' title='bbox 742 1532 902 1577; x_wconf 86' lang='lat' dir='ltr'>(etiamsi¹</span> <span class='ocrx_word' id='word_1_128' title='bbox 926 1533 1043 1565; x_wconf 87' lang='lat' dir='ltr'>dictam</span> <span class='ocrx_word' id='word_1_129' title='bbox 1060 1532 1127 1575; x_wconf 89' lang='lat' dir='ltr'>pla-</span> 
     </span>
     <span class='ocr_line' id='line_1_26' title="bbox 391 1590 1127 1632; baseline -0.007 -9"><span class='ocrx_word' id='word_1_130' title='bbox 391 1596 476 1623; x_wconf 82' lang='lat' dir='ltr'>team</span> <span class='ocrx_word' id='word_1_131' title='bbox 502 1590 569 1623; x_wconf 90' lang='lat' dir='ltr'>ullo</span> <span class='ocrx_word' id='word_1_132' title='bbox 594 1599 738 1632; x_wconf 87' lang='lat' dir='ltr'>unquam</span> <span class='ocrx_word' id='word_1_133' title='bbox 772 1592 918 1630; x_wconf 88' lang='lat' dir='ltr'>tempore</span> <span class='ocrx_word' id='word_1_134' title='bbox 945 1597 1004 1630; x_wconf 87' lang='lat' dir='ltr'>per</span> <span class='ocrx_word' id='word_1_135' title='bbox 1029 1597 1127 1630; x_wconf 86' lang='lat' dir='ltr'>quas-</span> 
     </span>
     <span class='ocr_line' id='line_1_27' title="bbox 392 1641 1127 1686; baseline -0.004 -10"><span class='ocrx_word' id='word_1_136' title='bbox 392 1654 532 1686; x_wconf 84' lang='lat' dir='ltr'>cumque</span> <span class='ocrx_word' id='word_1_137' title='bbox 565 1652 724 1686; x_wconf 80' lang='lat' dir='ltr'>personas</span> <span class='ocrx_word' id='word_1_138' title='bbox 745 1668 752 1681; x_wconf 88' lang='lat'>,</span> <span class='ocrx_word' id='word_1_139' title='bbox 786 1641 1022 1683; x_wconf 87' lang='lat' dir='ltr'>cuiuscumque</span> <span class='ocrx_word' id='word_1_140' title='bbox 1056 1651 1127 1682; x_wconf 80' lang='lat' dir='ltr'>gra-</span> 
     </span>
     <span class='ocr_line' id='line_1_28' title="bbox 393 1694 1124 1735; baseline -0.007 -6"><span class='ocrx_word' id='word_1_141' title='bbox 393 1697 452 1730; x_wconf 87' lang='lat' dir='ltr'>dus</span> <span class='ocrx_word' id='word_1_142' title='bbox 479 1701 511 1728; x_wconf 91' lang='lat' dir='ltr'>et</span> <span class='ocrx_word' id='word_1_143' title='bbox 535 1695 733 1728; x_wconf 91' lang='lat' dir='ltr'>conditionis</span> <span class='ocrx_word' id='word_1_144' title='bbox 759 1694 936 1727; x_wconf 78' lang='lat' dir='ltr'>existentes</span> <span class='ocrx_word' id='word_1_145' title='bbox 954 1720 961 1733; x_wconf 88' lang='lat'>,</span> <span class='ocrx_word' id='word_1_146' title='bbox 992 1694 1124 1735; x_wconf 84' lang='lat' dir='ltr'>augeri,</span> 
     </span>
     <span class='ocr_line' id='line_1_29' title="bbox 392 1745 1128 1790; baseline -0.005 -8"><span class='ocrx_word' id='word_1_147' title='bbox 392 1748 523 1782; x_wconf 80' lang='lat' dir='ltr'>extendi</span> <span class='ocrx_word' id='word_1_148' title='bbox 549 1753 581 1780; x_wconf 87' lang='lat' dir='ltr'>et</span> <span class='ocrx_word' id='word_1_149' title='bbox 605 1747 751 1790; x_wconf 85' lang='lat' dir='ltr'>ampliari</span> <span class='ocrx_word' id='word_1_150' title='bbox 777 1746 1001 1788; x_wconf 77' lang='lat' dir='ltr'>contingeret,</span> <span class='ocrx_word' id='word_1_151' title='bbox 1031 1745 1128 1778; x_wconf 84' lang='lat' dir='ltr'>etiam</span> 
     </span>
     <span class='ocr_line' id='line_1_30' title="bbox 392 1799 1127 1843; baseline -0.007 -8"><span class='ocrx_word' id='word_1_152' title='bbox 392 1812 465 1836; x_wconf 90' lang='lat' dir='ltr'>cum</span> <span class='ocrx_word' id='word_1_153' title='bbox 497 1805 672 1843; x_wconf 80' lang='lat' dir='ltr'>augmento</span> <span class='ocrx_word' id='word_1_154' title='bbox 709 1799 928 1842; x_wconf 83' lang='lat' dir='ltr'>ampliationis</span> <span class='ocrx_word' id='word_1_155' title='bbox 954 1804 986 1831; x_wconf 90' lang='lat' dir='ltr'>et</span> <span class='ocrx_word' id='word_1_156' title='bbox 1017 1803 1127 1831; x_wconf 82' lang='lat' dir='ltr'>exten-</span> 
     </span>
     <span class='ocr_line' id='line_1_31' title="bbox 392 1851 1128 1895; baseline -0.007 -8"><span class='ocrx_word' id='word_1_157' title='bbox 392 1854 494 1888; x_wconf 89' lang='lat' dir='ltr'>sionis</span> <span class='ocrx_word' id='word_1_158' title='bbox 516 1852 727 1892; x_wconf 85' lang='lat' dir='ltr'>huiusmodi,</span> <span class='ocrx_word' id='word_1_159' title='bbox 754 1855 1053 1895; x_wconf 85' lang='lat' dir='ltr'>quantumcumque</span> <span class='ocrx_word' id='word_1_160' title='bbox 1083 1851 1128 1884; x_wconf 84' lang='lat' dir='ltr'>so-</span> 
     </span>
     <span class='ocr_line' id='line_1_32' title="bbox 393 1904 1125 1950; baseline -0.004 -10"><span class='ocrx_word' id='word_1_161' title='bbox 393 1913 458 1948; x_wconf 86' lang='lat' dir='ltr'>ret,</span> <span class='ocrx_word' id='word_1_162' title='bbox 484 1917 549 1950; x_wconf 85' lang='lat' dir='ltr'>quo</span> <span class='ocrx_word' id='word_1_163' title='bbox 574 1906 776 1946; x_wconf 83' lang='lat' dir='ltr'>adveniente,</span> <span class='ocrx_word' id='word_1_164' title='bbox 803 1905 900 1937; x_wconf 86' lang='lat' dir='ltr'>etiam</span> <span class='ocrx_word' id='word_1_165' title='bbox 926 1905 997 1937; x_wconf 86' lang='lat' dir='ltr'>loca</span> <span class='ocrx_word' id='word_1_166' title='bbox 1015 1905 1047 1936; x_wconf 89' lang='lat' dir='ltr'>in</span> <span class='ocrx_word' id='word_1_167' title='bbox 1067 1904 1125 1937; x_wconf 86' lang='lat' dir='ltr'>viis</span> 
     </span>
     <span class='ocr_line' id='line_1_33' title="bbox 393 1959 1125 2004; baseline -0.005 -11"><span class='ocrx_word' id='word_1_168' title='bbox 393 1960 533 2004; x_wconf 85' lang='lat' dir='ltr'>publicis</span> <span class='ocrx_word' id='word_1_169' title='bbox 558 1966 591 1992; x_wconf 90' lang='lat' dir='ltr'>et</span> <span class='ocrx_word' id='word_1_170' title='bbox 614 1960 653 1992; x_wconf 89' lang='lat' dir='ltr'>ab</span> <span class='ocrx_word' id='word_1_171' title='bbox 679 1961 715 1991; x_wconf 77' lang='lat' dir='ltr'>ea</span> <span class='ocrx_word' id='word_1_172' title='bbox 740 1969 799 2001; x_wconf 91' lang='lat' dir='ltr'>per</span> <span class='ocrx_word' id='word_1_173' title='bbox 824 1959 969 2001; x_wconf 87' lang='lat' dir='ltr'>quinque</span> <span class='ocrx_word' id='word_1_174' title='bbox 1006 1968 1125 1990; x_wconf 87' lang='lat' dir='ltr'>cannas</span> 
     </span>
     <span class='ocr_line' id='line_1_34' title="bbox 394 2011 1127 2054; baseline -0.005 -8"><span class='ocrx_word' id='word_1_175' title='bbox 394 2013 548 2047; x_wconf 84' lang='lat' dir='ltr'>distantia</span> <span class='ocrx_word' id='word_1_176' title='bbox 573 2012 758 2045; x_wconf 88' lang='lat' dir='ltr'>huiusmodi</span> <span class='ocrx_word' id='word_1_177' title='bbox 784 2011 967 2054; x_wconf 84' lang='lat' dir='ltr'>computari</span> <span class='ocrx_word' id='word_1_178' title='bbox 989 2016 1020 2043; x_wconf 88' lang='lat' dir='ltr'>et</span> <span class='ocrx_word' id='word_1_179' title='bbox 1041 2021 1127 2043; x_wconf 89' lang='lat' dir='ltr'>com-</span> 
     </span>
     <span class='ocr_line' id='line_1_35' title="bbox 394 2063 1127 2110; baseline -0.005 -12"><span class='ocrx_word' id='word_1_180' title='bbox 394 2065 556 2110; x_wconf 78' lang='lat' dir='ltr'>prehendi</span> <span class='ocrx_word' id='word_1_181' title='bbox 581 2065 709 2107; x_wconf 73' lang='lat' dir='ltr'>voluit),</span> <span class='ocrx_word' id='word_1_182' title='bbox 737 2076 810 2097; x_wconf 89' lang='lat' dir='ltr'>cum</span> <span class='ocrx_word' id='word_1_183' title='bbox 836 2064 988 2097; x_wconf 87' lang='lat' dir='ltr'>omnibus</span> <span class='ocrx_word' id='word_1_184' title='bbox 1010 2068 1042 2096; x_wconf 86' lang='lat' dir='ltr'>et</span> <span class='ocrx_word' id='word_1_185' title='bbox 1063 2063 1127 2096; x_wconf 91' lang='lat' dir='ltr'>siu-</span> 
     </span>
     <span class='ocr_line' id='line_1_36' title="bbox 394 2116 1126 2160; baseline -0.004 -10"><span class='ocrx_word' id='word_1_186' title='bbox 394 2118 478 2160; x_wconf 83' lang='lat' dir='ltr'>gulis</span> <span class='ocrx_word' id='word_1_187' title='bbox 511 2117 636 2150; x_wconf 89' lang='lat' dir='ltr'>iuribus</span> <span class='ocrx_word' id='word_1_188' title='bbox 674 2122 706 2149; x_wconf 87' lang='lat' dir='ltr'>et</span> <span class='ocrx_word' id='word_1_189' title='bbox 735 2116 941 2160; x_wconf 81' lang='lat' dir='ltr'>pertinentiis</span> <span class='ocrx_word' id='word_1_190' title='bbox 968 2116 1035 2148; x_wconf 89' lang='lat' dir='ltr'>suis</span> <span class='ocrx_word' id='word_1_191' title='bbox 1053 2142 1060 2155; x_wconf 95' lang='lat'>,</span> <span class='ocrx_word' id='word_1_192' title='bbox 1090 2126 1126 2148; x_wconf 89' lang='lat' dir='ltr'>ac</span> 
     </span>
     <span class='ocr_line' id='line_1_37' title="bbox 395 2168 1128 2212; baseline -0.004 -10"><span class='ocrx_word' id='word_1_193' title='bbox 395 2170 493 2203; x_wconf 90' lang='lat' dir='ltr'>etiam</span> <span class='ocrx_word' id='word_1_194' title='bbox 526 2170 675 2202; x_wconf 88' lang='lat' dir='ltr'>omnibus</span> <span class='ocrx_word' id='word_1_195' title='bbox 700 2175 732 2201; x_wconf 88' lang='lat' dir='ltr'>et</span> <span class='ocrx_word' id='word_1_196' title='bbox 763 2169 1025 2212; x_wconf 81' lang='lat' dir='ltr'>quibuscumque</span> <span class='ocrx_word' id='word_1_197' title='bbox 1056 2168 1128 2200; x_wconf 91' lang='lat' dir='ltr'>illo-</span> 
     </span>
     <span class='ocr_line' id='line_1_38' title="bbox 394 2220 1124 2264; baseline -0.004 -10"><span class='ocrx_word' id='word_1_198' title='bbox 394 2233 467 2254; x_wconf 89' lang='lat' dir='ltr'>rum</span> <span class='ocrx_word' id='word_1_199' title='bbox 496 2222 668 2262; x_wconf 79' lang='lat' dir='ltr'>fructibus,</span> <span class='ocrx_word' id='word_1_200' title='bbox 685 2222 878 2261; x_wconf 82' lang='lat' dir='ltr'>redditibus,</span> <span class='ocrx_word' id='word_1_201' title='bbox 904 2220 1124 2264; x_wconf 85' lang='lat' dir='ltr'>proventibus,</span> 
     </span>
     <span class='ocr_line' id='line_1_39' title="bbox 394 2273 1126 2315; baseline -0.004 -8"><span class='ocrx_word' id='word_1_202' title='bbox 394 2275 532 2315; x_wconf 89' lang='lat' dir='ltr'>iuribus,</span> <span class='ocrx_word' id='word_1_203' title='bbox 562 2275 814 2307; x_wconf 85' lang='lat' dir='ltr'>obventionibus</span> <span class='ocrx_word' id='word_1_204' title='bbox 840 2279 872 2306; x_wconf 92' lang='lat' dir='ltr'>et</span> <span class='ocrx_word' id='word_1_205' title='bbox 897 2273 1126 2306; x_wconf 88' lang='lat' dir='ltr'>emolumentis</span> 
     </span>
     <span class='ocr_line' id='line_1_40' title="bbox 395 2326 1127 2369; baseline -0.003 -9"><span class='ocrx_word' id='word_1_206' title='bbox 395 2327 567 2367; x_wconf 90' lang='lat' dir='ltr'>universis,</span> <span class='ocrx_word' id='word_1_207' title='bbox 594 2326 764 2368; x_wconf 87' lang='lat' dir='ltr'>ecclesiae,</span> <span class='ocrx_word' id='word_1_208' title='bbox 790 2327 1077 2369; x_wconf 65' lang='lat' dir='ltr'>archipresbytero</span> <span class='ocrx_word' id='word_1_209' title='bbox 1096 2329 1127 2357; x_wconf 86' lang='lat' dir='ltr'>et</span> 
     </span>
     <span class='ocr_line' id='line_1_41' title="bbox 396 2379 1126 2423; baseline -0.004 -10"><span class='ocrx_word' id='word_1_210' title='bbox 396 2381 539 2423; x_wconf 89' lang='lat' dir='ltr'>capitulo</span> <span class='ocrx_word' id='word_1_211' title='bbox 575 2380 751 2422; x_wconf 88' lang='lat' dir='ltr'>praedictis</span> <span class='ocrx_word' id='word_1_212' title='bbox 787 2379 937 2412; x_wconf 88' lang='lat' dir='ltr'>similiter</span> <span class='ocrx_word' id='word_1_213' title='bbox 965 2383 1126 2422; x_wconf 85' lang='lat' dir='ltr'>perpetuo</span> 
     </span>
     <span class='ocr_line' id='line_1_42' title="bbox 396 2430 1129 2471; baseline -0.004 -6"><span class='ocrx_word' id='word_1_214' title='bbox 396 2438 428 2466; x_wconf 89' lang='lat' dir='ltr'>et</span> <span class='ocrx_word' id='word_1_215' title='bbox 452 2432 711 2465; x_wconf 84' lang='lat' dir='ltr'>irrevocabiliter</span> <span class='ocrx_word' id='word_1_216' title='bbox 735 2432 886 2471; x_wconf 87' lang='lat' dir='ltr'>donavit,</span> <span class='ocrx_word' id='word_1_217' title='bbox 909 2430 1073 2465; x_wconf 88' lang='lat' dir='ltr'>concessit</span> <span class='ocrx_word' id='word_1_218' title='bbox 1098 2435 1129 2462; x_wconf 88' lang='lat' dir='ltr'>et</span> 
     </span>
     <span class='ocr_line' id='line_1_43' title="bbox 396 2485 1128 2529; baseline -0.003 -11"><span class='ocrx_word' id='word_1_219' title='bbox 396 2485 553 2529; x_wconf 82' lang='lat' dir='ltr'>elargitus</span> <span class='ocrx_word' id='word_1_220' title='bbox 580 2490 637 2526; x_wconf 87' lang='lat' dir='ltr'>est,</span> <span class='ocrx_word' id='word_1_221' title='bbox 656 2496 692 2517; x_wconf 89' lang='lat' dir='ltr'>ac</span> <span class='ocrx_word' id='word_1_222' title='bbox 711 2495 806 2518; x_wconf 84' lang='lat' dir='ltr'>oinne</span> <span class='ocrx_word' id='word_1_223' title='bbox 828 2485 915 2517; x_wconf 87' lang='lat' dir='ltr'>illius</span> <span class='ocrx_word' id='word_1_224' title='bbox 942 2490 973 2517; x_wconf 87' lang='lat' dir='ltr'>ct</span> <span class='ocrx_word' id='word_1_225' title='bbox 996 2485 1128 2517; x_wconf 88' lang='lat' dir='ltr'>illorum</span> 
     </span>
    </p>
   </div>
   <div class='ocr_carea' id='block_1_5' title="bbox 432 2598 995 2637">
    <p class='ocr_par' dir='ltr' id='par_1_5' title="bbox 432 2598 995 2637">
     <span class='ocr_line' id='line_1_44' title="bbox 432 2598 995 2637; baseline -0.005 -8"><span class='ocrx_word' id='word_1_226' title='bbox 432 2603 444 2632; x_wconf 79' lang='grc'>1</span> <span class='ocrx_word' id='word_1_227' title='bbox 460 2601 590 2637; x_wconf 84' lang='lat' dir='ltr'>Legerem</span> <span class='ocrx_word' id='word_1_228' title='bbox 605 2603 641 2635; x_wconf 80' lang='lat' dir='ltr'>el,</span> <span class='ocrx_word' id='word_1_229' title='bbox 657 2600 683 2627; x_wconf 83' lang='lat' dir='ltr'>si</span> <span class='ocrx_word' id='word_1_230' title='bbox 698 2608 746 2635; x_wconf 85' lang='lat' dir='ltr'>pro</span> <span class='ocrx_word' id='word_1_231' title='bbox 762 2599 878 2626; x_wconf 82' lang='lat' dir='ltr'>etiamsi</span> <span class='ocrx_word' id='word_1_232' title='bbox 894 2600 931 2635; x_wconf 77' lang='lat' dir='ltr'>(n.</span> <span class='ocrx_word' id='word_1_233' title='bbox 947 2598 995 2634; x_wconf 88' lang='lat' dir='ltr'>T.).</span> 
     </span>
    </p>
   </div>
   <div class='ocr_carea' id='block_1_6' title="bbox 1141 277 1147 1728">
    <p class='ocr_par' dir='ltr' id='par_1_6' title="bbox 1141 277 1147 1728">
     <span class='ocr_line' id='line_1_45' title="bbox 1141 277 1147 1728; baseline 0 0"><span class='ocrx_word' id='word_1_234' title='bbox 1141 277 1147 1728; x_wconf 95' lang='lat' dir='ltr'> </span> 
     </span>
    </p>
   </div>
   <div class='ocr_carea' id='block_1_7' title="bbox 392 216 1325 309">
    <p class='ocr_par' dir='ltr' id='par_1_7' title="bbox 392 216 1325 309">
     <span class='ocr_line' id='line_1_46' title="bbox 970 216 1325 243; baseline 0.003 -1"><span class='ocrx_word' id='word_1_235' title='bbox 970 218 1149 242; x_wconf 73' lang='lat' dir='ltr'>BuLLAmuu</span> <span class='ocrx_word' id='word_1_236' title='bbox 1174 216 1325 243; x_wconf 51' lang='lat' dir='ltr'>nonaxon</span> 
     </span>
     <span class='ocr_line' id='line_1_47' title="bbox 392 265 1144 309; baseline -0.009 -6"><span class='ocrx_word' id='word_1_237' title='bbox 392 271 456 303; x_wconf 89' lang='lat' dir='ltr'>siae</span> <span class='ocrx_word' id='word_1_238' title='bbox 478 278 606 301; x_wconf 90' lang='lat' dir='ltr'>necnon</span> <span class='ocrx_word' id='word_1_239' title='bbox 631 266 914 309; x_wconf 85' lang='lat' dir='ltr'>archipresbytero</span> <span class='ocrx_word' id='word_1_240' title='bbox 934 270 966 297; x_wconf 86' lang='lat' dir='ltr'>et</span> <span class='ocrx_word' id='word_1_241' title='bbox 985 265 1125 308; x_wconf 89' lang='lat' dir='ltr'>capitulo</span> <span class='ocrx_word' id='word_1_242' title='bbox 1142 269 1144 274; x_wconf 90' lang='lat'>&#39;</span> 
     </span>
    </p>
   </div>
   <div class='ocr_carea' id='block_1_8' title="bbox 1160 265 1895 416">
    <p class='ocr_par' dir='ltr' id='par_1_8' title="bbox 1160 265 1895 416">
     <span class='ocr_line' id='line_1_48' title="bbox 1160 265 1894 310; baseline 0.001 -13"><span class='ocrx_word' id='word_1_243' title='bbox 1160 265 1210 297; x_wconf 91' lang='lat' dir='ltr'>ius</span> <span class='ocrx_word' id='word_1_244' title='bbox 1231 270 1263 297; x_wconf 91' lang='lat' dir='ltr'>et</span> <span class='ocrx_word' id='word_1_245' title='bbox 1283 265 1477 306; x_wconf 89' lang='lat' dir='ltr'>dominium,</span> <span class='ocrx_word' id='word_1_246' title='bbox 1496 266 1623 300; x_wconf 89' lang='lat' dir='ltr'>etiamsi</span> <span class='ocrx_word' id='word_1_247' title='bbox 1642 267 1681 300; x_wconf 87' lang='lat' dir='ltr'>ad</span> <span class='ocrx_word' id='word_1_248' title='bbox 1701 267 1809 310; x_wconf 90' lang='lat' dir='ltr'>ipsum</span> <span class='ocrx_word' id='word_1_249' title='bbox 1826 267 1894 300; x_wconf 80' lang='lat' dir='ltr'>Six—</span> 
     </span>
     <span class='ocr_line' id='line_1_49' title="bbox 1160 318 1894 362; baseline 0.004 -13"><span class='ocrx_word' id='word_1_250' title='bbox 1160 322 1226 350; x_wconf 89' lang='lat' dir='ltr'>tum</span> <span class='ocrx_word' id='word_1_251' title='bbox 1251 318 1542 360; x_wconf 85' lang='lat' dir='ltr'>praedecessorem</span> <span class='ocrx_word' id='word_1_252' title='bbox 1571 324 1604 352; x_wconf 90' lang='lat' dir='ltr'>et</span> <span class='ocrx_word' id='word_1_253' title='bbox 1632 330 1793 352; x_wconf 89' lang='lat' dir='ltr'>cameram</span> <span class='ocrx_word' id='word_1_254' title='bbox 1819 330 1894 362; x_wconf 90' lang='lat' dir='ltr'>apo-</span> 
     </span>
     <span class='ocr_line' id='line_1_50' title="bbox 1161 371 1895 416; baseline 0.001 -12"><span class='ocrx_word' id='word_1_255' title='bbox 1161 371 1310 404; x_wconf 90' lang='lat' dir='ltr'>stolicam</span> <span class='ocrx_word' id='word_1_256' title='bbox 1335 376 1390 404; x_wconf 88' lang='lat' dir='ltr'>aut</span> <span class='ocrx_word' id='word_1_257' title='bbox 1422 372 1503 405; x_wconf 90' lang='lat' dir='ltr'>alios</span> <span class='ocrx_word' id='word_1_258' title='bbox 1537 383 1763 416; x_wconf 89' lang='lat' dir='ltr'>quoscumque</span> <span class='ocrx_word' id='word_1_259' title='bbox 1796 373 1895 416; x_wconf 85' lang='lat' dir='ltr'>parti-</span> 
     </span>
    </p>
   </div>
   <div class='ocr_carea' id='block_1_9' title="bbox 1143 426 1895 469">
    <p class='ocr_par' dir='ltr' id='par_1_9' title="bbox 1143 426 1895 469">
     <span class='ocr_line' id='line_1_51' title="bbox 1143 426 1895 469; baseline 0.004 -13"><span class='ocrx_word' id='word_1_260' title='bbox 1143 426 1289 458; x_wconf 43' lang='lat' dir='ltr'>sculares</span> <span class='ocrx_word' id='word_1_261' title='bbox 1315 430 1500 469; x_wconf 84' lang='lat' dir='ltr'>spectaret,</span> <span class='ocrx_word' id='word_1_262' title='bbox 1526 426 1559 458; x_wconf 90' lang='lat' dir='ltr'>in</span> <span class='ocrx_word' id='word_1_263' title='bbox 1593 427 1766 459; x_wconf 86' lang='lat' dir='ltr'>ecclesiam</span> <span class='ocrx_word' id='word_1_264' title='bbox 1791 432 1823 459; x_wconf 90' lang='lat' dir='ltr'>et</span> <span class='ocrx_word' id='word_1_265' title='bbox 1846 437 1895 459; x_wconf 84' lang='lat' dir='ltr'>ar-</span> 
     </span>
    </p>
   </div>
   <div class='ocr_carea' id='block_1_10' title="bbox 1159 477 1899 2632">
    <p class='ocr_par' dir='ltr' id='par_1_10' title="bbox 1159 477 1899 2632">
     <span class='ocr_line' id='line_1_52' title="bbox 1161 477 1892 521; baseline 0.001 -11"><span class='ocrx_word' id='word_1_266' title='bbox 1161 477 1446 521; x_wconf 86' lang='lat' dir='ltr'>chipresbyterum</span> <span class='ocrx_word' id='word_1_267' title='bbox 1463 483 1496 511; x_wconf 84' lang='lat' dir='ltr'>et</span> <span class='ocrx_word' id='word_1_268' title='bbox 1512 478 1690 521; x_wconf 89' lang='lat' dir='ltr'>capitulum</span> <span class='ocrx_word' id='word_1_269' title='bbox 1704 479 1892 511; x_wconf 91' lang='lat' dir='ltr'>huiusmodi</span> 
     </span>
     <span class='ocr_line' id='line_1_53' title="bbox 1161 530 1893 574; baseline 0.003 -12"><span class='ocrx_word' id='word_1_270' title='bbox 1161 531 1335 570; x_wconf 87' lang='lat' dir='ltr'>transtulit,</span> <span class='ocrx_word' id='word_1_271' title='bbox 1365 541 1488 574; x_wconf 86' lang='lat' dir='ltr'>eosque</span> <span class='ocrx_word' id='word_1_272' title='bbox 1513 530 1546 563; x_wconf 92' lang='lat' dir='ltr'>in</span> <span class='ocrx_word' id='word_1_273' title='bbox 1571 541 1666 563; x_wconf 91' lang='lat' dir='ltr'>suum</span> <span class='ocrx_word' id='word_1_274' title='bbox 1691 535 1723 563; x_wconf 92' lang='lat' dir='ltr'>et</span> <span class='ocrx_word' id='word_1_275' title='bbox 1746 541 1893 564; x_wconf 84' lang='lat' dir='ltr'>camerae</span> 
     </span>
     <span class='ocr_line' id='line_1_54' title="bbox 1161 584 1893 627; baseline 0 -11"><span class='ocrx_word' id='word_1_276' title='bbox 1161 594 1197 616; x_wconf 89' lang='lat' dir='ltr'>ac</span> <span class='ocrx_word' id='word_1_277' title='bbox 1228 584 1476 627; x_wconf 87' lang='lat' dir='ltr'>particularium</span> <span class='ocrx_word' id='word_1_278' title='bbox 1508 584 1752 626; x_wconf 86' lang='lat' dir='ltr'>praedictorum</span> <span class='ocrx_word' id='word_1_279' title='bbox 1787 584 1893 617; x_wconf 89' lang='lat' dir='ltr'>locum</span> 
     </span>
     <span class='ocr_line' id='line_1_55' title="bbox 1161 636 1893 679; baseline -0.001 -10"><span class='ocrx_word' id='word_1_280' title='bbox 1161 641 1193 669; x_wconf 90' lang='lat' dir='ltr'>et</span> <span class='ocrx_word' id='word_1_281' title='bbox 1212 636 1292 676; x_wconf 82' lang='lat' dir='ltr'>iura,</span> <span class='ocrx_word' id='word_1_282' title='bbox 1308 637 1415 679; x_wconf 87' lang='lat' dir='ltr'>quoad</span> <span class='ocrx_word' id='word_1_283' title='bbox 1433 647 1471 669; x_wconf 82' lang='lat' dir='ltr'>ex</span> <span class='ocrx_word' id='word_1_284' title='bbox 1489 641 1575 675; x_wconf 87' lang='lat' dir='ltr'>tunc,</span> <span class='ocrx_word' id='word_1_285' title='bbox 1598 636 1719 678; x_wconf 84' lang='lat' dir='ltr'>pariter</span> <span class='ocrx_word' id='word_1_286' title='bbox 1731 641 1893 679; x_wconf 86' lang='lat' dir='ltr'>perpetuo</span> 
     </span>
     <span class='ocr_line' id='line_1_56' title="bbox 1161 689 1895 731; baseline 0.001 -11"><span class='ocrx_word' id='word_1_287' title='bbox 1161 689 1330 721; x_wconf 87' lang='lat' dir='ltr'>substituit</span> <span class='ocrx_word' id='word_1_288' title='bbox 1354 694 1386 722; x_wconf 94' lang='lat' dir='ltr'>et</span> <span class='ocrx_word' id='word_1_289' title='bbox 1415 689 1623 731; x_wconf 82' lang='lat' dir='ltr'>subrogavit,</span> <span class='ocrx_word' id='word_1_290' title='bbox 1652 689 1695 721; x_wconf 89' lang='lat' dir='ltr'>ita</span> <span class='ocrx_word' id='word_1_291' title='bbox 1719 695 1755 721; x_wconf 89' lang='lat' dir='ltr'>ut</span> <span class='ocrx_word' id='word_1_292' title='bbox 1778 689 1895 722; x_wconf 85' lang='lat' dir='ltr'>liceret</span> 
     </span>
     <span class='ocr_line' id='line_1_57' title="bbox 1160 741 1893 785; baseline 0.001 -12"><span class='ocrx_word' id='word_1_293' title='bbox 1160 741 1445 785; x_wconf 80' lang='lat' dir='ltr'>archipresbytero</span> <span class='ocrx_word' id='word_1_294' title='bbox 1482 747 1514 774; x_wconf 93' lang='lat' dir='ltr'>et</span> <span class='ocrx_word' id='word_1_295' title='bbox 1549 742 1692 784; x_wconf 89' lang='lat' dir='ltr'>capitulo</span> <span class='ocrx_word' id='word_1_296' title='bbox 1718 741 1893 784; x_wconf 90' lang='lat' dir='ltr'>praedictis</span> 
     </span>
     <span class='ocr_line' id='line_1_58' title="bbox 1160 794 1895 838; baseline -0.001 -11"><span class='ocrx_word' id='word_1_297' title='bbox 1160 795 1287 837; x_wconf 86' lang='lat' dir='ltr'>plateae</span> <span class='ocrx_word' id='word_1_298' title='bbox 1309 799 1341 827; x_wconf 91' lang='lat' dir='ltr'>et</span> <span class='ocrx_word' id='word_1_299' title='bbox 1356 794 1574 827; x_wconf 87' lang='lat' dir='ltr'>adiacentium</span> <span class='ocrx_word' id='word_1_300' title='bbox 1593 795 1740 827; x_wconf 86' lang='lat' dir='ltr'>locorum</span> <span class='ocrx_word' id='word_1_301' title='bbox 1758 795 1804 827; x_wconf 91' lang='lat' dir='ltr'>sic</span> <span class='ocrx_word' id='word_1_302' title='bbox 1821 805 1895 838; x_wconf 87' lang='lat' dir='ltr'>spe-</span> 
     </span>
     <span class='ocr_line' id='line_1_59' title="bbox 1160 846 1892 887; baseline 0 -8"><span class='ocrx_word' id='word_1_303' title='bbox 1160 846 1370 887; x_wconf 84' lang='lat' dir='ltr'>cificatorum,</span> <span class='ocrx_word' id='word_1_304' title='bbox 1395 857 1432 879; x_wconf 87' lang='lat' dir='ltr'>ac</span> <span class='ocrx_word' id='word_1_305' title='bbox 1455 847 1584 885; x_wconf 89' lang='lat' dir='ltr'>iurium,</span> <span class='ocrx_word' id='word_1_306' title='bbox 1607 847 1837 879; x_wconf 88' lang='lat' dir='ltr'>obventionum</span> <span class='ocrx_word' id='word_1_307' title='bbox 1863 852 1892 879; x_wconf 88' lang='lat' dir='ltr'>et</span> 
     </span>
     <span class='ocr_line' id='line_1_60' title="bbox 1160 899 1892 942; baseline 0.001 -11"><span class='ocrx_word' id='word_1_308' title='bbox 1160 900 1457 932; x_wconf 89' lang='lat' dir='ltr'>emolumentorum</span> <span class='ocrx_word' id='word_1_309' title='bbox 1482 899 1737 942; x_wconf 82' lang='lat' dir='ltr'>praedictorum,</span> <span class='ocrx_word' id='word_1_310' title='bbox 1764 910 1824 942; x_wconf 85' lang='lat' dir='ltr'>per</span> <span class='ocrx_word' id='word_1_311' title='bbox 1848 910 1892 939; x_wconf 88' lang='lat' dir='ltr'>se,</span> 
     </span>
     <span class='ocr_line' id='line_1_61' title="bbox 1159 952 1895 995; baseline 0.001 -11"><span class='ocrx_word' id='word_1_312' title='bbox 1159 953 1209 984; x_wconf 90' lang='lat' dir='ltr'>vel</span> <span class='ocrx_word' id='word_1_313' title='bbox 1234 952 1342 991; x_wconf 86' lang='lat' dir='ltr'>alium,</span> <span class='ocrx_word' id='word_1_314' title='bbox 1365 962 1424 985; x_wconf 88' lang='lat' dir='ltr'>seu</span> <span class='ocrx_word' id='word_1_315' title='bbox 1449 952 1542 992; x_wconf 82' lang='lat' dir='ltr'>alios,</span> <span class='ocrx_word' id='word_1_316' title='bbox 1566 952 1812 994; x_wconf 88' lang='lat' dir='ltr'>possessionem</span> <span class='ocrx_word' id='word_1_317' title='bbox 1837 963 1895 995; x_wconf 87' lang='lat' dir='ltr'>per</span> 
     </span>
     <span class='ocr_line' id='line_1_62' title="bbox 1161 1004 1892 1047; baseline -0.001 -10"><span class='ocrx_word' id='word_1_318' title='bbox 1161 1015 1217 1037; x_wconf 87' lang='lat' dir='ltr'>eos</span> <span class='ocrx_word' id='word_1_319' title='bbox 1243 1009 1386 1047; x_wconf 88' lang='lat' dir='ltr'>captam,</span> <span class='ocrx_word' id='word_1_320' title='bbox 1415 1009 1450 1036; x_wconf 92' lang='lat' dir='ltr'>ut</span> <span class='ocrx_word' id='word_1_321' title='bbox 1472 1004 1666 1047; x_wconf 82' lang='lat' dir='ltr'>praefertur,</span> <span class='ocrx_word' id='word_1_322' title='bbox 1693 1004 1892 1043; x_wconf 86' lang='lat' dir='ltr'>continuare,</span> 
     </span>
     <span class='ocr_line' id='line_1_63' title="bbox 1161 1057 1894 1100; baseline 0 -11"><span class='ocrx_word' id='word_1_323' title='bbox 1161 1062 1203 1097; x_wconf 88' lang='lat' dir='ltr'>et,</span> <span class='ocrx_word' id='word_1_324' title='bbox 1229 1062 1389 1100; x_wconf 86' lang='lat' dir='ltr'>quatenus</span> <span class='ocrx_word' id='word_1_325' title='bbox 1415 1067 1498 1100; x_wconf 92' lang='lat' dir='ltr'>opus</span> <span class='ocrx_word' id='word_1_326' title='bbox 1524 1062 1621 1096; x_wconf 87' lang='lat' dir='ltr'>esset,</span> <span class='ocrx_word' id='word_1_327' title='bbox 1648 1057 1686 1088; x_wconf 90' lang='lat' dir='ltr'>de</span> <span class='ocrx_word' id='word_1_328' title='bbox 1711 1067 1793 1088; x_wconf 89' lang='lat' dir='ltr'>novo</span> <span class='ocrx_word' id='word_1_329' title='bbox 1819 1067 1894 1099; x_wconf 61' lang='lat' dir='ltr'>pro«</span> 
     </span>
     <span class='ocr_line' id='line_1_64' title="bbox 1160 1109 1892 1152; baseline -0.001 -10"><span class='ocrx_word' id='word_1_330' title='bbox 1160 1110 1229 1152; x_wconf 77' lang='lat' dir='ltr'>pria</span> <span class='ocrx_word' id='word_1_331' title='bbox 1254 1110 1449 1142; x_wconf 85' lang='lat' dir='ltr'>auctoritate</span> <span class='ocrx_word' id='word_1_332' title='bbox 1479 1109 1583 1142; x_wconf 86' lang='lat' dir='ltr'>libere</span> <span class='ocrx_word' id='word_1_333' title='bbox 1617 1109 1868 1152; x_wconf 85' lang='lat' dir='ltr'>apprehendere</span> <span class='ocrx_word' id='word_1_334' title='bbox 1885 1136 1892 1149; x_wconf 90' lang='lat'>,</span> 
     </span>
     <span class='ocr_line' id='line_1_65' title="bbox 1160 1162 1895 1206; baseline 0 -12"><span class='ocrx_word' id='word_1_335' title='bbox 1160 1163 1314 1205; x_wconf 89' lang='lat' dir='ltr'>illamque</span> <span class='ocrx_word' id='word_1_336' title='bbox 1328 1166 1490 1206; x_wconf 88' lang='lat' dir='ltr'>perpetuo</span> <span class='ocrx_word' id='word_1_337' title='bbox 1508 1162 1663 1202; x_wconf 87' lang='lat' dir='ltr'>retinere,</span> <span class='ocrx_word' id='word_1_338' title='bbox 1684 1172 1812 1195; x_wconf 90' lang='lat' dir='ltr'>necnon</span> <span class='ocrx_word' id='word_1_339' title='bbox 1831 1162 1895 1194; x_wconf 81' lang='lat' dir='ltr'>sru-</span> 
     </span>
     <span class='ocr_line' id='line_1_66' title="bbox 1161 1216 1895 1259; baseline 0 -11"><span class='ocrx_word' id='word_1_340' title='bbox 1161 1221 1240 1255; x_wconf 89' lang='lat' dir='ltr'>ctus,</span> <span class='ocrx_word' id='word_1_341' title='bbox 1267 1216 1414 1248; x_wconf 88' lang='lat' dir='ltr'>redditus</span> <span class='ocrx_word' id='word_1_342' title='bbox 1440 1221 1683 1259; x_wconf 87' lang='lat' dir='ltr'>proventusque</span> <span class='ocrx_word' id='word_1_343' title='bbox 1698 1226 1735 1248; x_wconf 83' lang='lat' dir='ltr'>ex</span> <span class='ocrx_word' id='word_1_344' title='bbox 1756 1216 1803 1248; x_wconf 88' lang='lat' dir='ltr'>eis</span> <span class='ocrx_word' id='word_1_345' title='bbox 1819 1227 1895 1259; x_wconf 86' lang='lat' dir='ltr'>pro-</span> 
     </span>
     <span class='ocr_line' id='line_1_67' title="bbox 1160 1269 1892 1312; baseline 0.001 -11"><span class='ocrx_word' id='word_1_346' title='bbox 1160 1270 1329 1302; x_wconf 77' lang='lat' dir='ltr'>venientes</span> <span class='ocrx_word' id='word_1_347' title='bbox 1355 1269 1539 1312; x_wconf 84' lang='lat' dir='ltr'>percipere,</span> <span class='ocrx_word' id='word_1_348' title='bbox 1558 1269 1689 1311; x_wconf 78' lang='lat' dir='ltr'>exigere</span> <span class='ocrx_word' id='word_1_349' title='bbox 1715 1274 1747 1302; x_wconf 87' lang='lat' dir='ltr'>et</span> <span class='ocrx_word' id='word_1_350' title='bbox 1772 1270 1892 1309; x_wconf 87' lang='lat' dir='ltr'>levare,</span> 
     </span>
     <span class='ocr_line' id='line_1_68' title="bbox 1160 1322 1893 1358; baseline 0 -4"><span class='ocrx_word' id='word_1_351' title='bbox 1160 1333 1197 1354; x_wconf 87' lang='lat' dir='ltr'>ac</span> <span class='ocrx_word' id='word_1_352' title='bbox 1222 1322 1254 1354; x_wconf 92' lang='lat' dir='ltr'>in</span> <span class='ocrx_word' id='word_1_353' title='bbox 1280 1332 1394 1354; x_wconf 88' lang='lat' dir='ltr'>eorum</span> <span class='ocrx_word' id='word_1_354' title='bbox 1425 1326 1462 1358; x_wconf 67' lang='lat' dir='ltr'>et,</span> <span class='ocrx_word' id='word_1_355' title='bbox 1481 1322 1585 1354; x_wconf 87' lang='lat' dir='ltr'>dictae</span> <span class='ocrx_word' id='word_1_356' title='bbox 1622 1322 1780 1354; x_wconf 86' lang='lat' dir='ltr'>ecclesiae</span> <span class='ocrx_word' id='word_1_357' title='bbox 1815 1332 1893 1354; x_wconf 86' lang='lat' dir='ltr'>usus</span> 
     </span>
     <span class='ocr_line' id='line_1_69' title="bbox 1161 1374 1895 1414; baseline 0.001 -8"><span class='ocrx_word' id='word_1_358' title='bbox 1161 1379 1193 1407; x_wconf 89' lang='lat' dir='ltr'>et</span> <span class='ocrx_word' id='word_1_359' title='bbox 1210 1375 1384 1407; x_wconf 85' lang='lat' dir='ltr'>utilitatem</span> <span class='ocrx_word' id='word_1_360' title='bbox 1409 1380 1608 1414; x_wconf 85' lang='lat' dir='ltr'>convertere,</span> <span class='ocrx_word' id='word_1_361' title='bbox 1628 1374 1769 1407; x_wconf 80' lang='lat' dir='ltr'>cuiusvis</span> <span class='ocrx_word' id='word_1_362' title='bbox 1795 1374 1895 1407; x_wconf 86' lang='lat' dir='ltr'>licen-</span> 
     </span>
     <span class='ocr_line' id='line_1_70' title="bbox 1163 1426 1893 1470; baseline -0.003 -10"><span class='ocrx_word' id='word_1_363' title='bbox 1163 1428 1204 1460; x_wconf 77' lang='lat' dir='ltr'>tia</span> <span class='ocrx_word' id='word_1_364' title='bbox 1239 1428 1382 1470; x_wconf 87' lang='lat' dir='ltr'>desuper</span> <span class='ocrx_word' id='word_1_365' title='bbox 1413 1427 1544 1459; x_wconf 89' lang='lat' dir='ltr'>minime</span> <span class='ocrx_word' id='word_1_366' title='bbox 1582 1426 1762 1470; x_wconf 77' lang='lat' dir='ltr'>requisita,</span> <span class='ocrx_word' id='word_1_367' title='bbox 1795 1438 1831 1459; x_wconf 87' lang='lat' dir='ltr'>ac</span> <span class='ocrx_word' id='word_1_368' title='bbox 1856 1437 1893 1460; x_wconf 89' lang='lat' dir='ltr'>ex</span> 
     </span>
     <span class='ocr_line' id='line_1_71' title="bbox 1162 1479 1895 1523; baseline -0.001 -10"><span class='ocrx_word' id='word_1_369' title='bbox 1162 1486 1238 1513; x_wconf 91' lang='lat' dir='ltr'>tunc</span> <span class='ocrx_word' id='word_1_370' title='bbox 1256 1481 1426 1519; x_wconf 88' lang='lat' dir='ltr'>ecclesiae,</span> <span class='ocrx_word' id='word_1_371' title='bbox 1445 1480 1734 1523; x_wconf 83' lang='lat' dir='ltr'>archipresbytero</span> <span class='ocrx_word' id='word_1_372' title='bbox 1753 1485 1785 1512; x_wconf 89' lang='lat' dir='ltr'>ct</span> <span class='ocrx_word' id='word_1_373' title='bbox 1808 1479 1895 1522; x_wconf 85' lang='lat' dir='ltr'>capi—</span> 
     </span>
     <span class='ocr_line' id='line_1_72' title="bbox 1162 1533 1893 1577; baseline 0 -12"><span class='ocrx_word' id='word_1_374' title='bbox 1162 1534 1229 1566; x_wconf 89' lang='lat' dir='ltr'>tulo</span> <span class='ocrx_word' id='word_1_375' title='bbox 1254 1534 1410 1577; x_wconf 76' lang='lat' dir='ltr'>praefatis</span> <span class='ocrx_word' id='word_1_376' title='bbox 1432 1533 1464 1566; x_wconf 91' lang='lat' dir='ltr'>in</span> <span class='ocrx_word' id='word_1_377' title='bbox 1483 1535 1590 1576; x_wconf 79' lang='lat' dir='ltr'>platea</span> <span class='ocrx_word' id='word_1_378' title='bbox 1615 1538 1647 1565; x_wconf 84' lang='lat' dir='ltr'>et</span> <span class='ocrx_word' id='word_1_379' title='bbox 1671 1533 1893 1566; x_wconf 88' lang='lat' dir='ltr'>adiacentibus</span> 
     </span>
     <span class='ocr_line' id='line_1_73' title="bbox 1161 1586 1893 1629; baseline -0.001 -10"><span class='ocrx_word' id='word_1_380' title='bbox 1161 1587 1241 1620; x_wconf 87' lang='lat' dir='ltr'>locis</span> <span class='ocrx_word' id='word_1_381' title='bbox 1279 1586 1465 1619; x_wconf 87' lang='lat' dir='ltr'>huiusmodi</span> <span class='ocrx_word' id='word_1_382' title='bbox 1510 1588 1643 1629; x_wconf 84' lang='lat' dir='ltr'>plenum</span> <span class='ocrx_word' id='word_1_383' title='bbox 1676 1586 1726 1618; x_wconf 91' lang='lat' dir='ltr'>ius</span> <span class='ocrx_word' id='word_1_384' title='bbox 1761 1586 1893 1618; x_wconf 89' lang='lat' dir='ltr'>omnino</span> 
     </span>
     <span class='ocr_line' id='line_1_74' title="bbox 1161 1638 1894 1682; baseline -0.001 -11"><span class='ocrx_word' id='word_1_385' title='bbox 1161 1639 1356 1682; x_wconf 90' lang='lat' dir='ltr'>acquisitum</span> <span class='ocrx_word' id='word_1_386' title='bbox 1383 1650 1466 1679; x_wconf 84' lang='lat' dir='ltr'>csse,</span> <span class='ocrx_word' id='word_1_387' title='bbox 1494 1639 1650 1681; x_wconf 84' lang='lat' dir='ltr'>illamque</span> <span class='ocrx_word' id='word_1_388' title='bbox 1676 1644 1708 1671; x_wconf 85' lang='lat' dir='ltr'>et</span> <span class='ocrx_word' id='word_1_389' title='bbox 1726 1638 1794 1679; x_wconf 89' lang='lat' dir='ltr'>illa,</span> <span class='ocrx_word' id='word_1_390' title='bbox 1822 1649 1894 1670; x_wconf 89' lang='lat' dir='ltr'>cum</span> 
     </span>
     <span class='ocr_line' id='line_1_75' title="bbox 1160 1691 1894 1731; baseline -0.001 -7"><span class='ocrx_word' id='word_1_391' title='bbox 1160 1692 1306 1731; x_wconf 90' lang='lat' dir='ltr'>iuribus,</span> <span class='ocrx_word' id='word_1_392' title='bbox 1334 1691 1584 1724; x_wconf 85' lang='lat' dir='ltr'>obventionibus</span> <span class='ocrx_word' id='word_1_393' title='bbox 1610 1697 1641 1723; x_wconf 90' lang='lat' dir='ltr'>et</span> <span class='ocrx_word' id='word_1_394' title='bbox 1664 1691 1894 1723; x_wconf 85' lang='lat' dir='ltr'>emolumentis</span> 
     </span>
     <span class='ocr_line' id='line_1_76' title="bbox 1161 1743 1895 1788; baseline -0.004 -10"><span class='ocrx_word' id='word_1_395' title='bbox 1161 1745 1344 1788; x_wconf 87' lang='lat' dir='ltr'>praedictis,</span> <span class='ocrx_word' id='word_1_396' title='bbox 1371 1745 1410 1777; x_wconf 87' lang='lat' dir='ltr'>ad</span> <span class='ocrx_word' id='word_1_397' title='bbox 1436 1745 1619 1784; x_wconf 87' lang='lat' dir='ltr'>ecclesiam,</span> <span class='ocrx_word' id='word_1_398' title='bbox 1641 1754 1770 1777; x_wconf 90' lang='lat' dir='ltr'>necnon</span> <span class='ocrx_word' id='word_1_399' title='bbox 1788 1743 1895 1776; x_wconf 88' lang='lat' dir='ltr'>archi-</span> 
     </span>
     <span class='ocr_line' id='line_1_77' title="bbox 1161 1797 1894 1841; baseline -0.003 -11"><span class='ocrx_word' id='word_1_400' title='bbox 1161 1798 1389 1841; x_wconf 84' lang='lat' dir='ltr'>presbyterum</span> <span class='ocrx_word' id='word_1_401' title='bbox 1425 1802 1457 1829; x_wconf 88' lang='lat' dir='ltr'>et</span> <span class='ocrx_word' id='word_1_402' title='bbox 1492 1797 1670 1839; x_wconf 86' lang='lat' dir='ltr'>capitulum</span> <span class='ocrx_word' id='word_1_403' title='bbox 1695 1801 1894 1829; x_wconf 87' lang='lat' dir='ltr'>memoratos</span> 
     </span>
     <span class='ocr_line' id='line_1_78' title="bbox 1162 1848 1895 1893; baseline -0.004 -10"><span class='ocrx_word' id='word_1_404' title='bbox 1162 1851 1200 1883; x_wconf 89' lang='lat' dir='ltr'>de</span> <span class='ocrx_word' id='word_1_405' title='bbox 1226 1851 1294 1883; x_wconf 91' lang='lat' dir='ltr'>iure</span> <span class='ocrx_word' id='word_1_406' title='bbox 1321 1854 1468 1893; x_wconf 84' lang='lat' dir='ltr'>spectare</span> <span class='ocrx_word' id='word_1_407' title='bbox 1494 1854 1525 1882; x_wconf 88' lang='lat' dir='ltr'>et</span> <span class='ocrx_word' id='word_1_408' title='bbox 1550 1848 1725 1892; x_wconf 85' lang='lat' dir='ltr'>pertinere,</span> <span class='ocrx_word' id='word_1_409' title='bbox 1744 1848 1895 1892; x_wconf 75' lang='lat' dir='ltr'>ipsisque</span> 
     </span>
     <span class='ocr_line' id='line_1_79' title="bbox 1162 1902 1894 1946; baseline -0.005 -10"><span class='ocrx_word' id='word_1_410' title='bbox 1162 1903 1285 1946; x_wconf 87' lang='lat' dir='ltr'>lapides</span> <span class='ocrx_word' id='word_1_411' title='bbox 1311 1912 1511 1935; x_wconf 88' lang='lat' dir='ltr'>marmoreos</span> <span class='ocrx_word' id='word_1_412' title='bbox 1533 1902 1606 1934; x_wconf 91' lang='lat' dir='ltr'>loco</span> <span class='ocrx_word' id='word_1_413' title='bbox 1624 1902 1816 1941; x_wconf 81' lang='lat' dir='ltr'>bancorum,</span> <span class='ocrx_word' id='word_1_414' title='bbox 1834 1911 1894 1944; x_wconf 88' lang='lat' dir='ltr'>pro</span> 
     </span>
     <span class='ocr_line' id='line_1_80' title="bbox 1161 1954 1895 1999; baseline -0.003 -11"><span class='ocrx_word' id='word_1_415' title='bbox 1161 1957 1276 1989; x_wconf 88' lang='lat' dir='ltr'>maiori</span> <span class='ocrx_word' id='word_1_416' title='bbox 1291 1955 1431 1999; x_wconf 87' lang='lat' dir='ltr'>piscium</span> <span class='ocrx_word' id='word_1_417' title='bbox 1448 1955 1652 1988; x_wconf 89' lang='lat' dir='ltr'>venditorum</span> <span class='ocrx_word' id='word_1_418' title='bbox 1665 1954 1895 1987; x_wconf 86' lang='lat' dir='ltr'>commoditate</span> 
     </span>
     <span class='ocr_line' id='line_1_81' title="bbox 1162 2007 1896 2051; baseline -0.005 -9"><span class='ocrx_word' id='word_1_419' title='bbox 1162 2021 1198 2042; x_wconf 88' lang='lat' dir='ltr'>ac</span> <span class='ocrx_word' id='word_1_420' title='bbox 1223 2009 1326 2042; x_wconf 85' lang='lat' dir='ltr'>dictae</span> <span class='ocrx_word' id='word_1_421' title='bbox 1351 2009 1479 2051; x_wconf 89' lang='lat' dir='ltr'>plateae</span> <span class='ocrx_word' id='word_1_422' title='bbox 1501 2012 1625 2046; x_wconf 86' lang='lat' dir='ltr'>ornatu,</span> <span class='ocrx_word' id='word_1_423' title='bbox 1645 2007 1812 2039; x_wconf 91' lang='lat' dir='ltr'>mensibus</span> <span class='ocrx_word' id='word_1_424' title='bbox 1830 2007 1896 2038; x_wconf 88' lang='lat' dir='ltr'>ela-</span> 
     </span>
     <span class='ocr_line' id='line_1_82' title="bbox 1161 2060 1897 2105; baseline -0.004 -11"><span class='ocrx_word' id='word_1_425' title='bbox 1161 2062 1228 2105; x_wconf 86' lang='lat' dir='ltr'>psis</span> <span class='ocrx_word' id='word_1_426' title='bbox 1254 2072 1313 2104; x_wconf 81' lang='lat' dir='ltr'>per</span> <span class='ocrx_word' id='word_1_427' title='bbox 1338 2071 1393 2093; x_wconf 90' lang='lat' dir='ltr'>eos</span> <span class='ocrx_word' id='word_1_428' title='bbox 1419 2060 1452 2092; x_wconf 90' lang='lat' dir='ltr'>in</span> <span class='ocrx_word' id='word_1_429' title='bbox 1476 2060 1547 2103; x_wconf 77' lang='lat' dir='ltr'>ipsa</span> <span class='ocrx_word' id='word_1_430' title='bbox 1571 2060 1677 2102; x_wconf 81' lang='lat' dir='ltr'>platea</span> <span class='ocrx_word' id='word_1_431' title='bbox 1710 2064 1838 2092; x_wconf 88' lang='lat' dir='ltr'>erectos</span> <span class='ocrx_word' id='word_1_432' title='bbox 1864 2063 1897 2091; x_wconf 90' lang='lat' dir='ltr'>et</span> 
     </span>
     <span class='ocr_line' id='line_1_83' title="bbox 1161 2111 1897 2157; baseline -0.005 -10"><span class='ocrx_word' id='word_1_433' title='bbox 1161 2114 1340 2157; x_wconf 90' lang='lat' dir='ltr'>appositos,</span> <span class='ocrx_word' id='word_1_434' title='bbox 1368 2113 1471 2146; x_wconf 86' lang='lat' dir='ltr'>libere</span> <span class='ocrx_word' id='word_1_435' title='bbox 1497 2118 1528 2145; x_wconf 87' lang='lat' dir='ltr'>et</span> <span class='ocrx_word' id='word_1_436' title='bbox 1552 2112 1684 2155; x_wconf 87' lang='lat' dir='ltr'>impune</span> <span class='ocrx_word' id='word_1_437' title='bbox 1710 2111 1838 2154; x_wconf 81' lang='lat' dir='ltr'>erigere</span> <span class='ocrx_word' id='word_1_438' title='bbox 1864 2116 1897 2144; x_wconf 90' lang='lat' dir='ltr'>et</span> 
     </span>
     <span class='ocr_line' id='line_1_84' title="bbox 1161 2165 1897 2210; baseline -0.005 -10"><span class='ocrx_word' id='word_1_439' title='bbox 1161 2177 1329 2210; x_wconf 88' lang='lat' dir='ltr'>apponere</span> <span class='ocrx_word' id='word_1_440' title='bbox 1355 2166 1486 2198; x_wconf 92' lang='lat' dir='ltr'>licuisse</span> <span class='ocrx_word' id='word_1_441' title='bbox 1513 2165 1700 2198; x_wconf 86' lang='lat' dir='ltr'>declaravit.</span> <span class='ocrx_word' id='word_1_442' title='bbox 1719 2165 1897 2197; x_wconf 87' lang='lat' dir='ltr'>Praeterea</span> 
     </span>
     <span class='ocr_line' id='line_1_85' title="bbox 1161 2217 1895 2264; baseline -0.004 -12"><span class='ocrx_word' id='word_1_443' title='bbox 1161 2221 1314 2264; x_wconf 85' lang='lat' dir='ltr'>plateam,</span> <span class='ocrx_word' id='word_1_444' title='bbox 1332 2221 1394 2251; x_wconf 77' lang='lat' dir='ltr'>una</span> <span class='ocrx_word' id='word_1_445' title='bbox 1411 2229 1482 2251; x_wconf 90' lang='lat' dir='ltr'>cum</span> <span class='ocrx_word' id='word_1_446' title='bbox 1504 2223 1680 2261; x_wconf 78' lang='lat' dir='ltr'>augmento</span> <span class='ocrx_word' id='word_1_447' title='bbox 1706 2217 1895 2250; x_wconf 89' lang='lat' dir='ltr'>huiusmodi</span> 
     </span>
     <span class='ocr_line' id='line_1_86' title="bbox 1162 2271 1894 2314; baseline -0.003 -9"><span class='ocrx_word' id='word_1_448' title='bbox 1162 2272 1188 2305; x_wconf 86' lang='lat' dir='ltr'>si</span> <span class='ocrx_word' id='word_1_449' title='bbox 1204 2272 1284 2305; x_wconf 88' lang='lat' dir='ltr'>illud</span> <span class='ocrx_word' id='word_1_450' title='bbox 1301 2271 1373 2304; x_wconf 85' lang='lat' dir='ltr'>fieri</span> <span class='ocrx_word' id='word_1_451' title='bbox 1391 2271 1662 2314; x_wconf 85' lang='lat' dir='ltr'>quandocumque</span> <span class='ocrx_word' id='word_1_452' title='bbox 1679 2271 1894 2313; x_wconf 78' lang='lat' dir='ltr'>contingeret,</span> 
     </span>
     <span class='ocr_line' id='line_1_87' title="bbox 1162 2323 1894 2367; baseline -0.004 -9"><span class='ocrx_word' id='word_1_453' title='bbox 1162 2335 1289 2358; x_wconf 88' lang='lat' dir='ltr'>necnon</span> <span class='ocrx_word' id='word_1_454' title='bbox 1320 2325 1392 2357; x_wconf 88' lang='lat' dir='ltr'>loca</span> <span class='ocrx_word' id='word_1_455' title='bbox 1416 2323 1596 2356; x_wconf 85' lang='lat' dir='ltr'>adiacentia</span> <span class='ocrx_word' id='word_1_456' title='bbox 1626 2323 1894 2367; x_wconf 88' lang='lat' dir='ltr'>praenominata,</span> 
     </span>
     <span class='ocr_line' id='line_1_88' title="bbox 1161 2376 1895 2420; baseline -0.003 -10"><span class='ocrx_word' id='word_1_457' title='bbox 1161 2379 1200 2410; x_wconf 90' lang='lat' dir='ltr'>ab</span> <span class='ocrx_word' id='word_1_458' title='bbox 1226 2377 1313 2410; x_wconf 88' lang='lat' dir='ltr'>omni</span> <span class='ocrx_word' id='word_1_459' title='bbox 1345 2376 1571 2410; x_wconf 86' lang='lat' dir='ltr'>iurisdictione</span> <span class='ocrx_word' id='word_1_460' title='bbox 1604 2382 1636 2409; x_wconf 91' lang='lat' dir='ltr'>et</span> <span class='ocrx_word' id='word_1_461' title='bbox 1661 2377 1895 2420; x_wconf 89' lang='lat' dir='ltr'>superioritate</span> 
     </span>
     <span class='ocr_line' id='line_1_89' title="bbox 1162 2429 1897 2473; baseline -0.001 -11"><span class='ocrx_word' id='word_1_462' title='bbox 1162 2435 1238 2462; x_wconf 88' lang='lat' dir='ltr'>tunc</span> <span class='ocrx_word' id='word_1_463' title='bbox 1263 2434 1295 2462; x_wconf 90' lang='lat' dir='ltr'>et</span> <span class='ocrx_word' id='word_1_464' title='bbox 1318 2440 1377 2473; x_wconf 88' lang='lat' dir='ltr'>pro</span> <span class='ocrx_word' id='word_1_465' title='bbox 1396 2435 1545 2472; x_wconf 89' lang='lat' dir='ltr'>tempore</span> <span class='ocrx_word' id='word_1_466' title='bbox 1566 2429 1775 2462; x_wconf 81' lang='lat' dir='ltr'>existentium</span> <span class='ocrx_word' id='word_1_467' title='bbox 1792 2439 1897 2462; x_wconf 88' lang='lat' dir='ltr'>came-</span> 
     </span>
     <span class='ocr_line' id='line_1_90' title="bbox 1162 2481 1897 2524; baseline 0 -9"><span class='ocrx_word' id='word_1_468' title='bbox 1162 2483 1239 2515; x_wconf 86' lang='lat' dir='ltr'>rarii</span> <span class='ocrx_word' id='word_1_469' title='bbox 1261 2493 1297 2515; x_wconf 89' lang='lat' dir='ltr'>ac</span> <span class='ocrx_word' id='word_1_470' title='bbox 1323 2482 1426 2515; x_wconf 88' lang='lat' dir='ltr'>dictae</span> <span class='ocrx_word' id='word_1_471' title='bbox 1451 2482 1545 2515; x_wconf 91' lang='lat' dir='ltr'>Urbis</span> <span class='ocrx_word' id='word_1_472' title='bbox 1575 2482 1699 2515; x_wconf 88' lang='lat' dir='ltr'>viarum</span> <span class='ocrx_word' id='word_1_473' title='bbox 1722 2481 1897 2524; x_wconf 81' lang='lat' dir='ltr'>magistro-</span> 
     </span>
     <span class='ocr_line' id='line_1_91' title="bbox 1161 2535 1899 2579; baseline 0 -12"><span class='ocrx_word' id='word_1_474' title='bbox 1161 2546 1233 2568; x_wconf 88' lang='lat' dir='ltr'>rum</span> <span class='ocrx_word' id='word_1_475' title='bbox 1258 2546 1295 2568; x_wconf 79' lang='lat' dir='ltr'>ex</span> <span class='ocrx_word' id='word_1_476' title='bbox 1321 2540 1395 2569; x_wconf 88' lang='lat' dir='ltr'>tunc</span> <span class='ocrx_word' id='word_1_477' title='bbox 1431 2541 1463 2568; x_wconf 88' lang='lat' dir='ltr'>et</span> <span class='ocrx_word' id='word_1_478' title='bbox 1485 2536 1518 2568; x_wconf 90' lang='lat' dir='ltr'>in</span> <span class='ocrx_word' id='word_1_479' title='bbox 1550 2540 1747 2579; x_wconf 85' lang='lat' dir='ltr'>perpetuum</span> <span class='ocrx_word' id='word_1_480' title='bbox 1763 2561 1771 2576; x_wconf 89' lang='lat'>,</span> <span class='ocrx_word' id='word_1_481' title='bbox 1797 2535 1842 2567; x_wconf 88' lang='lat' dir='ltr'>ita</span> <span class='ocrx_word' id='word_1_482' title='bbox 1865 2539 1899 2568; x_wconf 89' lang='lat' dir='ltr'>et</span> 
     </span>
     <span class='ocr_line' id='line_1_92' title="bbox 1163 2587 1896 2632; baseline -0.001 -11"><span class='ocrx_word' id='word_1_483' title='bbox 1163 2588 1268 2622; x_wconf 84' lang='lat' dir='ltr'>taliter</span> <span class='ocrx_word' id='word_1_484' title='bbox 1286 2589 1371 2632; x_wconf 87' lang='lat' dir='ltr'>quod</span> <span class='ocrx_word' id='word_1_485' title='bbox 1390 2589 1464 2622; x_wconf 89' lang='lat' dir='ltr'>dicti</span> <span class='ocrx_word' id='word_1_486' title='bbox 1484 2588 1682 2622; x_wconf 86' lang='lat' dir='ltr'>camerarius</span> <span class='ocrx_word' id='word_1_487' title='bbox 1699 2592 1732 2621; x_wconf 86' lang='lat' dir='ltr'>et</span> <span class='ocrx_word' id='word_1_488' title='bbox 1747 2587 1896 2632; x_wconf 83' lang='lat' dir='ltr'>magistri</span> 
     </span>
    </p>
   </div>
   <div class='ocr_carea' id='block_1_11' title="bbox 1909 217 2092 245">
    <p class='ocr_par' dir='ltr' id='par_1_11' title="bbox 1909 217 2092 245">
     <span class='ocr_line' id='line_1_93' title="bbox 1909 217 2092 245; baseline 0.005 -1"><span class='ocrx_word' id='word_1_489' title='bbox 1909 218 1959 245; x_wconf 75' lang='lat' dir='ltr'>An.</span> <span class='ocrx_word' id='word_1_490' title='bbox 1980 218 2007 244; x_wconf 88' lang='lat' dir='ltr'>C.</span> <span class='ocrx_word' id='word_1_491' title='bbox 2024 217 2092 245; x_wconf 62' lang='lat'>1663</span> 
     </span>
    </p>
   </div>
  </div>
 </body>
</html>
