2247 3208
184 201 232 225 An.
249 200 277 225 c.
300 198 368 225 1664
414 189 478 222 394

201 521 321 544 Exordium

369 246 527 273 Carissimo
546 244 578 270 in
599 242 716 270 Christo
736 241 796 268 filio
816 242 917 267 nostro
936 237 1102 271 Ludovico‚

469 289 644 315 Francorum
663 285 725 318 regi
746 282 1010 313 christianissimo,

561 334 728 362 Alexander
749 333 827 366 Papa
846 331 907 358 Vll.

468 392 625 421 carissime
644 392 675 418 in
696 390 811 417 Christo
830 390 874 416 fili
892 391 1005 420 noster,

402 440 531 466 salutem
563 437 567 441 '
641 435 799 462 ostoiieam
818 433 1067 462 benedictionem.

412 502 426 542 ,ξ
450 501 481 532 1.
512 431 718 532 oripoiioxae
750 496 825 530 fidei
850 494 1101 533 conservandae,

368 565 404 587 ac
417 542 616 586 christianae
637 550 803 593 religionis
821 548 959 582 tuendae
985 553 1016 580 et
1034 558 1104 590 pro-

369 606 537 650 pagandae
555 606 657 643 zelus,
677 613 772 646 quem
790 602 883 635 etiam
902 611 1004 643 nuper
1027 600 1104 632 mis-

369 660 412 691 sis
432 659 464 691 in
490 657 687 699 llungariam
713 656 864 687 adversus
888 654 1004 686 Tureas
1027 653 1105 685 vali-

368 712 416 744 dis
440 716 633 744 armatorum
666 708 818 741 subsidiis
842 707 971 749 egregie
996 711 1104 740 osten-

368 764 452 804 disti,
471 774 506 795 ac
526 763 670 806 preclara
686 767 718 794 et
735 760 1005 793 christianissimo
1027 767 1103 801 rege

369 816 556 859 dignissima
587 814 762 847 maiestatis
793 818 865 846 tuae
891 822 966 854 erga
990 821 1048 844 nos
1074 816 1106 844 et

368 868 587 913 Apostolicam
611 868 726 900 Sedem
752 866 857 899 filialis
883 865 1102 904 observantia,

369 933 465 965 quam
483 922 577 955 nobis
593 920 800 954 laudabiliter·
813 923 949 951 testatus
965 928 1009 957 es,
1030 917 1105 950 dum

368 975 592 1007 auctoritatem
610 979 641 1007 et
656 972 836 1016 potentiam
855 977 938 1004 tuam
953 979 1012 1013 pro
1030 980 1105 1002 con-

368 1028 509 1059 tinendis
534 1027 565 1058 in
591 1026 698 1060 dehita
723 1024 816 1057 nohis
845 1028 877 1056 et
901 1023 1006 1056 eidem
1031 1022 1104 1055 Sedi

368 1080 524 1112 fidelitate
544 1084 575 1111 et
592 1078 790 1111 subiectione
809 1076 925 1109 nostris
951 1082 981 1108 et
1001 1076 1104 1109 dictae

368 1132 460 1164 Sedis
493 1131 629 1164 subditis
665 1130 697 1162 in
733 1129 862 1162 civitate
889 1128 1105 1162 Avenionensi

369 1191 401 1217 et
425 1184 578 1217 comitatu
610 1182 806 1226 Yenayssino
831 1182 947 1216 nostris
977 1187 1105 1225 praesto

369 1247 497 1280 semper
522 1238 672 1277 suturam,
703 1242 770 1269 tum
795 1246 853 1279 per
876 1236 999 1268 litteras
1024 1240 1104 1276 tuas,

369 1295 439 1322 tum
465 1301 524 1333 per
550 1291 703 1323 dilectum
720 1289 821 1322 silium
839 1289 978 1323 nobilem
1004 1289 1105 1321 virum

367 1342 514 1377 Carolum
529 1343 642 1375 ducem
652 1342 832 1384 Crequium,
844 1342 1020 1374 maiestatis
1035 1345 1106 1374 tuae

369 1396 453 1438 apud
480 1406 538 1428 nos
557 1401 588 1427 et
604 1395 718 1427 Sedem
737 1395 915 1438 praefatam
932 1400 1105 1435 oratorem,

369 1448 585 1491 spopondisti,
602 1448 728 1491 aliaque
750 1449 864 1480 eximia
882 1448 1028 1481 eiusdem
1045 1458 1108 1480 ma-

368 1501 494 1534 iestatis
520 1507 600 1541 tuae,
623 1512 659 1534 ac
684 1501 927 1543 progenitorum
954 1506 985 1533 et
1009 1500 1108 1533 maio-

371 1565 440 1587 rum
466 1560 593 1587 tuorum
629 1564 739 1596 regum
765 1553 1106 1589 christianissimorum

371 1608 552 1651 principum
578 1608 673 1650 longe
691 1608 951 1647 clarissimorum,
971 1607 1107 1640 invictis-

370 1661 593 1704 simorumque
611 1661 728 1693 Christi
747 1662 950 1702 athletarum,
965 1666 996 1693 et
1013 1671 1106 1703 egre-

372 1714 499 1756 giorum
526 1715 629 1747 dictae
663 1714 753 1747 Sedis
779 1715 983 1757 Apostolicae
1008 1715 1108 1747 culto-

370 1777 442 1799 rum
468 1767 666 1810 promerita,
692 1767 782 1799 sicuti
807 1768 930 1800 firmam
955 1768 1050 1800 nobis
1074 1768 1106 1800 in

370 1819 506 1852 Domino
531 1830 621 1862 spem
653 1825 748 1862 atque
774 1820 922 1852 fiduciam
944 1826 1108 1863 praestant

372 1873 440 1905 sore
458 1878 503 1913 ut,
521 1874 588 1905 viae
607 1874 793 1907 eorumdem
806 1874 965 1906 maiorum
983 1880 1108 1906 tuorum

371 1926 515 1968 vestigiis
540 1926 714 1968 impressae
740 1926 937 1967 inhaerens,
971 1928 1108 1969 populos

373 1978 488 2011 ditioni
525 1985 595 2011 tuae
632 1979 772 2012 creditos
804 1979 837 2012 in
863 1979 1023 2012 catholica
1046 1980 1108 2013 side

373 2036 406 2062 et
428 2037 534 2063 vetere
568 2042 642 2074 erga
678 2032 791 2065 Sedem
828 2032 1001 2074 praefatam
1033 2033 1109 2064 obe-

374 2084 495 2116 dientia
531 2090 563 2117 et
598 2086 799 2118 observantia
839 2086 1005 2118 continere
1039 2086 1130 2129 pari*

373 2137 469 2169 laude
496 2143 683 2177 conaturus,
704 2139 1014 2182 constitutionesque
1039 2149 1110 2182 apo-

374 2190 505 2222 stolicas
530 2190 563 2222 in
587 2190 744 2223 universis
771 2191 922 2224 dominiis
941 2193 1001 2224 tuis
1020 2192 1110 2225 debi-

374 2247 426 2274 tae
454 2253 582 2285 semper
604 2244 810 2286 exequutioni
834 2245 980 2277 mandari
1005 2256 1040 2277 ac
1061 2245 1111 2277 Se-

376 2295 424 2328 dis
458 2297 600 2330 eiusdem
633 2298 790 2330 honorem
824 2304 852 2331 et
886 2299 1110 2331 auctoritatem

375 2347 514 2382 illibatos
539 2352 718 2384 conservari
741 2351 827 2384 omni
854 2352 960 2384 studio
985 2357 1111 2385 curatu-

376 2412 428 2434 rus
455 2403 506 2443 sis‚
535 2404 578 2436 ita
603 2410 768 2446 paternam
796 2405 1054 2437 benevolentiam
1080 2411 1111 2438 et

376 2456 566 2488 charitatem
591 2463 733 2489 nostram
760 2458 852 2489 facile
879 2458 1039 2490 adducunt
1072 2458 1132 2490 ad*

377 2519 414 2541 ea
450 2509 505 2540 tihi
541 2510 758 2542 favorabiliter
793 2512 1024 2552 concedenda,
1054 2520 1112 2554 per

414 2572 424 2596 ι
448 2570 516 2597 Edit.
533 2570 611 2597 iiam.
629 2571 692 2605 legit
712 2572 759 2599 vta
773 2572 814 2605 (n.
832 2572 879 2606 T.).

954 188 1133 215 BULLARIUM
1155 187 1307 212 ROMANUM

1147 245 1229 278 quae
1255 236 1340 267 clare
1365 234 1547 278 innotescat
1575 244 1633 267 nos
1660 233 1704 267 tui
1728 233 1879 275 honoris,

1147 298 1242 330 quem
1268 297 1397 330 semper
1428 286 1559 319 fecimus
1583 287 1736 328 maximi,
1763 292 1794 319 et
1816 286 1881 320 Deo

1147 340 1242 372 dante
1263 339 1296 371 in
1316 344 1482 383 posterum
1501 339 1664 380 faciemus,
1686 340 1880 382 condignam

1147 398 1178 425 et
1201 392 1411 436 praecipuam
1437 392 1587 424 habuisse
1611 393 1782 425 rationem.

1189 445 1203 487 ἓ
1227 444 1258 477 2.
1284 445 1435 478 Volentes
1459 445 1566 487 itaque
1590 445 1659 485 tibi,
1684 446 1737 487 qui
1759 446 1807 488 (ut
1834 456 1881 478 ae-

1146 497 1305 540 cepimus)
1330 497 1505 529 Metensem
1520 523 1528 538 ‚
1555 497 1739 529 Tullensem
1763 503 1794 530 et
1816 497 1882 530 vir-

1889 184 1939 211 An.
1955 184 1984 211 C.
2008 183 2074 211 166⁴

1904 455 1956 478 nesii
1972 455 2075 476 Francia·

1891 482 1985 503 Pontifex
2002 488 2074 502 conre-

1892 508 1922 528 dit
1931 508 2031 528 indultum
2039 514 2076 534 nug

1858 550 1864 556 .
1892 535 1983 555 minandi
1998 535 2024 554 ad
2041 539 2075 554 ee-

1147 550 1327 583 dunensem
1352 549 1496 582 civitates
1525 550 1563 583 de
1588 550 1752 593 praesenti
1776 560 1882 593 possi-

1147 603 1214 643 des,
1230 614 1293 646 quo
1307 603 1429 646 regiam
1442 602 1692 636 beneficentiam
1706 609 1791 635 tuam
1805 613 1883 647 erga

1147 666 1302 699 personas
1326 656 1544 689 benemeritas
1568 656 1690 699 tibique
1721 662 1826 699 gratas
1852 661 1884 689 et

1147 714 1293 751 acceptas
1318 718 1466 742 exercere
1488 710 1606 750 valeas,
1625 709 1760 751 gratiam
1780 710 1883 742 facere

1147 761 1333 804 specialem,
1356 773 1392 794 ae
1414 767 1583 805 sperantes
1607 766 1638 793 te
1662 761 1695 794 in
1712 762 1884 795 nominan-

1148 814 1195 846 dis
1220 815 1259 847 ad
1285 815 1470 847 earumdem
1492 814 1655 847 civitatum
1680 815 1884 848 cathedrales

1147 867 1302 900 ecclesias
1321 867 1476 910 personis,
1496 878 1576 910 quae
1590 867 1673 900 vitae
1688 867 1883 910 integritate,

1147 919 1321 961 religione,
1348 919 1409 952 side
1435 925 1467 953 et
1491 920 1638 953 doctrina
1661 925 1828 964 praestent
1852 924 1884 953 et

1147 972 1340 1014 episcopalis
1357 973 1498 1005 muneris
1514 973 1741 1016 praerogativa
1766 973 1883 1015 dignae

1147 1024 1219 1064 sint,
1239 1035 1397 1057 summum
1419 1025 1569 1066 studium,
1591 1035 1814 1068 summamque
1836 1025 1884 1058 di-

1146 1076 1313 1119 ligentiam
1331 1087 1461 1120 semper
1478 1077 1712 1118 adhibiturum,
1731 1088 1792 1110 nec
1812 1088 1886 1111 con-

1147 1130 1312 1163 scientiam
1329 1136 1416 1163 tuam
1431 1130 1491 1163 hae
1508 1131 1540 1163 in
1558 1141 1591 1163 re
1606 1132 1672 1164 ullo
1686 1131 1783 1164 modo
1800 1131 1884 1164 laedi

1148 1193 1318 1226 passurum
1336 1194 1414 1223 esse,
1438 1188 1528 1216 motu
1548 1184 1681 1227 proprio
1696 1189 1728 1216 et
1744 1194 1780 1216 ex
1799 1185 1885 1217 certa

1149 1236 1281 1270 seientia
1296 1237 1428 1274 nostris,
1455 1237 1559 1280 deque
1581 1237 1781 1280 apostolicae
1798 1241 1886 1280 pote-

1149 1289 1238 1321 statis
1262 1289 1477 1332 plenitudine,
1496 1290 1654 1322 maiestati
1673 1295 1758 1329 tuae,
1778 1289 1885 1333 quoad

1148 1342 1273 1381 vixeris,
1293 1342 1342 1374 ius
1365 1342 1554 1375 nominandi
1573 1342 1668 1375 nobis
1687 1348 1718 1375 et
1734 1353 1793 1386 pro
1811 1346 1887 1376 tem-

1149 1404 1228 1438 pore
1254 1395 1463 1427 existentibus
1499 1395 1651 1428 Romanis
1679 1395 1887 1430 Pontificibus

1149 1447 1391 1480 successoribus
1408 1448 1527 1480 nostris
1547 1458 1701 1491 personas
1721 1448 1885 1491 probatas,

1149 1500 1225 1533 boni
1241 1501 1392 1541 nominis,
1411 1505 1442 1533 et
1461 1501 1638 1534 seeundum
1657 1511 1823 1534 sacrorum
1842 1511 1888 1533 ca-

1149 1564 1271 1587 nonum
1297 1554 1540 1598 dispositionem
1566 1554 1699 1588 idoneas
1725 1554 1764 1588 ad
1781 1553 1888 1587 cathe-

1149 1607 1255 1639 drales
1287 1606 1438 1639 ecelesias
1473 1607 1644 1647 Metensis‚
1669 1606 1831 1639 Tullensis
1856 1610 1888 1639 et

1149 1660 1357 1694 Virdunensis
1379 1659 1541 1693 civitatum
1559 1671 1575 1692 a
1596 1665 1626 1693 te
1651 1669 1885 1703 possessarum,

1149 1713 1277 1756 quoties
1295 1713 1367 1746 illas
1392 1713 1558 1756 quibusvis
1578 1713 1690 1753 modis,
1710 1717 1741 1745 et
1758 1723 1795 1746 ex
1814 1723 1888 1757 quo-

1149 1777 1366 1810 rumcumque
1396 1766 1566 1810 personis,
1597 1776 1663 1799 non
1696 1771 1803 1799 tamen
1827 1776 1887 1810 per

1150 1819 1272 1853 obitum
1297 1820 1379 1862 apud
1405 1819 1520 1852 Sedem
1551 1819 1771 1862 Apostolicam
1794 1828 1888 1862 prae-

1150 1872 1279 1912 dictam,
1307 1882 1420 1905 vacare
1450 1872 1640 1914 eontigerit,
1674 1882 1732 1914 per
1763 1882 1822 1904 nos
1854 1875 1887 1904 et

1151 1936 1351 1959 successores
1376 1930 1506 1959 nostros
1531 1926 1695 1969 praefatos
1719 1925 1759 1958 ad
1783 1924 1887 1958 nomi-

1150 1979 1316 2013 nationem
1334 1979 1518 2012 huiusmodi
1537 1979 1659 2012 eisdem
1676 1978 1821 2011 ecclesiis
1838 1988 1888 2011 re-

1151 2033 1291 2075 spective
1317 2032 1562 2076 praeficiendas‚
1588 2039 1702 2066 tenore
1737 2041 1888 2075 praesen-

1152 2086 1244 2126 tium,
1276 2096 1486 2126 reservamus,
1516 2085 1724 2118 concedimus
1751 2090 1782 2117 et
1809 2084 1887 2117 assi-

1152 2149 1298 2181 gnamus.

1196 2192 1210 2234 ἓ
1235 2191 1266 2224 3.
1293 2191 1508 2224 Decernentes
1537 2190 1586 2223 ius
1618 2190 1808 2223 nominandi
1833 2190 1890 2222 hu-

1153 2243 1292 2276 iusmodi
1315 2244 1354 2275 ad
1379 2244 1584 2276 cathedrales
1614 2243 1768 2275 ecclesias
1795 2253 1889 2286 prae-

1153 2298 1232 2329 fatas
1256 2297 1325 2336 tibi,
1352 2297 1459 2340 quoad
1484 2297 1611 2336 vixeris,
1633 2302 1819 2339 competere
1838 2296 1891 2329 de-

1152 2351 1239 2390 bere,
1262 2361 1368 2393 neque
1397 2351 1456 2383 sub
1486 2360 1688 2393 quacumque
1722 2354 1891 2392 quantum-

1893 562 1969 590 clesias
1980 563 2001 581 ut
2012 561 2033 581 iu
2042 566 2075 582 ru·

1892 589 1961 608 mica.

1912 2221 1916 2224 -
1926 2193 2038 2214 Decretum
2056 2193 2085 2214 ir-

1899 2224 1972 2241 tilam.

1153 2404 1198 2436 vis
1225 2403 1355 2446 speciali
1388 2403 1601 2445 derogatione
1630 2402 1887 2445 comprehendi,
1930 2439 1933 2445 ¹

1153 2457 1201 2489 vel
1228 2457 1256 2488 ei
1282 2456 1392 2499 quovis
1428 2457 1524 2489 modo
1557 2461 1589 2488 et
1617 2466 1654 2487 ex
1687 2465 1888 2498 quacumque
1927 2450 1933 2460 ⁵

1154 2511 1249 2542 causa
1275 2509 1439 2551 derogari,
1467 2514 1510 2549 et,
1537 2509 1563 2541 si
1589 2508 1616 2540 ei
1643 2508 1789 2550 derogari
1815 2519 1891 2541 con-

1155 2564 1280 2604 tingat,
1322 2562 1453 2595 minime
1498 2561 1664 2604 suflragari
1700 2572 1821 2605 posse,
1858 2567 1891 2595 et
