2247 3208
503 270 566 304 872
1049 277 1226 300 nummum
1253 277 1405 300 Romnum

455 333 639 366 Parisiensis
664 331 808 369 ecclesia,
833 329 875 363 46
899 341 937 369 α;
965 329 1042 363 dum
1067 330 1209 362 nondum
1234 334 1378 369 vacaret,
1409 329 1561 373 syndicus
1585 335 1616 363 et
1644 329 1783 363 decanus
1807 336 1838 363 et
1861 330 1912 364 alii
1938 341 1991 364 ca-

542 385 650 418 nonici
675 383 806 427 capituli
831 383 989 426 generalis
1014 383 1151 416 vicarios
1175 382 1368 425 capitulares
1392 382 1576 426 elegerunt,
1603 381 1645 415 46
1669 382 1706 423 b3
1739 383 1850 418 electio
1873 383 1988 418 huius-

544 438 630 470 modi
656 437 744 470 irrita
768 436 959 475 declaratur,
978 437 1020 469 47
1045 448 1075 469 α,

453 490 643 524 Parisiensis
659 489 818 523 facultatis
832 490 1028 531 theologicae
1044 499 1197 522 censurae
1215 489 1373 531 quaedam
1389 488 1584 521 damnantur
1599 500 1614 521 a
1626 489 1792 530 Pontifice‚
1804 489 1869 523 369
1886 501 1906 522 a
1918 496 1947 523 et
1965 490 1990 523 b.

452 544 587 578 Parochi
612 544 644 577 in
669 543 767 576 Indiis
792 542 1008 576 Orientalibus
1032 553 1096 575 non
1122 543 1295 580 naturales,
1317 547 1464 574 tenentur
1481 542 1565 584 apud
1583 552 1615 575 sc
1631 541 1751 575 habere
1767 544 1991 586 cappellanum

540 597 700 630 natalibus
722 603 754 629 et
777 596 902 638 origine
926 595 1054 635 Indum,
1083 594 1143 627 821
1173 594 1190 626 b
1214 600 1245 627 et
1269 604 1345 637 seq.;
1370 593 1552 626 sacerdotes
1577 594 1745 637 indigenos
1769 597 1993 639 perurbaniter

540 650 715 693 excipiant,
743 650 837 689 &idq
866 649 952 681 ultra
977 648 1052 680 fidei
1079 647 1274 680 christianae
1299 647 1492 687 rudimenta,
1517 648 1776 691 grammaticam,
1804 655 1993 693 ceterasque

539 710 623 736 artes
648 703 799 736 liberales
824 713 940 746 pueros
965 701 1130 740 edoceant,
1158 699 1218 734 821
1249 712 1279 733 α.

449 757 608 790 Paschalis
631 756 801 789 cardinalis
826 756 864 788 de
886 755 1046 797 Aragonia
1071 753 1331 797 archiepiscopus
1355 755 1542 793 Toletanus‚
1570 753 1634 786 545
1659 765 1691 786 a.

447 810 608 843 paschalis
629 810 668 842 de
694 809 851 852 Alagonia
876 813 1080 851 nuncupatus
1105 805 1136 838 S.
1166 807 1201 838 R.
1230 807 1264 839 E.
1293 806 1448 840 diaconus
1473 807 1656 848 cardinalis,
1683 805 1747 840 ¹113
1771 818 1805 846 α,
1833 806 1889 840 191
1919 808 1946 841 b.

448 863 537 896 Pauli
560 863 622 906 (S.)
647 862 799 896 Decollati
817 862 1009 895 clericorum
1030 859 1229 902 regularium
1247 859 1470 903 Congregatio,
1489 861 1557 893 vide
1572 860 1781 904 Congregatio
1799 862 1992 895 clericorum

538 917 734 959 regularium
760 915 789 948 S.
815 915 904 948 Pauli
929 914 1092 947 Decollati.
1139 957 1143 959 λ

450 970 540 1004 Pauli
566 970 627 1013 (S.)
651 969 745 1013 primi
771 968 925 1002 eremitae
946 967 1031 1001 Ordo
1062 966 1122 999 sub
1139 967 1251 1009 regula
1268 965 1297 998 S.
1319 966 1499 1009 Augustini,
1523 966 1596 999 vide
1619 966 1704 1000 Ordo
1729 967 1760 1002 S.
1784 968 1871 1001 Pauli
1896 968 1992 1012 primi

540 1029 703 1056 eremitae.
1673 1048 1677 1050 .

450 1076 570 1109 Paulus
595 1075 756 1108 Luchinus
779 1075 866 1119 prior
890 1074 1049 1117 generalis
1075 1071 1292 1106 Eremitarum
1317 1071 1346 1104 S.
1372 1072 1562 1115 Augustini,
1586 1070 1652 1105 590
1676 1082 1710 1112 α;
1734 1071 1799 1105 625
1823 1073 1856 1113 b;
1881 1072 1946 1106 626
1971 1084 1992 1107 α

539 1136 570 1163 et
593 1140 655 1172 aeq.

451 1185 568 1217 Paulus
592 1183 736 1216 marchio
761 1183 800 1215 de
825 1182 965 1221 Bubalis,
991 1181 1027 1214 21
1058 1182 1085 1215 b.

452 1239 570 1271 Paulus
595 1239 680 1280 Papa
706 1238 744 1270 lll
771 1237 1005 1269 monasterium
1030 1242 1059 1269 et
1085 1234 1242 1277 hospitale
1259 1245 1315 1277 pro
1333 1233 1449 1276 puellis
1467 1239 1498 1266 et
1514 1232 1588 1265 viris
1605 1232 1728 1266 iudaeis
1745 1234 1785 1267 ad
1805 1233 1900 1266 fidem
1918 1244 1991 1267 con-

541 1291 638 1323 versis
662 1291 805 1323 construi
826 1289 987 1328 concedit,
1007 1288 1070 1321 136
1087 1288 1122 1328 b;
1146 1288 1191 1320 illi
1210 1289 1301 1330 plura
1326 1286 1490 1330 privilegia
1515 1292 1545 1319 et
1569 1287 1689 1328 gratias
1711 1286 1870 1330 indulget,
1890 1286 1953 1320 137
1971 1298 1992 1320 α

542 1350 572 1377 et
597 1343 661 1376 ‘138
686 1344 713 1376 b.
1623 1380 1626 1382 Α

449 1398 567 1432 Paulus
592 1397 778 1430 Zaccharias
803 1397 1004 1440 praepositus
1030 1395 1214 1438 collegiatae
1239 1394 1390 1428 ecclesiae
1414 1393 1445 1426 S.
1469 1394 1583 1426 Mariae
1608 1393 1647 1425 de
1671 1393 1760 1426 Scala
1784 1400 1815 1427 et
1838 1394 1869 1427 S.
1896 1394 1991 1427 Sedis

539 1461 734 1484 oeconomus
759 1450 917 1492 generalis
941 1450 974 1482 in
998 1448 1117 1482 ducatu
1142 1446 1380 1486 Mediolanensi,
1410 1445 1473 1479 784
1496 1446 1530 1486 b;
1546 1446 1715 1480 irritantur
1735 1447 1842 1480 omnia
1867 1448 1906 1480 ab
1923 1448 1994 1490 ipso

540 1510 627 1546 gesta
651 1513 708 1546 pro
734 1502 990 1546 apprehensione
1022 1501 1181 1533 honorum
1208 1500 1492 1542 congregationum
1517 1510 1761 1544 suppressarum
1786 1500 1816 1533 S.
1844 1500 1992 1543 Georgii,

539 1557 751 1595 Iesualarum,
774 1562 804 1588 et
830 1555 860 1588 S.
886 1553 1073 1598 Hieronymi
1100 1554 1138 1586 de
1163 1552 1296 1590 results,
1325 1551 1388 1584 785
1412 1563 1443 1584 α.

454 1608 653 1643 Pensionarii
679 1609 875 1652 quicumque
902 1612 1049 1640 tenentur
1073 1617 1131 1650 pro
1151 1616 1208 1638 sua
1226 1610 1294 1637 rata
1313 1614 1366 1637 sex
1382 1605 1579 1647 integrarum
1597 1604 1794 1638 decimarum
1814 1615 1894 1648 quas
1909 1605 1995 1638 Pon-

541 1662 617 1696 tifex
653 1661 805 1704 imposuit
834 1669 929 1703 super
962 1660 1054 1693 bonis
1090 1666 1120 1692 et
1144 1659 1301 1692 fructibus
1335 1658 1560 1691 ecclesiasticis
1590 1659 1622 1692 in
1647 1658 1795 1692 universa
1820 1657 1911 1692 ltalia
1935 1668 1994 1701 pro

540 1714 783 1748 necessitatibus
807 1713 1002 1757 reipublicae
1027 1713 1230 1751 christianae,
1258 1709 1322 1744 250
1346 1711 1363 1743 b
1389 1718 1419 1744 et
1442 1722 1504 1755 seq.

449 1768 622 1802 Perusinae
647 1768 784 1801 civitatis
809 1767 972 1800 auditores
999 1772 1086 1799 rotae
1110 1765 1274 1809 quomodo
1298 1765 1493 1805 assumendi,
1521 1764 1586 1798 463
1610 1777 1631 1798 α
1655 1772 1686 1799 et
1709 1776 1772 1809 seq.

448 1823 532 1856 Petri
558 1823 622 1864 (Β.)
648 1822 686 1855 de
710 1822 845 1861 Aihues,
859 1820 1004 1855 canonici
1030 1820 1294 1863 metropolitanae
1319 1818 1472 1851 ecclesiae
1490 1818 1814 1862 Caesaraugustanae‚
1830 1817 1926 1861 primi
1944 1818 1993 1851 in-

539 1875 706 1919 quisitoris
733 1875 764 1907 in
790 1885 890 1918 reguo
915 1873 1106 1917 Amgoniae,
1123 1873 1219 1905 Breve
1244 1871 1506 1911 beatificationis,
1533 1872 1597 1905 154
1621 1883 1650 1905 α.

449 1931 561 1963 Petrus
585 1929 799 1972 Beigellinus,
826 1929 1089 1972 archiepiscopus
1114 1927 1308 1965 Thebarum,
1335 1932 1365 1958 et
1385 1925 1564 1958 Sahaudiae
1589 1924 1742 1965 nuncius,
1762 1923 1826 1958 408
1842 1935 1874 1958 α.

450 1983 562 2016 Petrus
587 1982 625 2015 de
650 1982 810 2024 Alagonia
834 1988 944 2014 orator
965 1982 1049 2023 regis
1075 1980 1222 2013 catholici
1248 1979 1331 2022 apud
1357 1978 1387 2011 S.
1413 1978 1541 2018 Sedem,
1562 1977 1627 2011 406
1647 1989 1678 2010 a.

450 2037 562 2069 Petrus
586 2037 625 2069 de
650 2036 830 2076 Consentia,
856 2041 1047 2079 procurator
1071 2033 1230 2077 generalis
1256 2032 1385 2066 Ordinis
1410 2031 1616 2065 Minimorum
1643 2031 1744 2064 sancti
1771 2031 1934 2065 Francisci
1953 2032 1992 2064 de

541 2089 651 2128 Paula,
678 2087 742 2121 678
760 2100 790 2121 α.

451 2143 564 2176 Petrus
587 2142 757 2185 episcopus
781 2142 979 2175 Tholosanus
1004 2141 1036 2173 in
1062 2139 1338 2183 archiepiscopum
1364 2139 1576 2173 Parisiensem
1601 2139 1799 2179 nominatur,
1825 2137 1867 2171 46
1891 2148 1921 2171 α.

451 2196 563 2228 Petrus
586 2194 851 2233 Lanfmnconius,
876 2194 947 2227 vide
971 2194 1235 2226 Lanfranconius.

450 2249 563 2282 Petrus
587 2248 723 2281 Roccius
748 2248 809 2291 (vel
838 2247 959 2288 Roche)
988 2246 1227 2280 commissarius
1258 2245 1418 2289 generalis
1455 2245 1562 2277 curiae
1587 2253 1645 2287 pro
1674 2244 1794 2276 familia
1818 2243 1992 2277 ultramon-

539 2308 611 2334 tana
643 2301 768 2334 Ordinis
800 2301 901 2335 sancti
937 2299 1098 2334 Francisci
1132 2299 1385 2332 Recollectorum
1420 2303 1696 2339 nuncupatorum,
1724 2296 1787 2330 170
1807 2307 1848 2337 α;
1872 2295 1932 2329 ’171
1959 2296 1990 2337 b;

542 2353 606 2387 185
631 2355 646 2386 b
671 2360 702 2387 et
725 2366 787 2398 seq.

451 2409 565 2442 Petrus
590 2408 722 2449 Serista‚
751 2408 938 2441 universalis
962 2406 1185 2450 inquisitionis
1207 2411 1397 2449 procurator
1414 2403 1541 2445 fiscalis,
1562 2402 1666 2443 507b;
1693 2402 1867 2444 etiterum,
1883 2401 1947 2436 808
1964 2403 1992 2436 b.

453 2462 565 2495 Petrus
590 2461 732 2494 Vidonus
757 2461 943 2501 cardinalis,
971 2459 1100 2493 Ordinis
1125 2458 1417 2492 Camaldulensium
1441 2463 1615 2501 protector,
1642 2455 1705 2490 50¹6
1730 2467 1761 2489 α.

452 2514 620 2559 Philippus
645 2526 663 2548 a
687 2515 740 2548 SS.
766 2515 920 2548 Trinitate
938 2514 1026 2558 prior
1054 2512 1211 2557 generalis
1238 2511 1366 2545 Ordinis
1384 2511 1628 2545 Carmelitarum
1647 2509 1918 2543 Discalceatorum
1938 2509 1994 2542 Hi-

545 2568 688 2612 spaniae,
716 2568 778 2601 775
805 2569 832 2601 b.
1880 2568 1883 2571 ⁴

451 2621 616 2665 Philippus
639 2621 811 2665 Hispaniae
835 2631 888 2654 rex
913 2621 1099 2661 catholicus,
1126 2620 1146 2654 3
1171 2631 1206 2661 α;
1233 2630 1329 2664 super
1360 2617 1604 2652 contributione
1628 2616 1923 2650 ecclesiasticorum
1941 2627 1992 2650 re-

539 2684 677 2723 gnorum
708 2673 860 2708 Castellae
888 2680 919 2707 et
936 2673 1085 2721 Legionis
1109 2672 1220 2710 decem
1249 2678 1281 2707 et
1300 2682 1416 2706 novem
1435 2671 1617 2707 millionum
1643 2669 1837 2705 ducatorum
1853 2679 1928 2705 cum
1944 2669 1992 2705 di.
