2247 3208
97 175 149 200 Αιι.
172 174 201 200 C.
220 174 285 201 1667

279 223 351 256 dem
379 222 555 255 canonicus
588 221 731 263 fuisset),
757 222 903 265 quinimo
935 222 1020 254 bona

279 274 468 317 temporalia
492 281 524 307 et
548 275 610 307 alia
636 274 772 307 cuiusvis
796 274 924 317 generis
949 284 1020 317 pos-

279 327 426 366 sideant,
453 332 576 368 emant,
602 327 758 366 vendant,
786 327 1018 369 negocientur,

280 380 488 418 contrahant,
508 381 630 413 donent
648 380 915 418 irrevocabiliter,
935 379 1020 411 aliis-

280 443 342 474 que
370 432 508 474 negotiis
534 432 734 465 secularibus
761 431 927 474 quibusvis
945 431 1021 463 dent

281 495 432 527 operam,
458 485 527 517 sine
554 486 620 518 ulla
645 485 786 523 licentia,
814 484 1020 526 quemadmo-

282 538 357 570 dtun
383 538 464 570 meri
490 539 651 570 seculares
679 538 828 575 facerent,
853 541 885 568 et
910 545 1021 568 eorum

282 590 404 632 aliqui,
442 590 559 632 quibus
590 590 672 622 nihil
703 595 747 622 est
774 594 903 632 praeter
927 598 1021 630 prae-

281 643 432 683 bendam,
452 643 548 675 etiam
569 643 663 675 rebus
681 641 879 674 mechanicis
898 641 1021 672 incum-

281 697 369 734 bant,
394 701 469 728 eant
494 696 695 733 obsonatum,
721 694 848 736 aliaque
866 693 940 726 vilia
960 692 1022 725 mi-

282 748 415 780 nisteria
433 748 561 787 obeant,
577 749 677 789 eaque
697 747 735 779 de
753 749 851 778 causa
868 756 933 778 non
952 745 1022 777 sine

282 801 371 843 gravi
397 800 547 832 scandalo
573 809 730 842 persaepe
748 799 855 831 absint
872 810 888 830 a
907 799 1020 837 clioro,

283 853 369 895 quod
388 852 483 885 etiam
502 852 555 885 alii
575 852 710 884 cuiusvis
727 852 823 884 etiam
837 851 958 883 minimi
972 861 1023 883 ne-

283 905 368 948 gocii
395 907 490 938 causa
515 905 709 948 quandoque
727 905 766 936 ad
788 905 918 945 longum
945 909 1024 936 tem-

284 969 342 1001 pus
368 958 497 997 faciunt,
523 958 620 1000 idque
645 958 794 1000 impune,
820 967 968 999 cumque,
996 956 1022 987 si

285 1012 385 1044 iidem
403 1010 550 1043 canonici
567 1011 605 1043 ad
623 1015 741 1043 statum
762 1010 1022 1053 presbyterorum

285 1064 482 1098 secularium
501 1064 744 1103 reducerentur,
760 1068 802 1103 et,
818 1064 961 1095 membra
978 1073 1024 1095 ca-

285 1116 345 1160 piti
370 1117 614 1155 conformando,
640 1116 698 1148 sub
726 1115 881 1148 institutis
912 1126 1025 1158 supra-

287 1170 391 1202 dictae
413 1169 672 1212 congregationis
688 1180 744 1201 seu
764 1169 878 1201 domus
896 1174 1023 1200 sanctae

286 1221 445 1260 viverent,
473 1232 507 1254 ae
532 1232 644 1254 eorum
668 1221 875 1264 praebendae
895 1220 1025 1253 canoni·

286 1276 393 1313 caleS,
421 1274 596 1313 sacristae,
627 1274 794 1306 infirmarii
823 1278 853 1306 et
885 1274 1024 1306 cantoris

285 1326 406 1366 officia,
433 1326 551 1369 quibus
586 1328 742 1359 nonnulla
766 1327 851 1359 bona
880 1326 1024 1365 stabilia,

285 1390 302 1411 a
327 1381 438 1411 mensa
463 1379 667 1411 conventuali
693 1379 837 1412 eiusdem
862 1378 1025 1421 prioratus

285 1430 316 1464 S.
344 1430 473 1473 Georgii
500 1431 724 1474 dependentia,
755 1431 794 1463 ab
823 1431 1026 1464 iminemora-

287 1484 345 1517 bili
376 1490 519 1528 tempore
552 1484 711 1527 applicata
737 1484 873 1524 suerunt,
900 1484 1026 1528 aliaque

286 1536 445 1571 beneficia
467 1537 506 1568 ab
532 1537 646 1569 eodem
670 1537 814 1580 prioratu
840 1537 1027 1580 dependen-

287 1590 332 1623 tia
356 1590 655 1633 supprimerentur,
681 1596 713 1623 et
742 1590 872 1623 illorum
903 1596 1026 1623 cetero-

288 1653 424 1686 rumque
450 1643 612 1675 bonorum
642 1643 681 1676 ad
712 1654 856 1676 mensam
889 1654 1028 1676 conven-

289 1697 409 1728 tualem
435 1695 619 1728 huiusmodi
643 1696 855 1739 spectantium
886 1696 1025 1736 fructus,

288 1749 433 1781 redditus
458 1753 490 1781 et
513 1754 701 1791 proventus,
731 1749 784 1791 qui
807 1749 846 1782 ad
871 1760 1028 1783 summam

289 1800 569 1844 septingentorum
609 1806 641 1833 et
675 1801 786 1844 viginti
822 1803 872 1835 vel
900 1802 1029 1835 circiter

290 1859 457 1886 scutorum
488 1859 636 1887 monetae
672 1865 823 1887 romanae
863 1856 1028 1888 annuatim

290 1907 477 1946 ascendunt,
505 1917 564 1950 pro
589 1908 742 1950 praefecti
768 1914 798 1940 et
826 1909 1029 1941 alumnorum

290 1958 387 1991 vitam
408 1969 610 1992 communem
634 1959 667 1991 in
685 1960 770 1993 dicto
791 1961 934 2003 prioratu
956 1962 1030 1993 duc-

292 2016 438 2043 tui-orum
462 2012 717 2051 sustentatione,
737 2022 912 2055 eorumque
938 2013 1030 2045 mini-

291 2069 431 2097 strorum
456 2069 488 2096 et
519 2064 761 2097 inservientium
786 2066 1029 2099 manutentione

293 2116 546 2160 applicarentur,
572 2117 647 2150 inde
673 2119 785 2160 procul
812 2118 908 2151 dubio
931 2119 1029 2162 quieti

293 2175 324 2202 et
341 2170 555 2203 conscientiae
577 2171 742 2204 securitati
764 2172 920 2205 dictorum
937 2183 1032 2216 expo-

294 2222 440 2254 nentium
455 2228 636 2265 opportune
654 2225 888 2264 consuleretur,
910 2230 941 2257 et
957 2235 1032 2268 ope-

294 2274 369 2306 rarii
399 2274 438 2306 ad
469 2280 599 2307 strenue
633 2276 845 2309 laborandum
877 2278 908 2309 in
941 2277 1030 2310 vinea

294 2327 430 2366 Domini,
446 2326 606 2370 fidemque
624 2329 816 2361 catholicam
828 2329 861 2361 in
880 2330 942 2363 illis
960 2341 1032 2373 par-

296 2379 379 2412 tibus
403 2379 617 2413 benedicente
635 2380 770 2414 Domino
788 2384 1029 2425 propagandam

296 2433 597 2476 multiplicarentur,
624 2440 718 2478 atquc
745 2435 787 2467 ita
811 2437 1032 2478 operariorum

295 2485 328 2517 in
364 2486 506 2528 praefata
544 2488 801 2530 congregatione
842 2499 899 2521 seu
936 2489 1031 2521 domo

296 2541 405 2570 sancta
422 2539 459 2571 dc
474 2540 636 2582 praesenti
656 2539 859 2572 existentium
876 2541 1030 2584 paucitas,

917 174 1058 198 CLEMENS
1083 175 1112 198 lx
1137 176 1184 199 PP.

1709 164 1773 197 50¹.»

1064 233 1144 264 quae
1171 228 1277 255 tantae
1303 224 1398 255 messi
1425 234 1489 256 non
1515 222 1639 260 sufficit,
1667 222 1731 254 hoc
1755 221 1801 252 in-

1063 280 1229 308 cremento
1243 276 1366 308 utiliter
1385 278 1607 319 suppleretur:
1624 274 1716 307 nobis
1733 284 1801 317 pro*

1063 334 1175 371 pterea
1194 329 1354 362 dictorum
1374 329 1562 372 viceprioris
1584 334 1615 361 et
1631 327 1803 361 canonico-

1065 392 1134 413 rum
1156 392 1191 414 ac
1209 382 1305 415 etiam
1324 388 1377 415 tuo
1396 383 1526 416 nomine
1550 381 1716 415 humiliter
1732 391 1803 422 snp-

1064 435 1219 476 plicatum
1244 435 1302 466 suit
1331 440 1367 467 ut
1400 435 1431 467 in
1466 435 1649 478 praemissis
1681 443 1803 477 oppor-

1065 492 1138 519 tune
1164 487 1389 531 providere-et
1405 494 1439 520 ut
1463 489 1546 521 infra
1570 488 1740 530 indulgere
1763 486 1803 518 de

1064 540 1264 581 benignitate
1289 541 1471 583 apostolica
1491 541 1712 582 dignaremur.

1109 592 1123 634 ἓ,
1147 592 1179 625 3.
1206 591 1267 624 Nos
1292 591 1401 634 igitur,
1428 592 1510 625 votis
1538 593 1597 625 tuis
1616 592 1675 624 hac
1700 592 1730 624 in
1758 601 1802 631 re,

1819 172 1866 197 An,
1889 169 1917 196 C.
1934 169 2001 196 ifz'z‘l

1856 598 1932 627 Annuit
1952 604 2001 624 sup-

1815 625 1910 645 licationi
1927 625 2000 645 Ponu-

1066 649 1219 687 quantum
1231 655 1303 676 eum
1318 644 1453 677 Domino
1468 655 1650 687 possumus,
1663 644 1805 685 benigne
1817 651 1857 672 sex.

1065 707 1231 736 annuere,
1265 708 1299 729 ac
1325 697 1535 740 vicepriorem
1563 702 1591 729 et
1629 696 1805 729 canonicos

1066 750 1227 792 praefatos
1242 750 1437 793 specialibus
1456 749 1614 782 favoribus
1637 755 1667 782 et
1695 749 1805 791 gratiis

1067 803 1219 846 prosequi
1245 805 1407 842 volentes,
1434 809 1466 835 et
1490 813 1602 835 eorum
1627 802 1805 843 singulares

1066 866 1219 898 personas
1237 866 1253 888 a
1271 856 1436 899 quilmsvis
1452 855 1805 893 excommunicationis,

1068 909 1290 951 suspensionis
1322 913 1353 940 et
1377 908 1557 947 interdicti,
1586 907 1722 950 aliisque
1755 918 1807 940 ec-

1066 960 1254 994 clesiasticis
1272 960 1452 999 sententiis,
1470 960 1614 993 censuris
1631 965 1661 992 et
1678 959 1805 1003 poenis,

1069 1024 1085 1045 a
1110 1013 1178 1045 iure
1203 1013 1251 1045 vel
1273 1013 1312 1045 ab
1331 1013 1473 1051 homine,
1503 1011 1613 1055 quavis
1635 1011 1805 1044 occasione

1067 1067 1115 1098 vel
1140 1068 1235 1098 causa
1261 1066 1340 1105 latis,
1368 1066 1394 1097 si
1421 1065 1540 1108 quibus
1561 1065 1807 1108 quomodolibet.

1067 1118 1238 1150 innodatae
1265 1118 1415 1157 existunt,
1433 1118 1472 1150 ad
1487 1117 1634 1150 effectum
1653 1127 1803 1160 praesen-

1068 1172 1146 1204 tium
1183 1171 1346 1203 dumtaxat
1383 1170 1658 1213 consequendum,
1690 1170 1806 1203 harum

1068 1225 1151 1257 serie
1176 1224 1377 1257 absolventes
1403 1230 1434 1256 et
1453 1224 1615 1256 absolutas
1641 1223 1707 1256 sore
1733 1233 1806 1255 cen-

1068 1283 1185 1316 sentes,
1215 1277 1400 1310 huiusmodi
1433 1276 1725 1320 supplicationibus
1758 1275 1806 1308 in-

1069 1331 1187 1369 clinati,
1216 1330 1408 1362 fraternitati
1433 1336 1504 1362 tuae
1532 1339 1591 1373 per
1619 1333 1806 1372 praesentes

1069 1383 1296 1416 committimus
1321 1389 1353 1415 et
1376 1383 1573 1421 mandamus,
1592 1387 1639 1422 ut,
1664 1381 1806 1415 constito

1070 1435 1127 1468 tibi
1153 1436 1192 1468 de
1226 1435 1384 1474 narratis,
1418 1435 1450 1467 in
1482 1435 1626 1478 praefato
1662 1434 1806 1477 prioratu

1069 1488 1100 1521 S.
1120 1488 1262 1531 Georgii,
1290 1488 1505 1531 omnibusque
1524 1493 1556 1520 et
1577 1487 1711 1530 singulis
1738 1487 1807 1519 oss:-

1071 1542 1137 1581 eiis,
1155 1541 1361 1584 portionibus
1378 1547 1408 1574 et
1425 1540 1618 1584 praebendis
1636 1540 1802 1573 canonica-

1071 1595 1167 1633 tibus,
1189 1594 1342 1627 membris
1360 1599 1392 1626 et
1414 1593 1580 1626 beneficiis
1606 1593 1807 1635 regularibus

1071 1653 1135 1679 tam
1152 1647 1315 1690 perpetuis
1332 1657 1427 1689 quam
1449 1646 1673 1679 amoribilibus
1690 1646 1729 1678 ab
1750 1646 1806 1679 illo

1072 1699 1356 1742 dependentibus,
1384 1699 1536 1732 Ordinem
1564 1698 1782 1742 supradictum
1797 1725 1806 1738 ,

1072 1762 1266 1795 omnemque
1284 1758 1414 1792 statum,
1436 1751 1610 1784 essentiam
1628 1762 1664 1784 ac
1689 1752 1809 1794 depen-

1072 1805 1213 1837 dentiam
1238 1816 1273 1837 ac
1297 1805 1445 1837 instituta
1474 1804 1654 1846 regularia,
1679 1814 1808 1837 necnon

1073 1857 1201 1891 titulum
1234 1858 1419 1890 collativum
1449 1856 1682 1890 beneficiorum
1719 1867 1808 1900 prae-

1072 1911 1250 1943 bendarum
1276 1916 1308 1943 ct
1331 1910 1508 1943 officiorum
1539 1910 1746 1950 huiusmodi,
1781 1910 1808 1942 si

1073 1963 1203 2006 aliquod
1224 1963 1354 1995 illorum
1379 1963 1411 1994 in
1433 1963 1568 1995 similem
1590 1962 1717 1995 titulum
1734 1973 1810 1995 con-

1073 2016 1148 2048 ferri
1173 2017 1285 2055 soleat,
1313 2016 1503 2048 auctoritate
1522 2015 1632 2048 itidem
1650 2021 1808 2059 perpetuo

1073 2068 1229 2107 reducas,
1255 2074 1285 2101 et
1311 2069 1349 2100 de
1376 2068 1539 2110 praesenti
1565 2067 1696 2111 quidem
1721 2079 1810 2111 prae-

1074 2122 1190 2154 sectum
1220 2122 1380 2164 prioratus
1418 2121 1603 2154 huiusmodi
1643 2131 1716 2153 eum
1755 2121 1809 2165 qui

1074 2174 1161 2206 illius
1187 2179 1234 2206 est
1256 2173 1424 2216 viceprior,
1443 2174 1588 2206 alumnos
1618 2178 1724 2206 autem
1753 2185 1809 2207 eos

1075 2227 1130 2270 qui
1155 2227 1274 2259 ibidem
1293 2232 1368 2259 sunt
1387 2225 1533 2259 canonici
1558 2227 1735 2268 regulares,
1761 2237 1811 2259 re-

1075 2279 1226 2323 spective,
1253 2290 1324 2312 esse
1350 2279 1482 2319 debere;
1507 2279 1541 2311 in
1566 2279 1710 2311 futurum
1735 2289 1810 2312 vero

1075 2332 1227 2375 praefecti
1256 2331 1402 2365 eiusdem
1426 2332 1587 2374 prioratus
1616 2342 1652 2372 ac
1679 2333 1812 2376 presby-

1076 2391 1219 2418 terorum
1243 2384 1436 2418 secularium
1460 2384 1492 2416 in
1517 2384 1609 2417 illum
1641 2391 1812 2428 acceptan-

1076 2438 1210 2477 dorum,
1248 2443 1279 2470 et
1314 2448 1351 2470 ex
1387 2438 1452 2470 illis
1489 2437 1589 2480 magis
1620 2437 1811 2471 idoneorum

1075 2490 1113 2522 ad
1132 2489 1287 2522 beneficia
1311 2489 1528 2532 infrascripta,
1555 2490 1811 2522 nominationem

1075 2542 1113 2574 ad
1132 2542 1329 2586 praesectum
1349 2542 1450 2575 dictae
1475 2542 1733 2584 congregationis
1755 2552 1813 2575 seu
