2247 3208
129 227 181 257 An.
205 228 235 255 C.
255 227 321 254 1667

149 1028 292 1055 Supplieauo.

160 1505 261 1525 Concedit
283 1508 304 1526 ut

118 1532 141 1553 ia
155 1532 248 1553 rubricat

322 276 423 320 possit
437 276 576 318 amplius
589 276 721 316 visitari,
745 287 805 309 nec
822 276 1061 319 emergentibus

322 329 564 362 difficultatibus
590 329 785 362 sufficienter
802 330 840 363 ab
859 330 930 372 ipso
956 329 1062 372 provi-

320 383 410 422 deri;
437 383 522 415 unde
549 383 717 425 disciplina
753 383 912 426 regularis
943 383 1060 414 sensim

319 435 512 479 prolabitur,
532 437 634 479 pietas
659 437 812 479 religiosa
833 436 997 478 taepescit,
1014 441 1060 468 to-

318 493 414 532 taque
441 489 608 532 provincia
634 489 665 521 in
691 490 739 521 sui
758 489 987 522 detrimentum
1007 499 1061 530 pe-

319 542 475 574 detentim
499 542 622 585 vergit:
650 543 682 585 in
707 542 850 585 capitulo
869 541 1058 585 provinciali

318 595 503 637 provinciae
517 595 704 628 huiusmodi
720 595 881 627 communi
897 604 1057 627 consensu

320 648 486 680 decretum
510 648 576 687 suit,
596 648 628 680 id
654 648 751 680 etiam
769 647 973 680 desiderante
992 658 1059 679 me-

319 708 445 734 morato
481 702 644 734 Ludovico
674 712 768 744 rege,
796 702 879 733 hanc
913 706 1056 733 sanctam

318 753 434 787 Sedem
454 754 688 797 Apostolicam,
712 764 770 797 pro
788 753 991 796 separatione
1014 753 1059 786 di-

938 227 1087 251 CLEMENS
1109 228 1141 251 ix
1165 228 1213 251 Pr.

317 813 442 839 ctorum
478 813 696 840 conventuum
723 818 740 839 a
765 807 932 850 provincia
964 817 1058 850 prae-

317 860 389 899 fata,
417 870 594 903 eorumque
615 860 781 893 erectione
800 860 832 892 in
849 871 965 893 novam
984 871 1058 903 pro-

315 914 453 947 vinciam
478 915 536 947 sub
562 915 656 948 titulo
674 915 705 947 S.
726 914 858 947 Antonii
884 915 922 947 de
939 915 1056 955 Padua,

317 978 386 1000 esse
412 969 659 1001 consulendam.

360 1021 430 1063 ἓξ).
466 1021 566 1059 Quare
593 1021 798 1054 Constantius
833 1026 864 1054 et
895 1022 1057 1054 Potentia-

316 1085 378 1107 nus
403 1076 550 1118 praefati,
575 1080 773 1108 memoratae
792 1076 979 1118 provinciae
1001 1086 1057 1108 no-

316 1128 402 1161 mine
414 1129 508 1161 nohis
523 1129 691 1162 humiliter
715 1129 893 1172 supplicari
912 1129 1057 1161 fecerunt

316 1186 352 1213 ut
376 1182 478 1214 dictos
497 1187 687 1220 conventus,
703 1182 757 1225 qui
773 1183 908 1215 fratrum
926 1182 1055 1224 quidem

315 1241 389 1268 sunt
414 1245 550 1268 numero
578 1235 747 1274 tredecim,
771 1235 959 1268 monialium
979 1245 1055 1268 vcro

314 1298 418 1330 prope
444 1287 644 1327 octodecim,
677 1289 717 1320 ab
751 1289 863 1321 eadem
888 1288 1054 1331 provincia

314 1351 485 1383 separare,
510 1352 546 1373 ac
572 1342 603 1374 in
629 1352 744 1374 novam
771 1342 971 1385 provinciam
987 1370 994 1382 ,
1021 1348 1055 1375 ut

312 1394 506 1437 praefertur,
531 1394 657 1437 erigere
683 1395 721 1427 de
747 1395 949 1437 benignitate
976 1407 1055 1440 apo-

315 1446 430 1479 stolica
455 1447 677 1489 dignaremur.

359 1499 373 1542 ἓ
398 1499 429 1533 3.
457 1499 518 1532 Nos
535 1500 648 1543 igitur,
668 1501 755 1543 ipsos
773 1501 997 1535 Constantium
1023 1507 1055 1535 et

316 1553 543 1586 Potentianum
582 1554 779 1597 specialibus
817 1556 979 1588 favoribus
1023 1562 1053 1589 ct
1073 1553 1076 1575 ¹

315 1605 428 1648 gratiis
453 1607 605 1649 prosequi
626 1609 784 1645 volentes,
803 1614 834 1640 et
855 1619 968 1641 eorum
993 1610 1054 1642 sin-

315 1659 444 1701 gulares
477 1670 648 1702 personas,
688 1671 705 1693 a
729 1661 898 1704 quibusvis
924 1673 1054 1695 excom-

314 1711 558 1751 municationis,
573 1714 801 1756 suspensionis
821 1720 852 1747 et
877 1715 1051 1757 interdicti,

315 1764 455 1808 aliisque
489 1766 722 1799 ecclesiasticis
755 1768 943 1808 sententiis,
978 1780 1054 1801 cen-

315 1819 397 1850 suris
423 1823 454 1851 et
479 1819 609 1862 poenis,
629 1831 645 1852 a
663 1820 733 1853 iure
760 1822 809 1854 vel
835 1822 875 1854 ab
901 1822 1051 1862 homine,

315 1872 429 1914 quavis
473 1873 645 1906 occasione
682 1874 731 1907 vel
768 1876 865 1907 causa
902 1876 993 1915 latis,
1027 1877 1051 1908 si

315 1924 434 1967 quibus
461 1926 713 1968 quomodolibet
736 1926 884 1960 innodati
901 1928 1052 1968 existunt,

315 1977 354 2009 ad
379 1977 529 2010 ess'ectum
543 1979 764 2022 praesentium
790 1980 956 2013 dumtaxat
976 1992 1054 2014 con-

314 2031 541 2073 sequendum,
574 2032 687 2065 harum
725 2033 808 2065 serie
845 2034 1053 2066 absolventes

315 2087 347 2114 et
370 2083 537 2117 absolutos
564 2085 632 2117 sore
658 2091 842 2126 censentes,
866 2087 1052 2120 huiusmodi

314 2136 610 2179 supplicationibus
635 2138 794 2179 inclinati,
822 2139 860 2172 de
886 2140 1053 2173 venerabi-

314 2189 393 2223 lium
419 2191 552 2224 fratrum
577 2196 766 2225 nostrorum
793 2193 823 2226 S.
844 2193 880 2225 R.
897 2193 931 2226 E.
952 2193 1054 2226 cardi-

314 2242 436 2275 nalium
456 2244 596 2286 negotiis
622 2250 654 2278 et
674 2247 966 2279 consultationibus
991 2247 1053 2290 epi-

314 2306 489 2339 scoporum
515 2303 547 2330 et
571 2299 772 2341 regularium
790 2300 1052 2343 praepositorum

314 2350 463 2390 consilio,
489 2352 619 2384 attentis
643 2353 793 2393 narratis,
812 2358 843 2385 et
857 2364 1018 2387 consensu
1036 2365 1053 2386 a

312 2403 458 2447 praefato
483 2404 628 2438 ministro
661 2405 805 2448 generali
834 2405 961 2439 Ordinis
996 2407 1054 2439 hu-

313 2456 451 2491 iusmodi
475 2458 642 2500 praestito,
667 2459 830 2502 praefatos
856 2465 1051 2499 conventus,

312 2515 376 2544 tam
402 2511 534 2544 fratrum
562 2522 658 2555 quam
683 2511 883 2553 monialium,
903 2523 919 2545 a
939 2523 1052 2555 supra-

314 2563 398 2598 dicta
422 2564 589 2608 provincia
621 2565 651 2598 S.
672 2565 832 2609 Dionysii,
859 2567 1069 2600 auctoritate

313 2618 499 2660 apostolica,
518 2624 629 2652 tenore
650 2620 880 2662 praesentium,
895 2630 1051 2663 excorpo-
1070 2629 1073 2661 1

1746 222 1804 253 571

1104 286 1224 313 ramus,
1251 281 1278 308 et
1306 276 1337 308 in
1363 287 1479 309 novam
1504 277 1703 320 provinciam
1720 279 1779 310 sub
1805 279 1844 310 ti-

1107 329 1175 361 tulo
1200 328 1231 361 S.
1253 330 1382 362 Antonii
1405 331 1443 363 de
1466 331 1579 370 Padua,
1599 342 1671 363 cuin
1694 332 1844 364 munilia<

1104 381 1284 423 privilegiis
1310 389 1341 414 et
1366 383 1489 416 iuribus
1525 385 1661 417 aliarum
1689 385 1765 417 (licii
1791 385 1846 418 Or-

1104 433 1188 465 dinis
1212 435 1465 477 proviueisuum,
1483 437 1636 479 erigimus
1656 444 1685 469 et
1710 439 1846 471 institui<

1103 497 1184 525 mus,
1213 498 1247 519 ac
1273 488 1418 521 eiusdem
1445 491 1632 531 provinciae
1651 492 1681 523 S.
1702 492 1843 535 Disuiysii

1103 538 1286 572 delinitorio
1312 542 1541 575 cominittinuis
1567 545 1760 577 el==etioiieiii
1786 546 1845 577 nii-

1102 592 1194 624 nistri
1219 594 1438 635 provincialis,
1453 597 1605 634 custodis,
1627 598 1842 637 delinitoruni,

1101 644 1302 689 aliorumque
1325 649 1529 690 superiorum
1549 656 1580 682 et
1598 650 1781 684 officialium
1800 653 1842 684 di<

1101 703 1168 730 ctae
1194 709 1295 732 novae
1322 702 1507 743 provinciae
1533 704 1578 735 sic
1605 710 1742 737 erectae.

1145 752 1159 793 ἓ
1184 751 1215 784 li.
1244 752 1463 786 Decernentes
1490 756 1618 788 easdem
1652 764 1840 800 praesentes

1100 803 1225 837 litteras
1249 816 1379 849 semper
1404 808 1508 840 tirmas
1534 809 1657 841 validas
1679 816 1710 842 et
1736 812 1840 843 cilica-

1100 866 1152 888 ees
1177 857 1316 891 existere
1342 865 1373 891 et
1398 860 1479 900 sore,
1507 872 1648 904 suosque
1675 864 1840 905 plenarios

1101 914 1133 941 et
1156 909 1301 953 integros
1331 911 1461 945 effectus
1491 914 1599 946 sortiri
1619 921 1650 947 et
1675 916 1838 956 obtinere,

1100 974 1136 995 ac
1162 963 1239 1004 illis,
1266 966 1305 997 ad
1325 977 1406 1009 quos
1425 973 1547 1010 spectat
1569 974 1599 1000 et
1616 980 1675 1012 pro
1694 975 1839 1013 tempore

1099 1017 1270 1059 spectabit,
1297 1019 1489 1061 plenissime
1516 1020 1701 1064 sulii-agari,
1729 1023 1839 1067 sicque.

1099 1069 1131 1100 in
1156 1071 1346 1112 praemissis
1372 1083 1434 1115 per
1465 1085 1689 1119 quoscumque
1715 1077 1838 1110 iudices

1100 1121 1285 1155 ordinarios
1320 1130 1351 1157 et
1377 1125 1564 1168 delegatos,
1597 1129 1694 1161 etiam
1728 1141 1839 1163 causa-

1099 1185 1171 1207 rum
1196 1177 1308 1219 palatii
1339 1180 1513 1221 apostolici
1539 1182 1731 1223 auditores,
1758 1183 1840 1217 iudi-

1098 1228 1162 1259 cari
1189 1233 1220 1261 et
1245 1229 1373 1262 definiri
1411 1232 1546 1273 debere,
1582 1245 1617 1267 ac
1656 1235 1782 1269 irritum
1808 1243 1840 1269 et

1097 1279 1192 1314 inane
1229 1282 1255 1314 si
1288 1293 1379 1316 secus
1405 1295 1503 1328 super
1532 1287 1581 1319 liis
1608 1299 1624 1319 a
1650 1299 1837 1332 quoquam,

1098 1333 1211 1376 quavis
1245 1337 1460 1377 auctoritate,
1495 1339 1638 1373 scienter
1663 1343 1713 1375 vel
1746 1342 1839 1385 igno-

1098 1392 1219 1427 ranter,
1241 1389 1418 1432 contigerit
1431 1393 1595 1425 attentari.

1141 1440 1155 1483 ξ
1181 1440 1211 1473 5.
1238 1441 1308 1474 Non
1337 1444 1543 1477 obstantibus
1569 1448 1774 1489 praemissis,
1802 1460 1837 1481 ac

1096 1494 1385 1528 constitutionibus
1398 1503 1429 1529 et
1439 1498 1700 1532 ordinationibus
1712 1508 1838 1545 aposto-

1096 1546 1177 1586 licis,
1200 1558 1341 1589 necnon,
1359 1554 1517 1593 quatenus
1539 1563 1620 1595 opus
1638 1554 1687 1591 sit,
1708 1554 1837 1588 Ordinis

1097 1604 1127 1631 et
1146 1601 1331 1643 provinciae
1351 1608 1383 1635 et
1400 1610 1617 1639 conventuum
1638 1608 1834 1649 huiusmodi,

1097 1653 1194 1686 etiam
1213 1655 1405 1696 iuramento,
1432 1658 1680 1694 confiri‘natione
1707 1668 1838 1705 aposto—

1097 1706 1168 1745 lica,
1193 1709 1242 1741 vel
1268 1710 1378 1753 quavis
1401 1710 1554 1745 firmitate
1581 1714 1642 1747 alia
1664 1715 1835 1756 roboratis,

1096 1761 1226 1794 statutis
1254 1768 1286 1795 et
1311 1765 1604 1799 consuctudinibus
1621 1795 1628 1806 ,
1657 1768 1836 1811 privilegiis

1097 1825 1246 1859 quoque,
1273 1816 1408 1851 indultis
1442 1824 1474 1851 ct
1505 1820 1621 1853 litteris
1648 1823 1836 1865 apostolicis

1096 1867 1129 1900 in
1155 1870 1351 1903 contrarium
1370 1873 1627 1914 praemissorum
1654 1877 1838 1918 quomodo-

1097 1921 1178 1955 libet
1195 1925 1372 1964 concessis,
1391 1926 1590 1959 contiriratis
1609 1934 1640 1960 et
1660 1928 1834 1970 innovatis,

1097 1974 1212 2017 quibus
1239 1977 1389 2010 omnibus
1416 1983 1447 2010 et
1472 1978 1622 2021 singulis,
1641 1980 1773 2014 illorum
1794 1989 1838 2015 te-

1097 2038 1192 2061 nores
1219 2031 1446 2072 praesentibus
1479 2043 1539 2076 pro
1571 2035 1666 2076 plene
1694 2041 1725 2066 et
1750 2036 1837 2068 suffl-

1096 2080 1221 2114 cienter
1253 2085 1415 2126 expressis
1452 2096 1487 2117 ac
1519 2086 1557 2118 de
1584 2087 1680 2119 verbo
1706 2088 1744 2120 ad
1769 2099 1838 2121 ver-

1095 2134 1171 2167 bum
1208 2135 1338 2169 insertis
1378 2138 1561 2179 habentes,
1597 2140 1660 2173 illis
1691 2141 1769 2173 alias
1804 2142 1836 2174 in

1096 2198 1154 2220 suo
1173 2189 1291 2222 robore
1310 2192 1548 2233 permansuris,
1571 2193 1608 2224 ad
1635 2194 1837 2236 praemisso-

1095 2252 1165 2274 rum
1193 2242 1352 2284 etl'ectum,
1380 2244 1440 2276 liac
1465 2246 1531 2278 vice
1559 2247 1735 2288 dumtaxat,
1764 2258 1837 2291 spe-

1095 2295 1222 2329 cialiter
1246 2302 1277 2329 et
1295 2308 1449 2340 expresse
1466 2299 1674 2342 derogamus,
1703 2302 1838 2335 ceteris-

1096 2360 1158 2392 que
1180 2350 1356 2383 contrariis
1376 2351 1648 2397 quibuscumque.

1141 2403 1254 2436 Datum
1279 2404 1421 2445 Romae,
1448 2407 1532 2449 apud
1558 2407 1588 2440 S.
1620 2408 1748 2441 Mariam
1778 2410 1839 2443 ita-

1096 2456 1198 2489 iorem
1216 2484 1223 2497 ,
1255 2458 1312 2489 sub
1344 2460 1463 2492 annulo
1488 2459 1685 2501 piscatoris,
1711 2463 1761 2495 die
1787 2474 1838 2496 xix

1094 2511 1288 2554 septembris
1310 2521 1478 2553 MDCvau,
1500 2506 1707 2557 pontificatus
1734 2517 1836 2548 nostri

1095 2574 1179 2597 anno
1207 2575 1228 2598 L

1131 2627 1187 2655 Dat.
1209 2628 1253 2655 die
1273 2631 1301 2655 w
1318 2629 1480 2664 septembris
1498 2630 1575 2664 1067,
1590 2632 1684 2665 poniitss
1705 2640 1775 2658 anno
1791 2638 1809 2660 t.

1855 232 1906 257 An.
1924 230 1951 257 C.
1971 231 2037 258 1⁶07

1878 769 1989 789 Decretum
2008 769 2036 789 ii·-

1852 799 1924 815 Ι”11ΊΙ13.

1918 1458 2033 1483 berna-,tiu

1850 1488 1964 1505 contrario·
1972 1493 2005 1505 ru:
