2247 3208
155 205 345 232 An.C.1664
392 195 455 229 308

350 254 441 296 scopi
456 253 486 285 in
502 251 615 295 primis
629 248 854 287 committitur,
869 252 922 279 aut
936 247 977 279 ob
989 246 1084 279 aliam

350 311 522 347 urgentem
540 315 575 337 ac
596 312 814 335 necessariam
840 310 968 333 causam
990 309 1087 341 opor-

349 359 448 391 tuerit
458 356 662 400 superiorem
673 355 858 397 regularem
872 353 988 385 eodem
1000 361 1084 384 anno

347 411 472 454 pluries
483 409 609 450 ingredi
622 413 714 451 septa
722 405 920 445 monasterii,
933 409 1010 437 tunc
1019 413 1083 436 non

347 463 442 496 aliter
454 461 667 503 ingrediatur,
683 470 779 503 quam
797 469 870 491 cum
896 456 1084 500 praesentia

347 514 492 558 episcopi
520 513 716 553 dioecesani,
742 513 792 545 vel
817 510 953 544 alterius
974 519 1085 553 perso-

347 578 406 600 nae
433 566 675 600 ecclesiasticae
700 564 856 598 secularis
873 563 950 596 boni
977 573 1084 595 exem-

347 621 391 664 pli
414 631 449 653 ac
473 626 617 653 maturae
643 619 756 652 aetatis
782 618 910 661 abipso
928 616 1084 660 episcopo

347 673 386 706 ad
404 674 467 706 hoe
481 672 669 716 specialiter
689 672 876 715 deputatae.

179 737 280 764 Superior
298 744 335 764 pei·
390 726 404 769 ἓ
429 726 459 759 3.
486 726 601 758 Visitet
618 730 725 758 autem
751 723 904 767 superior
922 721 1082 765 regularis

151 767 537 820 {lll'ffli'licvdfflssgfinteriorem
559 779 744 811 clausuram
762 788 821 820 per
841 776 996 819 seipsum,
1019 785 1083 808 non

151 822 193 838 ‘¹⁰'
345 837 451 864 autem
469 842 528 875 per
552 831 662 871 alium,
683 829 811 863 etiamsi
830 828 926 861 suerit
941 827 1083 870 legitime

344 885 533 928 impeditus,
553 894 617 928 quo
642 894 720 916 casu
752 882 921 915 differatur
944 880 1083 914 visitatio

343 938 377 970 in
402 938 488 971 aliud
515 943 659 980 tempus,
687 946 751 979 quo
785 934 959 968 cessaverit
982 934 1084 976 impe-

344 991 541 1031 dimentum,
568 995 599 1022 et
623 989 839 1022 visitationem
864 986 1017 1020 celeriter
1052 991 1084 1019 et

341 1043 439 1075 unica
459 1043 519 1082 die,
539 1042 647 1075 debita
671 1047 780 1074 tamen
805 1050 879 1073 cum
904 1038 1080 1081 diligentia,

343 1097 499 1134 absolvat,
526 1106 587 1128 nec
612 1099 685 1127 ante
709 1099 818 1127 ortum
844 1092 920 1125 solis
945 1102 1015 1125 eam
1040 1091 1084 1125 in-

343 1148 453 1192 cipiat,
477 1159 536 1180 nec
556 1152 631 1190 post
655 1157 802 1180 occasum
820 1146 1000 1189 protrahat,
1026 1155 1083 1178 ne-

344 1213 406 1246 que
432 1203 501 1245 ipse
525 1201 685 1241 visitator,
712 1210 817 1243 neque
844 1199 912 1232 eius
937 1198 1015 1231 socii
1040 1199 1083 1231 ul-

344 1256 407 1288 lam
429 1260 558 1287 sumant
582 1254 614 1286 in
635 1253 835 1286 monasterio
856 1252 1079 1284 refectionem.

167 1316 285 1346 ,canemus
296 1317 332 1337 of.
344 1308 445 1340 Porro
471 1307 497 1339 si
522 1306 629 1339 visitet
653 1305 822 1348 generalis,
845 1305 947 1347 possit
971 1315 1081 1337 secum

149 1343 465 1393 2112'20fflff.d⁰⁰'11ab01·e
493 1361 574 1393 duos
599 1359 706 1392 socios
731 1358 777 1391 sui
799 1357 936 1397 Ordinis,
958 1357 982 1389 si
1001 1357 1081 1389 alius

344 1426 361 1447 a
387 1413 539 1456 generali,
565 1423 665 1445 unum
690 1416 824 1450 tantum,
851 1410 989 1443 exclusis
1016 1420 1083 1442 om-

343 1466 439 1499 nibus
473 1466 564 1505 aliis,
592 1465 689 1497 etiam
721 1464 848 1496 ratione
881 1462 989 1495 officii.
1024 1461 1080 1499 Qui

344 1519 474 1562 quidem
500 1518 579 1551 socii
601 1522 808 1550 assumantur
832 1517 1032 1558 exemplares
1051 1520 1082 1547 et

344 1578 488 1604 maturae
511 1570 644 1610 aetatis,
671 1575 703 1602 et
727 1569 759 1601 in
789 1574 861 1601 actu
890 1568 1082 1601 visitationis

344 1636 362 1657 a
394 1624 560 1657 visitatore
593 1634 758 1665 nunquam
792 1627 999 1664 separentur,
1027 1622 1081 1653 sed

345 1688 419 1709 eum
446 1677 592 1720 aspicere
618 1681 649 1709 et
673 1677 712 1708 ab
737 1675 808 1718 ipso
826 1675 927 1718 aspici
952 1685 1083 1717 semper

345 1730 482 1772 possint.

189 1818 192 1822 ,
222 1791 332 1812 Visitatnri
389 1784 403 1826 ἓ
428 1784 459 1815 4.
488 1784 530 1816 Ae
555 1787 723 1826 praeterea
745 1781 903 1814 visitatori
935 1781 1083 1814 assistant

151 1821 334 1866 &322⁵'32'Una‘l8'3'
347 1843 485 1880 quatuor
510 1836 666 1869 moniales
693 1846 728 1868 ex
754 1834 937 1867 senioribus
962 1845 1083 1866 monas-

346 1890 432 1929 terii,
453 1900 535 1932 quae
561 1889 712 1921 similiter
735 1888 918 1920 visitatione
944 1888 1082 1920 durante

346 1953 509 1985 nunquam
535 1946 729 1985 separentur
752 1951 769 1973 a
794 1940 959 1972 visitatore
984 1945 1016 1972 et
1032 1950 1083 1972 so-

346 1996 416 2028 ciis.
445 1995 599 2038 Reliquae
634 2004 710 2027 vero
743 1994 901 2026 moniales
935 1998 966 2025 et
990 2003 1084 2034 quae-

347 2059 483 2091 cumque
498 2049 580 2080 aliae
598 2048 749 2080 mulieres
767 2053 798 2080 et
817 2049 944 2090 puellae
965 2049 1083 2080 secula-

347 2101 441 2133 resin
457 2101 655 2133 monasterio
681 2101 848 2143 degentes,
863 2100 924 2133 nisi
940 2100 1083 2143 legitimo

348 2154 802 2196 detineanturimpedimento,
816 2153 1009 2186 conveniant.
1023 2164 1085 2186 om-

347 2218 404 2239 nes
430 2207 462 2239 in
488 2208 589 2240 choro
614 2212 786 2249 antequam
807 2207 952 2239 visitator
976 2207 1084 2249 ingre-

349 2261 457 2292 diatur
481 2261 672 2293 interiorem
697 2262 897 2300 clausuram,
924 2265 956 2293 et
987 2260 1019 2292 in
1045 2271 1083 2292 eo

346 2319 560 2356 permaneant
585 2314 719 2345 durante
744 2313 937 2352 visitatione,
955 2318 986 2345 et
1006 2323 1085 2355 quo-

348 2376 450 2408 usque
476 2366 560 2398 idcm
586 2366 732 2398 visitator
756 2377 829 2399 cum
858 2366 953 2399 sociis
975 2377 991 2398 e
1017 2376 1085 2398 mo-

348 2419 492 2451 nasterio
512 2418 637 2451 exierit.
661 2419 801 2461 Ideoque
821 2424 912 2452 curet
940 2418 1085 2452 visitator

348 2477 383 2504 ut
401 2471 591 2514 tempestive
617 2472 829 2504 admoneatur
849 2472 1013 2505 abbatissa
1029 2482 1085 2504 seu

350 2524 537 2556 monasterii
564 2525 726 2567 praefecta
751 2525 789 2556 de
820 2525 1009 2567 praestituta
1034 2524 1084 2557 die

349 2582 381 2610 et
405 2578 488 2610 hora
513 2577 718 2610 visitationis.
747 2578 892 2611 Visitatio
919 2588 994 2611 vcro
1019 2587 1086 2621 per·

942 198 1121 223 BULLARIUM
1145 197 1295 221 ROMANUM

1875 197 1922 224 An.
1938 197 1966 223 C.
1990 198 2056 223 ¹664

1128 244 1247 277 sonalis
1273 243 1327 276 fiat
1351 244 1390 277 ad
1416 250 1529 284 crates,
1555 250 1587 277 et
1617 245 1748 278 omnino
1774 250 1863 278 extra

1127 298 1307 329 clausuram
1331 296 1529 336 monasterii,
1551 302 1583 329 et
1607 308 1666 340 per
1688 298 1864 340 ipsummet

1127 349 1326 392 superiorem
1352 349 1531 388 dumtaxat,
1556 355 1591 381 ut
1615 361 1711 393 supra
1743 351 1861 382 dictum

1127 408 1176 436 est
1206 404 1245 436 de
1274 403 1455 435 visitatione
1484 403 1651 435 interioris
1681 405 1859 438 clausurae.

1170 457 1185 499 ξ
1209 456 1240 489 5.
1268 456 1314 488 Ad
1341 456 1421 488 haec
1446 456 1613 488 consessor
1638 457 1862 490 sanctimonia·
1913 468 2056 489 mummius

1127 509 1214 549 lium,
1229 514 1293 542 tam
1315 509 1509 548 ordinm-iaz,
1528 519 1621 551 quam
1641 511 1862 543 extraordina·
1873 496 2056 547 Ῐὲῗᾳῖῗὲἓῗὲἑὲζῖῗ

1126 562 1201 602 rius,
1213 561 1343 595 minime
1354 562 1555 603 ingrediatur
1565 567 1654 604 septa
1663 563 1861 603 monasterii,
1873 550 1923 569 ω’

1126 614 1186 647 nisi
1207 615 1246 647 ad
1268 620 1469 647 sacramenta
1490 614 1722 655 Poenitentiae,
1741 615 1863 649 Eucha-

1126 667 1235 700 ristiae
1248 673 1280 700 et
1290 668 1455 700 Extremae
1468 667 1636 700 Unetionis
1650 668 1863 701 ministranda

1126 721 1338 760 monialibus,
1363 721 1412 753 vel
1444 720 1514 753 aliis
1547 721 1696 763 personis
1725 721 1863 754 infirmis

1126 772 1170 805 ibi
1197 773 1399 815 degentibus,
1418 783 1546 806 necnon
1573 773 1611 805 ad
1637 774 1863 806 commendan-

1127 826 1200 858 dam
1218 826 1357 858 animam
1376 826 1630 869 agonizantium,
1646 836 1862 869 necunquam

1126 879 1338 921 ingrediatur,
1355 879 1416 911 nisi
1442 890 1514 911 cum
1534 879 1636 919 socio,
1659 879 1711 922 qui
1730 879 1770 911 sit
1788 890 1863 922 pro-

1126 931 1219 964 batae
1244 932 1327 964 vitae
1352 937 1385 964 et
1408 937 1553 964 maturae
1575 932 1697 973 aetatis,
1723 942 1863 976 semper-

1127 994 1187 1026 que
1211 990 1341 1017 maneat
1359 984 1392 1016 in
1413 987 1449 1016 ea
1474 989 1565 1027 parte
1583 985 1785 1025 monasterii,
1800 996 1862 1028 qua

1126 1037 1347 1069 confessorem
1379 1037 1489 1069 videre
1522 1043 1553 1070 et
1584 1048 1611 1074 a,
1642 1037 1663 1054 ”
1685 1048 1726 1073 ‚so
1758 1038 1861 1070 videri

1125 1100 1253 1133 semper
1278 1090 1392 1132 possit.
1603 1038 1690 1126 Ἢ

1169 1144 1183 1186 ἓ
1208 1143 1238 1175 6.
1255 1143 1390 1186 Insuper
1407 1143 1549 1176 districte
1568 1143 1788 1187 praecipimus
1801 1155 1861 1177 me-
1924 1152 2054 1174 eoncessarii

1125 1197 1258 1229 moratis
1280 1196 1504 1239 superioribus
1519 1196 1731 1239 regularibus,
1755 1202 1798 1237 ut,
1818 1198 1862 1229 in·
1872 1180 2055 1231 ἶῖἷῖιῗοῑῗιῑῗῖυρῗῗᾶ

1124 1249 1171 1280 fra
1193 1249 1367 1281 terminum
1390 1249 1528 1281 duorum
1544 1249 1703 1282 mensium
1721 1261 1738 1282 a
1755 1251 1862 1293 publi·
1872 1234 1982 1253 mmmm*

1125 1302 1251 1335 catione
1269 1303 1453 1346 praesentis
1470 1303 1713 1335 constitutionis
1731 1314 1862 1347 compu—

1125 1356 1307 1395 tandorum,
1326 1360 1480 1388 revocent
1504 1355 1543 1388 ad
1568 1356 1708 1388 claustra
1734 1357 1862 1389 conses-

1124 1419 1225 1447 sores,
1251 1418 1432 1451 eorumque
1459 1409 1585 1448 socios,
1613 1409 1861 1442 concionatores

1125 1467 1157 1495 ct
1172 1462 1252 1495 alios
1271 1472 1493 1505 quoscumque
1513 1463 1680 1505 regulares
1699 1463 1782 1505 apud
1800 1473 1863 1495 mo-

1124 1516 1266 1548 nasteria
1285 1515 1577 1548 sanctimonialium
1594 1517 1643 1548 vel
1668 1516 1796 1548 assidue
1813 1517 1862 1549 vel

1124 1569 1162 1601 ad
1184 1574 1313 1612 tempus
1331 1579 1532 1611 quocumque
1552 1569 1645 1601 titulo
1670 1574 1862 1611 pernoctare

1125 1622 1257 1662 solitos;
1292 1632 1373 1654 neve
1410 1621 1599 1664 permittant
1618 1622 1770 1661 eosdem,
1804 1632 1863 1654 seu

1125 1675 1206 1707 alios
1231 1675 1412 1716 regulares,
1438 1674 1531 1714 intra,
1559 1685 1613 1707 seu
1643 1684 1745 1717 prope
1771 1679 1863 1716 septa

1125 1727 1396 1760 monasteriorum
1423 1726 1607 1760 huiusmodi
1634 1727 1781 1759 habitare
1813 1728 1862 1760 vel

1125 1781 1329 1820 commorari,
1356 1780 1433 1823 quin
1459 1780 1564 1820 etiam,
1596 1780 1680 1812 infra
1709 1780 1863 1813 eumdem

1126 1834 1310 1873 terminum,
1322 1843 1541 1876 quascumque
1557 1834 1662 1871 cellas,
1678 1833 1863 1865 mansiones

1126 1898 1180 1920 seu
1198 1887 1345 1919 cubicula
1362 1898 1463 1930 prope
1481 1886 1680 1919 monasteria
1697 1886 1863 1929 praedicta

1126 1941 1164 1972 ad
1182 1951 1274 1972 usum
1293 1945 1547 1973 memoratorum
1572 1939 1771 1981 regularium
1799 1939 1863 1971 exi—

1127 1994 1251 2031 stentia,
1271 1993 1295 2024 si
1321 1994 1488 2025 clausurae
1515 1992 1785 2024 monasteriorum
1810 2002 1863 2023 ea·

1126 2047 1272 2079 rumdem
1291 2046 1479 2078 monialium
1494 2046 1645 2086 contigua
1663 2045 1738 2083 sint,
1758 2044 1862 2077 eidem

1126 2100 1291 2131 clausurae
1317 2098 1447 2137 includi,
1472 2099 1521 2129 vel
1547 2097 1629 2129 dirui
1660 2097 1792 2129 omnino
1820 2096 1864 2128 sa-

1126 2152 1224 2191 cia1it;
1251 2152 1275 2184 si
1309 2161 1384 2183 vcro
1410 2150 1469 2183 sint
1497 2155 1584 2182 extra
1610 2155 1718 2192 septa,
1743 2149 1859 2190 vendi,

1126 2206 1330 2247 pretiumque
1351 2204 1383 2236 in
1397 2203 1585 2236 monasterii
1605 2203 1775 2235 utilitatem
1793 2213 1864 2235 con-

1126 2258 1222 2298 verti·,
1250 2268 1310 2289 nec
1333 2257 1365 2289 in
1391 2262 1558 2299 posterum
1585 2256 1646 2288 alia
1671 2256 1788 2288 similia
1813 2266 1864 2298 ap-

1127 2311 1196 2350 tari,
1216 2309 1392 2349 aediliciam,
1408 2314 1460 2341 aut
1477 2309 1538 2341 emi
1558 2308 1756 2351 permittant.
1773 2307 1862 2345 Quod

1127 2364 1153 2397 si
1178 2364 1260 2396 infra
1281 2364 1399 2395 dictum
1416 2363 1587 2394 terminum
1606 2362 1789 2404 superiores
1814 2371 1864 2393 re-

1127 2418 1255 2459 gulares
1268 2416 1445 2459 praemissa
1461 2426 1533 2447 cum
1552 2414 1665 2447 etl'ectu
1685 2424 1751 2446 non
1768 2413 1863 2445 adim-

1128 2470 1298 2513 pleverint,
1322 2474 1469 2501 teneatur
1489 2467 1676 2501 Ordinarius
1693 2467 1766 2506 loci,
1788 2471 1864 2498 tam·

1128 2534 1222 2566 (tuam
1248 2523 1339 2555 Sedis
1366 2521 1572 2565 Apostolicae
1599 2521 1780 2563 delegatus,
1807 2520 1863 2552 illa

1128 2576 1306 2620 adimplere
1334 2582 1363 2609 et
1391 2575 1524 2608 omnino
1550 2574 1672 2618 exequi,
1700 2574 1796 2608 etiam
1815 2573 1864 2606 in-
