2247 3208
262 298 308 323 Au.
328 298 355 324 C.
382 298 446 325 16(ζῦ

300 361 358 380 (hiae
375 366 441 379 omnia

259 386 416 406 counirniantur.

287 2208 378 2233 Largium
406 2208 436 2228 in-

252 2235 437 2257 ‹iulg-*ntiainc-ffl.

253 2261 359 2282 trallibus.

494 291 555 323 712

497 349 511 390 g*
538 348 567 379 ⁹2.
596 348 658 379 Nos
685 348 794 389 igitur,
829 348 880 391 qui
908 349 960 391 pia
986 349 1188 392 singulorum

453 401 606 433 Ordinum
633 400 861 442 religiosorum
896 401 927 433 in
957 401 1097 435 Ecclesia
1132 403 1187 435 Dei

454 457 539 485 recte
566 453 786 486 institutorum
812 460 902 495 vota,
929 455 1188 499 quibuscumque

454 516 524 537 eum
552 506 686 537 Domino
710 517 889 548 possumus,
912 507 1014 540 modis
1039 508 1188 540 omnibus

453 568 643 600 promovere
664 558 838 597 studemus,
866 559 996 592 eosdem
1022 559 1188 592 Matiliiam

454 616 484 643 et
509 611 672 643 Andream
702 621 738 644 ac
771 611 898 645 Ordinis
930 618 962 645 et
989 613 1188 656 singularum

453 664 756 696 confraternitatum
789 665 973 698 huiusmodi
1007 666 1187 708 singulares

452 727 606 760 personas
623 728 640 749 a
657 717 820 760 quibusvis
835 718 1187 758 excommunicationis,

453 770 674 813 suspensionis
693 775 723 803 et
739 771 911 809 interdicti,
930 772 1064 815 aliisque
1090 772 1190 804 eccle-

452 823 587 855 siasticis
612 823 804 863 sententiis,
831 824 972 856 censuris
997 829 1028 856 et
1051 824 1185 867 poenis,

451 886 468 908 a
492 875 559 908 iure
595 877 643 909 vel
669 876 708 908 ab
733 876 876 917 homine,
891 877 998 920 quavis
1016 876 1187 909 occasione

449 929 498 961 vel
520 930 617 961 eausa
636 929 720 967 latis,
739 929 765 961 si
795 929 909 972 quibus
942 929 1188 972 quomodolibet

450 982 594 1015 innodati
622 987 653 1015 et
677 983 852 1015 innodatae
871 983 1020 1023 existunt,
1046 983 1084 1016 ad
1113 982 1187 1016 effe-

450 1040 534 1068 ctum
560 1035 776 1078 praesentium
799 1036 965 1068 dumtaxat
989 1046 1187 1079 consequen-

451 1088 546 1128 dum,
572 1088 686 1121 harum
711 1088 793 1120 serie
813 1088 1017 1121 absolventes
1043 1093 1075 1121 et
1099 1088 1186 1121 abso-

450 1141 535 1174 lutos
560 1146 590 1173 et
615 1141 779 1174 absolutas
807 1141 873 1174 fore
903 1146 1093 1181 censentes,
1128 1142 1186 1174 hu-

449 1193 590 1226 iusmodi
617 1193 906 1237 supplicationibus
940 1193 1112 1235 inclinati,
1148 1205 1185 1226 ex

449 1251 524 1280 voto
557 1247 790 1280 venerabilium
832 1248 964 1280 fratrum
1000 1239 1186 1280 nostrorum

448 1304 577 1332 sanctae
599 1300 762 1333 Romanae
788 1300 951 1333 Ecclesiae
973 1301 1185 1334 cardinalium

448 1363 549 1395 super
584 1353 795 1395 indulgentiis
834 1354 998 1396 sacrisque
1037 1353 1184 1396 reliquiis

449 1405 665 1438 concedendis
701 1406 982 1449 praepositorum,
1021 1406 1183 1448 religiosis

449 1458 583 1501 praefati
609 1458 747 1499 Ordinis,
776 1470 812 1491 ac
837 1459 1036 1501 singularum
1059 1460 1185 1492 confra-

450 1511 637 1543 ternitatum
671 1522 729 1543 seu
762 1512 1051 1554 congregationum
1078 1512 1184 1544 eidem

448 1563 558 1596 Ordini
584 1575 638 1597 seu
664 1564 759 1597 alicui
792 1575 828 1597 cx
862 1565 931 1597 cius
961 1565 1110 1598 domibus
1134 1576 1185 1597 re-

449 1618 614 1659 gularibus
633 1623 889 1661 aggregatarum,
909 1619 1102 1661 illarumque
1116 1630 1185 1662 per-

449 1671 538 1703 sonis
564 1672 731 1714 utriusque
757 1682 870 1712 sexus,
903 1673 956 1715 qui
983 1672 1184 1715 captivorum

448 1722 633 1756 huiusmodi
659 1724 877 1767 redemptioni
895 1724 1092 1766 incumbunt,
1115 1725 1185 1758 ubi-

447 1787 584 1820 cumque
614 1777 828 1819 degentibus,
858 1778 1039 1820 ceterisque
1066 1778 1185 1810 utrius-

448 1841 510 1873 que
529 1841 621 1863 sexus
640 1830 907 1863 christifidelibus
925 1841 1000 1863 vere
1014 1831 1185 1873 poeniten-

448 1883 533 1916 tibus
550 1889 580 1916 et
597 1883 762 1923 confessis,
781 1883 834 1926 qui
852 1883 992 1926 aliquam
1007 1894 1043 1916 ex
1063 1885 1185 1917 confra-

447 1937 650 1969 ternitatibus
676 1936 844 1980 praedicto
870 1936 981 1969 Ordini
1006 1947 1061 1969 seu
1088 1938 1183 1970 alicui

447 1989 515 2022 eius
541 1989 651 2022 domui
670 1989 813 2031 regulari
835 1999 1005 2029 annexam,
1028 2000 1185 2032 aggrega-

447 2047 511 2074 tam
531 2052 585 2074 seu
603 2041 725 2074 unitam
742 2042 780 2074 de
804 2047 911 2075 cetero
939 2042 1182 2084 ingredientur,

447 2095 499 2127 die
525 2095 628 2138 prima
653 2105 764 2127 eorum
788 2096 966 2138 ingressus,
993 2096 1019 2128 si
1044 2095 1096 2128 SS.
1124 2096 1184 2128 Eu-

449 2149 621 2181 charistiae
647 2149 889 2181 Sacramentum
915 2149 1132 2192 sumpserint,

491 2201 561 2243 {3-
589 2201 632 2233 Ac
657 2212 742 2234 nunc
777 2207 807 2234 et
846 2213 905 2245 pro
940 2207 1085 2245 tempore
1119 2203 1185 2235 exi-

448 2254 604 2286 stentibus
625 2255 780 2288 dictarum
799 2255 1100 2288 confraternitatum
1115 2266 1185 2289 con-

449 2306 600 2339 fratribus
629 2308 768 2340 ubilibet
799 2307 1054 2347 decedentibus,
1086 2309 1184 2341 etiam

447 2370 522 2392 vere
547 2360 789 2403 poenitentibus
807 2366 838 2393 et
855 2361 1024 2402 confessis,
1043 2371 1079 2393 ac
1095 2364 1183 2394 sacra

447 2413 692 2452 communione,
718 2414 744 2445 si
777 2414 806 2446 id
835 2415 1002 2447 commode
1028 2413 1097 2447 sieri
1127 2425 1184 2457 po-

447 2465 536 2505 terit,
570 2466 713 2506 refectis,
737 2467 784 2499 vel
814 2467 929 2499 saltem
955 2467 1125 2506 contritis,
1150 2467 1183 2499 in

447 2528 558 2550 eorum
575 2518 686 2551 mortis
704 2519 836 2552 articulo
855 2529 974 2552 nomen
992 2520 1060 2552 Iesu
1075 2520 1183 2560 corde,

447 2571 472 2603 si
498 2581 553 2604 ore
571 2571 785 2614 nequiverint,
806 2573 918 2605 devote
936 2572 1181 2613 invocantibus,

445 2629 615 2667 praeterea
640 2624 718 2666 ipsis
743 2625 968 2665 confratribus,
995 2626 1092 2659 etiam
1108 2637 1183 2659 vere

446 2677 690 2725 poenitentibus
706 2682 736 2710 et
747 2677 912 2719 confessis,
924 2689 960 2711 ac
971 2679 1084 2712 eadem
1094 2681 1183 2712 sacra

1034 303 1213 326 artemisii
1238 304 1302 328 ROM
1311 305 1390 329 tNUM

1231 353 1457 385 communione
1467 355 1608 395 refectiS,
1621 357 1674 399 qui
1690 357 1827 400 aliquam
1837 357 1966 390 Ordinis

1230 405 1279 437 vel
1290 405 1589 440 confraternitatum
1601 408 1784 442 huiusmodi
1796 410 1964 443 ecclesiam

1231 466 1286 489 seu
1313 458 1488 491 oratorium
1517 460 1628 493 ultima
1658 461 1817 494 dominica
1843 463 1964 496 mensis

1230 508 1299 541 iulii
1318 521 1334 541 a
1352 510 1462 552 primis
1482 513 1624 554 vesperis
1639 524 1741 556 usque
1758 514 1796 546 ad
1816 525 1964 548 occasum

1231 562 1308 594 solis
1327 562 1390 595 diei
1403 564 1582 596 dominicae
1598 565 1781 598 huiusmodi
1796 566 1888 599 annis
1903 568 1964 599 sin-

1231 616 1313 657 gulis
1332 616 1446 649 devote
1457 618 1663 657 visitaverint,
1674 618 1766 661 quive
1781 620 1962 662 scapularii,

1231 679 1311 710 quae
1326 669 1460 712 singulis
1472 671 1645 711 mensibus,
1658 682 1692 703 ac
1706 672 1828 704 duabus
1841 672 1910 705 aliis
1918 683 1964 706 so-

1231 722 1392 755 lemnibus
1411 724 1685 766 processionibus,
1711 735 1843 767 quarum
1861 726 1964 768 prima

1232 778 1375 818 tempore
1412 776 1643 818 publicationis
1683 777 1847 810 missionis
1882 777 1965 810 reli-

1231 827 1394 869 giosorum
1412 829 1514 872 ipsius
1533 829 1661 862 Ordinis
1686 841 1746 873 pro
1766 830 1962 863 redimendis

1229 881 1368 923 captivis
1384 882 1484 914 altera
1496 892 1570 914 vero
1579 887 1652 925 post
1671 883 1857 915 eorumdem
1870 883 1964 926 capti-

1228 943 1339 965 vorum
1357 934 1611 976 redemptionem
1633 935 1671 967 de
1693 946 1782 968 more
1801 936 1964 968 celebran-

1230 990 1290 1026 tur,
1309 986 1423 1019 devote
1440 986 1654 1027 interfuerint,
1673 993 1704 1020 et
1720 988 1789 1030 pias
1809 989 1847 1021 ad
1866 989 1964 1021 Deum

1228 1048 1343 1081 preces
1358 1050 1416 1082 pro
1431 1045 1557 1071 sanctae
1579 1039 1687 1072 Matris
1705 1040 1866 1073 Ecclesiae
1881 1043 1950 1074 exal

1230 1092 1358 1132 tatione,
1385 1092 1467 1125 inter
1491 1093 1685 1125 christianos
1711 1093 1875 1136 principes
1895 1104 1965 1126 con-

1229 1145 1367 1178 cilianda
1391 1151 1422 1178 et
1447 1145 1582 1178 fovenda
1605 1156 1691 1188 pace,
1718 1146 1890 1178 haeresum
1915 1157 1967 1179 ex-

1229 1198 1418 1241 tirpatione,
1446 1198 1626 1231 infidelium
1662 1198 1893 1239 conversione,
1930 1209 1965 1232 ae

1228 1251 1363 1283 Romani
1389 1250 1553 1283 Pontificis
1571 1251 1676 1283 salute
1695 1250 1882 1291 effuderint,
1903 1262 1965 1294 qua

1230 1304 1390 1337 dominica
1415 1315 1470 1336 sen
1496 1303 1567 1336 aliis
1594 1303 1706 1336 diebus
1728 1303 1915 1337 huiusmodi
1933 1303 1966 1336 id

1228 1367 1286 1400 pro
1313 1362 1455 1400 tempore
1481 1357 1634 1395 fecerint;
1664 1356 1755 1399 quive
1787 1356 1825 1388 ad
1856 1362 1963 1399 partes

1228 1410 1417 1442 eorumdem
1443 1409 1622 1442 infidelium
1645 1420 1704 1452 pro
1730 1409 1859 1441 miseris
1885 1408 1966 1441 chri·

1227 1462 1420 1495 stifidelibus
1444 1462 1523 1494 inibi
1557 1463 1615 1494 sub
1650 1462 1768 1495 misero
1803 1460 1964 1494 servitutis

1227 1515 1302 1558 iugo
1329 1515 1584 1547 deservientibus
1609 1515 1806 1547 redimendis
1831 1525 1960 1557 progre-

1228 1569 1365 1608 dientur,
1392 1568 1415 1600 si
1443 1573 1514 1600 ante
1541 1568 1670 1600 illorum
1700 1568 1894 1607 discessum,
1929 1577 1965 1599 ac

1228 1627 1300 1665 post
1325 1622 1455 1654 illorum
1488 1621 1646 1661 reditum,
1679 1621 1718 1653 iis
1749 1631 1825 1653 vero
1859 1620 1913 1663 qui
1948 1631 1964 1653 e

1227 1675 1442 1707 barbarorum
1468 1674 1622 1706 servitute
1643 1673 1851 1713 redimentur,
1871 1673 1896 1705 si
1918 1673 1966 1705 in-

1228 1729 1275 1760 fra
1300 1738 1456 1767 mensem,
1474 1738 1490 1760 a
1509 1727 1558 1759 die
1578 1727 1706 1759 illorum
1730 1726 1965 1770 redemptionis

1228 1782 1493 1825 computandum,
1510 1781 1595 1813 idem
1611 1781 1662 1813 SS.
1677 1780 1896 1813 Eucharistiae
1911 1779 1964 1812 Sa-

1227 1840 1424 1868 cramentum
1450 1834 1659 1877 sumpserint,
1681 1839 1712 1866 et
1728 1838 1763 1865 ut
1779 1837 1966 1876 pi‘aesertur

1228 1887 1410 1921 oraverint:
1437 1887 1615 1930 plenariam
1640 1886 1783 1919 omnium
1808 1891 1962 1928 peccato-

1228 1952 1297 1973 rum
1322 1950 1454 1973 suorum
1479 1939 1715 1981 indulgentiam
1746 1944 1778 1971 et
1807 1938 1967 1971 remissio-

1228 2004 1313 2033 nem,
1329 1992 1507 2036 apostolica
1528 1992 1727 2031 auctoritate,
1750 1997 1858 2024 tenore
1873 2001 1966 2034 prae-

1227 2046 1375 2085 sentium,
1408 2044 1613 2077 concedimus
1639 2049 1670 2076 et
1702 2044 1888 2087 elargimur
1923 2045 1967 2076 Ac

1227 2099 1322 2132 etiam
1347 2099 1469 2131 eisdem
1494 2097 1709 2130 confratribus
1744 2097 1888 2130 habitum
1918 2097 1965 2129 di-

1227 2159 1349 2185 ctarum
1366 2150 1667 2184 confraternitatum
1686 2149 1920 2189 deferentibus,
1939 2148 1965 2181 si

1226 2216 1299 2238 vere
1325 2205 1531 2248 poenitentes
1557 2209 1588 2236 et
1613 2203 1770 2244 confessi,
1804 2203 1902 2235 semel
1931 2203 1965 2234 in

1226 2268 1337 2290 mense
1362 2257 1410 2289 vel
1429 2257 1461 2288 in
1477 2256 1603 2289 Domini
1622 2255 1725 2288 nostri
1743 2255 1815 2288 Iesu
1831 2255 1961 2295 Christi,

1227 2316 1281 2343 aut
1298 2309 1505 2343 Beatissimae
1522 2309 1662 2351 Virginis
1681 2308 1806 2345 Mariae,
1824 2309 1873 2341 vel
1887 2307 1965 2341 San-

1226 2369 1350 2396 ctorum
1368 2361 1469 2405 ipsius
1484 2361 1613 2394 Ordinis
1635 2361 1860 2394 festivitatibus
1876 2361 1963 2394 idem

1226 2415 1278 2448 SS.
1304 2415 1522 2448 Eucharistiae
1548 2414 1792 2447 Sacramentum
1820 2423 1964 2456 sumpse-

1226 2468 1302 2507 rint,
1322 2467 1416 2511 quive
1432 2467 1576 2510 quotidie
1589 2477 1648 2510 per
1665 2476 1784 2498 annum
1801 2466 1963 2508 integrum

1227 2527 1276 2554 ter
1294 2520 1475 2554 orationem
1493 2519 1696 2559 dominicam,
1714 2524 1746 2551 et
1764 2518 1858 2551 toties
1879 2518 1964 2551 salu-

1226 2574 1382 2606 tationem
1407 2573 1594 2616 angelicam,
1612 2572 1662 2604 vel
1683 2571 1861 2614 symbolum
1886 2581 1964 2614 apo-

1226 2628 1382 2659 stolorum
1407 2637 1465 2669 pro
1491 2624 1694 2668 impetranda
1716 2623 1907 2657 fortitudine
1927 2634 1963 2657 ac

1225 2678 1381 2722 patientia
1398 2678 1445 2718 iis,
1465 2678 1519 2721 qui
1537 2677 1623 2721 apud
1642 2676 1799 2709 barbaros
1821 2676 1966 2710 detinen-

1976 308 2023 334 An.
2041 307 2068 334 C.
2091 307 2159 334 1668
