2247 3208
101 213 151 241 An.
169 213 197 240 C.
219 213 287 241 1653

127 273 246 301 aspasiae.

136 2163 278 2191 Supplicatia,

886 210 1073 235 ALEXANDER
1095 211 1141 235 VH
1165 212 1212 235 FP.

345 261 359 305 ἓ
384 261 415 294 ’1.
449 261 572 305 Exponi
606 260 764 305 siquidem
800 260 893 293 nobis
931 270 1035 302 nuper
1069 259 1153 301 legio
1172 259 1210 301 <si
1231 258 1315 301 quod
1333 258 1364 290 in
1383 258 1446 291 illis
1467 257 1623 301 partibus,
1639 257 1688 289 vel
1707 265 1801 298 prae-

302 313 376 347 fecit
400 314 536 347 dilectus
572 314 656 347 silius
693 313 847 356 magister
872 312 1032 355 generalis
1069 311 1153 344 dicto
1179 312 1247 343 eius
1266 310 1375 343 Ordini
1397 311 1580 343 immediate
1599 318 1799 347 concessum,

301 366 430 399 Ordinis
456 367 727 406 Praedicatorum,
751 366 836 409 quod
863 366 893 398 in
919 365 1034 408 pleris-
1050 399 1051 402 Ἰ
1067 364 1117 396 vel
1143 374 1200 409 per
1224 363 1549 397 communicationem
1567 363 1606 394 ab
1632 362 1695 394 alio
1722 371 1801 404 quo-

301 429 362 461 que
388 419 464 451 dicti
497 419 625 452 Ordinis
652 418 826 461 provinciis
852 417 1031 455 lndiarum,
1050 407 1051 429 ¹
1068 427 1203 458 cumque
1235 416 1353 448 Ordine
1390 415 1614 458 participatum
1650 414 1798 455 liabetur)

299 480 366 503 non
392 471 462 503 sine
487 471 622 503 notabili
648 470 806 512 regularis
833 468 1033 510 disciplinae,
1068 469 1100 500 in
1124 469 1273 501 manibus
1290 468 1409 501 nostris
1430 467 1608 506 renunciet,
1630 467 1800 510 cupiatque

300 523 480 556 studiorum
499 530 531 556 et
551 523 729 556 communis
751 522 867 565 quietis
882 521 1033 563 pacisque
1050 516 1051 530 ¹
1068 526 1251 563 opportune
1269 531 1287 552 a
1307 519 1401 552 nobis
1426 519 1457 551 in
1484 519 1668 562 praemissis
1694 518 1801 562 provi-

301 576 507 615 detrimento,
527 577 640 608 fratres
654 575 796 607 eiusdem
814 573 942 606 Ordinis
963 582 1035 614 pas·
1050 566 1052 577 ⁶
1069 573 1136 605 deri
1161 578 1192 604 et
1214 578 1248 604 ut
1274 572 1355 604 infra
1379 571 1539 613 indulgeri
1558 582 1565 603 :

300 629 361 661 sim
386 634 459 661 ante
484 629 660 674 legitimam
687 632 823 659 aetatem
849 637 866 658 a
890 611 1052 668 Concilio!
1112 625 1170 667 §4
1187 625 1250 657 Nos
1269 624 1386 667 (ipsum
1404 624 1594 666 magistrum
1617 625 1800 666 generalem

300 681 491 714 Tridentino
506 680 739 724 praescriptam
757 679 926 710 mittuntur
941 683 972 709 et
985 677 1035 709 ad·
1050 672 1052 683 ’
1068 678 1261 719 specialibus
1283 677 1446 723 'favoribus
1465 683 1495 709 et
1520 676 1630 718 gratiis
1651 677 1802 720 prosequi

300 734 474 767 mittuntur
493 734 531 766 ad
552 732 690 765 maiores
709 731 840 764 ordines
864 729 1232 789 suscipien-lvolentes,
1259 734 1291 762 et
1316 740 1332 762 a
1358 730 1521 772 quibusvis
1546 729 1803 762 excommunica-

302 787 360 820 dos
377 813 384 826 ‚
409 796 447 818 eo
479 786 564 828 quod
588 785 804 827 praetendant
828 784 942 816 adesse
968 782 1034 815 illic
1069 782 1176 820 tionis,
1204 782 1423 825 suspensionis
1448 787 1479 814 et
1502 781 1687 819 interdicti,
1719 782 1803 814 aliis-

300 838 506 882 privilegium
521 837 658 881 speciale
674 835 931 879 desuperOrdini
947 845 1036 878 prae·
1051 819 1053 859 Ι
1070 845 1130 877 que
1157 833 1379 867 ecclesiasticis
1406 835 1582 873 sententiis,
1611 835 1751 866 censuris
1773 839 1804 866 et

301 891 402 931 dicto,
422 896 477 923 aut
503 890 594 923 alteri
613 889 764 931 religioni
782 899 852 920 cum
873 899 934 931 qua
950 887 1034 920 Ordo
1051 877 1053 904 ἶ
1070 887 1184 930 poenis
1200 914 1207 927 ,
1235 898 1252 919 a
1283 887 1351 919 iure
1376 888 1423 920 vel
1449 888 1488 919 ab
1514 887 1668 925 homine,
1695 887 1803 929 quavis

300 945 370 987 ipse
395 945 428 976 in
452 943 630 987 privilegiis
657 942 883 982 communicat,
910 952 926 974 a
955 941 1035 973 Sede
1052 934 1053 954 l
1071 942 1240 974 occasione
1264 941 1313 973 vel
1331 943 1425 972 causa
1446 940 1528 979 latis,
1552 940 1576 972 si
1597 940 1710 983 quibus
1727 949 1804 982 quo-

302 994 489 1038 Apostolica
513 994 671 1026 indultum
697 993 781 1025 cirea
809 992 914 1035 prima
938 992 1037 1024 dicta·
1070 993 1252 1026 modolil)et
1269 993 1441 1025 innodatus
1459 992 1574 1031 existit,
1593 993 1630 1025 ad
1657 991 1803 1024 ellectum

300 1058 372 1080 rum
390 1047 628 1091 provinciarum
650 1052 680 1079 et
712 1046 955 1078 conversionum
982 1044 1037 1076 ini-
1052 1034 1054 1054 ¹
1071 1047 1288 1089 praesentium
1320 1047 1482 1079 dumtaxat
1517 1045 1778 1088 consequendum
1794 1072 1801 1085 ,

303 1101 356 1141 tia,
375 1100 440 1133 sive
466 1100 552 1143 quod
577 1099 698 1132 ibidem
724 1098 867 1142 episcopi
887 1104 917 1130 et
937 1098 1037 1130 archi·
1054 1133 1055 1147 ¹
1073 1100 1187 1131 harum
1223 1099 1305 1131 serie
1341 1099 1542 1131 absolventes
1567 1103 1598 1130 et
1622 1099 1804 1131 absolutum

303 1152 448 1196 episcopi
473 1163 510 1184 ex
536 1152 710 1184 novissima
742 1152 879 1194 quadam
913 1161 1055 1183 conces,

304 1206 396 1238 sione
421 1206 600 1248 apostolica
620 1206 661 1238 ob
683 1205 850 1247 penuriam
877 1203 1038 1247 operario-

303 1269 375 1291 rum
401 1259 543 1291 habeant
566 1263 619 1290 aut
643 1258 765 1290 habere
794 1262 949 1300 putentur
973 1268 1056 1291 amn¹

302 1312 389 1355 plam
415 1313 452 1343 ea
476 1311 509 1343 in
533 1321 567 1343 re
593 1310 795 1349 facultatem,

347 1364 418 1408 52.
453 1365 497 1397 Ac
524 1364 655 1407 insuper
687 1364 720 1395 in
752 1363 874 1396 eisdem
907 1363 1038 1406 provin-

304 1417 361 1450 ciis
378 1417 499 1460 passim
522 1416 651 1459 irrepsit
675 1417 791 1448 abusus
813 1415 1039 1452 intolerabilis,

305 1480 369 1514 quo
395 1469 509 1502 fratres
541 1468 687 1502 conversi
719 1479 774 1501 seu
806 1468 878 1501 laici
914 1473 981 1500 arte
1005 1478 1039 1500 ac

305 1522 441 1555 solertia
472 1521 654 1554 clericalem
688 1520 858 1562 religionis
895 1520 1058 1552 liabitun11

305 1585 479 1617 sacrosque
505 1573 637 1606 ordines
663 1574 783 1616 absque
820 1572 962 1615 legitima
992 1584 1042 1605 su-

304 1627 469 1671 periorum
485 1627 559 1660 dicti
581 1627 709 1660 Ordinis
734 1626 950 1670 permissione
976 1637 1042 1658 sus-

305 1681 415 1724 cipere
440 1691 506 1714 non
530 1685 702 1720 verentur,
731 1680 805 1712 dum
830 1680 979 1712 videlicet
1003 1680 1041 1712 de

305 1735 369 1765 una
392 1734 426 1765 in
458 1733 553 1765 aliam
589 1732 788 1775 provinciam
825 1737 1043 1765 commeantes

307 1797 377 1819 sese
402 1797 478 1819 mox
500 1785 633 1818 clericos
659 1786 825 1828 professos
842 1785 976 1827 tingunt,
997 1795 1040 1823 ae,

308 1838 484 1870 falsificatis
511 1837 780 1870 dimissorialibus
802 1837 929 1874 litteris,
947 1847 979 1869 se
1001 1837 1043 1870 os-

309 1891 416 1924 serunt
449 1890 611 1933 episcopis
636 1890 834 1929 initiandos,
859 1890 984 1922 tametsi
1010 1890 1043 1921 in

307 1942 475 1985 praedicto
508 1942 625 1974 Ordine
651 1941 911 1974 Praedicatorum
936 1941 1042 1974 omnis

309 2005 541 2028 conversorum
566 1994 721 2026 transitus
747 1994 786 2026 ad
812 1994 956 2026 habitum
986 1995 1045 2030 cle-

308 2048 442 2081 ricalem
468 2047 508 2079 sit
528 2047 653 2089 legibus
672 2046 981 2089 quamseverissimis
999 2046 1045 2078 in-

310 2100 473 2133 terdictus.

355 2155 369 2197 g
394 2152 425 2186 3.
453 2152 530 2185 Cum
554 2157 659 2185 autem
685 2151 765 2184 sicut
789 2151 901 2184 eadem
922 2151 1062 2194 expos-io

311 2207 356 2239 tio
382 2206 614 2248 subiungebat,
643 2205 746 2237 dictus
771 2205 924 2246 magister
949 2200 1046 2247 gene'-

313 2260 390 2292 ralis
417 2263 570 2301 agnoscat
587 2268 622 2290 ac
639 2258 862 2300 deprehendat
886 2258 953 2289 sore
977 2258 1063 2301 plu-3

312 2313 430 2345 rimum
455 2322 471 2343 e
496 2321 530 2343 re
556 2309 653 2343 divini
686 2309 852 2352 obsequii,
878 2309 1064 2352 cultusque*

313 2375 350 2398 ac
375 2363 552 2402 decentiae,
583 2372 709 2394 necnon
734 2362 915 2394 claustralis
942 2362 1048 2394 obser-

312 2417 438 2450 vantiae
464 2422 495 2449 et
520 2415 665 2447 arctioris
689 2414 900 2453 educationis,
921 2414 945 2445 si
970 2414 1048 2445 vali-

1073 1153 1141 1185 sore
1178 1157 1370 1190 censentes,
1413 1151 1701 1194 supplicationibus
1737 1150 1804 1183 cius

1072 1203 1203 1236 nomine
1228 1204 1321 1236 nobis
1339 1213 1434 1246 super
1459 1203 1521 1235 hoc
1548 1203 1712 1235 humiliter
1736 1213 1805 1245 por-

1073 1256 1169 1288 rectis
1194 1255 1350 1293 inclinati,
1369 1255 1549 1297 dictamque
1575 1255 1733 1297 privilegii
1762 1265 1805 1287 re-

1073 1309 1324 1345 nunciationem,
1344 1309 1383 1340 ab
1405 1309 1518 1340 eodem
1544 1308 1697 1349 wagistro
1715 1318 1806 1350 gene-

1074 1362 1133 1394 rali
1160 1361 1274 1394 factam
1299 1367 1331 1393 ut
1357 1362 1558 1403 praefertur,
1584 1361 1697 1392 harum
1723 1360 1805 1393 serie

1075 1414 1279 1447 admittentes
1306 1420 1337 1446 et
1362 1414 1575 1456 acceptantes)
1591 1413 1677 1456 quod
1695 1414 1733 1445 de
1759 1423 1808 1445 ce-

1075 1472 1164 1505 tero,
1190 1477 1255 1499 non
1282 1467 1387 1498 minus
1412 1466 1444 1498 in
1469 1466 1660 1508 supradictis
1684 1466 1808 1509 provin-

1075 1519 1131 1551 ciis
1155 1518 1327 1557 Indiarum,
1347 1529 1440 1561 quam
1457 1518 1487 1550 in
1502 1518 1638 1560 Europa,
1652 1519 1807 1561 praedicti

1075 1571 1202 1603 Ordinis
1216 1571 1475 1603 Praedicatorum
1492 1571 1654 1613 regulares
1669 1571 1808 1603 universi

1076 1634 1111 1656 ac
1131 1624 1259 1666 singuli,
1286 1624 1471 1667 priusquam
1493 1625 1531 1656 ad
1557 1634 1664 1656 sacros
1683 1623 1809 1656 subdia-

1076 1682 1219 1715 conatus,
1238 1676 1425 1708 diaconatus
1450 1681 1481 1708 et
1505 1676 1744 1718 presbyteratus
1763 1685 1809 1708 or-

1077 1729 1169 1761 dines
1194 1730 1384 1769 aseendant,
1409 1734 1562 1767 aetatem,
1589 1729 1627 1761 ad
1654 1729 1733 1761 tales
1758 1739 1809 1760 or-

1078 1782 1168 1814 dines
1193 1782 1414 1824 suscipiendos
1441 1792 1498 1824 per
1523 1782 1649 1813 decreta
1674 1780 1809 1813 Concilii

1077 1835 1253 1867 Tridentini
1282 1834 1436 1877 praedicti
1469 1835 1645 1877 respective
1675 1834 1810 1877 requisi-

1079 1894 1162 1927 tam,
1194 1888 1327 1920 omnino
1360 1888 1538 1929 explevisse
1564 1888 1723 1925 debeant,
1749 1887 1810 1918 nisi

1078 1951 1148 1972 cum
1185 1940 1345 1983 aliquibus
1381 1940 1571 1972 nominatim
1608 1945 1639 1971 et
1673 1940 1705 1971 in
1738 1950 1812 1972 casu

1078 1992 1231 2035 singulari
1257 2003 1314 2035 per
1338 1993 1461 2025 litteras
1486 1992 1680 2035 apostolicas
1705 1993 1738 2024 in
1770 1993 1812 2024 si—

1079 2045 1146 2077 mili
1172 2045 1275 2077 sorma
1299 2045 1408 2077 Brevis
1445 2045 1540 2076 toties
1566 2045 1693 2087 quoties
1718 2045 1812 2077 inter·

1078 2098 1267 2141 pretandas¹
1286 2103 1317 2130 et
1334 2097 1513 2130 ordinatori
1538 2097 1736 2130 exhibendas
1762 2108 1812 2129 su-

1080 2162 1137 2194 per
1162 2151 1345 2183 huiusmodi
1372 2151 1483 2182 aetatis
1510 2151 1633 2183 defectu
1658 2161 1717 2183 can
1743 2151 1812 2183 nice

1080 2205 1298 2247 dispensatum
1329 2203 1424 2235 suerit
1441 2230 1448 2243 ,
1483 2204 1755 2246 quemadmodum
1781 2204 1814 2236 tit

1080 2257 1112 2288 in
1137 2256 1285 2299 Europa,
1313 2256 1462 2299 quodque
1490 2257 1665 2296 facultates,
1686 2256 1711 2288 si
1733 2266 1813 2299 quae

1080 2309 1143 2340 iam
1170 2308 1260 2340 datae
1292 2309 1356 2340 sint
1390 2308 1455 2340 sive
1481 2308 1512 2340 in
1545 2314 1711 2351 posterum
1739 2309 1815 2340 den-

1083 2366 1132 2392 tur
1157 2361 1283 2393 illarum
1319 2361 1489 2403 regionum
1520 2361 1680 2404 episcopis
1711 2367 1741 2393 et
1765 2372 1815 2393 ar-

1082 2413 1297 2456 chiepiscopis
1315 2414 1502 2445 conserendi
1524 2414 1663 2446 maiores
1684 2414 1814 2446 ordines

316 2471 390 2504 dum
424 2470 574 2502 adversus
611 2466 794 2499 huiusmodi
827 2472 1046 2508 praematuras
1063 2465 1266 2506 ,huiusmodi
1293 2472 1365 2498 ante
1391 2466 1566 2508 legitimam
1593 2472 1745 2508 aetatem,
1775 2467 1814 2499 ad

315 2523 540 2556 ordinationes
571 2519 750 2553 remedium
777 2520 984 2551 admoveatur
1016 2524 1047 2551 et

316 2575 451 2619 proinde
484 2574 708 2617 qualieunnpug¹
743 2572 923 2603 liuiusmmli
952 2572 1064 2615 prbi-2

1119 2582 1126 2606 1
1147 2581 1238 2607 Potius
1255 2580 1312 2615 lege
1328 2581 1526 2615 impetrandas
1543 2582 1578 2615 (a.
1591 2581 1637 2615 T.).

1701 197 1766 231 ¹173
1812 205 1862 232 An.
1877 205 1905 232 c.
1927 205 1995 233 1663

1851 633 1964 654 Confirmat
1980 637 2002 655 nt

1817 661 1837 680 in
1852 661 1946 682 rubrica.
