2247 3208
187 213 237 239 An.
259 212 290 239 C.
312 214 378 240 ¹668

214 1172 326 1192 Deci-etum
343 1179 368 1192 u·-

186 1199 252 1219 ritans
268 1201 286 1218 et
311 1199 368 1219 clau-

187 1226 233 1245 suta
247 1225 333 1246 sublata.

218 2225 375 2247 Contrariorum

188 2251 276 2277 derogat
283 2259 310 2271 ιι».

1009 216 1151 239 CLEMENS
1176 217 1204 239 tx
1231 217 1277 240 Pr.

384 266 468 294 taxat
493 262 778 305 consequendum,
806 263 920 295 barum
950 263 1035 295 serie
1066 264 1121 296 ab·

382 315 548 347 solventes
579 320 608 347 et
635 316 801 348 absolutas
828 317 896 349 sore
922 321 1119 356 censentes,

382 378 418 400 ac
434 367 535 400 dictae
552 367 711 410 epistolae
731 373 876 402 tenorem
894 369 1120 412 praesentibus

381 430 441 464 pro
467 421 565 463 plene
602 425 633 453 et
663 420 860 454 sufficienter
894 421 1056 464 expressis
1090 426 1122 453 et

382 478 414 505 ct
431 472 576 506 insertis¹
595 474 765 513 habentes,
789 474 977 506 huiusmodi
997 473 1121 516 suppli-

382 526 563 558 cationibus
590 526 744 566 inclinati,
768 531 1014 570 praenarratam
1032 536 1121 558 reso-

384 575 549 615 lutionem,
569 576 655 618 quod
674 575 798 608 scilicet
815 586 931 607 munus
958 580 1120 618 protecto-

384 628 427 660 ris
461 630 628 671 cappellae
653 628 876 672 supradictae,
903 628 935 660 in
964 638 1120 660 concursu

383 681 459 713 dicti
484 681 618 724 Virginii
644 680 826 719 cardinalis,
847 681 884 713 ad
904 685 1120 713 memoratum

384 734 536 766 loannem
551 733 727 776 Baptistam
742 733 938 765 cardinalem
958 738 1121 776 tamquam

383 797 419 819 ex
446 786 631 829 supradicta
656 786 822 828 provincia
840 786 998 819 Mareliiae
1017 787 1121 818 Anco-

384 840 512 873 nitanae
531 839 703 872 oriundum
717 844 887 882 spectaret,
902 850 918 872 a
933 839 1120 882 particulari

382 892 635 935 congregatione
673 892 818 935 praefata
855 897 1058 932 emanatam,
1087 897 1121 923 ut

381 945 574 989 praefertur,
590 945 780 978 auctoritate
799 946 989 988 apostolica,
1006 950 1119 978 tenore

381 999 616 1042 praesentium,
645 999 866 1042 approbamus
892 1004 923 1030 et
949 999 1121 1031 confirma-

382 1063 460 1091 nius,
484 1052 596 1095 illique
623 1051 819 1084 inviolabilis
847 1051 1043 1094 apostolicae
1069 1050 1121 1083 tir-

382 1105 500 1137 mitatis
525 1105 624 1137 robur
649 1104 829 1137 adiicinius.

426 1160 440 1201 g
465 1158 496 1190 4.
524 1158 743 1190 Decernentes
774 1158 904 1190 easdem
934 1163 1121 1201 praesentes

383 1212 505 1245 litteras
530 1222 659 1254 semper
684 1210 812 1251 sirmas,
840 1211 962 1244 validas
993 1216 1024 1243 et
1055 1211 1122 1244 cffi-

381 1276 472 1298 caccs
509 1265 647 1297 existere
675 1269 706 1297 et
731 1264 818 1303 fore,
847 1275 987 1307 suosque
1014 1265 1122 1307 plena-

382 1319 446 1351 rios
473 1322 504 1350 et
530 1317 674 1359 integros
700 1316 831 1349 effectus
857 1317 964 1349 sortiri
990 1322 1019 1348 et
1039 1317 1138 1349 obti-,

381 1381 469 1409 nere,
495 1381 532 1402 ac
556 1370 636 1408 illis,
663 1370 701 1402 ad
729 1380 809 1413 quos
842 1375 967 1412 spectat
998 1374 1030 1402 et
1060 1380 1119 1413 pro

382 1429 527 1466 tempore
561 1423 830 1466 quandocumque
871 1423 1049 1466 spectabit,
1088 1424 1120 1456 in

383 1476 534 1508 omnibus
562 1481 593 1508 et
617 1486 676 1518 per
701 1476 807 1508 omnia
841 1476 1028 1519 plenissime
1059 1477 1121 1508 sus-

380 1529 512 1571 fragari,
529 1529 639 1572 sicque
656 1534 687 1562 et
698 1539 762 1561 non
781 1529 917 1562 aliterin
932 1529 1120 1572 praemissis

381 1593 440 1625 per
464 1592 686 1625 quoscumque
720 1582 846 1615 iudices
878 1583 1060 1615 ordinarios
1089 1588 1121 1615 et

382 1636 562 1677 delegatos,
597 1635 694 1668 etiam
718 1645 885 1667 causarum
912 1635 1021 1678 palatii
1047 1646 1120 1678 apo-

382 1688 487 1721 stolici
516 1687 692 1727 auditores,
725 1698 760 1720 ac
787 1688 933 1720 eiusdem
958 1688 989 1721 S.
1018 1688 1054 1720 R.
1082 1689 1116 1721 E.

381 1741 577 1780 cardinales,
604 1741 701 1773 etiam
727 1741 766 1773 de
787 1742 887 1773 latere
914 1742 1060 1784 legatos,
1089 1747 1120 1774 et

381 1794 459 1827 alios
485 1793 649 1837 quoslibet
673 1804 874 1837 quacumque
892 1795 1119 1837 praeeminen-

383 1847 424 1879 tia
449 1852 480 1879 et
504 1851 666 1890 potestate
692 1846 864 1889 fungentes
885 1852 916 1879 et
939 1848 1116 1887 func-turos,

381 1900 505 1932 sublata
530 1899 576 1932 eis
601 1904 633 1932 et
653 1910 766 1932 eorum
785 1900 917 1933 cuilibet
938 1900 1048 1943 quavis
1065 1902 1120 1934 ali-

382 1957 430 1985 ter
454 1952 618 1984 iudicandi
644 1957 676 1984 et
704 1952 939 1994 interpretandi
971 1954 1118 1986 facultate

383 2011 414 2038 et.
428 2005 631 2045 anctoritate,
647 2005 780 2037 iudicari
797 2010 828 2037 et
841 2005 968 2038 definiri
983 2006 1116 2045 debere,

383 2070 419 2091 ae
438 2058 563 2090 irritum
590 2063 622 2090 et
646 2058 741 2090 inane
763 2058 787 2090 si
805 2069 896 2090 secus
918 2069 1015 2102 super
1033 2058 1083 2090 his
1103 2069 1120 2091 a

385 2122 547 2154 quoquam
564 2139 571 2151 ‚
596 2111 707 2154 quavis
735 2111 946 2149 auctoritate,
979 2111 1121 2144 scienter

384 2165 435 2197 vel
465 2164 671 2206 ignoranter,
698 2164 873 2206 contigerit
898 2164 1062 2197 attentari.

428 2217 490 2260 §5
510 2216 580 2249 Non
606 2217 808 2250 obstantibus
835 2217 1121 2250 constitutionibus

385 2274 417 2302 et
441 2270 700 2303 ordinationibus
722 2270 919 2314 apostolicis,
940 2271 1120 2314 ceterisque

384 2323 555 2356 contrariis
581 2324 850 2366 quibuscumque.

427 2375 541 2408 Datum
567 2375 700 2416 Romae,
729 2376 813 2418 apud
839 2375 869 2408 S.
894 2376 1034 2415 Petrum,
1061 2377 1120 2409 sub

383 2429 505 2461 annulo
521 2428 768 2469 Piscatoris‚die
786 2439 843 2462 xxv
854 2429 927 2462 maii
943 2439 1120 2469 noemin,

383 2481 589 2526 pontificatus
616 2481 719 2514 nostri
744 2492 829 2514 anno
856 2493 878 2515 1.

420 2536 476 2562 Dat.
493 2535 536 2562 die
552 2536 586 2562 25
601 2535 663 2562 maii
686 2535 765 2570 1668,
781 2535 877 2570 pontif.
895 2543 964 2563 anno
983 2541 1000 2563 Ι.

421 2599 432 2624 1
454 2597 516 2624 Edit
547 2597 625 2624 Main.
647 2597 711 2632 legit
730 2597 837 2624 inserto
857 2600 894 2631 (n.
908 2598 957 2632 T.).

473 2651 550 2681 Ruit.
574 2651 655 2677 Rern.
672 2666 704 2670 —
725 2651 785 2677 Vol.
801 2651 891 2680 XVII.
1040 2650 1075 2678 85

1490 266 1580 298 LXII.

1173 335 1383 376 Confirmatio
1423 336 1531 369 Brevis
1566 336 1717 379 Greqorii
1749 337 1831 372 XV,
1870 338 1908 369 ab

1214 388 1342 421 Urbano
1384 389 1464 422 VIII
1492 389 1693 430 confirmati,
1731 399 1789 432 per
1821 390 1908 432 quod
1947 414 1957 424 .

1211 440 1369 483 hospitali
1403 442 1440 473 Β.
1479 442 1603 473 Mariae
1636 442 1907 474 Tlieulonicorum

1177 516 1180 519 Δ
1210 503 1355 525 concessa
1379 495 1511 536 fuerunt
1537 495 1712 536 prz'rt'leyia
1734 495 1906 537 hospitalis

1210 545 1242 578 S.
1270 545 1408 578 Ioannis
1434 547 1728 589 Hierosolymilani
1744 546 1762 577 ¹.

1386 625 1518 652 Clemens
1539 626 1619 659 Papa
1639 627 1685 657 lx,

1285 669 1320 696 ad
1341 672 1518 703 perpetuam
1538 670 1583 696 rei
1604 670 1793 698 memoriam„

1210 739 1257 771 Ad
1282 739 1444 782 pastorale
1482 739 1642 781 fastigium
1671 741 1794 773 meritis
1832 742 1906 774 licet

1164 791 1342 835 imparibus
1373 791 1479 824 divina
1497 792 1708 835 dispositione
1723 794 1835 835 evecti⁷
1855 798 1902 834 ea,

1165 855 1248 886 quae
1274 844 1313 877 de
1347 844 1565 877 Romanorum
1599 845 1790 878 Pontificum
1818 857 1904 889 prae-

1165 897 1373 930 decessorum
1410 902 1596 930 nostrorum
1632 903 1663 929 et
1698 899 1903 941 Apostolicae

1166 949 1257 982 Sedis
1282 950 1482 993 benignitate
1500 951 1531 982 in
1551 948 1692 983 saxiorem
1716 950 1906 983 militiarui‘n

1165 1008 1196 1035 et
1210 1003 1419 1046 hospitalium
1439 1013 1725 1046 quorumcumque,
1745 1004 1783 1035 ad
1803 1003 1906 1036 omni-

1164 1056 1309 1099 potentis
1334 1056 1391 1088 Dei
1417 1056 1564 1098 gloriam,
1593 1056 1755 1089 Ecclesiae
1780 1057 1906 1100 praesi-

1165 1109 1266 1153 dium,
1292 1109 1553 1152 christianaeque
1578 1109 1746 1152 religionis
1774 1115 1805 1142 et
1829 1110 1905 1142 fidei

1165 1163 1345 1196 catholicae
1371 1163 1542 1196 tuitionem
1568 1168 1600 1196 et
1621 1163 1903 1206 propagationem,

1165 1216 1216 1259 pie
1243 1216 1481 1259 salubriterque
1507 1222 1688 1249 erectorum
1719 1221 1750 1249 et
1777 1216 1905 1248 institu-

1165 1274 1281 1308 torum,
1308 1280 1343 1300 ac
1368 1279 1580 1312 personarum
1605 1269 1639 1301 in
1663 1269 1710 1301 eis
1738 1268 1903 1301 Altissimo

1165 1320 1408 1361 famulantium,
1445 1325 1702 1363 processerunt,
1735 1320 1905 1364 apostolici

1164 1374 1351 1408 muniminis
1381 1374 1483 1406 nostri
1515 1373 1706 1416 patrocinio,
1731 1384 1803 1405 cum
1832 1373 1861 1405 id
1888 1384 1903 1405 a

1165 1429 1258 1461 nobis
1286 1428 1417 1470 petitur,
1443 1427 1584 1460 libenter
1610 1426 1869 1460 constabilimus.

1207 1481 1221 1523 g
1250 1481 1276 1512 1.
1304 1480 1428 1512 Dudum
1455 1479 1616 1523 siquidem
1636 1479 1735 1512 felicis
1755 1480 1902 1512 recorda·
1940 1489 2096 1514 oram-imxv

1164 1533 1258 1566 tionis
1283 1532 1458 1575 Gregorius
1483 1532 1568 1575 Papa
1592 1532 1643 1564 XV
1668 1532 1902 1575 praedecessor
1912 1519 2096 1590 {{{·i1i“c‘}im¹ii'iii

1861 1584 1866 1589 .
1955 1576 1961 1589 l'
2002 1584 2006 1589 »

1163 1591 1274 1618 noster
1300 1585 1407 1618 omnia
1432 1590 1463 1617 et
1488 1585 1616 1627 singula
1641 1585 1828 1628 privilegia,
1859 1595 1902 1617 tn-

1163 1640 1264 1678 dulta,
1291 1639 1472 1677 facultates,
1493 1637 1728 1680 exemptiones,
1756 1637 1902 1670 immuni-

1164 1697 1257 1731 tates,
1279 1691 1445 1724 libertates
1471 1695 1503 1723 et
1528 1690 1656 1733 gratias,
1683 1695 1748 1722 tam
1772 1700 1829 1733 per
1855 1701 1898 1729 se,

1162 1745 1341 1787 sedemque
1368 1743 1607 1787 Apostolicam,
1642 1754 1739 1787 quam
1768 1754 1827 1786 per
1852 1754 1901 1776 rc-

1162 1798 1319 1831 colendae
1345 1797 1519 1830 memoriae
1539 1797 1678 1829 Leonem
1697 1797 1733 1836 X,
1761 1796 1901 1829 Clemen-

1163 1858 1226 1884 tem
1243 1851 1302 1890 VII,
1329 1851 1463 1882 Paulum
1491 1849 1538 1890 Ill,
1567 1849 1656 1882 Pium
1681 1849 1726 1889 IV,
1753 1849 1841 1882 Piu2u
1868 1850 1899 1889 V,

1162 1904 1354 1946 tlregorium
1365 1903 1442 1942 XIII,
1455 1902 1577 1936 Sixtum
1586 1902 1814 1945 {Gregorium
1826 1903 1899 1942 XIV,

1162 1957 1360 1990 Clementem
1386 1956 1449 1988 VIII
1474 1961 1506 1988 et
1530 1956 1662 1988 Paulum
1678 1956 1712 1995 V,
1737 1955 1901 1989 Romanos

1163 2009 1334 2042 Pontifices
1367 2008 1516 2041 similiter
1550 2009 1822 2051 praedecessores
1847 2019 1902 2041 no-

1163 2068 1263 2101 stros,
1290 2061 1417 2094 dilectis
1447 2060 1520 2094 siliis
1545 2072 1662 2104 magno
1688 2061 1843 2104 magistro
1870 2066 1902 2094 et

1163 2115 1337 2147 conventui
1365 2114 1534 2157 hospitalis
1552 2113 1583 2146 S.
1603 2113 1730 2146 Ioannis
1748 2114 1902 2147 Hieroso-

1163 2167 1320 2211 lymitani‚
1348 2167 1501 2210 illiusque
1527 2166 1708 2210 prioribus,
1735 2167 1899 2206 baiulivis,

1163 2220 1447 2265 praeceptoribus,
1473 2219 1769 2261 commendatariis,
1796 2221 1901 2253 fratri-

1162 2275 1221 2307 bus
1245 2273 1412 2313 militibus,
1431 2272 1577 2313 subditis,
1595 2274 1747 2313 vassallis,
1775 2274 1900 2307 colonis

1164 2332 1196 2360 et
1219 2326 1417 2370 presbyteris
1455 2336 1564 2359 curam
1599 2326 1778 2359 animarum
1812 2337 1902 2360 exer-

1165 2379 1312 2413 centibus
1337 2389 1490 2411 conecssa
1519 2383 1551 2411 et
1574 2379 1754 2422 respective
1787 2379 1901 2412 confir-

1164 2436 1269 2471 mata,
1307 2431 1462 2474 hospitali
1500 2431 1613 2464 domus
1643 2432 1758 2465 Beatae
1784 2432 1900 2465 Mariae

1164 2484 1449 2524 Tlieutonicorurn,
1470 2484 1603 2528 eiusque
1630 2485 1794 2528 magistro,
1816 2485 1901 2528 prio-

1183 2599 1212 2642 ¹1
1230 2597 1267 2625 Ex
1287 2597 1394 2634 Regest.
1411 2598 1437 2625 in
1452 2598 1553 2626 Secret.
1569 2598 1648 2626 Brev.

1810 210 1874 242 0713
1921 219 1968 245 An.
1988 220 2017 246 c.
2037 220 2102 246 scos

1941 753 2089 781 Prooemiuitn
