2247 3208
140 217 194 244 An.
212 215 239 243 C.
264 217 330 244 1668

162 909 177 929 .,

169 916 192 931 λη

138 942 145 956 ..

154 941 176 961 οἷ

179 944 189 955 ι

193 913 214 956 ΓΞ

220 909 281 930 rania
290 909 323 929 ds·

962 219 1105 244 crinitENs
1130 220 1160 244 tx
1185 221 1232 244 1³1³.

334 270 370 297 ut
386 265 578 309 praefertur,
594 267 762 300 taxandam
782 267 935 300 remediis
954 278 1073 311 oppor-

336 319 421 351 tunis
439 329 498 362 per
515 321 655 363 aliquem
675 332 731 354 seu
749 321 875 364 aliquos
892 332 910 354 a
928 326 957 353 te
974 321 1074 364 depu-

335 372 466 404 tandum
481 383 537 405 seu
553 373 757 416 deputandos
772 374 865 416 exigi,
880 379 912 406 et
927 379 1071 406 exactam

334 434 393 466 pro
408 425 549 459 subsidio
564 431 598 458 nt
612 436 710 470 supra
723 427 773 459 eui
788 437 846 459 seu
862 428 977 470 quibus
991 436 1072 469 opus

336 477 431 510 suerit
456 478 643 521 consignari
669 491 760 512 cures
785 492 821 513 ac
847 480 1000 519 l'acias‚et
1025 481 1072 512 in-

335 541 439 573 super,
455 541 513 574 pro
528 531 665 565 faciliori
682 533 867 566 huiusmodi
883 532 1008 575 negocii
1024 543 1072 565 ex-

334 583 510 625 peditione,
537 585 595 617 tibi
624 596 724 618 unum
755 596 810 618 seu
839 587 948 628 plures
974 595 1072 628 super

335 637 559 679 recognitione
586 639 848 681 praemissorum,
874 648 937 670 non
964 643 1071 670 tamen

334 690 438 732 quoad
475 696 577 723 taxain
608 691 801 734 praefatam,
832 701 927 733 quam
952 701 1010 733 per
1042 696 1070 723 te

334 743 439 785 ipsum
456 749 491 775 ut
508 754 604 786 supra
629 743 698 776 sieri
717 744 872 783 volumus,
893 743 1071 786 deputandi

336 800 368 828 et
391 796 603 829 substituendi
631 796 804 837 licentiam,
834 796 1014 829 facultatem
1041 801 1073 829 et

337 848 559 881 auctoritatem
577 849 784 882 concedimus
803 855 834 882 ct
856 849 1068 892 impartimur.

380 900 434 944 39.
453 900 522 934 Non
541 901 746 934 obstantibus
762 901 1072 944 praemissisconsti-

337 954 514 986 tutionibus
530 959 562 986 ct
585 954 845 987 ordinationibus
872 955 1070 997 apostolicis,

335 1017 462 1040 necnon
477 1007 662 1050 quarumvis
674 1008 881 1040 ecclesiarum
893 1010 941 1041 vel
952 1019 1073 1042 monas—

335 1060 490 1093 teriorum
501 1065 532 1093 et
547 1060 745 1103 regularium
763 1061 918 1101 locorum,
931 1067 984 1093 aut
998 1072 1074 1094 con-

334 1113 559 1155 gregationum
583 1124 637 1145 seu
672 1113 868 1153 militiarum,
902 1114 997 1146 etiam
1026 1115 1074 1146 iu-

333 1170 503 1206 ramento,
531 1165 778 1198 confirmatione
812 1167 999 1209 apostoliea,
1024 1168 1072 1199 vel

334 1218 444 1261 quavis
477 1218 628 1251 firmitate
654 1219 716 1250 alia
741 1219 921 1257 roboratis,
949 1219 1073 1251 statutis

334 1275 365 1302 ct
390 1270 699 1306 consuetudinibus.
727 1270 906 1313 privilegiis
932 1281 1072 1314 qufu‘luc,

333 1323 466 1356 indultis
497 1328 529 1355 ct
560 1323 676 1356 litteris
711 1323 920 1366 apostolicis,
952 1324 1073 1356 eisdem

334 1376 495 1415 ecclesiis,
523 1375 741 1415 monasteriis,
761 1375 964 1418 regularibus
984 1377 1071 1415 locis,

333 1429 512 1469 ordinibus,
540 1440 576 1462 ac
600 1429 731 1469 militiis,
758 1428 949 1472 illorumque
980 1440 1074 1472 prac-

334 1481 470 1521 sulibus,
496 1482 657 1524 capitulis,
683 1481 846 1514 canonicis
864 1508 871 1522 ‚
897 1482 1073 1524 superiori-

333 1535 407 1575 bus,
424 1535 550 1577 magnis
568 1535 740 1577 magistris,
760 1535 897 1578 aliisque
915 1535 1072 1578 personis,

334 1589 394 1620 sub
422 1588 679 1632 quibuscumque
699 1589 867 1621 tenoribus
893 1594 925 1621 et
949 1589 1071 1629 Formis,

336 1641 433 1673 etiam
453 1652 513 1684 per
533 1641 616 1675 viam
642 1642 750 1674 statuti
770 1642 903 1684 proprii,
920 1647 974 1674 aut
995 1642 1073 1684 legis

336 1694 537 1734 universalis,
557 1706 612 1728 seu
630 1700 822 1735 contractus,
842 1697 891 1728 vel
916 1695 1014 1738 quasi,
1037 1706 1074 1728 ex

336 1747 501 1790 quibusvis
528 1747 631 1780 causis
650 1753 681 1780 et
703 1748 936 1787 occasionibus,
952 1759 987 1781 ac
1004 1759 1074 1781 cum

336 1800 500 1842 quibusvis
526 1801 622 1833 etiam
645 1801 924 1843 derogatoriarum
943 1802 1076 1844 deroga—

336 1853 439 1892 toriis,
464 1853 599 1897 aliisque
625 1853 868 1893 efficacioribus,
896 1854 1075 1887 efficacissi-

335 1906 395 1938 mis
427 1911 458 1938 et
489 1907 628 1939 insolitis
654 1907 826 1947 clausulis,
852 1918 979 1940 necnon
1004 1907 1075 1939 irri-

337 1958 478 1991 tantibus
493 1965 525 1991 et
538 1959 608 1991 aliis
622 1959 771 1999 decretis,
781 1971 840 2002 per
855 1970 1073 2002 quoscumque

336 2011 498 2044 Romanos
527 2011 695 2044 Pontifices
728 2013 993 2054 praedecessores
1020 2023 1075 2045 no-

337 2069 423 2096 stros
449 2070 480 2097 et
505 2064 621 2097 Sedeni
650 2065 891 2107 Apostolicam‚
919 2075 954 2097 ac
978 2065 1073 2098 etiam

337 2127 395 2159 per
415 2127 481 2156 nos,
502 2117 597 2149 ctiam
623 2122 710 2149 motu
730 2118 798 2160 pari
816 2123 847 2150 ct
871 2119 1076 2150 consistoria-

337 2169 418 2210 liter,
437 2170 469 2202 in
487 2181 606 2213 genere
631 2171 680 2203 vel
698 2171 816 2213 specie,
835 2171 1000 2203 concessis
1021 2172 1076 2203 ha-

339 2228 452 2254 ctenus
470 2229 501 2255 et
521 2223 733 2266 imposterum
751 2224 987 2264 concedendis,
1008 2225 1076 2268 qui-

336 2275 396 2306 bus
432 2275 580 2308 omnibus
618 2282 650 2309 et
685 2276 841 2318 singulis,
879 2277 1002 2310 etiamsi
1035 2278 1074 2309 de

337 2327 401 2359 illis
422 2338 600 2371 eorumque
626 2329 699 2361 totis
718 2330 885 2361 tenoribus
911 2330 1072 2372 specialis,

338 2379 489 2423 specifica
514 2385 545 2413 et
569 2391 724 2424 expressa
754 2382 875 2414 mentio
912 2382 944 2414 in
980 2394 1075 2425 prae-

337 2432 483 2465 sentibus
517 2433 663 2465 facienda
696 2434 800 2473 soret,
835 2433 898 2466 illis
927 2435 1005 2467 alias
1044 2435 1075 2467 in

338 2496 395 2517 suo
420 2487 540 2518 robore
566 2486 800 2528 permansuris,
818 2487 877 2518 bac
904 2487 971 2519 vice
987 2488 1076 2520 dum-

339 2543 432 2577 taxat,
448 2538 637 2581 specialiter
651 2545 682 2571 et
696 2549 848 2581 expresse
864 2539 1072 2581 derogainus3

339 2592 521 2634 ceterisque
539 2592 710 2624 contrariis
730 2593 996 2636 quibuscumque.

1161 269 1175 311 g
1200 268 1231 302 3.
1261 258 1412 302 Volumus
1438 274 1556 310 autem,
1585 274 1617 303 et
1641 274 1731 302 motu
1755 269 1852 301 simili

1116 320 1334 361 decernimus,
1354 323 1440 365 quod
1459 333 1517 366 pro
1535 322 1686 366 expensis
1704 332 1740 355 ex
1767 321 1853 354 dicta

1754 210 1817 244 677
1862 220 1914 245 An.
1935 218 1962 245 c.
1982 217 2046 244 moa

1892 280 1930 299 Pru
1951 285 2047 304 expensis

1865 307 1905 325 latu
1926 306 1985 325 sactis
2006 307 2048 324 cle-

1865 338 1908 352 rum
1938 338 1974 357 pru
2001 334 2045 352 ικιω

1827 373 1832 377 .
1865 359 1930 379 teneri
1946 358 2039 379 mandat.

1116 375 1212 405 causa
1227 373 1315 405 sactis
1331 373 1363 406 in
1378 374 1590 417 praeteritum
1608 374 1646 406 ab
1669 379 1741 406 octo
1759 383 1851 406 annis

1116 434 1219 466 usque
1238 425 1271 457 in
1296 431 1500 468 praesentem
1518 426 1602 459 diem
1624 425 1769 459 decursis
1788 426 1852 457 ele-

1116 476 1172 508 rici
1197 482 1228 509 et
1252 487 1413 520 personae
1440 478 1679 511 ecclesiasticae
1703 478 1853 521 supradi-

1115 532 1184 560 ctae
1218 529 1396 562 subsidium
1422 530 1623 570 huiusmodi,
1649 542 1707 574 per
1740 536 1791 571 te,
1817 537 1852 563 ut

1114 581 1306 623 praefertur,
1323 583 1504 622 taxandum,
1524 582 1641 626 nempe
1659 589 1759 616 ratam
1778 589 1850 616 octo

1114 643 1272 666 annorum
1290 634 1501 667 decursorum
1528 636 1725 675 huiusmodi,
1747 636 1850 679 quoli-

1114 686 1169 717 bet
1194 696 1231 718 ex
1256 686 1472 729 infrascriptis
1497 688 1682 730 quindecim
1701 689 1792 721 annis
1810 688 1851 721 si-

1114 737 1234 770 militer
1259 744 1436 781 praestare,
1462 750 1498 771 ae
1522 739 1554 771 in
1580 740 1673 772 dictis
1699 741 1850 783 expensis

1115 801 1174 834 pro
1193 793 1261 823 rata
1276 802 1470 825 concurrere
1487 798 1677 833 teneantur,
1698 794 1850 837 quodque

1115 854 1269 887 praesens
1293 844 1472 877 subsidium
1490 846 1529 877 ad
1548 845 1731 888 quindecim
1751 856 1852 878 annos

1114 898 1278 940 proximos
1305 899 1467 931 dumtaxat
1502 899 1659 942 praestari
1683 899 1788 942 possit
1821 905 1853 931 ct

1115 952 1259 992 debeat,
1287 952 1402 995 quibus
1436 952 1555 995 elapsis
1572 979 1579 993 ,
1606 953 1688 985 illud
1720 953 1852 985 omnino

1116 1010 1222 1037 cesset
1239 1010 1270 1037 et
1295 1016 1420 1038 cessare
1439 1010 1610 1038 censeatur
1635 1016 1673 1038 eo
1700 1005 1784 1049 ipso,
1802 1015 1852 1038 ne-

1115 1068 1178 1100 que
1204 1059 1243 1090 ad
1268 1058 1353 1090 illius
1380 1058 1632 1101 praestationem
1657 1058 1766 1090 clerici
1799 1063 1853 1090 aut

1115 1120 1276 1152 personae
1302 1111 1537 1143 ecclesiastieae
1556 1111 1744 1143 huiusmodi
1770 1112 1851 1143 ulte-

1116 1162 1183 1195 rius
1209 1168 1389 1201 teneantur,
1416 1168 1470 1195 aut
1494 1163 1627 1205 obligati
1655 1163 1800 1202 existant,
1822 1169 1854 1195 et

1116 1216 1146 1247 id
1179 1217 1262 1258 quod
1298 1226 1355 1258 pet·
1386 1215 1520 1248 clericos
1554 1221 1585 1248 et
1617 1215 1851 1248 ecclesiasticas

1115 1278 1271 1311 personas
1296 1270 1499 1307 conseretur,
1525 1279 1542 1301 a
1567 1268 1654 1301 laicis
1688 1268 1854 1300 humiliter

1116 1327 1148 1354 et
1181 1332 1254 1353 cum
1286 1322 1463 1369 gratiarum
1495 1322 1622 1354 actione
1655 1321 1850 1364 recipiatur,

1115 1375 1353 1418 praestatioquc
1380 1374 1514 1407 subsidii
1535 1374 1720 1406 huiusmodi
1747 1375 1853 1417 quoad

1116 1438 1274 1470 expensas
1302 1438 1361 1470 pro
1387 1432 1501 1459 ornatu
1528 1426 1666 1459 sontium
1698 1431 1730 1458 et
1755 1427 1854 1458 sorta-

1116 1480 1259 1513 litioruln
1292 1480 1497 1522 reparatione
1533 1490 1597 1512 non
1628 1479 1851 1521 intelligatur,

1116 1544 1221 1576 neque
1247 1534 1286 1566 de
1314 1533 1376 1566 illis
1401 1533 1433 1565 in
1459 1535 1529 1565 taxa
1553 1543 1612 1575 per
1637 1538 1665 1565 te
1691 1538 1746 1565 aut
1782 1542 1854 1575 pos-

1116 1586 1279 1619 sessores¹
1298 1586 1445 1619 facienda
1464 1586 1545 1618 ratio
1560 1586 1666 1628 aliqua
1680 1585 1850 1617 habeatur.

1159 1639 1272 1672 Datum
1296 1639 1424 1680 Romae,
1442 1639 1526 1681 apud
1552 1639 1584 1671 S.
1603 1638 1732 1670 Mariam
1757 1637 1853 1669 Maio-

1116 1693 1266 1733 rein,sub
1290 1694 1408 1725 annulo
1440 1691 1618 1731 Piscatoris,
1644 1691 1695 1723 dic
1714 1701 1745 1723 xi
1773 1690 1853 1722 iunii

1115 1755 1290 1785 MDCLXVHI,
1306 1745 1508 1788 pontificatus
1523 1745 1621 1777 nostri
1635 1755 1719 1775 anno
1741 1754 1761 1776 ι.

1153 1808 1211 1835 Dat.
1230 1808 1272 1835 die
1290 1809 1317 1834 11
1336 1807 1401 1834 iunii
1420 1808 1498 1841 1668,
1516 1807 1610 1842 pontif.
1627 1815 1696 1833 auno
1713 1813 1730 1832 ι.

1435 1950 1536 1983 LXIV.

1117 2030 1295 2064 Moderatio
1315 2031 1555 2064 constitut-ionis
1574 2029 1746 2064 Clementis
1774 2028 1852 2062 tm

1162 2084 1267 2116 locum
1292 2085 1435 2116 ciborum
1457 2084 1666 2126 paschalium
1698 2093 1755 2125 pro
1779 2083 1850 2124 sra-

1163 2137 1263 2168 tribus
1287 2136 1394 2168 sancti
1418 2136 1586 2168 Francisci
1616 2135 1653 2168 de
1678 2135 1785 2168 Paul«
1812 2133 1854 2165 ad

1161 2189 1365 2231 infirmarias
1379 2193 1594 2221 conventuum
1612 2188 1850 2231 reslringyenliS.

1333 2270 1466 2297 Clemens
1488 2270 1564 2302 Papa
1585 2269 1638 2302 lx,

1235 2315 1270 2341 ad
1291 2317 1468 2348 perpetuam
1489 2314 1533 2341 rei
1555 2314 1734 2341 memoriam.

1161 2382 1299 2415 Iniuncti
1325 2382 1419 2415 nobis
1435 2382 1568 2415 caelitus
1593 2381 1762 2425 pastoralis
1788 2380 1853 2414 offi-

1117 2436 1156 2468 cii
1172 2435 1251 2468 ratio
1265 2436 1418 2479 postulat,
1438 2440 1482 2475 ut,
1501 2440 1668 2478 paternam
1682 2435 1853 2477 religioso-

1116 2499 1188 2520 rum
1204 2488 1343 2520 virorum
1364 2487 1517 2520 Allissimi
1538 2487 1704 2530 obsequiis
1723 2488 1781 2519 sub
1802 2498 1851 2519 au-

1153 2560 1162 2584 l
1188 2558 1253 2585 Vide
1268 2566 1301 2585 an
1316 2566 1488 2586 successores
1507 2565 1555 2593 pro
1571 2566 1743 2593 possessores
1761 2557 1853 2590 legen-

1116 2601 1179 2628 dum
1198 2606 1234 2636 (a.
1255 2603 1305 2636 T.).

1893 2438 2037 2460 Prooemium.
