<?xml version="1.0" encoding="UTF-8"?>
<!DOCTYPE html PUBLIC "-//W3C//DTD XHTML 1.0 Transitional//EN"
    "http://www.w3.org/TR/xhtml1/DTD/xhtml1-transitional.dtd">
<html xmlns="http://www.w3.org/1999/xhtml" xml:lang="en" lang="en">
 <head>
  <title>
</title>
<meta http-equiv="Content-Type" content="text/html;charset=utf-8" />
  <meta name='ocr-system' content='tesseract 3.04.00' />
  <meta name='ocr-capabilities' content='ocr_page ocr_carea ocr_par ocr_line ocrx_word'/>
</head>
<body>
  <div class='ocr_page' id='page_1' title='image "./bullarumdiplomat17cath_0899.png"; bbox 0 0 2247 3208; ppageno 0'>
   <div class='ocr_carea' id='block_1_1' title="bbox 125 216 329 244">
    <p class='ocr_par' dir='ltr' id='par_1_1' title="bbox 125 216 329 244">
     <span class='ocr_line' id='line_1_1' title="bbox 125 216 329 244; baseline 0.01 -2"><span class='ocrx_word' id='word_1_1' title='bbox 125 235 128 237; x_wconf 86' lang='lat'>-</span> <span class='ocrx_word' id='word_1_2' title='bbox 147 218 194 244; x_wconf 79' lang='lat' dir='ltr'>An.</span> <span class='ocrx_word' id='word_1_3' title='bbox 211 216 240 244; x_wconf 88' lang='lat' dir='ltr'>C.</span> <span class='ocrx_word' id='word_1_4' title='bbox 264 216 329 244; x_wconf 76' lang='lat'>¹660</span> 
     </span>
    </p>
   </div>
   <div class='ocr_carea' id='block_1_2' title="bbox 969 213 1238 239">
    <p class='ocr_par' dir='ltr' id='par_1_2' title="bbox 969 213 1238 239">
     <span class='ocr_line' id='line_1_2' title="bbox 969 213 1238 239; baseline 0.004 -2"><span class='ocrx_word' id='word_1_5' title='bbox 969 213 1111 238; x_wconf 78' lang='lat' dir='ltr'>CLEMENS</span> <span class='ocrx_word' id='word_1_6' title='bbox 1135 215 1165 238; x_wconf 77' lang='lat' dir='ltr'>tx</span> <span class='ocrx_word' id='word_1_7' title='bbox 1190 216 1238 239; x_wconf 72' lang='lat'>1³1³.</span> 
     </span>
    </p>
   </div>
   <div class='ocr_carea' id='block_1_3' title="bbox 305 261 1068 2424">
    <p class='ocr_par' dir='ltr' id='par_1_3' title="bbox 305 261 1068 2424">
     <span class='ocr_line' id='line_1_3' title="bbox 335 261 1066 307; baseline -0.005 -9"><span class='ocrx_word' id='word_1_8' title='bbox 335 274 416 303; x_wconf 87' lang='lat' dir='ltr'>nem,</span> <span class='ocrx_word' id='word_1_9' title='bbox 434 273 515 307; x_wconf 87' lang='lat' dir='ltr'>quae</span> <span class='ocrx_word' id='word_1_10' title='bbox 531 262 719 306; x_wconf 71' lang='lat' dir='ltr'>superficies</span> <span class='ocrx_word' id='word_1_11' title='bbox 737 262 801 295; x_wconf 73' lang='lat' dir='ltr'>sive</span> <span class='ocrx_word' id='word_1_12' title='bbox 821 262 929 305; x_wconf 86' lang='lat' dir='ltr'>portio</span> <span class='ocrx_word' id='word_1_13' title='bbox 946 261 1066 300; x_wconf 68' lang='lat' dir='ltr'>vineae,</span> 
     </span>
     <span class='ocr_line' id='line_1_4' title="bbox 333 315 1068 358; baseline -0.003 -9"><span class='ocrx_word' id='word_1_14' title='bbox 333 316 439 349; x_wconf 85' lang='lat' dir='ltr'>statim</span> <span class='ocrx_word' id='word_1_15' title='bbox 470 321 566 358; x_wconf 86' lang='lat' dir='ltr'>atque</span> <span class='ocrx_word' id='word_1_16' title='bbox 598 325 657 358; x_wconf 90' lang='lat' dir='ltr'>pro</span> <span class='ocrx_word' id='word_1_17' title='bbox 686 320 774 358; x_wconf 74' lang='lat' dir='ltr'>parte</span> <span class='ocrx_word' id='word_1_18' title='bbox 808 315 950 357; x_wconf 84' lang='lat' dir='ltr'>ipsarum</span> <span class='ocrx_word' id='word_1_19' title='bbox 976 316 1068 357; x_wconf 85' lang='lat' dir='ltr'>puel-</span> 
     </span>
     <span class='ocr_line' id='line_1_5' title="bbox 332 367 1067 410; baseline -0.004 -9"><span class='ocrx_word' id='word_1_20' title='bbox 332 370 434 402; x_wconf 80' lang='lat' dir='ltr'>larum</span> <span class='ocrx_word' id='word_1_21' title='bbox 460 368 599 401; x_wconf 84' lang='lat' dir='ltr'>absoluti</span> <span class='ocrx_word' id='word_1_22' title='bbox 626 369 745 400; x_wconf 81' lang='lat' dir='ltr'>suerint</span> <span class='ocrx_word' id='word_1_23' title='bbox 763 367 844 400; x_wconf 90' lang='lat' dir='ltr'>muri</span> <span class='ocrx_word' id='word_1_24' title='bbox 871 367 987 410; x_wconf 83' lang='lat' dir='ltr'>quibus</span> <span class='ocrx_word' id='word_1_25' title='bbox 1014 367 1067 400; x_wconf 77' lang='lat' dir='ltr'>illa</span> 
     </span>
     <span class='ocr_line' id='line_1_6' title="bbox 331 420 1066 463; baseline -0.005 -8"><span class='ocrx_word' id='word_1_26' title='bbox 331 421 438 455; x_wconf 82' lang='lat' dir='ltr'>claudi</span> <span class='ocrx_word' id='word_1_27' title='bbox 457 421 560 460; x_wconf 76' lang='lat' dir='ltr'>debet,</span> <span class='ocrx_word' id='word_1_28' title='bbox 575 420 696 453; x_wconf 72' lang='lat' dir='ltr'>eisdem</span> <span class='ocrx_word' id='word_1_29' title='bbox 709 420 826 463; x_wconf 76' lang='lat' dir='ltr'>puellis</span> <span class='ocrx_word' id='word_1_30' title='bbox 847 420 1066 461; x_wconf 69' lang='lat' dir='ltr'>consignanda</span> 
     </span>
     <span class='ocr_line' id='line_1_7' title="bbox 331 472 1066 516; baseline -0.005 -9"><span class='ocrx_word' id='word_1_31' title='bbox 331 474 399 512; x_wconf 84' lang='lat' dir='ltr'>crit,</span> <span class='ocrx_word' id='word_1_32' title='bbox 427 474 602 506; x_wconf 73' lang='lat' dir='ltr'>donatione</span> <span class='ocrx_word' id='word_1_33' title='bbox 628 475 728 516; x_wconf 80' lang='lat' dir='ltr'>pura,</span> <span class='ocrx_word' id='word_1_34' title='bbox 756 475 913 515; x_wconf 75' lang='lat' dir='ltr'>perpetua</span> <span class='ocrx_word' id='word_1_35' title='bbox 934 477 965 504; x_wconf 87' lang='lat' dir='ltr'>et</span> <span class='ocrx_word' id='word_1_36' title='bbox 990 472 1066 504; x_wconf 87' lang='lat' dir='ltr'>irre-</span> 
     </span>
     <span class='ocr_line' id='line_1_8' title="bbox 331 524 1062 569; baseline -0.004 -10"><span class='ocrx_word' id='word_1_37' title='bbox 331 526 482 566; x_wconf 75' lang='lat' dir='ltr'>vocabili,</span> <span class='ocrx_word' id='word_1_38' title='bbox 510 531 589 569; x_wconf 82' lang='lat' dir='ltr'>quae</span> <span class='ocrx_word' id='word_1_39' title='bbox 615 525 685 558; x_wconf 76' lang='lat' dir='ltr'>lieri</span> <span class='ocrx_word' id='word_1_40' title='bbox 712 525 829 557; x_wconf 80' lang='lat' dir='ltr'>dicitur</span> <span class='ocrx_word' id='word_1_41' title='bbox 857 525 940 557; x_wconf 82' lang='lat' dir='ltr'>inter</span> <span class='ocrx_word' id='word_1_42' title='bbox 965 524 1062 563; x_wconf 83' lang='lat' dir='ltr'>viros,</span> 
     </span>
     <span class='ocr_line' id='line_1_9' title="bbox 330 578 1065 623; baseline -0.004 -11"><span class='ocrx_word' id='word_1_43' title='bbox 330 586 445 613; x_wconf 83' lang='lat' dir='ltr'>tenore</span> <span class='ocrx_word' id='word_1_44' title='bbox 470 579 692 623; x_wconf 85' lang='lat' dir='ltr'>praesentium</span> <span class='ocrx_word' id='word_1_45' title='bbox 719 579 876 610; x_wconf 77' lang='lat' dir='ltr'>donamus</span> <span class='ocrx_word' id='word_1_46' title='bbox 899 582 931 610; x_wconf 84' lang='lat' dir='ltr'>et</span> <span class='ocrx_word' id='word_1_47' title='bbox 955 578 1065 619; x_wconf 68' lang='lat' dir='ltr'>elargi-</span> 
     </span>
     <span class='ocr_line' id='line_1_10' title="bbox 329 631 1065 675; baseline -0.003 -11"><span class='ocrx_word' id='word_1_48' title='bbox 329 643 408 671; x_wconf 85' lang='lat' dir='ltr'>mur,</span> <span class='ocrx_word' id='word_1_49' title='bbox 436 643 470 664; x_wconf 86' lang='lat' dir='ltr'>ac</span> <span class='ocrx_word' id='word_1_50' title='bbox 496 637 651 675; x_wconf 87' lang='lat' dir='ltr'>perpetuo</span> <span class='ocrx_word' id='word_1_51' title='bbox 677 631 896 669; x_wconf 80' lang='lat' dir='ltr'>concedimus,</span> <span class='ocrx_word' id='word_1_52' title='bbox 924 631 1065 673; x_wconf 78' lang='lat' dir='ltr'>assigna-</span> 
     </span>
     <span class='ocr_line' id='line_1_11' title="bbox 328 684 1063 727; baseline -0.003 -10"><span class='ocrx_word' id='word_1_53' title='bbox 328 695 396 717; x_wconf 86' lang='lat' dir='ltr'>mus</span> <span class='ocrx_word' id='word_1_54' title='bbox 422 690 452 718; x_wconf 88' lang='lat' dir='ltr'>et</span> <span class='ocrx_word' id='word_1_55' title='bbox 478 684 698 727; x_wconf 82' lang='lat' dir='ltr'>applicamus;</span> <span class='ocrx_word' id='word_1_56' title='bbox 727 685 763 716; x_wconf 78' lang='lat' dir='ltr'>ea</span> <span class='ocrx_word' id='word_1_57' title='bbox 797 689 902 716; x_wconf 82' lang='lat' dir='ltr'>tamen</span> <span class='ocrx_word' id='word_1_58' title='bbox 931 684 1002 725; x_wconf 72' lang='lat' dir='ltr'>lege</span> <span class='ocrx_word' id='word_1_59' title='bbox 1029 689 1063 715; x_wconf 92' lang='lat' dir='ltr'>ut</span> 
     </span>
     <span class='ocr_line' id='line_1_12' title="bbox 326 736 1062 781; baseline -0.001 -12"><span class='ocrx_word' id='word_1_60' title='bbox 326 739 455 781; x_wconf 71' lang='lat' dir='ltr'>puellae</span> <span class='ocrx_word' id='word_1_61' title='bbox 481 739 642 781; x_wconf 78' lang='lat' dir='ltr'>praefatae</span> <span class='ocrx_word' id='word_1_62' title='bbox 668 737 783 769; x_wconf 83' lang='lat' dir='ltr'>dictam</span> <span class='ocrx_word' id='word_1_63' title='bbox 809 736 980 769; x_wconf 81' lang='lat' dir='ltr'>ecelesiam</span> <span class='ocrx_word' id='word_1_64' title='bbox 996 747 1062 769; x_wconf 87' lang='lat' dir='ltr'>sar-</span> 
     </span>
     <span class='ocr_line' id='line_1_13' title="bbox 327 789 1061 823; baseline -0.001 -1"><span class='ocrx_word' id='word_1_65' title='bbox 327 796 391 822; x_wconf 73' lang='lat' dir='ltr'>tam</span> <span class='ocrx_word' id='word_1_66' title='bbox 419 796 535 823; x_wconf 81' lang='lat' dir='ltr'>tectam</span> <span class='ocrx_word' id='word_1_67' title='bbox 563 795 592 822; x_wconf 90' lang='lat' dir='ltr'>et</span> <span class='ocrx_word' id='word_1_68' title='bbox 618 789 649 821; x_wconf 91' lang='lat' dir='ltr'>in</span> <span class='ocrx_word' id='word_1_69' title='bbox 682 789 767 821; x_wconf 89' lang='lat' dir='ltr'>bono</span> <span class='ocrx_word' id='word_1_70' title='bbox 794 794 875 821; x_wconf 82' lang='lat' dir='ltr'>statu</span> <span class='ocrx_word' id='word_1_71' title='bbox 901 800 936 823; x_wconf 78' lang='lat' dir='ltr'>ac</span> <span class='ocrx_word' id='word_1_72' title='bbox 963 790 1061 822; x_wconf 82' lang='lat' dir='ltr'>sacris</span> 
     </span>
     <span class='ocr_line' id='line_1_14' title="bbox 326 841 1059 886; baseline -0.003 -10"><span class='ocrx_word' id='word_1_73' title='bbox 326 842 584 886; x_wconf 61' lang='lat' dir='ltr'>supellectilibus</span> <span class='ocrx_word' id='word_1_74' title='bbox 631 841 828 876; x_wconf 76' lang='lat' dir='ltr'>sufficienter</span> <span class='ocrx_word' id='word_1_75' title='bbox 870 842 1059 875; x_wconf 78' lang='lat' dir='ltr'>instructam</span> 
     </span>
     <span class='ocr_line' id='line_1_15' title="bbox 324 900 1061 940; baseline 0 -12"><span class='ocrx_word' id='word_1_76' title='bbox 324 901 484 940; x_wconf 84' lang='lat' dir='ltr'>perpetuo</span> <span class='ocrx_word' id='word_1_77' title='bbox 510 905 705 928; x_wconf 83' lang='lat' dir='ltr'>conservare</span> <span class='ocrx_word' id='word_1_78' title='bbox 725 900 757 927; x_wconf 87' lang='lat' dir='ltr'>et</span> <span class='ocrx_word' id='word_1_79' title='bbox 781 901 991 928; x_wconf 79' lang='lat' dir='ltr'>manutenere</span> <span class='ocrx_word' id='word_1_80' title='bbox 1017 902 1061 928; x_wconf 89' lang='lat' dir='ltr'>te-</span> 
     </span>
     <span class='ocr_line' id='line_1_16' title="bbox 324 948 1057 992; baseline -0.001 -10"><span class='ocrx_word' id='word_1_81' title='bbox 324 955 462 982; x_wconf 82' lang='lat' dir='ltr'>neantur</span> <span class='ocrx_word' id='word_1_82' title='bbox 479 976 486 989; x_wconf 89' lang='lat'>,</span> <span class='ocrx_word' id='word_1_83' title='bbox 519 949 723 992; x_wconf 80' lang='lat' dir='ltr'>liberumque</span> <span class='ocrx_word' id='word_1_84' title='bbox 757 948 798 980; x_wconf 87' lang='lat' dir='ltr'>sit</span> <span class='ocrx_word' id='word_1_85' title='bbox 823 948 869 981; x_wconf 91' lang='lat' dir='ltr'>illi</span> <span class='ocrx_word' id='word_1_86' title='bbox 896 960 950 982; x_wconf 88' lang='lat' dir='ltr'>seu</span> <span class='ocrx_word' id='word_1_87' title='bbox 973 949 1057 989; x_wconf 82' lang='lat' dir='ltr'>illis,</span> 
     </span>
     <span class='ocr_line' id='line_1_17' title="bbox 323 1002 1057 1044; baseline 0 -10"><span class='ocrx_word' id='word_1_88' title='bbox 323 1002 373 1034; x_wconf 87' lang='lat' dir='ltr'>cui</span> <span class='ocrx_word' id='word_1_89' title='bbox 400 1013 455 1035; x_wconf 86' lang='lat' dir='ltr'>seu</span> <span class='ocrx_word' id='word_1_90' title='bbox 481 1002 596 1044; x_wconf 83' lang='lat' dir='ltr'>quibus</span> <span class='ocrx_word' id='word_1_91' title='bbox 617 1002 904 1044; x_wconf 63' lang='lat' dir='ltr'>adinutilernentum</span> <span class='ocrx_word' id='word_1_92' title='bbox 923 1012 1057 1034; x_wconf 83' lang='lat' dir='ltr'>onerum</span> 
     </span>
     <span class='ocr_line' id='line_1_18' title="bbox 324 1055 1056 1098; baseline -0.003 -9"><span class='ocrx_word' id='word_1_93' title='bbox 324 1055 493 1089; x_wconf 72' lang='lat' dir='ltr'>missarum</span> <span class='ocrx_word' id='word_1_94' title='bbox 519 1055 624 1087; x_wconf 87' lang='lat' dir='ltr'>eidem</span> <span class='ocrx_word' id='word_1_95' title='bbox 643 1055 800 1087; x_wconf 80' lang='lat' dir='ltr'>ecclesiae</span> <span class='ocrx_word' id='word_1_96' title='bbox 819 1056 856 1087; x_wconf 63' lang='lat' dir='ltr'>ee</span> <span class='ocrx_word' id='word_1_97' title='bbox 874 1056 1056 1098; x_wconf 67' lang='lat' dir='ltr'>praemissis</span> 
     </span>
     <span class='ocr_line' id='line_1_19' title="bbox 322 1108 1056 1151; baseline 0 -10"><span class='ocrx_word' id='word_1_98' title='bbox 322 1108 578 1142; x_wconf 64' lang='lat' dir='ltr'>incumbentium</span> <span class='ocrx_word' id='word_1_99' title='bbox 614 1118 672 1150; x_wconf 88' lang='lat' dir='ltr'>pro</span> <span class='ocrx_word' id='word_1_100' title='bbox 702 1113 847 1151; x_wconf 87' lang='lat' dir='ltr'>tempore</span> <span class='ocrx_word' id='word_1_101' title='bbox 880 1108 1056 1141; x_wconf 79' lang='lat' dir='ltr'>iniunctum</span> 
     </span>
     <span class='ocr_line' id='line_1_20' title="bbox 322 1161 1056 1200; baseline 0 -7"><span class='ocrx_word' id='word_1_102' title='bbox 322 1161 424 1200; x_wconf 79' lang='lat' dir='ltr'>suerit,</span> <span class='ocrx_word' id='word_1_103' title='bbox 452 1171 552 1194; x_wconf 85' lang='lat' dir='ltr'>onera</span> <span class='ocrx_word' id='word_1_104' title='bbox 578 1161 748 1193; x_wconf 82' lang='lat' dir='ltr'>missarum</span> <span class='ocrx_word' id='word_1_105' title='bbox 779 1161 964 1194; x_wconf 85' lang='lat' dir='ltr'>huiusmodi</span> <span class='ocrx_word' id='word_1_106' title='bbox 997 1162 1056 1194; x_wconf 87' lang='lat' dir='ltr'>ibi-</span> 
     </span>
     <span class='ocr_line' id='line_1_21' title="bbox 320 1212 1054 1258; baseline 0 -10"><span class='ocrx_word' id='word_1_107' title='bbox 320 1216 392 1249; x_wconf 88' lang='lat' dir='ltr'>dem</span> <span class='ocrx_word' id='word_1_108' title='bbox 430 1212 629 1258; x_wconf 87' lang='lat' dir='ltr'>adimplere,</span> <span class='ocrx_word' id='word_1_109' title='bbox 667 1225 701 1247; x_wconf 84' lang='lat' dir='ltr'>ac</span> <span class='ocrx_word' id='word_1_110' title='bbox 733 1215 771 1247; x_wconf 84' lang='lat' dir='ltr'>ad</span> <span class='ocrx_word' id='word_1_111' title='bbox 807 1226 879 1247; x_wconf 87' lang='lat' dir='ltr'>eum</span> <span class='ocrx_word' id='word_1_112' title='bbox 906 1215 1054 1248; x_wconf 80' lang='lat' dir='ltr'>etl&#39;ectum</span> 
     </span>
     <span class='ocr_line' id='line_1_22' title="bbox 318 1268 1052 1311; baseline 0 -10"><span class='ocrx_word' id='word_1_113' title='bbox 318 1268 574 1311; x_wconf 75' lang='lat' dir='ltr'>supellectilibus</span> <span class='ocrx_word' id='word_1_114' title='bbox 610 1268 707 1300; x_wconf 80' lang='lat' dir='ltr'>sacris</span> <span class='ocrx_word' id='word_1_115' title='bbox 746 1268 776 1300; x_wconf 89' lang='lat' dir='ltr'>in</span> <span class='ocrx_word' id='word_1_116' title='bbox 812 1268 883 1310; x_wconf 71' lang='lat' dir='ltr'>ipsa</span> <span class='ocrx_word' id='word_1_117' title='bbox 921 1269 1052 1301; x_wconf 74' lang='lat' dir='ltr'>eeclesia</span> 
     </span>
     <span class='ocr_line' id='line_1_23' title="bbox 317 1322 1050 1364; baseline 0.001 -11"><span class='ocrx_word' id='word_1_118' title='bbox 317 1332 402 1354; x_wconf 82' lang='lat' dir='ltr'>nune</span> <span class='ocrx_word' id='word_1_119' title='bbox 428 1328 460 1354; x_wconf 89' lang='lat' dir='ltr'>et</span> <span class='ocrx_word' id='word_1_120' title='bbox 484 1332 542 1364; x_wconf 86' lang='lat' dir='ltr'>pro</span> <span class='ocrx_word' id='word_1_121' title='bbox 569 1327 715 1364; x_wconf 88' lang='lat' dir='ltr'>tempore</span> <span class='ocrx_word' id='word_1_122' title='bbox 746 1322 957 1354; x_wconf 65' lang='lat' dir='ltr'>existentibus</span> <span class='ocrx_word' id='word_1_123' title='bbox 992 1322 1050 1354; x_wconf 87' lang='lat' dir='ltr'>uti.</span> 
     </span>
     <span class='ocr_line' id='line_1_24' title="bbox 316 1373 1053 1417; baseline 0 -10"><span class='ocrx_word' id='word_1_124' title='bbox 316 1374 486 1407; x_wconf 77' lang='lat' dir='ltr'>Praeterea</span> <span class='ocrx_word' id='word_1_125' title='bbox 507 1374 695 1413; x_wconf 78' lang='lat' dir='ltr'>dominium,</span> <span class='ocrx_word' id='word_1_126' title='bbox 721 1373 923 1417; x_wconf 77' lang='lat' dir='ltr'>liberamque</span> <span class='ocrx_word' id='word_1_127' title='bbox 944 1380 971 1407; x_wconf 86' lang='lat' dir='ltr'>et</span> <span class='ocrx_word' id='word_1_128' title='bbox 991 1385 1053 1407; x_wconf 76' lang='lat' dir='ltr'>oin-</span> 
     </span>
     <span class='ocr_line' id='line_1_25' title="bbox 315 1426 1052 1469; baseline -0.001 -9"><span class='ocrx_word' id='word_1_129' title='bbox 315 1427 479 1460; x_wconf 85' lang='lat' dir='ltr'>nimodam</span> <span class='ocrx_word' id='word_1_130' title='bbox 505 1426 752 1469; x_wconf 75' lang='lat' dir='ltr'>dispositionem</span> <span class='ocrx_word' id='word_1_131' title='bbox 774 1427 886 1459; x_wconf 88' lang='lat' dir='ltr'>domus</span> <span class='ocrx_word' id='word_1_132' title='bbox 908 1437 963 1459; x_wconf 79' lang='lat' dir='ltr'>seu</span> <span class='ocrx_word' id='word_1_133' title='bbox 982 1438 1052 1460; x_wconf 85' lang='lat' dir='ltr'>con-</span> 
     </span>
     <span class='ocr_line' id='line_1_26' title="bbox 315 1480 1049 1524; baseline 0.001 -12"><span class='ocrx_word' id='word_1_134' title='bbox 315 1481 482 1512; x_wconf 69' lang='lat' dir='ltr'>scrmtorii</span> <span class='ocrx_word' id='word_1_135' title='bbox 527 1480 685 1512; x_wconf 83' lang='lat' dir='ltr'>dictarum</span> <span class='ocrx_word' id='word_1_136' title='bbox 726 1480 909 1522; x_wconf 79' lang='lat' dir='ltr'>puellarum</span> <span class='ocrx_word' id='word_1_137' title='bbox 948 1491 1049 1524; x_wconf 80' lang='lat' dir='ltr'>prope</span> 
     </span>
     <span class='ocr_line' id='line_1_27' title="bbox 313 1532 1050 1577; baseline 0.001 -12"><span class='ocrx_word' id='word_1_138' title='bbox 313 1533 457 1565; x_wconf 81' lang='lat' dir='ltr'>cloacam</span> <span class='ocrx_word' id='word_1_139' title='bbox 481 1532 512 1566; x_wconf 87' lang='lat' dir='ltr'>S.</span> <span class='ocrx_word' id='word_1_140' title='bbox 540 1532 654 1565; x_wconf 86' lang='lat' dir='ltr'>Luciae</span> <span class='ocrx_word' id='word_1_141' title='bbox 673 1538 892 1576; x_wconf 86' lang='lat' dir='ltr'>nuncupatam</span> <span class='ocrx_word' id='word_1_142' title='bbox 914 1539 947 1565; x_wconf 92' lang='lat' dir='ltr'>ut</span> <span class='ocrx_word' id='word_1_143' title='bbox 964 1544 1050 1577; x_wconf 84' lang='lat' dir='ltr'>prae-</span> 
     </span>
     <span class='ocr_line' id='line_1_28' title="bbox 315 1585 1050 1629; baseline -0.001 -11"><span class='ocrx_word' id='word_1_144' title='bbox 315 1587 415 1619; x_wconf 75' lang='lat' dir='ltr'>fertur</span> <span class='ocrx_word' id='word_1_145' title='bbox 442 1585 618 1624; x_wconf 77' lang='lat' dir='ltr'>existentis,</span> <span class='ocrx_word' id='word_1_146' title='bbox 646 1585 859 1628; x_wconf 86' lang='lat' dir='ltr'>omniumque</span> <span class='ocrx_word' id='word_1_147' title='bbox 885 1591 916 1618; x_wconf 86' lang='lat' dir='ltr'>et</span> <span class='ocrx_word' id='word_1_148' title='bbox 940 1586 1050 1629; x_wconf 79' lang='lat' dir='ltr'>singu-</span> 
     </span>
     <span class='ocr_line' id='line_1_29' title="bbox 314 1638 1050 1682; baseline -0.001 -10"><span class='ocrx_word' id='word_1_149' title='bbox 314 1641 418 1672; x_wconf 87' lang='lat' dir='ltr'>lorum</span> <span class='ocrx_word' id='word_1_150' title='bbox 449 1638 536 1671; x_wconf 87' lang='lat' dir='ltr'>illius</span> <span class='ocrx_word' id='word_1_151' title='bbox 564 1638 784 1670; x_wconf 84' lang='lat' dir='ltr'>membrorum</span> <span class='ocrx_word' id='word_1_152' title='bbox 820 1644 851 1670; x_wconf 90' lang='lat' dir='ltr'>et</span> <span class='ocrx_word' id='word_1_153' title='bbox 883 1639 1050 1682; x_wconf 90' lang='lat' dir='ltr'>pertinen-</span> 
     </span>
     <span class='ocr_line' id='line_1_30' title="bbox 313 1691 1047 1734; baseline 0 -10"><span class='ocrx_word' id='word_1_154' title='bbox 313 1691 449 1731; x_wconf 84' lang='lat' dir='ltr'>tiarum,</span> <span class='ocrx_word' id='word_1_155' title='bbox 480 1691 586 1725; x_wconf 83' lang='lat' dir='ltr'>statim</span> <span class='ocrx_word' id='word_1_156' title='bbox 617 1696 710 1733; x_wconf 84' lang='lat' dir='ltr'>atque</span> <span class='ocrx_word' id='word_1_157' title='bbox 752 1691 884 1723; x_wconf 78' lang='lat' dir='ltr'>eaedem</span> <span class='ocrx_word' id='word_1_158' title='bbox 918 1692 1047 1734; x_wconf 86' lang='lat' dir='ltr'>puellae</span> 
     </span>
     <span class='ocr_line' id='line_1_31' title="bbox 312 1744 1049 1787; baseline 0.001 -10"><span class='ocrx_word' id='word_1_159' title='bbox 312 1744 387 1777; x_wconf 89' lang='lat' dir='ltr'>inde</span> <span class='ocrx_word' id='word_1_160' title='bbox 413 1745 452 1777; x_wconf 90' lang='lat' dir='ltr'>ad</span> <span class='ocrx_word' id='word_1_161' title='bbox 478 1749 669 1776; x_wconf 88' lang='lat' dir='ltr'>conventum</span> <span class='ocrx_word' id='word_1_162' title='bbox 699 1744 745 1776; x_wconf 89' lang='lat' dir='ltr'>eis</span> <span class='ocrx_word' id='word_1_163' title='bbox 778 1744 933 1777; x_wconf 83' lang='lat' dir='ltr'>donatum</span> <span class='ocrx_word' id='word_1_164' title='bbox 958 1755 1049 1787; x_wconf 83' lang='lat' dir='ltr'>prae-</span> 
     </span>
     <span class='ocr_line' id='line_1_32' title="bbox 313 1795 1047 1839; baseline 0.001 -10"><span class='ocrx_word' id='word_1_165' title='bbox 313 1798 411 1830; x_wconf 83' lang='lat' dir='ltr'>fatum</span> <span class='ocrx_word' id='word_1_166' title='bbox 434 1796 668 1839; x_wconf 75' lang='lat' dir='ltr'>migraverint,</span> <span class='ocrx_word' id='word_1_167' title='bbox 710 1795 742 1828; x_wconf 91' lang='lat' dir='ltr'>in</span> <span class='ocrx_word' id='word_1_168' title='bbox 779 1806 836 1828; x_wconf 89' lang='lat' dir='ltr'>nos</span> <span class='ocrx_word' id='word_1_169' title='bbox 867 1802 899 1828; x_wconf 88' lang='lat' dir='ltr'>et</span> <span class='ocrx_word' id='word_1_170' title='bbox 931 1796 1047 1830; x_wconf 86' lang='lat' dir='ltr'>Sedem</span> 
     </span>
     <span class='ocr_line' id='line_1_33' title="bbox 312 1850 1048 1894; baseline 0 -11"><span class='ocrx_word' id='word_1_171' title='bbox 312 1851 533 1894; x_wconf 83' lang='lat' dir='ltr'>Apostolicam</span> <span class='ocrx_word' id='word_1_172' title='bbox 557 1850 750 1883; x_wconf 78' lang='lat' dir='ltr'>assumimus</span> <span class='ocrx_word' id='word_1_173' title='bbox 767 1877 774 1890; x_wconf 81' lang='lat'><em>‚</em></span> <span class='ocrx_word' id='word_1_174' title='bbox 801 1861 836 1882; x_wconf 87' lang='lat' dir='ltr'>ac</span> <span class='ocrx_word' id='word_1_175' title='bbox 860 1855 989 1883; x_wconf 84' lang='lat' dir='ltr'>nostrae</span> <span class='ocrx_word' id='word_1_176' title='bbox 1016 1857 1048 1883; x_wconf 87' lang='lat' dir='ltr'>et</span> 
     </span>
     <span class='ocr_line' id='line_1_34' title="bbox 312 1903 1042 1937; baseline -0.001 0"><span class='ocrx_word' id='word_1_177' title='bbox 312 1904 457 1937; x_wconf 84' lang='lat' dir='ltr'>eiusdem</span> <span class='ocrx_word' id='word_1_178' title='bbox 483 1903 572 1936; x_wconf 80' lang='lat' dir='ltr'>Sedis</span> <span class='ocrx_word' id='word_1_179' title='bbox 598 1903 796 1936; x_wconf 86' lang='lat' dir='ltr'>ordinationi</span> <span class='ocrx_word' id='word_1_180' title='bbox 828 1914 1042 1936; x_wconf 70' lang='lat' dir='ltr'>reservamus,</span> 
     </span>
     <span class='ocr_line' id='line_1_35' title="bbox 310 1955 1044 1997; baseline -0.001 -8"><span class='ocrx_word' id='word_1_181' title='bbox 310 1956 462 1989; x_wconf 71' lang='lat' dir='ltr'>Volentes</span> <span class='ocrx_word' id='word_1_182' title='bbox 487 1961 522 1988; x_wconf 92' lang='lat' dir='ltr'>ut</span> <span class='ocrx_word' id='word_1_183' title='bbox 548 1956 683 1988; x_wconf 87' lang='lat' dir='ltr'>dilectus</span> <span class='ocrx_word' id='word_1_184' title='bbox 714 1955 798 1988; x_wconf 81' lang='lat' dir='ltr'>silius</span> <span class='ocrx_word' id='word_1_185' title='bbox 826 1966 1044 1997; x_wconf 75' lang='lat' dir='ltr'>oeconomus,</span> 
     </span>
     <span class='ocr_line' id='line_1_36' title="bbox 309 2009 1044 2042; baseline 0 -1"><span class='ocrx_word' id='word_1_186' title='bbox 309 2009 470 2042; x_wconf 88' lang='lat' dir='ltr'>honorum</span> <span class='ocrx_word' id='word_1_187' title='bbox 483 2009 559 2041; x_wconf 84' lang='lat' dir='ltr'>dicti</span> <span class='ocrx_word' id='word_1_188' title='bbox 578 2014 754 2041; x_wconf 88' lang='lat' dir='ltr'>conventus</span> <span class='ocrx_word' id='word_1_189' title='bbox 773 2009 1044 2041; x_wconf 75' lang='lat' dir='ltr'>administrationi</span> 
     </span>
     <span class='ocr_line' id='line_1_37' title="bbox 310 2063 1043 2106; baseline 0.001 -12"><span class='ocrx_word' id='word_1_190' title='bbox 310 2063 521 2106; x_wconf 54' lang='lat' dir='ltr'>praepositus</span> <span class='ocrx_word' id='word_1_191' title='bbox 535 2063 848 2095; x_wconf 78' lang='lat' dir='ltr'>administrationem</span> <span class='ocrx_word' id='word_1_192' title='bbox 863 2063 975 2095; x_wconf 87' lang='lat' dir='ltr'>domus</span> <span class='ocrx_word' id='word_1_193' title='bbox 989 2074 1043 2095; x_wconf 86' lang='lat' dir='ltr'>seu</span> 
     </span>
     <span class='ocr_line' id='line_1_38' title="bbox 309 2115 1044 2159; baseline 0.001 -12"><span class='ocrx_word' id='word_1_194' title='bbox 309 2115 542 2148; x_wconf 83' lang='lat' dir='ltr'>conservatorii</span> <span class='ocrx_word' id='word_1_195' title='bbox 581 2116 716 2159; x_wconf 84' lang='lat' dir='ltr'>eiusque</span> <span class='ocrx_word' id='word_1_196' title='bbox 757 2116 976 2149; x_wconf 80' lang='lat' dir='ltr'>membrorum</span> <span class='ocrx_word' id='word_1_197' title='bbox 1013 2122 1044 2148; x_wconf 87' lang='lat' dir='ltr'>et</span> 
     </span>
     <span class='ocr_line' id='line_1_39' title="bbox 308 2168 1043 2212; baseline 0.001 -12"><span class='ocrx_word' id='word_1_198' title='bbox 308 2168 578 2211; x_wconf 79' lang='lat' dir='ltr'>pertinentiarum</span> <span class='ocrx_word' id='word_1_199' title='bbox 606 2169 790 2201; x_wconf 76' lang='lat' dir='ltr'>huiusmodi</span> <span class='ocrx_word' id='word_1_200' title='bbox 817 2169 979 2212; x_wconf 82' lang='lat' dir='ltr'>suscipiat,</span> <span class='ocrx_word' id='word_1_201' title='bbox 1007 2169 1043 2202; x_wconf 89' lang='lat' dir='ltr'>il-</span> 
     </span>
     <span class='ocr_line' id='line_1_40' title="bbox 307 2221 1042 2265; baseline 0.001 -12"><span class='ocrx_word' id='word_1_202' title='bbox 307 2221 402 2263; x_wconf 82' lang='lat' dir='ltr'>iaque</span> <span class='ocrx_word' id='word_1_203' title='bbox 426 2221 553 2254; x_wconf 88' lang='lat' dir='ltr'>meliori</span> <span class='ocrx_word' id='word_1_204' title='bbox 578 2232 640 2265; x_wconf 85' lang='lat' dir='ltr'>qua</span> <span class='ocrx_word' id='word_1_205' title='bbox 670 2221 741 2254; x_wconf 81' lang='lat' dir='ltr'>sieri</span> <span class='ocrx_word' id='word_1_206' title='bbox 774 2222 895 2264; x_wconf 91' lang='lat' dir='ltr'>poterit</span> <span class='ocrx_word' id='word_1_207' title='bbox 931 2222 1042 2254; x_wconf 86' lang='lat' dir='ltr'>condi-</span> 
     </span>
     <span class='ocr_line' id='line_1_41' title="bbox 310 2273 1040 2317; baseline 0.004 -13"><span class='ocrx_word' id='word_1_208' title='bbox 310 2273 397 2305; x_wconf 90' lang='lat' dir='ltr'>tione</span> <span class='ocrx_word' id='word_1_209' title='bbox 429 2274 569 2307; x_wconf 87' lang='lat' dir='ltr'>vendere</span> <span class='ocrx_word' id='word_1_210' title='bbox 602 2280 774 2317; x_wconf 85' lang='lat' dir='ltr'>procuret,</span> <span class='ocrx_word' id='word_1_211' title='bbox 807 2285 842 2306; x_wconf 85' lang='lat' dir='ltr'>ac</span> <span class='ocrx_word' id='word_1_212' title='bbox 874 2285 910 2307; x_wconf 88' lang='lat' dir='ltr'>ex</span> <span class='ocrx_word' id='word_1_213' title='bbox 935 2275 1040 2317; x_wconf 85' lang='lat' dir='ltr'>pretio</span> 
     </span>
     <span class='ocr_line' id='line_1_42' title="bbox 308 2325 1041 2372; baseline 0.005 -14"><span class='ocrx_word' id='word_1_214' title='bbox 308 2325 382 2359; x_wconf 90' lang='lat' dir='ltr'>inde</span> <span class='ocrx_word' id='word_1_215' title='bbox 407 2333 605 2369; x_wconf 87' lang='lat' dir='ltr'>proventuro</span> <span class='ocrx_word' id='word_1_216' title='bbox 641 2338 767 2360; x_wconf 83' lang='lat' dir='ltr'>annuos</span> <span class='ocrx_word' id='word_1_217' title='bbox 801 2335 976 2372; x_wconf 85' lang='lat' dir='ltr'>perpetuos</span> <span class='ocrx_word' id='word_1_218' title='bbox 1010 2336 1041 2362; x_wconf 88' lang='lat' dir='ltr'>et</span> 
     </span>
     <span class='ocr_line' id='line_1_43' title="bbox 305 2378 1038 2424; baseline 0.004 -13"><span class='ocrx_word' id='word_1_219' title='bbox 305 2378 505 2413; x_wconf 82' lang='lat' dir='ltr'>redimibiles</span> <span class='ocrx_word' id='word_1_220' title='bbox 525 2390 648 2420; x_wconf 85' lang='lat' dir='ltr'>census,</span> <span class='ocrx_word' id='word_1_221' title='bbox 664 2380 719 2424; x_wconf 85' lang='lat' dir='ltr'>qui</span> <span class='ocrx_word' id='word_1_222' title='bbox 740 2381 879 2424; x_wconf 81' lang='lat' dir='ltr'>desuper</span> <span class='ocrx_word' id='word_1_223' title='bbox 898 2382 1038 2424; x_wconf 75' lang='lat' dir='ltr'>legitime</span> 
     </span>
    </p>
   </div>
   <div class='ocr_carea' id='block_1_4' title="bbox 303 2430 1061 2477">
    <p class='ocr_par' dir='ltr' id='par_1_4' title="bbox 303 2430 1061 2477">
     <span class='ocr_line' id='line_1_44' title="bbox 303 2430 1061 2477; baseline 0.005 -14"><span class='ocrx_word' id='word_1_224' title='bbox 303 2430 447 2475; x_wconf 82' lang='lat' dir='ltr'>impositi</span> <span class='ocrx_word' id='word_1_225' title='bbox 474 2432 683 2475; x_wconf 87' lang='lat' dir='ltr'>reperiuntur</span> <span class='ocrx_word' id='word_1_226' title='bbox 718 2433 849 2466; x_wconf 89' lang='lat' dir='ltr'>omnino</span> <span class='ocrx_word' id='word_1_227' title='bbox 874 2435 1061 2477; x_wconf 51' lang='lat' dir='ltr'>extinguat¹</span> 
     </span>
    </p>
   </div>
   <div class='ocr_carea' id='block_1_5' title="bbox 303 2486 1038 2636">
    <p class='ocr_par' dir='ltr' id='par_1_5' title="bbox 303 2486 1038 2636">
     <span class='ocr_line' id='line_1_45' title="bbox 303 2486 1038 2527; baseline 0.004 -10"><span class='ocrx_word' id='word_1_228' title='bbox 303 2491 337 2517; x_wconf 86' lang='lat' dir='ltr'>et</span> <span class='ocrx_word' id='word_1_229' title='bbox 361 2486 518 2526; x_wconf 73' lang='lat' dir='ltr'>redimat,</span> <span class='ocrx_word' id='word_1_230' title='bbox 552 2487 676 2519; x_wconf 85' lang='lat' dir='ltr'>interea</span> <span class='ocrx_word' id='word_1_231' title='bbox 701 2497 793 2527; x_wconf 81' lang='lat' dir='ltr'>vero,</span> <span class='ocrx_word' id='word_1_232' title='bbox 828 2488 931 2520; x_wconf 88' lang='lat' dir='ltr'>donee</span> <span class='ocrx_word' id='word_1_233' title='bbox 958 2489 1038 2520; x_wconf 76' lang='lat' dir='ltr'>taeta</span> 
     </span>
     <span class='ocr_line' id='line_1_46' title="bbox 304 2539 1035 2579; baseline 0.004 -9"><span class='ocrx_word' id='word_1_234' title='bbox 304 2539 402 2571; x_wconf 81' lang='lat' dir='ltr'>suerit</span> <span class='ocrx_word' id='word_1_235' title='bbox 427 2540 610 2572; x_wconf 88' lang='lat' dir='ltr'>huiusmodi</span> <span class='ocrx_word' id='word_1_236' title='bbox 637 2541 792 2579; x_wconf 78' lang='lat' dir='ltr'>venditio,</span> <span class='ocrx_word' id='word_1_237' title='bbox 820 2541 948 2573; x_wconf 86' lang='lat' dir='ltr'>domum</span> <span class='ocrx_word' id='word_1_238' title='bbox 979 2552 1035 2573; x_wconf 87' lang='lat' dir='ltr'>seu</span> 
     </span>
     <span class='ocr_line' id='line_1_47' title="bbox 303 2593 1036 2636; baseline 0.001 -12"><span class='ocrx_word' id='word_1_239' title='bbox 303 2593 592 2633; x_wconf 78' lang='lat' dir='ltr'>conservatorium‚</span> <span class='ocrx_word' id='word_1_240' title='bbox 618 2593 750 2636; x_wconf 67' lang='lat' dir='ltr'>eiusque</span> <span class='ocrx_word' id='word_1_241' title='bbox 776 2593 989 2636; x_wconf 80' lang='lat' dir='ltr'>pertinentias</span> <span class='ocrx_word' id='word_1_242' title='bbox 1004 2599 1036 2626; x_wconf 89' lang='lat' dir='ltr'>et</span> 
     </span>
    </p>
   </div>
   <div class='ocr_carea' id='block_1_6' title="bbox 1059 309 1091 2566">
    <p class='ocr_par' dir='ltr' id='par_1_6' title="bbox 1059 309 1091 2566">
     <span class='ocr_line' id='line_1_48' title="bbox 1059 309 1091 2566; baseline 0 0"><span class='ocrx_word' id='word_1_243' title='bbox 1059 309 1091 2566; x_wconf 95' lang='lat' dir='ltr'> </span> 
     </span>
    </p>
   </div>
   <div class='ocr_carea' id='block_1_7' title="bbox 1081 263 1846 2640">
    <p class='ocr_par' dir='ltr' id='par_1_7' title="bbox 1101 263 1846 1102">
     <span class='ocr_line' id='line_1_49' title="bbox 1111 263 1845 308; baseline 0.004 -14"><span class='ocrx_word' id='word_1_244' title='bbox 1111 263 1255 296; x_wconf 80' lang='lat' dir='ltr'>membra</span> <span class='ocrx_word' id='word_1_245' title='bbox 1274 264 1415 306; x_wconf 74' lang='lat' dir='ltr'>praefata</span> <span class='ocrx_word' id='word_1_246' title='bbox 1432 264 1558 305; x_wconf 82' lang='lat' dir='ltr'>meliori</span> <span class='ocrx_word' id='word_1_247' title='bbox 1578 264 1687 298; x_wconf 84' lang='lat' dir='ltr'>itidem</span> <span class='ocrx_word' id='word_1_248' title='bbox 1700 275 1760 308; x_wconf 79' lang='lat' dir='ltr'>qua</span> <span class='ocrx_word' id='word_1_249' title='bbox 1778 264 1845 297; x_wconf 76' lang='lat' dir='ltr'>lieri</span> 
     </span>
     <span class='ocr_line' id='line_1_50' title="bbox 1111 317 1846 362; baseline 0.005 -14"><span class='ocrx_word' id='word_1_250' title='bbox 1111 317 1227 358; x_wconf 86' lang='lat' dir='ltr'>poterit</span> <span class='ocrx_word' id='word_1_251' title='bbox 1251 318 1435 351; x_wconf 81' lang='lat' dir='ltr'>conditione</span> <span class='ocrx_word' id='word_1_252' title='bbox 1452 319 1543 357; x_wconf 71' lang='lat' dir='ltr'>locet,</span> <span class='ocrx_word' id='word_1_253' title='bbox 1570 324 1602 351; x_wconf 88' lang='lat' dir='ltr'>et</span> <span class='ocrx_word' id='word_1_254' title='bbox 1620 329 1657 351; x_wconf 85' lang='lat' dir='ltr'>ex</span> <span class='ocrx_word' id='word_1_255' title='bbox 1682 319 1846 362; x_wconf 86' lang='lat' dir='ltr'>pensioni·</span> 
     </span>
     <span class='ocr_line' id='line_1_51' title="bbox 1110 369 1844 413; baseline 0.01 -14"><span class='ocrx_word' id='word_1_256' title='bbox 1110 369 1167 401; x_wconf 86' lang='lat' dir='ltr'>bus</span> <span class='ocrx_word' id='word_1_257' title='bbox 1192 370 1266 403; x_wconf 91' lang='lat' dir='ltr'>inde</span> <span class='ocrx_word' id='word_1_258' title='bbox 1293 372 1498 413; x_wconf 83' lang='lat' dir='ltr'>proventuris</span> <span class='ocrx_word' id='word_1_259' title='bbox 1517 373 1638 405; x_wconf 79' lang='lat' dir='ltr'>fruetus</span> <span class='ocrx_word' id='word_1_260' title='bbox 1655 370 1844 406; x_wconf 83' lang='lat' dir='ltr'>eorumdem</span> 
     </span>
     <span class='ocr_line' id='line_1_52' title="bbox 1110 425 1845 469; baseline 0.008 -16"><span class='ocrx_word' id='word_1_261' title='bbox 1110 432 1264 455; x_wconf 75' lang='lat' dir='ltr'>censuum</span> <span class='ocrx_word' id='word_1_262' title='bbox 1282 425 1399 464; x_wconf 71' lang='lat' dir='ltr'>solvat,</span> <span class='ocrx_word' id='word_1_263' title='bbox 1420 425 1574 468; x_wconf 76' lang='lat' dir='ltr'>quidquid</span> <span class='ocrx_word' id='word_1_264' title='bbox 1593 431 1700 458; x_wconf 84' lang='lat' dir='ltr'>autem</span> <span class='ocrx_word' id='word_1_265' title='bbox 1720 436 1756 459; x_wconf 82' lang='lat' dir='ltr'>ex</span> <span class='ocrx_word' id='word_1_266' title='bbox 1776 436 1845 469; x_wconf 86' lang='lat' dir='ltr'>pre·</span> 
     </span>
     <span class='ocr_line' id='line_1_53' title="bbox 1111 475 1844 522; baseline 0.008 -16"><span class='ocrx_word' id='word_1_267' title='bbox 1111 475 1153 507; x_wconf 88' lang='lat' dir='ltr'>tio</span> <span class='ocrx_word' id='word_1_268' title='bbox 1178 482 1251 518; x_wconf 87' lang='lat' dir='ltr'>post</span> <span class='ocrx_word' id='word_1_269' title='bbox 1275 478 1432 510; x_wconf 70' lang='lat' dir='ltr'>extinctos</span> <span class='ocrx_word' id='word_1_270' title='bbox 1455 489 1568 511; x_wconf 83' lang='lat' dir='ltr'>census</span> <span class='ocrx_word' id='word_1_271' title='bbox 1595 484 1626 511; x_wconf 90' lang='lat' dir='ltr'>et</span> <span class='ocrx_word' id='word_1_272' title='bbox 1657 489 1693 512; x_wconf 75' lang='lat' dir='ltr'>ex</span> <span class='ocrx_word' id='word_1_273' title='bbox 1715 479 1844 522; x_wconf 87' lang='lat' dir='ltr'>pensio-</span> 
     </span>
     <span class='ocr_line' id='line_1_54' title="bbox 1108 528 1842 574; baseline 0.01 -16"><span class='ocrx_word' id='word_1_274' title='bbox 1108 528 1200 561; x_wconf 85' lang='lat' dir='ltr'>nibus</span> <span class='ocrx_word' id='word_1_275' title='bbox 1236 531 1410 571; x_wconf 83' lang='lat' dir='ltr'>praedietis</span> <span class='ocrx_word' id='word_1_276' title='bbox 1450 538 1522 574; x_wconf 80' lang='lat' dir='ltr'>post</span> <span class='ocrx_word' id='word_1_277' title='bbox 1559 533 1681 565; x_wconf 82' lang='lat' dir='ltr'>solutos</span> <span class='ocrx_word' id='word_1_278' title='bbox 1719 533 1842 566; x_wconf 79' lang='lat' dir='ltr'>fructus</span> 
     </span>
     <span class='ocr_line' id='line_1_55' title="bbox 1109 580 1840 627; baseline 0.011 -16"><span class='ocrx_word' id='word_1_279' title='bbox 1109 580 1290 615; x_wconf 83' lang='lat' dir='ltr'>huiusmodi</span> <span class='ocrx_word' id='word_1_280' title='bbox 1316 584 1494 627; x_wconf 78' lang='lat' dir='ltr'>respective</span> <span class='ocrx_word' id='word_1_281' title='bbox 1513 585 1723 627; x_wconf 78' lang='lat' dir='ltr'>superfuerit,</span> <span class='ocrx_word' id='word_1_282' title='bbox 1743 586 1774 618; x_wconf 93' lang='lat' dir='ltr'>id</span> <span class='ocrx_word' id='word_1_283' title='bbox 1794 591 1840 619; x_wconf 88' lang='lat' dir='ltr'>to-</span> 
     </span>
     <span class='ocr_line' id='line_1_56' title="bbox 1108 637 1841 672; baseline 0.011 -8"><span class='ocrx_word' id='word_1_284' title='bbox 1108 638 1171 666; x_wconf 81' lang='lat' dir='ltr'>tun]</span> <span class='ocrx_word' id='word_1_285' title='bbox 1196 640 1326 668; x_wconf 79' lang='lat' dir='ltr'>nostrae</span> <span class='ocrx_word' id='word_1_286' title='bbox 1353 642 1384 668; x_wconf 85' lang='lat' dir='ltr'>et</span> <span class='ocrx_word' id='word_1_287' title='bbox 1401 637 1504 670; x_wconf 83' lang='lat' dir='ltr'>dictae</span> <span class='ocrx_word' id='word_1_288' title='bbox 1523 637 1613 670; x_wconf 75' lang='lat' dir='ltr'>Sedis</span> <span class='ocrx_word' id='word_1_289' title='bbox 1638 639 1758 671; x_wconf 81' lang='lat' dir='ltr'>liberae</span> <span class='ocrx_word' id='word_1_290' title='bbox 1777 639 1841 672; x_wconf 85' lang='lat' dir='ltr'>dis-</span> 
     </span>
     <span class='ocr_line' id='line_1_57' title="bbox 1106 688 1839 733; baseline 0.008 -14"><span class='ocrx_word' id='word_1_291' title='bbox 1106 688 1262 730; x_wconf 86' lang='lat' dir='ltr'>positioni</span> <span class='ocrx_word' id='word_1_292' title='bbox 1293 694 1324 721; x_wconf 90' lang='lat' dir='ltr'>et</span> <span class='ocrx_word' id='word_1_293' title='bbox 1355 690 1550 723; x_wconf 88' lang='lat' dir='ltr'>ordinationi</span> <span class='ocrx_word' id='word_1_294' title='bbox 1577 691 1698 733; x_wconf 82' lang='lat' dir='ltr'>pariter</span> <span class='ocrx_word' id='word_1_295' title='bbox 1734 702 1839 725; x_wconf 79' lang='lat' dir='ltr'>reser-</span> 
     </span>
     <span class='ocr_line' id='line_1_58' title="bbox 1106 743 1837 784; baseline 0.007 -12"><span class='ocrx_word' id='word_1_296' title='bbox 1106 751 1234 780; x_wconf 86' lang='lat' dir='ltr'>vamus,</span> <span class='ocrx_word' id='word_1_297' title='bbox 1268 751 1304 773; x_wconf 83' lang='lat' dir='ltr'>ae</span> <span class='ocrx_word' id='word_1_298' title='bbox 1335 752 1433 784; x_wconf 81' lang='lat' dir='ltr'>penes</span> <span class='ocrx_word' id='word_1_299' title='bbox 1466 743 1602 776; x_wconf 77' lang='lat' dir='ltr'>Mentem</span> <span class='ocrx_word' id='word_1_300' title='bbox 1635 744 1764 776; x_wconf 81' lang='lat' dir='ltr'>Pietatis</span> <span class='ocrx_word' id='word_1_301' title='bbox 1798 745 1837 778; x_wconf 89' lang='lat' dir='ltr'>de</span> 
     </span>
     <span class='ocr_line' id='line_1_59' title="bbox 1105 793 1838 837; baseline 0.005 -11"><span class='ocrx_word' id='word_1_302' title='bbox 1105 793 1187 827; x_wconf 76' lang='lat' dir='ltr'>[rbe</span> <span class='ocrx_word' id='word_1_303' title='bbox 1214 795 1356 837; x_wconf 72' lang='lat' dir='ltr'>praefata</span> <span class='ocrx_word' id='word_1_304' title='bbox 1381 795 1419 827; x_wconf 89' lang='lat' dir='ltr'>ad</span> <span class='ocrx_word' id='word_1_305' title='bbox 1450 802 1595 828; x_wconf 76' lang='lat' dir='ltr'>nostrum</span> <span class='ocrx_word' id='word_1_306' title='bbox 1629 802 1659 829; x_wconf 91' lang='lat' dir='ltr'>et</span> <span class='ocrx_word' id='word_1_307' title='bbox 1693 797 1838 831; x_wconf 87' lang='lat' dir='ltr'>eiusdem</span> 
     </span>
     <span class='ocr_line' id='line_1_60' title="bbox 1103 847 1838 891; baseline 0.004 -12"><span class='ocrx_word' id='word_1_308' title='bbox 1103 847 1194 879; x_wconf 81' lang='lat' dir='ltr'>Sedis</span> <span class='ocrx_word' id='word_1_309' title='bbox 1221 848 1380 880; x_wconf 85' lang='lat' dir='ltr'>creditum</span> <span class='ocrx_word' id='word_1_310' title='bbox 1406 848 1526 891; x_wconf 82' lang='lat' dir='ltr'>deponi</span> <span class='ocrx_word' id='word_1_311' title='bbox 1544 849 1691 881; x_wconf 86' lang='lat' dir='ltr'>volumus</span> <span class='ocrx_word' id='word_1_312' title='bbox 1709 854 1740 882; x_wconf 89' lang='lat' dir='ltr'>et</span> <span class='ocrx_word' id='word_1_313' title='bbox 1754 860 1838 882; x_wconf 84' lang='lat' dir='ltr'>man·</span> 
     </span>
     <span class='ocr_line' id='line_1_61' title="bbox 1103 900 1838 945; baseline 0.005 -14"><span class='ocrx_word' id='word_1_314' title='bbox 1103 900 1234 940; x_wconf 85' lang='lat' dir='ltr'>damus;</span> <span class='ocrx_word' id='word_1_315' title='bbox 1260 911 1387 933; x_wconf 85' lang='lat' dir='ltr'>necnon</span> <span class='ocrx_word' id='word_1_316' title='bbox 1406 901 1510 933; x_wconf 86' lang='lat' dir='ltr'>eidem</span> <span class='ocrx_word' id='word_1_317' title='bbox 1530 912 1711 934; x_wconf 87' lang='lat' dir='ltr'>oeconomo</span> <span class='ocrx_word' id='word_1_318' title='bbox 1729 913 1838 945; x_wconf 87' lang='lat' dir='ltr'>quam-</span> 
     </span>
     <span class='ocr_line' id='line_1_62' title="bbox 1102 953 1836 997; baseline 0.005 -14"><span class='ocrx_word' id='word_1_319' title='bbox 1102 963 1240 995; x_wconf 79' lang='lat' dir='ltr'>cumque</span> <span class='ocrx_word' id='word_1_320' title='bbox 1267 953 1482 986; x_wconf 76' lang='lat' dir='ltr'>necessariam</span> <span class='ocrx_word' id='word_1_321' title='bbox 1509 959 1540 986; x_wconf 88' lang='lat' dir='ltr'>et</span> <span class='ocrx_word' id='word_1_322' title='bbox 1562 959 1778 997; x_wconf 77' lang='lat' dir='ltr'>opportunam</span> <span class='ocrx_word' id='word_1_323' title='bbox 1799 956 1836 988; x_wconf 84' lang='lat' dir='ltr'>ad</span> 
     </span>
     <span class='ocr_line' id='line_1_63' title="bbox 1101 1005 1835 1047; baseline 0.005 -11"><span class='ocrx_word' id='word_1_324' title='bbox 1101 1005 1277 1047; x_wconf 80' lang='lat' dir='ltr'>praeniissa</span> <span class='ocrx_word' id='word_1_325' title='bbox 1302 1006 1486 1039; x_wconf 79' lang='lat' dir='ltr'>facultatem</span> <span class='ocrx_word' id='word_1_326' title='bbox 1513 1007 1628 1039; x_wconf 82' lang='lat' dir='ltr'>harum</span> <span class='ocrx_word' id='word_1_327' title='bbox 1665 1008 1746 1040; x_wconf 87' lang='lat' dir='ltr'>serie</span> <span class='ocrx_word' id='word_1_328' title='bbox 1780 1008 1835 1040; x_wconf 84' lang='lat' dir='ltr'>tri-</span> 
     </span>
     <span class='ocr_line' id='line_1_64' title="bbox 1101 1058 1523 1102; baseline 0.005 -12"><span class='ocrx_word' id='word_1_329' title='bbox 1101 1058 1228 1091; x_wconf 83' lang='lat' dir='ltr'>buimus</span> <span class='ocrx_word' id='word_1_330' title='bbox 1254 1065 1284 1092; x_wconf 88' lang='lat' dir='ltr'>et</span> <span class='ocrx_word' id='word_1_331' title='bbox 1309 1059 1523 1102; x_wconf 83' lang='lat' dir='ltr'>impertimur.</span> 
     </span>
    </p>

    <p class='ocr_par' dir='ltr' id='par_1_8' title="bbox 1081 1112 1835 2585">
     <span class='ocr_line' id='line_1_65' title="bbox 1143 1112 1835 1158; baseline 0.004 -13"><span class='ocrx_word' id='word_1_332' title='bbox 1143 1112 1157 1155; x_wconf 63' lang='grc' dir='ltr'><em>ἓ</em></span> <span class='ocrx_word' id='word_1_333' title='bbox 1194 1112 1224 1145; x_wconf 68' lang='lat'>02.</span> <span class='ocrx_word' id='word_1_334' title='bbox 1267 1113 1411 1146; x_wconf 84' lang='lat' dir='ltr'>Ceterum</span> <span class='ocrx_word' id='word_1_335' title='bbox 1444 1124 1507 1146; x_wconf 91' lang='lat' dir='ltr'>non</span> <span class='ocrx_word' id='word_1_336' title='bbox 1542 1114 1739 1147; x_wconf 86' lang='lat' dir='ltr'>intendimus</span> <span class='ocrx_word' id='word_1_337' title='bbox 1776 1125 1835 1158; x_wconf 89' lang='lat' dir='ltr'>per</span> 
     </span>
     <span class='ocr_line' id='line_1_66' title="bbox 1099 1167 1832 1208; baseline 0.004 -11"><span class='ocrx_word' id='word_1_338' title='bbox 1099 1171 1283 1208; x_wconf 82' lang='lat' dir='ltr'>praesentes</span> <span class='ocrx_word' id='word_1_339' title='bbox 1303 1167 1427 1198; x_wconf 73' lang='lat' dir='ltr'>litteras</span> <span class='ocrx_word' id='word_1_340' title='bbox 1455 1167 1545 1199; x_wconf 90' lang='lat' dir='ltr'>titulo</span> <span class='ocrx_word' id='word_1_341' title='bbox 1571 1167 1774 1200; x_wconf 80' lang='lat' dir='ltr'>cardinalitio</span> <span class='ocrx_word' id='word_1_342' title='bbox 1800 1168 1832 1200; x_wconf 91' lang='lat' dir='ltr'>in</span> 
     </span>
     <span class='ocr_line' id='line_1_67' title="bbox 1098 1219 1830 1262; baseline 0.003 -11"><span class='ocrx_word' id='word_1_343' title='bbox 1098 1220 1240 1262; x_wconf 76' lang='lat' dir='ltr'>praefata</span> <span class='ocrx_word' id='word_1_344' title='bbox 1265 1219 1401 1251; x_wconf 71' lang='lat' dir='ltr'>ecclesia</span> <span class='ocrx_word' id='word_1_345' title='bbox 1440 1220 1487 1252; x_wconf 80' lang='lat' dir='ltr'>Ss.</span> <span class='ocrx_word' id='word_1_346' title='bbox 1526 1219 1653 1252; x_wconf 79' lang='lat' dir='ltr'>loannis</span> <span class='ocrx_word' id='word_1_347' title='bbox 1687 1227 1718 1252; x_wconf 93' lang='lat' dir='ltr'>et</span> <span class='ocrx_word' id='word_1_348' title='bbox 1743 1220 1830 1254; x_wconf 81' lang='lat' dir='ltr'>Pauli</span> 
     </span>
     <span class='ocr_line' id='line_1_68' title="bbox 1097 1271 1830 1314; baseline 0.003 -10"><span class='ocrx_word' id='word_1_349' title='bbox 1097 1271 1246 1304; x_wconf 73' lang='lat' dir='ltr'>existenti</span> <span class='ocrx_word' id='word_1_350' title='bbox 1272 1273 1338 1304; x_wconf 92' lang='lat' dir='ltr'>ullo</span> <span class='ocrx_word' id='word_1_351' title='bbox 1364 1272 1459 1304; x_wconf 90' lang='lat' dir='ltr'>modo</span> <span class='ocrx_word' id='word_1_352' title='bbox 1490 1272 1713 1314; x_wconf 84' lang='lat' dir='ltr'>praeiudicare</span> <span class='ocrx_word' id='word_1_353' title='bbox 1732 1300 1739 1313; x_wconf 93' lang='lat'>,</span> <span class='ocrx_word' id='word_1_354' title='bbox 1774 1275 1830 1307; x_wconf 87' lang='lat' dir='ltr'>sed</span> 
     </span>
     <span class='ocr_line' id='line_1_69' title="bbox 1096 1322 1827 1366; baseline 0.004 -10"><span class='ocrx_word' id='word_1_355' title='bbox 1096 1322 1201 1356; x_wconf 82' lang='lat' dir='ltr'>iilum¹</span> <span class='ocrx_word' id='word_1_356' title='bbox 1219 1324 1251 1355; x_wconf 92' lang='lat' dir='ltr'>in</span> <span class='ocrx_word' id='word_1_357' title='bbox 1271 1334 1328 1356; x_wconf 87' lang='lat' dir='ltr'>suo</span> <span class='ocrx_word' id='word_1_358' title='bbox 1346 1324 1453 1365; x_wconf 68' lang='lat' dir='ltr'>vigore</span> <span class='ocrx_word' id='word_1_359' title='bbox 1472 1329 1506 1355; x_wconf 90' lang='lat' dir='ltr'>ut</span> <span class='ocrx_word' id='word_1_360' title='bbox 1526 1324 1615 1366; x_wconf 89' lang='lat' dir='ltr'>prius</span> <span class='ocrx_word' id='word_1_361' title='bbox 1635 1335 1827 1366; x_wconf 82' lang='lat' dir='ltr'>remanere;</span> 
     </span>
     <span class='ocr_line' id='line_1_70' title="bbox 1095 1376 1829 1418; baseline 0.004 -10"><span class='ocrx_word' id='word_1_362' title='bbox 1095 1376 1180 1418; x_wconf 85' lang='lat' dir='ltr'>ipsas</span> <span class='ocrx_word' id='word_1_363' title='bbox 1205 1386 1279 1408; x_wconf 83' lang='lat' dir='ltr'>vero</span> <span class='ocrx_word' id='word_1_364' title='bbox 1305 1381 1491 1418; x_wconf 86' lang='lat' dir='ltr'>praesentes</span> <span class='ocrx_word' id='word_1_365' title='bbox 1516 1376 1637 1409; x_wconf 82' lang='lat' dir='ltr'>litteras</span> <span class='ocrx_word' id='word_1_366' title='bbox 1671 1382 1702 1409; x_wconf 89' lang='lat' dir='ltr'>et</span> <span class='ocrx_word' id='word_1_367' title='bbox 1726 1378 1758 1410; x_wconf 90' lang='lat' dir='ltr'>in</span> <span class='ocrx_word' id='word_1_368' title='bbox 1784 1378 1829 1411; x_wconf 91' lang='lat' dir='ltr'>eis</span> 
     </span>
     <span class='ocr_line' id='line_1_71' title="bbox 1095 1429 1829 1474; baseline 0.003 -12"><span class='ocrx_word' id='word_1_369' title='bbox 1095 1435 1245 1462; x_wconf 83' lang='lat' dir='ltr'>contenta</span> <span class='ocrx_word' id='word_1_370' title='bbox 1263 1440 1498 1472; x_wconf 84' lang='lat' dir='ltr'>quaecumque,</span> <span class='ocrx_word' id='word_1_371' title='bbox 1515 1429 1609 1461; x_wconf 89' lang='lat' dir='ltr'>etiam</span> <span class='ocrx_word' id='word_1_372' title='bbox 1629 1440 1665 1462; x_wconf 85' lang='lat' dir='ltr'>ex</span> <span class='ocrx_word' id='word_1_373' title='bbox 1684 1441 1721 1463; x_wconf 90' lang='lat' dir='ltr'>eo</span> <span class='ocrx_word' id='word_1_374' title='bbox 1742 1431 1829 1474; x_wconf 88' lang='lat' dir='ltr'>quod</span> 
     </span>
     <span class='ocr_line' id='line_1_72' title="bbox 1095 1481 1827 1525; baseline 0.004 -12"><span class='ocrx_word' id='word_1_375' title='bbox 1095 1482 1241 1525; x_wconf 81' lang='lat' dir='ltr'>quilibet,</span> <span class='ocrx_word' id='word_1_376' title='bbox 1262 1481 1404 1514; x_wconf 78' lang='lat' dir='ltr'>cuiusvis</span> <span class='ocrx_word' id='word_1_377' title='bbox 1419 1487 1530 1521; x_wconf 81' lang='lat' dir='ltr'>status,</span> <span class='ocrx_word' id='word_1_378' title='bbox 1549 1483 1674 1524; x_wconf 74' lang='lat' dir='ltr'>gradus,</span> <span class='ocrx_word' id='word_1_379' title='bbox 1694 1483 1827 1524; x_wconf 88' lang='lat' dir='ltr'>ordinis,</span> 
     </span>
     <span class='ocr_line' id='line_1_73' title="bbox 1094 1535 1827 1579; baseline 0.004 -13"><span class='ocrx_word' id='word_1_380' title='bbox 1094 1535 1258 1577; x_wconf 66' lang='lat' dir='ltr'>dignitatis</span> <span class='ocrx_word' id='word_1_381' title='bbox 1292 1539 1323 1566; x_wconf 90' lang='lat' dir='ltr'>et</span> <span class='ocrx_word' id='word_1_382' title='bbox 1356 1535 1632 1577; x_wconf 80' lang='lat' dir='ltr'>praeeminentiae</span> <span class='ocrx_word' id='word_1_383' title='bbox 1654 1535 1827 1579; x_wconf 67' lang='lat' dir='ltr'>¹existant,</span> 
     </span>
     <span class='ocr_line' id='line_1_74' title="bbox 1094 1587 1827 1630; baseline 0.003 -11"><span class='ocrx_word' id='word_1_384' title='bbox 1094 1587 1189 1620; x_wconf 79' lang='lat' dir='ltr'>etiam</span> <span class='ocrx_word' id='word_1_385' title='bbox 1215 1587 1433 1621; x_wconf 83' lang='lat' dir='ltr'>cardinalatus</span> <span class='ocrx_word' id='word_1_386' title='bbox 1451 1588 1573 1620; x_wconf 84' lang='lat' dir='ltr'>honore</span> <span class='ocrx_word' id='word_1_387' title='bbox 1593 1588 1774 1630; x_wconf 58' lang='lat' dir='ltr'>fungentes</span> <span class='ocrx_word' id='word_1_388' title='bbox 1796 1588 1827 1622; x_wconf 91' lang='lat' dir='ltr'>in</span> 
     </span>
     <span class='ocr_line' id='line_1_75' title="bbox 1093 1640 1827 1683; baseline 0.003 -11"><span class='ocrx_word' id='word_1_389' title='bbox 1093 1640 1277 1683; x_wconf 82' lang='lat' dir='ltr'>praemissis</span> <span class='ocrx_word' id='word_1_390' title='bbox 1302 1651 1366 1672; x_wconf 27' lang='lat' dir='ltr'>seu*</span> <span class='ocrx_word' id='word_1_391' title='bbox 1384 1650 1496 1673; x_wconf 89' lang='lat' dir='ltr'>eorum</span> <span class='ocrx_word' id='word_1_392' title='bbox 1527 1641 1635 1683; x_wconf 79' lang='lat' dir='ltr'>aliquo</span> <span class='ocrx_word' id='word_1_393' title='bbox 1669 1641 1827 1674; x_wconf 79' lang='lat' dir='ltr'>interesse</span> 
     </span>
     <span class='ocr_line' id='line_1_76' title="bbox 1095 1694 1828 1738; baseline 0.004 -13"><span class='ocrx_word' id='word_1_394' title='bbox 1095 1694 1250 1726; x_wconf 81' lang='lat' dir='ltr'>babentes</span> <span class='ocrx_word' id='word_1_395' title='bbox 1267 1704 1322 1726; x_wconf 87' lang='lat' dir='ltr'>seu</span> <span class='ocrx_word' id='word_1_396' title='bbox 1336 1694 1457 1726; x_wconf 86' lang='lat' dir='ltr'>babere</span> <span class='ocrx_word' id='word_1_397' title='bbox 1476 1694 1721 1737; x_wconf 86' lang='lat' dir='ltr'>quomodolibet</span> <span class='ocrx_word' id='word_1_398' title='bbox 1736 1705 1828 1738; x_wconf 83' lang='lat' dir='ltr'>prae-</span> 
     </span>
     <span class='ocr_line' id='line_1_77' title="bbox 1092 1747 1825 1787; baseline 0.004 -9"><span class='ocrx_word' id='word_1_399' title='bbox 1092 1747 1271 1785; x_wconf 81' lang='lat' dir='ltr'>tendentes,</span> <span class='ocrx_word' id='word_1_400' title='bbox 1291 1747 1353 1779; x_wconf 90' lang='lat' dir='ltr'>illis</span> <span class='ocrx_word' id='word_1_401' title='bbox 1370 1757 1434 1779; x_wconf 92' lang='lat' dir='ltr'>non</span> <span class='ocrx_word' id='word_1_402' title='bbox 1452 1747 1689 1787; x_wconf 84' lang='lat' dir='ltr'>consenserint,</span> <span class='ocrx_word' id='word_1_403' title='bbox 1709 1758 1769 1780; x_wconf 88' lang='lat' dir='ltr'>nee</span> <span class='ocrx_word' id='word_1_404' title='bbox 1787 1749 1825 1782; x_wconf 86' lang='lat' dir='ltr'>ad</span> 
     </span>
     <span class='ocr_line' id='line_1_78' title="bbox 1091 1799 1822 1843; baseline 0.004 -12"><span class='ocrx_word' id='word_1_405' title='bbox 1091 1810 1127 1831; x_wconf 83' lang='lat' dir='ltr'>ea</span> <span class='ocrx_word' id='word_1_406' title='bbox 1150 1799 1265 1839; x_wconf 81' lang='lat' dir='ltr'>vocati,</span> <span class='ocrx_word' id='word_1_407' title='bbox 1284 1800 1369 1831; x_wconf 82' lang='lat' dir='ltr'>citati</span> <span class='ocrx_word' id='word_1_408' title='bbox 1392 1804 1423 1831; x_wconf 86' lang='lat' dir='ltr'>et</span> <span class='ocrx_word' id='word_1_409' title='bbox 1441 1799 1552 1838; x_wconf 84' lang='lat' dir='ltr'>auditi,</span> <span class='ocrx_word' id='word_1_410' title='bbox 1570 1810 1678 1843; x_wconf 81' lang='lat' dir='ltr'>neque</span> <span class='ocrx_word' id='word_1_411' title='bbox 1697 1811 1822 1838; x_wconf 80' lang='lat' dir='ltr'>causae,</span> 
     </span>
     <span class='ocr_line' id='line_1_79' title="bbox 1089 1853 1825 1896; baseline 0.004 -12"><span class='ocrx_word' id='word_1_412' title='bbox 1089 1857 1226 1895; x_wconf 86' lang='lat' dir='ltr'>propter</span> <span class='ocrx_word' id='word_1_413' title='bbox 1251 1863 1328 1895; x_wconf 86' lang='lat' dir='ltr'>quas</span> <span class='ocrx_word' id='word_1_414' title='bbox 1355 1853 1487 1885; x_wconf 83' lang='lat' dir='ltr'>eaedem</span> <span class='ocrx_word' id='word_1_415' title='bbox 1520 1859 1709 1896; x_wconf 86' lang='lat' dir='ltr'>praesentes</span> <span class='ocrx_word' id='word_1_416' title='bbox 1741 1864 1825 1887; x_wconf 83' lang='lat' dir='ltr'>erna-</span> 
     </span>
     <span class='ocr_line' id='line_1_80' title="bbox 1090 1904 1821 1945; baseline 0.004 -9"><span class='ocrx_word' id='word_1_417' title='bbox 1090 1904 1206 1945; x_wconf 79' lang='lat' dir='ltr'>narint‚</span> <span class='ocrx_word' id='word_1_418' title='bbox 1232 1905 1408 1945; x_wconf 85' lang='lat' dir='ltr'>adductae,</span> <span class='ocrx_word' id='word_1_419' title='bbox 1436 1905 1621 1938; x_wconf 73' lang='lat' dir='ltr'>verificatae</span> <span class='ocrx_word' id='word_1_420' title='bbox 1648 1911 1679 1939; x_wconf 90' lang='lat' dir='ltr'>et</span> <span class='ocrx_word' id='word_1_421' title='bbox 1703 1906 1821 1939; x_wconf 76' lang='lat' dir='ltr'>iustifi-</span> 
     </span>
     <span class='ocr_line' id='line_1_81' title="bbox 1088 1957 1823 2002; baseline 0.004 -12"><span class='ocrx_word' id='word_1_422' title='bbox 1088 1957 1338 1998; x_wconf 64' lang='lat' dir='ltr'>emeruerint,</span> <span class='ocrx_word' id='word_1_423' title='bbox 1373 1963 1428 1990; x_wconf 82' lang='lat' dir='ltr'>aut</span> <span class='ocrx_word' id='word_1_424' title='bbox 1460 1969 1497 1991; x_wconf 84' lang='lat' dir='ltr'>ex</span> <span class='ocrx_word' id='word_1_425' title='bbox 1531 1959 1591 1991; x_wconf 75' lang='lat' dir='ltr'>alia</span> <span class='ocrx_word' id='word_1_426' title='bbox 1625 1970 1823 2002; x_wconf 82' lang='lat' dir='ltr'>quacumque</span> 
     </span>
     <span class='ocr_line' id='line_1_82' title="bbox 1089 2011 1824 2056; baseline 0.005 -14"><span class='ocrx_word' id='word_1_427' title='bbox 1089 2011 1291 2054; x_wconf 72' lang='lat' dir='ltr'>quantumvis</span> <span class='ocrx_word' id='word_1_428' title='bbox 1316 2011 1407 2051; x_wconf 78' lang='lat' dir='ltr'>iusta,</span> <span class='ocrx_word' id='word_1_429' title='bbox 1435 2011 1506 2054; x_wconf 78' lang='lat' dir='ltr'>pia,</span> <span class='ocrx_word' id='word_1_430' title='bbox 1532 2011 1673 2054; x_wconf 73' lang='lat' dir='ltr'>legitima</span> <span class='ocrx_word' id='word_1_431' title='bbox 1703 2017 1734 2045; x_wconf 86' lang='lat' dir='ltr'>et</span> <span class='ocrx_word' id='word_1_432' title='bbox 1759 2013 1824 2056; x_wconf 91' lang='lat' dir='ltr'>pri-</span> 
     </span>
     <span class='ocr_line' id='line_1_83' title="bbox 1087 2064 1823 2108; baseline 0.005 -13"><span class='ocrx_word' id='word_1_433' title='bbox 1087 2064 1235 2106; x_wconf 75' lang='lat' dir='ltr'>vilegiata</span> <span class='ocrx_word' id='word_1_434' title='bbox 1272 2067 1388 2103; x_wconf 80' lang='lat' dir='ltr'>eausa,</span> <span class='ocrx_word' id='word_1_435' title='bbox 1421 2066 1549 2105; x_wconf 85' lang='lat' dir='ltr'>colore,</span> <span class='ocrx_word' id='word_1_436' title='bbox 1585 2072 1751 2108; x_wconf 77' lang='lat' dir='ltr'>praetextu</span> <span class='ocrx_word' id='word_1_437' title='bbox 1791 2071 1823 2099; x_wconf 86' lang='lat' dir='ltr'>et</span> 
     </span>
     <span class='ocr_line' id='line_1_84' title="bbox 1087 2117 1818 2160; baseline 0.004 -11"><span class='ocrx_word' id='word_1_438' title='bbox 1087 2117 1212 2159; x_wconf 84' lang='lat' dir='ltr'>eapite,</span> <span class='ocrx_word' id='word_1_439' title='bbox 1239 2118 1334 2150; x_wconf 84' lang='lat' dir='ltr'>etiam</span> <span class='ocrx_word' id='word_1_440' title='bbox 1360 2118 1392 2149; x_wconf 94' lang='lat' dir='ltr'>in</span> <span class='ocrx_word' id='word_1_441' title='bbox 1418 2128 1554 2160; x_wconf 85' lang='lat' dir='ltr'>corpore</span> <span class='ocrx_word' id='word_1_442' title='bbox 1579 2118 1658 2151; x_wconf 87' lang='lat' dir='ltr'>iuris</span> <span class='ocrx_word' id='word_1_443' title='bbox 1684 2121 1795 2152; x_wconf 80' lang='lat' dir='ltr'>clauso</span> <span class='ocrx_word' id='word_1_444' title='bbox 1811 2147 1818 2159; x_wconf 98' lang='lat'>,</span> 
     </span>
     <span class='ocr_line' id='line_1_85' title="bbox 1087 2170 1821 2210; baseline 0.004 -8"><span class='ocrx_word' id='word_1_445' title='bbox 1087 2170 1183 2202; x_wconf 81' lang='lat' dir='ltr'>etiam</span> <span class='ocrx_word' id='word_1_446' title='bbox 1208 2171 1359 2210; x_wconf 83' lang='lat' dir='ltr'>enormis,</span> <span class='ocrx_word' id='word_1_447' title='bbox 1387 2171 1629 2205; x_wconf 83' lang='lat' dir='ltr'>enormissimae&#39;</span> <span class='ocrx_word' id='word_1_448' title='bbox 1656 2178 1689 2205; x_wconf 88' lang='lat' dir='ltr'>et</span> <span class='ocrx_word' id='word_1_449' title='bbox 1712 2173 1821 2205; x_wconf 87' lang='lat' dir='ltr'>totalis</span> 
     </span>
     <span class='ocr_line' id='line_1_86' title="bbox 1086 2222 1820 2267; baseline 0.005 -13"><span class='ocrx_word' id='word_1_450' title='bbox 1086 2222 1249 2263; x_wconf 87' lang='lat' dir='ltr'>laesionis,</span> <span class='ocrx_word' id='word_1_451' title='bbox 1268 2224 1357 2256; x_wconf 90' lang='lat' dir='ltr'>nullo</span> <span class='ocrx_word' id='word_1_452' title='bbox 1371 2234 1512 2266; x_wconf 78' lang='lat' dir='ltr'>unquam</span> <span class='ocrx_word' id='word_1_453' title='bbox 1529 2230 1673 2267; x_wconf 87' lang='lat' dir='ltr'>tempore</span> <span class='ocrx_word' id='word_1_454' title='bbox 1693 2225 1731 2257; x_wconf 88' lang='lat' dir='ltr'>de</span> <span class='ocrx_word' id='word_1_455' title='bbox 1750 2226 1820 2258; x_wconf 90' lang='lat' dir='ltr'>sub-</span> 
     </span>
     <span class='ocr_line' id='line_1_87' title="bbox 1085 2275 1819 2319; baseline 0.003 -11"><span class='ocrx_word' id='word_1_456' title='bbox 1085 2275 1243 2319; x_wconf 84' lang='lat' dir='ltr'>reptionis</span> <span class='ocrx_word' id='word_1_457' title='bbox 1268 2277 1317 2309; x_wconf 81' lang='lat' dir='ltr'>vel</span> <span class='ocrx_word' id='word_1_458' title='bbox 1350 2277 1550 2319; x_wconf 84' lang='lat' dir='ltr'>obreptionis</span> <span class='ocrx_word' id='word_1_459' title='bbox 1585 2283 1640 2309; x_wconf 87' lang='lat' dir='ltr'>aut</span> <span class='ocrx_word' id='word_1_460' title='bbox 1664 2278 1819 2311; x_wconf 84' lang='lat' dir='ltr'>nullitatis</span> 
     </span>
     <span class='ocr_line' id='line_1_88' title="bbox 1084 2329 1819 2368; baseline 0.005 -7"><span class='ocrx_word' id='word_1_461' title='bbox 1084 2329 1179 2368; x_wconf 83' lang='lat' dir='ltr'>vitio,</span> <span class='ocrx_word' id='word_1_462' title='bbox 1208 2334 1262 2361; x_wconf 86' lang='lat' dir='ltr'>aut</span> <span class='ocrx_word' id='word_1_463' title='bbox 1287 2329 1475 2362; x_wconf 86' lang='lat' dir='ltr'>intentionis</span> <span class='ocrx_word' id='word_1_464' title='bbox 1501 2335 1631 2363; x_wconf 83' lang='lat' dir='ltr'>nostrae</span> <span class='ocrx_word' id='word_1_465' title='bbox 1656 2332 1705 2364; x_wconf 86' lang='lat' dir='ltr'>vel</span> <span class='ocrx_word' id='word_1_466' title='bbox 1737 2331 1819 2365; x_wconf 83' lang='lat' dir='ltr'>inte-</span> 
     </span>
     <span class='ocr_line' id='line_1_89' title="bbox 1084 2382 1819 2427; baseline 0.004 -13"><span class='ocrx_word' id='word_1_467' title='bbox 1084 2392 1172 2414; x_wconf 86' lang='lat' dir='ltr'>resse</span> <span class='ocrx_word' id='word_1_468' title='bbox 1198 2382 1386 2416; x_wconf 86' lang='lat' dir='ltr'>habentium</span> <span class='ocrx_word' id='word_1_469' title='bbox 1412 2393 1601 2423; x_wconf 86' lang='lat' dir='ltr'>consensus,</span> <span class='ocrx_word' id='word_1_470' title='bbox 1621 2384 1724 2417; x_wconf 85' lang='lat' dir='ltr'>aliove</span> <span class='ocrx_word' id='word_1_471' title='bbox 1743 2395 1819 2427; x_wconf 84' lang='lat' dir='ltr'>quo-</span> 
     </span>
     <span class='ocr_line' id='line_1_90' title="bbox 1083 2435 1817 2479; baseline 0.003 -12"><span class='ocrx_word' id='word_1_472' title='bbox 1083 2435 1162 2467; x_wconf 82' lang='lat' dir='ltr'>libet</span> <span class='ocrx_word' id='word_1_473' title='bbox 1187 2435 1283 2467; x_wconf 85' lang='lat' dir='ltr'>etiam</span> <span class='ocrx_word' id='word_1_474' title='bbox 1308 2436 1506 2478; x_wconf 81' lang='lat' dir='ltr'>qaantumvis</span> <span class='ocrx_word' id='word_1_475' title='bbox 1534 2447 1651 2479; x_wconf 80' lang='lat' dir='ltr'>magno</span> <span class='ocrx_word' id='word_1_476' title='bbox 1681 2443 1712 2470; x_wconf 87' lang='lat' dir='ltr'>et</span> <span class='ocrx_word' id='word_1_477' title='bbox 1742 2438 1817 2469; x_wconf 86' lang='lat' dir='ltr'>sub-</span> 
     </span>
     <span class='ocr_line' id='line_1_91' title="bbox 1082 2488 1814 2531; baseline 0.004 -12"><span class='ocrx_word' id='word_1_478' title='bbox 1082 2488 1222 2520; x_wconf 76' lang='lat' dir='ltr'>stantiali</span> <span class='ocrx_word' id='word_1_479' title='bbox 1248 2498 1283 2520; x_wconf 85' lang='lat' dir='ltr'>ac</span> <span class='ocrx_word' id='word_1_480' title='bbox 1307 2488 1484 2530; x_wconf 73' lang='lat' dir='ltr'>ineogitato</span> <span class='ocrx_word' id='word_1_481' title='bbox 1514 2495 1546 2522; x_wconf 88' lang='lat' dir='ltr'>et</span> <span class='ocrx_word' id='word_1_482' title='bbox 1574 2490 1814 2531; x_wconf 68' lang='lat' dir='ltr'>inexcogitabili</span> 
     </span>
     <span class='ocr_line' id='line_1_92' title="bbox 1081 2541 1816 2585; baseline 0.005 -13"><span class='ocrx_word' id='word_1_483' title='bbox 1081 2541 1206 2572; x_wconf 78' lang='lat' dir='ltr'>defectu</span> <span class='ocrx_word' id='word_1_484' title='bbox 1231 2541 1346 2579; x_wconf 83' lang='lat' dir='ltr'>notari,</span> <span class='ocrx_word' id='word_1_485' title='bbox 1373 2541 1562 2585; x_wconf 76' lang='lat' dir='ltr'>impugnari,</span> <span class='ocrx_word' id='word_1_486' title='bbox 1589 2543 1737 2585; x_wconf 71' lang='lat' dir='ltr'>infringi,</span> <span class='ocrx_word' id='word_1_487' title='bbox 1764 2553 1816 2576; x_wconf 77' lang='lat' dir='ltr'>re·</span> 
     </span>
    </p>

    <p class='ocr_par' dir='ltr' id='par_1_9' title="bbox 1116 2602 1611 2640">
     <span class='ocr_line' id='line_1_93' title="bbox 1116 2602 1611 2640; baseline 0.008 -12"><span class='ocrx_word' id='word_1_488' title='bbox 1116 2604 1126 2629; x_wconf 92' lang='lat'>1</span> <span class='ocrx_word' id='word_1_489' title='bbox 1148 2602 1217 2629; x_wconf 80' lang='lat' dir='ltr'>Edit.</span> <span class='ocrx_word' id='word_1_490' title='bbox 1235 2603 1312 2629; x_wconf 79' lang='lat' dir='ltr'>Main.</span> <span class='ocrx_word' id='word_1_491' title='bbox 1333 2603 1397 2638; x_wconf 78' lang='lat' dir='ltr'>legit</span> <span class='ocrx_word' id='word_1_492' title='bbox 1413 2604 1493 2631; x_wconf 72' lang='lat' dir='ltr'>illius</span> <span class='ocrx_word' id='word_1_493' title='bbox 1508 2610 1546 2639; x_wconf 62' lang='lat' dir='ltr'>ta.</span> <span class='ocrx_word' id='word_1_494' title='bbox 1562 2605 1611 2640; x_wconf 83' lang='lat' dir='ltr'>T.).</span> 
     </span>
    </p>
   </div>
   <div class='ocr_carea' id='block_1_8' title="bbox 1750 207 2041 244">
    <p class='ocr_par' dir='ltr' id='par_1_10' title="bbox 1750 207 2041 244">
     <span class='ocr_line' id='line_1_94' title="bbox 1750 207 2041 244; baseline 0.007 -4"><span class='ocrx_word' id='word_1_495' title='bbox 1750 207 1809 241; x_wconf 79' lang='lat'>791</span> <span class='ocrx_word' id='word_1_496' title='bbox 1858 217 1908 244; x_wconf 70' lang='lat' dir='ltr'>An.</span> <span class='ocrx_word' id='word_1_497' title='bbox 1925 216 1949 242; x_wconf 81' lang='lat' dir='ltr'>c.</span> <span class='ocrx_word' id='word_1_498' title='bbox 1977 215 2041 244; x_wconf 73' lang='lat' dir='ltr'>nco</span> 
     </span>
    </p>
   </div>
   <div class='ocr_carea' id='block_1_9' title="bbox 1845 1123 2029 1174">
    <p class='ocr_par' dir='ltr' id='par_1_11' title="bbox 1845 1123 2029 1174">
     <span class='ocr_line' id='line_1_95' title="bbox 1846 1123 2029 1152; baseline 0.027 -10"><span class='ocrx_word' id='word_1_499' title='bbox 1846 1123 1957 1146; x_wconf 67' lang='lat' dir='ltr'>Clausulas</span> <span class='ocrx_word' id='word_1_500' title='bbox 1969 1132 2029 1152; x_wconf 74' lang='lat' dir='ltr'>prae-</span> 
     </span>
     <span class='ocr_line' id='line_1_96' title="bbox 1845 1154 1974 1174; baseline 0.031 -4"><span class='ocrx_word' id='word_1_501' title='bbox 1845 1154 1974 1174; x_wconf 67' lang='lat' dir='ltr'>servato-ae.</span> 
     </span>
    </p>
   </div>
  </div>
 </body>
</html>
