2247 3208
462 218 524 249 902

417 280 478 313 XV.
506 277 710 311 Confirmatio
741 276 915 319 patentium
944 276 1085 319 magistri
1105 286 1155 319 ge*

505 331 621 365 neralis
657 329 784 363 Ordinis
818 329 1079 363 Praedicatorum
1117 331 1154 362 ad

504 386 642 418 savorem
670 383 800 415 fratrum
833 383 1013 425 provinciae
1039 383 1151 416 Iliber-

503 437 574 470 niae
600 441 830 475 emanatarum,
855 445 909 478 per
933 446 1012 479 quas
1037 436 1155 468 eisdem

503 490 653 523 fratribus
674 489 861 521 conceditur
879 488 1011 521 facultas
1024 489 1156 521 fundan-

503 543 533 575 di
573 546 747 576 conventus
773 541 805 573 in
831 541 951 584 oppido
977 541 1089 574 Matriti
1124 551 1154 573 a-

504 595 617 638 liisque
633 595 744 627 mundi
763 594 918 636 partibus.
935 605 1005 626 eum
1024 594 1156 626 dirersis

504 647 775 687 ordinationibus,
805 647 879 679 555.

516 702 607 740 Quod
633 700 809 744 presbyteri
835 701 1001 734 Societatis
1024 702 1093 733 lesu
1115 702 1156 733 ot-

503 755 611 788 ficium
636 765 708 787 cum
736 757 846 787 octava
871 755 910 787 de
936 760 1108 797 praecepto
1126 761 1154 787 et

502 809 630 842 missam
655 807 881 850 Conceptionis
899 808 1011 840 Beatae
1037 807 1156 840 Mariae

502 862 637 905 Virginis
657 861 788 893 recitare
800 867 826 893 et
844 861 1006 893 celebrare
1023 861 1156 899 valeant,

504 914 578 948 569.

416 969 505 1002 xvtl.
533 968 695 1012 Separatio
710 968 924 1011 (piorumdam
940 974 1155 1000 conventuum

502 1034 518 1056 a
538 1022 704 1066 provincia
723 1021 753 1054 S.
776 1020 913 1065 Dionysii
935 1021 965 1053 in
987 1021 1086 1054 Gallia
1104 1021 1156 1053 Or-

502 1075 585 1108 dinis
610 1076 766 1108 Minorum
791 1073 821 1107 S.
851 1074 1012 1107 Francisci
1039 1074 1077 1107 de
1096 1074 1156 1107 Ob-

502 1128 661 1162 servantia
673 1127 930 1167 recollectorum,
949 1138 1021 1161 cum
1043 1138 1155 1160 eorum

502 1181 663 1215 erectione
688 1181 720 1213 in
746 1191 859 1214 novam
880 1181 1074 1223 provinciam
1095 1181 1155 1213 sub

501 1235 584 1268 tituli
609 1235 710 1267 saneti
735 1234 862 1267 Antonii
882 1234 919 1266 de
939 1233 1056 1271 Patina,
1077 1233 1151 1266 570.

415 1289 518 1322 XVIII.
548 1288 693 1322 Decernit
711 1287 924 1321 visitationem
945 1287 1154 1330 apostolicam

500 1341 709 1375 ecelesiarum
734 1347 764 1373 et
791 1341 937 1373 locorum
957 1340 1083 1382 piorum
1102 1341 1155 1373 Ur-

501 1394 548 1427 bis
572 1405 589 1427 a
621 1394 716 1427 felicis
751 1393 984 1427 recordationis
1017 1394 1151 1426 Alexan-

500 1447 557 1480 dro
573 1447 620 1479 VII
637 1447 818 1480 institutam
836 1453 866 1479 et
884 1446 1065 1479 inchoatam
1084 1457 1155 1479 cou-

499 1500 615 1534 tinuari
640 1506 671 1533 et
695 1500 812 1532 absolvi
838 1499 966 1537 dehere,
994 1499 1068 1531 572.

526 1553 733 1586 Confirmatio
766 1552 872 1586 Brevis
909 1553 1076 1585 Alexandri
1105 1552 1152 1584 vlt

500 1617 571 1638 rum
615 1605 748 1640 diversis
790 1605 859 1637 aliis
898 1605 1154 1638 ordinationibus

500 1669 558 1703 pro
592 1658 793 1691 monasteriis
827 1658 1011 1690 monialium
1042 1658 1151 1690 Excal-

501 1718 663 1745 ceataruiu
690 1711 778 1754 regni
806 1711 970 1749 Franciae,
999 1711 1073 1743 574.

500 1765 710 1797 Confirmatio
743 1765 982 1807 privilegiorum
1008 1764 1153 1797 omnium

500 1829 730 1852 concessorum
767 1825 829 1851 tam
856 1818 1036 1861 guardiano
1072 1817 1153 1849 sacri

501 1873 619 1905 montis
643 1871 730 1912 Sion,
758 1881 855 1915 quam
885 1871 1051 1910 fratribus,
1078 1882 1150 1904 uec-

500 1935 563 1958 non
589 1925 668 1958 loeis
694 1926 810 1958 Terrae
834 1924 979 1965 Sanctae,
1008 1924 1082 1957 577.

413 1978 491 2012 XXI.
511 1977 602 2016 Quod
620 1977 759 2024 ossi-cium
779 1977 879 2010 saneti
903 1977 1030 2020 Ignatii,
1051 1977 1154 2010 Socie-

414 703 489 736 xvi.

412 1554 490 1587 XIX.

412 1766 474 1798 XX.

500 2030 574 2063 tatis
593 2031 663 2063 lesu
682 2030 850 2070 sudatoris,
871 2031 932 2063 sub
951 2030 1014 2063 ritu
1033 2031 1152 2074 duplici
1179 2034 1181 2040 '

503 2085 711 2128 imposterum
746 2083 898 2117 recitetur
930 2084 969 2115 ab
1004 2084 1154 2116 omnibns

503 2136 557 2180 qui
583 2137 620 2169 ad
649 2136 743 2168 boras
776 2136 946 2168 canonicas
980 2142 1151 2178 tenentur,

502 2189 577 2222 578.

413 2243 507 2276 XXII.
535 2243 688 2277 Extensio
708 2244 886 2276 litterarum
909 2244 997 2277 l’auli
1020 2244 1041 2276 V
1059 2255 1154 2287 super
1180 2229 1181 2246 i

500 2296 659 2329 erectione
702 2297 887 2330 monasterii
931 2297 1153 2329 Ursulinarum

499 2349 741 2393 Burdigalensis
761 2356 980 2383 emanatarum
996 2376 1003 2387 ,
1029 2343 1059 2383 et
1083 2360 1155 2382 con-

500 2403 682 2436 cessionum
709 2409 737 2436 et
756 2403 953 2436 indultorum
972 2404 1075 2437 eidem
1093 2414 1155 2435 mo-

501 2456 638 2489 nasterio
665 2457 696 2489 in
723 2458 767 2489 eis
792 2461 963 2496 tactorum,
990 2457 1028 2489 ad
1048 2458 1154 2489 onmia

502 2510 646 2542 eiusdem
674 2511 801 2552 regulae
823 2517 853 2543 ct
871 2511 1007 2543 instituti
1028 2520 1154 2542 monas·
1181 2521 1182 2543 t

502 2562 578 2597 teria
606 2563 638 2594 in
665 2569 797 2606 utraque
824 2564 1003 2603 Genuania,
1028 2563 1102 2595 579.

415 2615 518 2651 XXIII.
555 2616 761 2649 Confirmatio
791 2616 967 2648 litterarum
998 2616 1153 2659 generalis

1010 225 1184 247 BULLARII'M
1213 225 1361 247 noMAM'M

1296 275 1421 309 Ordinis
1441 277 1700 309 praedicatorum
1715 287 1770 321 pro
1785 277 1947 321 religiosis

1296 329 1478 371 provinciae
1503 329 1673 362 Hiberniae
1696 335 1724 362 et
1750 330 1886 364 aliarum
1910 341 1946 362 e-

1298 381 1420 414 iusdem
1448 381 1573 415 Ordinis
1601 382 1818 422 sublevandis,
1845 382 1950 416 novis-

1299 445 1361 477 que
1386 434 1602 466 nationalibus
1626 433 1768 476 collegiis
1792 440 1819 467 et
1847 435 1950 468 domi-

1298 489 1357 519 bus
1381 487 1412 519 in
1438 486 1588 529 IIispania
1622 492 1650 517 et
1677 482 1753 518 alibi
1777 486 1950 529 erigendis,

1298 540 1372 573 580.
1629 567 1633 569 .
1926 541 1928 546 '

1212 595 1310 626 XXIV.
1341 593 1472 626 Mittitur
1497 593 1632 626 nuncius
1657 593 1805 626 Coloniae
1822 593 1861 626 ad
1879 604 1951 627 con-

1296 657 1442 689 gressum
1469 646 1557 689 pacis
1581 646 1666 679 inter
1699 656 1790 689 reges
1814 646 1949 680 catholi-

1297 712 1368 733 cum
1390 706 1416 732 et
1436 699 1742 732 clu-istianissimum
1764 700 1950 733 tractandae

1297 754 1327 785 in
1341 753 1446 796 aliqua
1464 753 1651 785 Germaniae
1665 758 1718 785 aut
1736 752 1797 785 alia
1809 752 1949 794 civitate,

1297 807 1342 839 vel
1368 808 1436 840 loco
1462 805 1666 845 destinando,
1694 805 1768 839 5822.

1211 860 1297 897 XXV,
1330 859 1525 892 Constitutio
1550 866 1584 892 ut
1611 858 1753 892 osticium
1788 865 1818 892 et
1852 859 1948 892 missa

1296 912 1522 956 Coneeptionis
1540 912 1654 945 Beatae
1671 912 1784 945 lllariae
1809 912 1950 955 Virginis

1299 965 1523 998 immaculatae
1562 975 1634 997 eum
1666 965 1833 998 octavam
1868 965 1950 998 Urbe

1297 1030 1332 1052 ac
1365 1018 1511 1051 universa
1545 1025 1673 1051 sanetae
1705 1018 1865 1051 Romanae
1889 1019 1949 1051 Ec-

1296 1073 1412 1105 clesiae
1437 1072 1606 1115 temporali
1640 1071 1760 1105 ditione
1792 1071 1831 1104 de
1855 1082 1948 1115 prae-

1296 1132 1387 1170 cepto
1414 1126 1577 1165 recitetur,
1604 1123 1679 1158 208.

1208 1181 1310 1213 XXVI.
1339 1180 1428 1218 Quod
1455 1179 1665 1222 provinciales
1686 1179 1814 1212 Ordinis
1836 1179 1949 1212 Beatae

1296 1234 1410 1266 Mariae
1456 1234 1493 1265 de
1534 1231 1678 1265 Mercede
1720 1231 1949 1275 redemptionis

1295 1288 1491 1331 captirorum
1524 1287 1792 1319 liiscalceatorum
1822 1286 1853 1318 in
1887 1286 1949 1318 fine

1297 1340 1423 1373 triennii
1459 1340 1505 1372 sui
1544 1339 1640 1371 officii
1678 1338 1947 1381 provinrialatus,

1296 1393 1586 1426 administrationis
1610 1399 1641 1425 rt
1664 1392 1810 1435 gubernii
1845 1392 1946 1425 ratio-

1296 1457 1366 1479 nem
1404 1446 1523 1479 vicario
1561 1446 1701 1488 generali
1737 1446 1869 1478 reddere
1905 1452 1949 1477 te-

1295 1505 1441 1539 neantur,
1471 1499 1546 1532 553.

1208 1552 1321 1585 XXVII.
1348 1552 1516 1585 ltevocatio
1541 1558 1568 1584 et
1597 1552 1772 1584 annullatio
1797 1551 1949 1584 constitu-

1296 1605 1391 1638 tionis
1417 1605 1533 1637 Urbani
1560 1605 1623 1636 Vlll
1649 1604 1797 1637 eremitas
1828 1604 1949 1636 Camal-

1295 1658 1479 1691 dulensium
1506 1658 1662 1697 Etruriae,
1679 1659 1744 1691 sive
1769 1657 1949 1701 provinciae

1294 1712 1453 1748 Aretinae.
1474 1722 1546 1743 cum
1565 1711 1812 1754 congregatione
1834 1710 1948 1743 Montis

1293 1764 1435 1798 Coronae
1465 1764 1608 1797 eiusdem
1644 1763 1769 1795 Ordinis
1803 1763 1950 1805 incorpo—

1294 1818 1406 1855 rantis.
1434 1817 1508 1851 585.

1208 1871 1334 1903 XXVIII.
1364 1871 1532 1904 nex-ostano
1554 1870 1682 1902 unionis
1709 1873 1807 1902 tactae
1825 1870 1864 1901 ab
1882 1869 1950 1902 Ale·

1292 1924 1412 1957 xandro
1438 1924 1485 1955 Vll
1520 1923 1805 1965 congregationum
1839 1932 1949 1954 mona-

1292 1978 1425 2010 cbortun
1441 1976 1710 2009 vallisumbrosae
1736 1982 1767 2009 et.
1791 1975 1949 2010 Silvestri-

1294 2041 1409 2063 norum
1440 2030 1569 2062 Ordinis
1604 2031 1634 2061 S.
1665 2029 1843 2068 Benedicti,
1874 2035 1948 2067 etc,

1295 2083 1369 2117 587.

1207 2138 1309 2170 XXIX.
1336 2137 1541 2170 Confirmatio
1566 2137 1765 2169 decretorum
1787 2146 1845 2178 pro
1865 2135 1947 2168 felici

1295 2190 1450 2233 regimine
1476 2196 1652 2223 conventus
1678 2196 1708 2222 et
1734 2188 1859 2231 collegii
1885 2200 1947 2220 ma-

1295 2243 1371 2277 ioris
1385 2243 1573 2276 parisiensis
1587 2242 1717 2275 Ordinis
1736 2241 1945 2274 eremitarum

1294 2297 1395 2329 sancti
1421 2295 1602 2338 Augustini,
1630 2294 1703 2328 589.

1208 2350 1295 2382 XXX.
1331 2348 1506 2392 Suspensio
1539 2358 1660 2391 poenae
1692 2341 1947 2381 excommunica-

1295 2403 1390 2436 tionis
1425 2403 1506 2435 latae
1543 2403 1720 2436 sententiae
1760 2413 1817 2445 per
1851 2402 1947 2435 Breve

1297 2457 1468 2490 Alexandri
1503 2457 1552 2488 Vll
1594 2467 1691 2499 super
1723 2455 1948 2489 reformatione

1298 2510 1567 2543 monasteriorum
1580 2510 1765 2543 monialium
1778 2508 1946 2551 Hispaniae

1295 2564 1431 2596 emanati
1459 2563 1646 2605 impositae,
1675 2563 1707 2595 in
1732 2562 1879 2594 omnibns
1905 2561 1944 2593 iis

1297 2617 1433 2654 casibus,
1460 2617 1491 2648 in
1517 2617 1633 2660 quibus
1665 2616 1773 2648 eadem
1802 2624 1900 2658 poena
1929 2624 1945 2646 a
