2247 3208
204 255 241 283 An
272 253 300 280 C¹
326 254 390 283 ¹669
437 244 500 278 752

264 2478 384 2498 Facultates

202 2510 302 2524 confessa

203 2532 269 2550 trum<
289 2531 303 2551 S

202 2560 228 2578 21³
244 2557 297 2577 lesu.

979 246 1158 271 BULLARIUM
1183 245 1335 270 ROMANUM

398 302 510 334 diebus
537 301 633 333 feriae
651 306 756 331 sextae
771 298 891 341 primae
907 295 1132 328 hebdomadae
1152 298 1155 349 t
1174 292 1311 339 hyteriS,
1348 303 1418 325 cum
1458 294 1633 337 neophytis
1672 295 1910 337 provinciarum

398 353 551 395 cuiusque
585 351 703 384 mensis
736 350 866 382 easdem
898 347 1052 380 ecclesias
1078 346 1133 379 de-

395 412 467 439 vote
485 404 689 442 visitaverint,
713 407 745 434 et
764 402 807 434 ibi
826 400 999 444 quinquies
1018 399 1133 432 oratio-

396 469 471 491 nem
497 457 690 490 dominicam
716 460 748 487 et
772 454 867 487 toties
902 452 1129 485 salutationem

395 511 571 553 angelicam
592 519 651 552 pro
679 508 872 540 exaltatione
898 506 971 538 fidei
997 505 1133 538 catholi-

395 574 451 597 cae
476 563 691 600 recitaverint,
710 565 834 603 septem
852 569 969 597 annos,
989 558 1022 591 in
1043 557 1132 590 sestis

393 624 469 648 vero
507 613 631 647 Domini
671 612 777 645 Nostri
812 611 881 644 Iesu
920 609 1058 649 Christi,
1097 620 1132 641 ac

393 668 510 701 Beatae
534 666 682 709 Virginis
702 666 940 708 Apostolorum,
960 663 1019 695 suh
1039 663 1129 695 cuius

393 722 487 754 titulo
504 720 644 753 ecclesia
658 723 796 758 constet,
816 718 927 751 decem
945 726 1060 756 annos;
1081 715 1130 748 his

394 779 508 813 autem,
536 773 590 816 qui
616 773 756 815 aliquam
782 769 840 803 ex¹
860 770 953 802 dictis
970 769 1129 808 ecclesiis,

394 830 562 869 postquam
588 824 724 857 confessi
743 823 979 857 sanctissimum
1003 822 1130 854 Eucha—

393 878 501 911 ristiae
527 882 763 910 sacramentum
788 875 996 918 sumpserim,
1022 874 1130 907 visita—

391 931 515 971 verint,
541 930 635 964 toties
662 929 772 972 viginti
799 939 920 968 annos,
947 939 983 960 ac
1008 927 1129 960 eisdem

392 983 657 1017 christifidelibus
671 982 839 1025 utriusque
853 980 962 1014 Indiae
981 985 1012 1013 et
1029 985 1130 1012 trans-

393 1037 596 1069 marinorum
621 1035 773 1075 limitum,
790 1034 845 1078 qui
862 1033 1128 1080 processionibus

393 1095 425 1122 et
448 1089 600 1133 precibus
626 1089 712 1120 iuxta
735 1088 833 1120 ritum
853 1087 883 1120 S.
900 1087 937 1119 R.
954 1086 988 1119 E.
1005 1097 1021 1118 a
1035 1096 1129 1129 prae-

392 1142 483 1175 dictis
508 1141 704 1185 presbyteris
736 1141 775 1173 de
807 1139 1052 1173 Ordinariorum
1092 1139 1129 1171 li-

391 1195 496 1228 centia
521 1193 727 1226 instituendis
753 1197 785 1226 et
809 1193 952 1235 agendis,
974 1192 1127 1225 Indorum

392 1255 424 1281 et
455 1247 643 1290 AEtliiopum
676 1257 730 1279 seu
765 1245 950 1289 quorumvis
988 1245 1127 1278 aliorum

392 1300 631 1344 neophytorum
651 1305 682 1332 et
699 1299 838 1331 aliorum
862 1290 1125 1338 christianorum,

391 1350 597 1387 interfuerint
631 1358 663 1386 et
692 1363 745 1386 eas
771 1352 1016 1397 associaverint,
1043 1351 1129 1384 chri-

392 1407 527 1441 stianam
553 1406 732 1440 doctrinam
758 1416 829 1438 cum
850 1406 973 1438 eisdem
997 1405 1129 1448 presby-

392 1461 469 1494 teris
493 1461 542 1493 vel
576 1461 615 1492 ab
647 1459 692 1492 eis
729 1458 888 1502 deputatis
924 1457 1128 1490 recitaverint

390 1515 439 1547 vel
464 1513 613 1557 privatim
640 1512 819 1551 docuerint,
840 1511 965 1555 quoties
991 1511 1023 1543 id
1044 1511 1128 1543 fece-

392 1567 475 1607 rint,
501 1572 626 1609 septem
650 1576 751 1598 annos
777 1569 809 1597 et
832 1564 965 1597 totidem
990 1563 1128 1607 quadra-

392 1631 507 1663 genas;
533 1619 747 1652 invisentibus
772 1623 879 1650 autem
907 1617 1071 1655 infirmos,
1098 1621 1128 1648 et

391 1664 582 1717 praesertim
606 1672 758 1705 Indorum
782 1670 963 1713 hospitalia,
990 1669 1128 1702 xenodo-

391 1726 464 1758 cliia
488 1731 519 1758 et
544 1725 605 1758 alia
623 1724 741 1757 similia
756 1725 827 1757 loca
849 1723 910 1766 pia,
930 1722 1008 1765 ipsis
1028 1722 1127 1754 etiam

391 1779 525 1812 infirmis
539 1788 598 1822 per
612 1788 644 1810 se
657 1771 780 1820 vel'per
793 1776 890 1809 alium
902 1775 1139 1821 ministrando,⁴

392 1832 528 1874 singulis
554 1831 682 1871 diebus,
711 1830 826 1873 quibus
851 1829 882 1862 id
909 1828 1060 1868 fecerint,
1085 1828 1129 1860 vi-

393 1884 639 1928 gintiquinque,
666 1883 719 1927 qui
744 1893 820 1916 vero
846 1882 885 1916 ad
906 1881 1052 1915 infirmos
1078 1892 1128 1914 ac-

394 1939 547 1971 cedentes
584 1937 628 1970 ibi
664 1935 943 1980 pernoctaverint,
974 1935 1129 1978 quinqua-

394 1992 494 2035 ginta,
511 1991 557 2024 eis
570 1991 678 2031 etiam,
692 1991 746 2033 qui
761 2001 867 2025 coram
880 1990 996 2022 Beatae
1010 1989 1127 2021 Mariae

394 2044 534 2088 Imagine
572 2046 611 2077 ab
651 2045 735 2077 alma
766 2044 850 2077 Urbe
884 2044 924 2076 ad
954 2043 1128 2085 collegium

394 2098 530 2130 civitatis
562 2098 669 2131 Limae
699 2097 731 2129 in
756 2097 859 2137 Peru,
886 2101 920 2127 ut
951 2096 1103 2128 asseritur
1120 2121 1127 2135 ‚

395 2152 516 2191 delata,
544 2151 670 2183 tertiam
696 2150 809 2182 rosarii
840 2154 965 2192 partem
994 2149 1044 2181 vel
1077 2159 1129 2181 co-

394 2214 505 2236 ronam
520 2203 735 2243 recitaverint,
753 2208 880 2235 centum
897 2200 1046 2234 similiter
1060 2201 1128 2234 dies

396 2257 434 2289 de
461 2257 611 2289 iniunctis
636 2257 682 2290 eis
708 2267 763 2289 seu
785 2256 863 2289 alias
881 2254 1128 2298 quomodolibet

397 2310 513 2343 debitis
539 2310 748 2353 poenitentiis
773 2309 804 2341 in
838 2309 941 2341 forma
963 2307 1126 2340 Ecclesiae

397 2365 547 2395 consueta
571 2363 761 2402 relaxamus,
787 2372 823 2394 ac
846 2360 1026 2404 respective
1052 2370 1128 2393 con-

397 2415 541 2448 cedimus
565 2421 596 2448 et
619 2416 835 2457 indulgemus.
1034 2442 1037 2443 γ

440 2469 611 2501 Praeterea
624 2468 770 2501 eiusdem
783 2467 950 2501 Societatis
968 2467 1037 2500 Iesu
1054 2476 1128 2510 pro-

430 2640 442 2665 1
464 2636 614 2673 Praeposit.
631 2644 666 2662 ea:
680 2643 728 2663 nos
743 2634 866 2662 addimus
880 2637 917 2669 (R.
934 2636 984 2668 T.)-

1174 345 1346 388 utriusque
1371 344 1495 384 Indiae,
1522 346 1720 389 aliarumque
1751 346 1847 381 maris
1872 347 1911 380 O-

1175 397 1266 429 ceani
1281 397 1464 439 regionum,
1482 398 1514 430 in
1529 397 1643 440 quibus
1656 399 1740 431 inter
1759 399 1909 432 infideles

1175 449 1286 482 fideles
1314 449 1463 490 existunt,
1491 455 1522 482 et
1537 460 1602 482 non
1621 451 1737 483 adsunt
1750 451 1908 484 Ordinarii

1176 502 1314 535 similem
1341 503 1527 535 facultatem
1548 503 1723 543 habentes,
1749 504 1799 536 vel
1824 506 1907 537 ultra

1174 555 1252 588 duas
1278 555 1390 595 dietas,
1410 555 1498 587 iuxta
1515 554 1783 588 constitutionem
1806 556 1910 589 felicis

1174 608 1409 641 recordationis
1436 607 1522 641 Pauli
1541 608 1578 640 Ill
1600 608 1727 647 editam,
1754 609 1906 649 existunt,

1173 659 1205 692 in
1231 670 1434 703 quocumque
1449 671 1507 693 seu
1526 660 1702 707 quibusvis,
1717 671 1782 694 non
1805 666 1908 694 tamen

1173 713 1205 745 in
1226 714 1329 756 primo
1351 713 1643 756 consanguinitatis
1666 715 1715 747 vel
1736 713 1907 754 affinitatis,

1173 766 1335 808 gradibus,
1352 767 1402 799 vel
1429 767 1516 806 alias,
1536 766 1714 799 coniunctis
1736 777 1792 799 seu
1812 777 1846 799 se
1862 772 1909 799 at-

1173 820 1370 861 tinentibus,
1411 825 1446 852 ut
1485 820 1727 853 matrimonium
1757 821 1840 853 inter
1873 831 1907 853 se

1173 871 1387 913 contrahere,
1425 883 1482 905 seu
1511 873 1615 906 ineo
1648 873 1744 905 etiam
1770 873 1909 906 scienter

1172 930 1337 958 contracto
1359 936 1528 958 remanere
1546 926 1682 966 valeant,
1702 926 1818 959 infore
1838 937 1908 959 con-

1172 978 1327 1011 scientiae
1353 983 1494 1017 tantum,
1521 978 1619 1021 gratis
1645 983 1760 1018 tamen,
1780 978 1908 1021 dispen-

1171 1031 1280 1072 sandi;
1307 1036 1338 1063 et
1362 1031 1497 1074 insuper
1515 1030 1636 1063 ibidem
1654 1031 1798 1063 locorum
1824 1031 1908 1064 Ordi-

1172 1085 1280 1125 nariis‚
1308 1090 1343 1116 ut
1368 1085 1407 1117 de
1432 1085 1699 1127 presbyterorum
1718 1085 1907 1117 eorumdem

1172 1142 1333 1180 tamquam
1360 1137 1543 1170 adiutorum
1570 1141 1601 1168 et
1618 1146 1815 1168 assessorum
1834 1146 1908 1168 suo·

1170 1201 1241 1223 rum
1265 1190 1298 1222 in
1323 1189 1402 1223 locis
1427 1189 1615 1233 praedictis,
1651 1194 1683 1221 et
1713 1189 1768 1221 uhi
1794 1199 1907 1221 eorum

1171 1244 1338 1277 commode
1364 1243 1508 1287 potuerit
1532 1243 1644 1276 haberi
1669 1242 1779 1286 copia,
1803 1243 1908 1275 consi-

1171 1298 1225 1337 lio,
1250 1302 1282 1330 et
1306 1308 1378 1329 cum
1397 1296 1475 1336 illis,
1496 1295 1591 1329 etiam
1612 1295 1644 1328 in
1662 1295 1803 1333 iudiciali
1822 1295 1906 1335 foro,

1171 1351 1203 1383 in
1221 1349 1358 1393 reliquis
1378 1354 1482 1382 autem
1499 1332 1674 1392 provinciis
1689 1348 1842 1391 praefatis
1856 1347 1907 1381 Or-

1170 1404 1369 1437 dinariorum
1394 1402 1578 1446 praesentia
1603 1401 1779 1441 destitutis,
1798 1402 1845 1434 vel
1867 1402 1906 1434 ab

1171 1457 1217 1490 eis
1241 1457 1325 1489 ultra
1343 1457 1420 1489 duas
1439 1456 1541 1488 dietas
1562 1454 1744 1498 praedictas
1762 1465 1827 1486 non
1850 1454 1907 1487 mi-

1170 1519 1228 1542 nus
1253 1508 1401 1542 ducentis
1426 1507 1570 1541 millibus
1589 1517 1743 1550 passuum
1761 1507 1905 1547 remotis,

1171 1562 1423 1605 provincialibus
1456 1566 1489 1594 et
1514 1560 1674 1604 deputatis
1705 1559 1905 1604 presbyteris

1171 1615 1347 1658 praedictis
1384 1625 1458 1647 cum
1490 1613 1610 1647 eisdem
1630 1613 1814 1656 neophytiS,
1839 1623 1906 1645 non
1935 1654 1939 1657 ὓ

1171 1674 1279 1701 tamen
1303 1668 1336 1701 in
1361 1667 1464 1711 primo
1479 1667 1589 1709 gradu,
1611 1666 1644 1699 in
1670 1671 1808 1709 utroque
1835 1665 1906 1698 foro

1172 1721 1270 1765 gratis
1296 1719 1514 1764 dispensandi,
1537 1724 1569 1753 et
1587 1730 1653 1760 eos,
1676 1718 1732 1762 qui
1752 1719 1784 1752 in
1803 1718 1908 1761 gradi-

1171 1778 1230 1808 bus
1256 1773 1428 1818 prohibitis
1446 1772 1628 1806 huiusmodi
1649 1772 1745 1805 etiam
1770 1772 1909 1804 scienter

1171 1827 1413 1868 contraxerint,
1446 1826 1484 1859 ab
1517 1825 1699 1858 excessibus
1726 1829 1758 1857 et
1781 1834 1907 1857 excom-

1170 1880 1398 1914 municationis
1419 1879 1554 1922 aliisque
1572 1877 1717 1911 censuris
1737 1883 1768 1910 et
1792 1877 1907 1920 poenis

1172 1933 1400 1968 ecclesiasticis
1425 1932 1458 1965 in
1482 1937 1620 1974 utroque
1647 1931 1715 1964 soro
1737 1930 1835 1973 gratis
1851 1940 1907 1973 pa-

1171 1988 1251 2019 riter
1276 1985 1475 2025 absolvendi,
1501 1995 1536 2017 ac
1561 1985 1687 2027 prolem
1712 1983 1787 2016 inde
1805 1993 1906 2015 susce-

1171 2047 1259 2084 ptam
1299 2039 1476 2082 legitimam
1519 2037 1752 2077 decernendi,
1778 2046 1906 2069 necnon

1171 2093 1249 2136 ipsis
1274 2091 1470 2136 presbyteris
1483 2091 1517 2123 in
1530 2090 1645 2123 iisdem
1666 2089 1764 2122 Indiis
1782 2094 1814 2122 et
1827 2089 1906 2122 locis

1170 2144 1344 2190 praedictis
1369 2143 1560 2182 constitutis,
1588 2143 1704 2186 quibus
1725 2142 1833 2185 aliqua
1851 2141 1906 2174 Eu-

1171 2198 1345 2231 charistiae
1372 2197 1550 2239 fragmenta
1581 2206 1637 2228 seu
1667 2195 1820 2227 minutiae
1845 2205 1905 2238 pro

1171 2257 1317 2294 tempore
1343 2248 1578 2287 interciderint,
1596 2247 1690 2280 etiam
1715 2252 1789 2290 post
1813 2257 1905 2290 pera-

1171 2310 1257 2338 ctum
1282 2303 1483 2343 sacrificium,
1502 2302 1626 2344 absque
1648 2301 1713 2333 ullo
1737 2300 1908 2333 conscien-

1171 2357 1234 2390 tiae
1271 2357 1432 2400 scrupulo,
1469 2355 1556 2386 iuxta
1590 2353 1737 2386 rubricas
1768 2352 1906 2385 missalis

1170 2409 1294 2443 romani
1334 2412 1522 2441 reverenter
1557 2406 1706 2439 sumendi
1727 2417 1734 2446 3
1772 2405 1906 2447 insuper

1169 2462 1370 2508 presbyteris
1385 2461 1532 2493 eiusdem
1546 2458 1715 2492 Societatis
1728 2458 1809 2498 lesa,
1825 2467 1905 2500 quos

306 2510 585 2555 {cit-‘Elvincialibus
612 2523 661 2554 vel
687 2522 725 2554 ab
751 2522 796 2554 eis
821 2520 1014 2564 deputandis
1038 2530 1128 2563 pres·
1146 2542 1150 2557 ,
1170 2518 1202 2549 in
1227 2516 1463 2549 Saracenorum
1499 2518 1530 2546 et
1554 2513 1690 2546 aliorum
1724 2510 1905 2543 infidelium

1170 2576 1271 2603 terras
1298 2574 1328 2602 et
1352 2569 1430 2601 alias
1446 2567 1613 2609 utriusque
1631 2565 1739 2598 Indiae
1755 2570 1787 2597 et
1803 2570 1905 2597 trans-

1169 2623 1309 2657 marinas
1330 2621 1478 2665 regiones
1497 2619 1594 2652 maris
1611 2617 1739 2658 Oceani,
1760 2617 1799 2650 ad
1824 2627 1911 2661 quas
1942 2656 1945 2659 Α
1979 2615 1981 2617 ’

1923 246 1972 271 An.
1989 244 2017 271 C.
2041 244 2108 272 1669
