2247 3208
135 235 187 262 An.
204 235 233 263 C.
253 236 321 264 1663

921 240 1109 264 ΑῐΕΧΑΝῡΕΒ
1132 241 1177 265 VII
1202 242 1250 266 PP.

328 285 471 318 eiusdem
496 286 610 319 Beatae
635 286 750 319 Mariae
770 286 919 329 Virginis,
937 298 1063 320 necnon

326 337 522 375 Nativitatis,
554 338 828 378 Resurrectionis,
860 340 1064 373 Ascensionis

327 390 470 423 ciusdem
495 390 676 430 Salvatoris,
702 397 731 424 et
762 392 908 425 Omnium
932 392 1064 425 Sancto-

326 453 397 475 rum
420 444 597 486 respective
625 444 827 477 festivitatum
853 455 887 477 ac
919 444 1063 477 Comme-

326 495 516 528 morationis
534 496 761 530 Defunctorum
777 497 900 537 diebus,
915 508 931 529 a
951 497 1062 540 primis

325 549 467 592 vesperis
498 560 599 592 usque
629 550 667 583 ad
693 560 840 583 occasum
871 549 948 582 solis
977 549 1063 581 festi-

325 602 458 635 vitatum
476 607 507 635 et
527 602 652 635 dierum
678 603 871 642 huiusmodi,
890 602 981 635 annis
1001 602 1064 634 sin-

327 655 409 697 gulis
433 654 466 687 in
497 661 688 698 perpetuum
716 655 922 694 visitaverint,
947 660 978 687 et
1003 665 1061 697 pro

325 707 469 740 eiusdem
507 708 695 740 monasterii
736 708 856 740 fabrica
898 718 934 740 ac
975 707 1062 740 illius

325 760 497 803 priorissae
529 765 560 792 et
583 760 772 792 monialium
805 760 1060 792 substentatione

325 817 357 845 et
384 812 631 844 manutentione
661 822 696 844 ac
727 812 921 855 paramentis
953 812 1060 845 divino

324 864 422 897 cultui
448 864 635 897 necessariis
658 875 770 897 manus
790 864 962 897 adiutrices
987 875 1062 907 por-

323 917 474 957 rexerint,
500 917 645 961 inibique
669 918 738 960 pias
763 918 801 950 ad
826 917 925 950 Deum
950 927 1061 960 preces

323 969 411 1002 iuxta
427 980 538 1003 eorum
559 970 764 1003 devotionem
785 969 966 1010 effuderint,
984 980 1063 1013 quo-

325 1022 383 1055 ties
407 1021 439 1055 id
461 1022 604 1062 fecerint,
631 1022 726 1055 toties
751 1022 928 1066 plenariam
951 1032 1062 1065 pecca-

323 1080 429 1107 torum
462 1084 593 1107 suorum
624 1075 858 1118 indulgentiam
889 1080 920 1108 et
950 1075 1061 1108 remis-

323 1127 447 1161 sionem
470 1127 724 1160 misericorditer
751 1127 784 1160 in
816 1128 951 1160 Domino
985 1138 1061 1160 con-

323 1181 466 1213 cedimus
487 1186 520 1213 et
536 1180 719 1222 elargimur.
752 1180 919 1212 Praeterea
939 1180 1060 1213 eisdem

323 1233 599 1272 christifidelibus,
632 1233 685 1276 qui
717 1232 852 1275 singulis
883 1233 1061 1276 quadrage-

323 1286 488 1319 simalibus
513 1286 635 1325 diebus,
661 1296 761 1328 usque
787 1286 824 1318 ad
843 1291 985 1318 octavam
1002 1283 1061 1317 Re-

323 1338 534 1371 surrectionis
561 1338 705 1371 eiusdem
731 1337 867 1378 Domini,
893 1337 1059 1370 ecclesiam

322 1391 531 1434 praedictam,
549 1391 645 1424 etiam
669 1391 760 1423 annis
777 1390 911 1433 singulis
934 1390 967 1422 in
987 1400 1060 1433 per-

322 1448 466 1487 petuum,
492 1434 704 1482 visitaverint,
738 1449 865 1476 centum
894 1453 996 1476 annos
1029 1448 1061 1476 et

323 1496 460 1530 totidem
496 1497 718 1540 quadragenas
754 1497 793 1529 de
834 1496 985 1528 iniunctis
1014 1496 1059 1529 eis

322 1550 535 1594 poenitentiis
568 1549 823 1582 misericorditer
856 1549 889 1581 in
921 1548 1059 1582 Domino

321 1603 511 1636 relaxamus.
540 1601 641 1646 thue
667 1601 726 1645 ipsi
751 1601 976 1635 christifideles
1001 1602 1060 1634 hu-

321 1655 460 1689 iusmodi
484 1656 758 1699 indulgentiarum
782 1655 906 1688 facilius
930 1655 1060 1698 partici-

323 1718 378 1751 pes
396 1708 477 1742 efiici
494 1708 628 1752 possint,
644 1708 765 1742 eisdem
782 1707 1057 1749 christifidelibus,

322 1767 357 1794 ut
387 1760 531 1804 aliquos¹
556 1762 761 1805 presbyteros
792 1763 969 1801 seculares,
1007 1767 1060 1794 aut

324 1814 528 1857 quorumvis²
542 1813 696 1847 ordinum
712 1816 888 1857 regulares,
906 1815 969 1858 qui,
983 1825 1060 1848 eon-

323 1866 517 1900 fessionibus
550 1866 725 1909 diligenter
756 1867 884 1907 auditis,
916 1867 1004 1910 ipsos
1029 1873 1060 1900 et

324 1929 436 1952 eorum
462 1919 639 1963 quemlibet
659 1920 697 1952 ab
723 1920 871 1953 omnibus
896 1925 928 1953 et
952 1920 1060 1963 singu-

323 1973 362 2006 lis
387 1982 500 2005 eorum
524 1973 662 2015 peccatis
694 1972 891 2011 criminibus,
924 1974 1060 2006 excessi-

322 2025 381 2058 bus
405 2030 438 2058 et
457 2024 595 2065 delictis,
615 2025 709 2058 etiam
730 2024 763 2057 in
781 2025 915 2068 singulis
935 2026 1060 2058 casibus

1744 233 1804 267 ’141

1099 288 1185 321 Petri
1212 294 1244 322 et
1267 289 1366 329 Pauli,
1393 301 1429 323 ac
1451 290 1481 324 S.
1505 291 1611 325 iacobi
1637 292 1670 324 in
1697 291 1835 335 Compo-

1098 340 1200 378 stella,
1214 350 1342 372 necnon
1356 341 1525 383 religionis
1541 347 1572 374 et
1585 342 1739 375 castitatis
1752 342 1833 375 votis

1098 391 1261 423 dumtaxat
1278 393 1444 435 exceptis)
1463 393 1495 425 in
1509 394 1571 426 alia
1588 394 1717 437 pietatis
1733 405 1834 438 opera

1097 449 1301 477 commutare
1326 446 1470 488 possint,
1506 447 1690 480 facultatem
1716 459 1834 481 conce-

1098 495 1215 528 dimus.
1242 496 1279 529 Et
1303 497 1521 539 indulgentias
1541 499 1736 539 huiusmodi,
1757 511 1834 533 nec-

1098 559 1163 581 non
1180 555 1373 592 praesentes
1392 550 1529 591 litteras,
1549 553 1607 584 sub
1626 553 1833 595 quibuscum-

1097 611 1158 644 que
1177 602 1452 641 revocationibus,
1472 604 1754 646 suspensionibus,
1778 606 1834 638 de-

1097 654 1322 696 rogationibus
1359 655 1512 688 similium
1544 657 1594 689 vel
1627 656 1832 690 dissimilium

1095 705 1370 748 indulgentiarum
1389 718 1450 751 per
1474 718 1533 740 nos
1552 713 1584 741 et
1603 708 1720 741 Sedem
1748 710 1833 752 Apo-

1096 758 1266 798 stolieam,
1304 759 1400 792 etiam
1432 760 1464 792 in
1498 762 1641 794 favorem
1677 762 1831 795 basilicae

1096 811 1254 854 Principis
1291 812 1523 855 Apostolorum
1542 839 1549 853 ,
1586 824 1623 846 ae
1659 814 1831 857 hospitalis

1095 863 1125 895 S.
1146 863 1283 906 Spiritus
1308 864 1341 896 in
1366 864 1459 897 Saxia
1484 865 1523 898 de
1542 865 1638 905 Urbe,
1657 871 1711 898 aut
1735 876 1833 909 expe-

1096 916 1227 948 ditionis
1254 922 1367 949 contra
1392 916 1555 958 infideles,
1583 918 1633 950 vel
1657 917 1736 951 alias
1755 928 1834 961 quo-

1095 969 1284 1010 modolibet,
1312 976 1344 1003 et
1368 971 1429 1003 sub
1455 971 1715 1014 quibuscumque
1740 976 1833 1004 teno-

1096 1022 1186 1054 ribus
1212 1028 1244 1055 et
1261 1023 1382 1063 formis,
1402 1033 1438 1056 ac
1454 1033 1525 1055 cum
1557 1023 1723 1066 quibusvis
1745 1025 1832 1057 clau-

1095 1074 1173 1107 sulis
1200 1080 1231 1107 et
1256 1075 1408 1115 decretis,
1426 1086 1487 1119 pro
1509 1082 1657 1119 tempore
1683 1076 1774 1109 factis
1800 1082 1833 1109 et

1095 1127 1271 1167 concessis,
1287 1129 1470 1161 nullatenus
1486 1129 1758 1172 comprehensas;
1773 1128 1831 1162 sed

1095 1190 1226 1223 semper
1260 1181 1299 1213 ab
1335 1180 1400 1213 illis
1426 1186 1595 1224 exceptas,
1623 1187 1674 1222 et,
1701 1182 1829 1225 quoties

1094 1232 1169 1264 illae
1207 1234 1422 1273 emanabunt,
1456 1233 1552 1266 toties
1588 1234 1621 1266 in
1656 1234 1830 1277 pristinum

1094 1290 1211 1317 statum
1237 1286 1403 1318 restitutas
1429 1291 1462 1319 et
1483 1286 1522 1319 de
1548 1297 1631 1318 novo
1657 1297 1830 1320 concessas

1094 1347 1166 1369 esse
1193 1342 1225 1370 et
1248 1337 1391 1377 censeri,
1420 1343 1452 1370 et
1477 1338 1600 1370 eisdem
1634 1337 1831 1372 christifide-

1094 1389 1177 1422 libus
1195 1389 1364 1433 sulfragari
1383 1391 1504 1423 debere
1526 1390 1762 1424 decernimus¹.
1782 1391 1832 1424 ln-

1094 1442 1276 1485 dulgentias
1303 1453 1430 1486 quoque
1451 1443 1592 1484 iubilaei‚
1612 1449 1644 1477 et
1663 1444 1832 1477 remissio-

1094 1505 1168 1528 nem
1188 1501 1405 1539 peccatorum‚
1425 1496 1508 1529 sicut
1525 1496 1756 1540 praemittitur,
1772 1507 1832 1541 per

1094 1548 1213 1581 dictum
1237 1549 1370 1582 Paulum
1389 1550 1680 1593 praedecessorem
1698 1560 1832 1583 conces-

1094 1614 1154 1643 sas,
1182 1614 1260 1647 quas
1285 1610 1361 1648 post
1385 1604 1497 1647 viginti
1523 1615 1626 1638 annos
1644 1606 1754 1638 valere
1771 1605 1832 1638 mi-

1094 1656 1179 1689 nime
1222 1656 1339 1697 voluit,
1380 1657 1419 1690 ad
1460 1657 1541 1691 alios
1576 1657 1691 1701 viginti
1727 1668 1830 1691 annos

1093 1720 1306 1753 prorogamus
1325 1716 1357 1743 et
1378 1711 1596 1751 extendimus,
1611 1716 1652 1751 et,
1672 1717 1830 1755 quatenus

1094 1773 1174 1806 opus
1201 1763 1251 1803 sit,
1279 1764 1317 1796 de
1336 1774 1420 1796 novo
1444 1763 1666 1797 concedimus.
1686 1763 1757 1797 Non
1774 1765 1831 1798 ob-

1094 1815 1235 1848 tantibus
1271 1816 1556 1849 constitutionibus
1589 1822 1621 1850 et
1653 1817 1831 1850 ordinatio·

1095 1868 1188 1901 nibus
1214 1869 1420 1912 apostolicis,
1447 1869 1632 1913 ceterisque
1658 1870 1829 1903 contrariis

1095 1921 1365 1964 quibuscumque.

1130 1982 1224 2009 Datum
1245 1983 1354 2017 Romae,
1375 1983 1445 2018 apud
1465 1983 1490 2010 S.
1513 1983 1631 2017 Petrum,
1653 1983 1704 2011 sub
1731 1985 1830 2012 annulo

1095 2026 1248 2059 piscatoris,
1269 2026 1313 2053 die
1328 2033 1391 2054 xxvi
1407 2027 1522 2054 ianuarii
1537 2034 1639 2062 uncxit,
1660 2028 1831 2063 pontificatus

323 2077 419 2110 etiam
443 2077 517 2110 Sedi
542 2077 745 2120 Apostolicae
778 2078 948 2110 reservatis
976 2080 1059 2121 (non
1095 2071 1178 2097 ¹¹⁰⁵¹si
1199 2079 1269 2098 ³⁰⁰⁰
1289 2077 1327 2098 ¹¹¹·

323 2135 431 2163 tamen
456 2130 615 2163 contentis
640 2130 673 2162 in
698 2130 814 2163 litteris
848 2131 881 2163 in
906 2131 957 2163 die
983 2131 1061 2164 Coe-

1138 2133 1152 2176 §
1168 2133 1199 2165 4.
1219 2133 1463 2175 Nihilorninus²‚
1483 2134 1567 2167 inter
1582 2135 1761 2178 praefatum
1777 2135 1832 2169 Be-

323 2192 383 2215 nae
405 2182 533 2215 Domini
551 2182 615 2225 legi
634 2184 813 2225 consuetis)
828 2184 1009 2223 absolvere,
1030 2190 1061 2216 et
1075 2174 1078 2230 Ι
1094 2186 1259 2219 nedictum
1298 2187 1496 2219 cardinalem
1532 2193 1755 2230 protectorem
1793 2198 1830 2221 ex

324 2234 371 2266 eis
396 2244 457 2277 pro
490 2235 681 2277 praemissis
714 2236 950 2278 poenitentiam
976 2232 1168 2279 salu-luna,
1195 2244 1227 2271 et
1252 2238 1404 2273 dilectum
1424 2240 1548 2284 pariter
1565 2240 1664 2273 filium
1682 2247 1830 2274 nostrum

323 2293 426 2320 tarem
443 2287 632 2329 iniungere,
649 2298 778 2320 necnon
796 2295 869 2321 vota
886 2299 1060 2332 quaecum-

323 2351 384 2384 que
410 2351 471 2383 per
496 2351 552 2373 eos
578 2341 698 2373 emissa
722 2342 966 2384 (ultramarino,
984 2343 1060 2375 visi-

324 2392 454 2426 tationis
472 2393 618 2425 liminum
639 2394 808 2426 beatorum
826 2395 1058 2438 Apostolorum

361 2482 370 2508 1
395 2480 494 2508 Forsan
516 2481 628 2516 quosvis
643 2488 691 2517 pro
706 2481 834 2516 aliquos;
855 2485 975 2510 ceterum
994 2483 1059 2510 sub-

322 2526 441 2561 lntellige
457 2534 493 2553 ex
506 2526 674 2561 approbatis
690 2526 725 2560 (n.
742 2528 790 2558 T.).

357 2569 373 2596 2
394 2569 442 2597 Ed.
459 2569 539 2598 Main.
555 2569 620 2605 legit
639 2570 809 2604 quarumvis
830 2578 877 2606 pro
891 2571 1059 2606 quorumvis

322 2616 359 2650 (n.
376 2615 423 2649 r).

1094 2290 1125 2323 in
1152 2291 1235 2324 dieta
1260 2292 1346 2325 Urbe
1370 2292 1524 2325 vicarium
1548 2293 1581 2325 in
1606 2293 1830 2337 spiritualibus

1093 2346 1282 2387 generalem
1307 2346 1484 2388 (praefatas
1510 2346 1555 2378 Pii
1577 2347 1613 2379 IV
1638 2348 1832 2390 praedeees-

1093 2397 1176 2430 soris
1214 2402 1245 2430 et
1268 2397 1301 2430 in
1334 2397 1379 2430 eis
1407 2399 1525 2431 relatas
1556 2398 1700 2439 litteras,
1726 2400 1831 2443 quoad

1129 2485 1140 2511 1
1163 2483 1213 2511 Ed.
1233 2485 1316 2512 Main.
1337 2485 1402 2521 legit
1422 2485 1607 2515 decernimur
1628 2494 1675 2522 pro
1699 2487 1831 2515 decerni-

1092 2537 1156 2554 mus
1171 2532 1210 2562 (n.
1226 2530 1273 2562 T.).

1127 2572 1143 2599 2
1160 2571 1334 2607 Prosequitur
1348 2573 1469 2609 syntaxis
1484 2573 1538 2601 iam
1552 2573 1659 2609 incepta
1675 2574 1700 2600 in
1721 2574 1734 2609 5
1752 2576 1759 2601 1
1781 2582 1830 2609 per

1094 2624 1187 2644 vocem
1204 2617 1268 2644 licet
1284 2619 1320 2651 (n.
1332 2617 1382 2651 T.).

1855 243 1904 270 An.
1923 240 2036 269 f'.1663

1866 2143 1967 2170 Sequitur
1976 2148 2030 2164 nnn«.

1847 2170 1907 2191 Bulla
1942 2171 2029 2191 Alexan·

1847 2197 1878 2217 dri
1896 2196 1937 2218 VII.
