2247 3208
203 209 270 241 an.
287 207 315 235 c.
335 208 405 235 1665
450 199 515 233 350

413 257 570 295 assistent,
589 254 889 296 comitabanturque
914 254 1149 286 sanctissimam

413 308 661 347 Eucharistiam‚
681 307 734 338 ubi
753 311 943 349 exponetur,
963 312 1017 338 aut
1034 307 1058 337 si
1075 318 1150 349 pro-

413 361 647 399 cessionaliter,
675 361 723 392 vel
750 360 788 392 ad
814 359 957 391 infirmos
984 359 1146 398 defertur,

412 424 574 446 memores
589 414 621 446 id
639 412 807 456 proprium
825 422 894 444 esse
909 412 1048 444 officium
1063 412 1148 444 Chri-

411 466 452 499 sti
478 466 735 509 discipulorum,
763 465 788 497 si
816 465 889 497 huic
921 464 1056 497 Domino
1081 475 1148 496 ser-

409 519 506 558 viant,
534 524 566 550 et
590 519 676 550 hunc
700 518 870 551 Dominum
897 517 1100 550 comitentur.

454 572 679 604 Procumbunt
714 581 773 614 pro
803 571 923 603 viribus
959 571 1146 604 continuare

410 624 596 657 exercitium
623 624 827 667 praesentiae
846 624 910 663 Dei,
928 630 1145 667 punctumque

409 677 630 710 meditationis
655 677 742 709 illius
769 677 1007 717 hebdomadae,
1029 678 1147 710 iacula—

409 728 536 769 toriam,
564 735 619 761 aut
643 729 946 769 considerationem,
970 741 1066 772 quam
1087 730 1145 762 sibi

409 781 512 823 magis
538 782 647 814 intime
665 782 745 814 Deus
766 782 797 814 in
815 782 961 815 oratione
989 782 1145 822 docuerit,

408 835 442 867 in
467 840 576 868 mente
601 846 742 868 versare.
769 835 912 868 Lectioni
933 835 1092 867 vacabunt
1108 835 1146 868 li-

406 888 538 921 brorum
557 888 684 931 piorum
704 889 741 920 de
762 888 835 921 vitis
857 893 1050 928 sanctorum,
1069 888 1145 920 alio-

407 952 544 985 rumque
570 941 795 985 spiritualium,
821 952 857 973 ex
883 941 997 984 quibus
1022 941 1145 984 praeci-

407 1005 506 1037 puum
538 994 758 1037 unusquisque
790 1004 862 1026 eum
896 994 1050 1033 habebit,
1081 1004 1143 1037 quo

407 1048 510 1089 magis
530 1048 569 1080 ad
594 1047 748 1090 pietatem
766 1047 932 1085 excitatur,
954 1052 985 1079 et
1002 1047 1034 1078 in
1053 1047 1143 1079 cuius

406 1099 547 1132 lectione
572 1100 728 1131 maiorem
750 1098 929 1131 devotionis
947 1098 1095 1131 affectum
1114 1104 1145 1132 et

407 1152 561 1185 docrinae
587 1153 724 1184 fructum
758 1153 963 1196 experietur,
991 1153 1141 1195 huncque

406 1205 508 1246 inagis
545 1205 734 1247 frequenter
770 1206 869 1247 leget.
896 1204 998 1237 Noctu
1024 1205 1144 1238 exami-

406 1257 529 1289 nabunt
554 1263 663 1289 exacte
690 1257 920 1290 conscientiam
953 1262 1026 1290 ante
1053 1268 1143 1290 accu-

406 1310 516 1350 bitum,
542 1311 678 1342 multuin
709 1311 859 1342 dolentes
891 1310 929 1342 de
962 1310 1050 1343 illius
1078 1310 1141 1343 diei

407 1362 598 1403 defectibus,
614 1362 942 1405 ememlationemque
956 1368 1143 1406 proponen-

406 1421 476 1456 tes;
499 1416 644 1458 cogitent
668 1417 827 1459 tantisper
852 1418 890 1449 de
912 1422 1027 1455 morte,
1048 1417 1143 1449 redu-

407 1474 546 1511 cantque
573 1469 604 1501 in
629 1470 841 1510 memoriam,
876 1475 956 1512 quot
981 1480 1017 1502 ea
1042 1470 1142 1502 inter-

407 1523 534 1566 ceperit
558 1524 591 1555 in
616 1524 732 1556 somnii
768 1524 940 1564 tenebras,
962 1535 1033 1556 cum
1059 1525 1140 1557 nihil

405 1575 512 1607 minus
535 1575 566 1615 ii,
589 1586 662 1608 cum
688 1576 787 1618 quieti
813 1587 846 1609 se
872 1577 1044 1616 dederunt,
1064 1578 1142 1609 exti-

408 1629 561 1667 muerint,
577 1628 699 1672 absque
713 1640 751 1661 eo
765 1630 850 1672 quod
865 1631 1053 1672 corporales
1069 1640 1142 1662 ocu-

405 1680 454 1714 los
480 1681 621 1715 videndo
647 1683 758 1715 lumini
797 1688 851 1714 aut
887 1683 1067 1725 spiritualia
1094 1685 1142 1716 lu-

405 1734 493 1766 mina
518 1735 743 1778 implorandae
773 1746 789 1767 a
810 1735 874 1768 Deo
899 1736 1140 1769 misericordiae

405 1786 533 1829 aperire
560 1789 644 1819 ultra
668 1788 705 1819 iis
730 1798 919 1820 concessum
946 1788 997 1820 sit.

449 1839 590 1882 Singulis
627 1840 817 1883 septimanis
844 1842 882 1873 ad
908 1841 1013 1873 minus
1040 1843 1140 1874 semel

404 1891 639 1925 Eucharistiam
665 1899 793 1925 sument
827 1894 859 1926 in
890 1905 952 1937 quo
978 1895 1142 1927 consesso-

404 1956 477 1977 rum
504 1951 536 1978 et
560 1946 775 1988 spiritualium
801 1951 926 1989 patrum
951 1952 1063 1979 nutum
1091 1937 1141 1980 sess

406 2003 555 2040 quentur.
583 1997 765 2030 Visitabunt
796 2010 955 2042 pauperes
988 2001 1020 2032 in
1045 2011 1141 2033 noso·

405 2051 508 2083 comio
526 2051 577 2083 die
604 2052 664 2083 sibi
690 2053 902 2095 praescripto,
924 2053 1139 2096 assistentque

405 2104 444 2135 ad
470 2105 583 2136 horam
610 2105 747 2147 prandii,
769 2105 975 2149 servieutque
1002 2107 1047 2139 eis
1067 2118 1139 2138 cum

404 2156 606 2197 humilitate,
634 2164 666 2189 et
690 2158 721 2189 in
748 2157 794 2191 eis
821 2159 957 2192 Domino
983 2165 1014 2192 et
1044 2159 1140 2202 Magi-

405 2213 472 2241 stro
499 2215 625 2250 nostro,
644 2211 920 2254 corporaliterque
939 2217 968 2244 et
990 2212 1140 2255 spiritua-

1157 1944 1165 2113 t

991 207 1170 230 BULLARtUM
1194 205 1346 229 ROMANPM

1192 253 1267 286 latia
1291 253 1483 285 ministrent.
1511 253 1556 286 Ad
1583 263 1683 297 eaque
1720 253 1824 286 officia
1857 253 1925 286 dies

1193 306 1416 338 hebdomadae
1441 306 1525 338 inter
1550 307 1664 339 fratres
1691 308 1876 340 sacerdotes
1894 312 1926 340 et

1191 357 1289 389 laicos
1322 356 1565 389 distribuentur.
1593 357 1687 390 Curet
1722 363 1826 390 autem
1852 368 1925 401 spe-

1191 410 1317 442 cialiter
1341 410 1531 443 Ohedientia
1549 421 1589 443 ne
1608 411 1671 443 hoc
1694 412 1824 454 pietatis
1844 422 1925 454 opus

1190 463 1254 495 Deo
1270 463 1485 505 gratissimum
1503 464 1786 506 praetermittatur,
1802 475 1925 497 omnes·

1190 527 1250 559 que
1269 517 1485 549 exercitantes
1511 522 1542 549 et
1567 517 1728 549 exercitati
1748 527 1846 560 super
1862 518 1925 550 hoc

1189 569 1432 611 interrogentur
1459 570 1513 601 an¹
1541 569 1573 601 id
1599 570 1748 612 exequuti
1773 570 1846 602 sint.

1233 621 1408 659 Quotannis
1427 626 1476 653 ter
1494 622 1586 654 ibunt
1601 622 1728 662 fratres,
1747 633 1827 665 quos
1845 622 1925 655 Obe-

1189 674 1308 706 dientia
1334 675 1465 717 deliget,
1482 675 1522 707 ad
1540 675 1716 707 visitandos
1729 681 1923 716 carceratos,

1189 728 1250 759 hoc
1275 732 1323 759 est
1348 727 1380 759 in
1406 727 1674 770 quadragesima,
1705 727 1737 759 in
1763 728 1814 760 die
1847 727 1924 760 Por-

1189 780 1353 812 tiunculae
1379 785 1411 812 et
1434 780 1534 813 Natali
1561 780 1745 813 dominico:
1777 780 1924 813 sacerdo-

1188 838 1235 865 tes
1258 833 1381 866 scilicet
1398 834 1436 866 ad
1458 833 1676 866 consessiones
1702 832 1920 876 excipiendas,

1187 888 1349 919 seculares
1373 897 1450 919 vero
1475 887 1514 919 ad
1540 887 1757 919 exercendum
1782 887 1814 918 id
1840 896 1921 929 opus

1188 940 1328 982 pietatis,
1346 941 1432 983 quod
1458 940 1519 972 sibi
1544 940 1646 983 magis
1668 940 1839 983 placuerit,
1858 950 1922 973 non

1187 993 1254 1024 sine
1280 993 1410 1035 praevia
1434 992 1644 1025 Obedientiae
1668 992 1782 1026 notitia
1807 998 1839 1025 et
1867 1004 1919 1037 ap-

1187 1045 1393 1088 probatione.

1229 1097 1342 1130 Vestes
1362 1103 1541 1139 etlornatus
1561 1098 1703 1131 exterior
1719 1099 1758 1131 ab
1774 1098 1921 1132 interiori

1186 1160 1259 1183 non·
1277 1151 1517 1185 discordabunt.
1545 1151 1590 1184 Sit
1615 1152 1734 1184 decens
1761 1157 1792 1184 et
1812 1151 1923 1184 condi-

1186 1204 1265 1236 tioni
1284 1209 1383 1236 status
1401 1205 1576 1237 conformis
1587 1204 1607 1244 ⁹,
1625 1205 1669 1237 ita
1685 1210 1720 1237 ut
1740 1207 1816 1238 nota
1834 1205 1921 1237 omni

1186 1257 1267 1289 liber
1291 1258 1342 1297 sit,
1361 1263 1392 1289 et
1416 1258 1530 1298 adhuc,
1556 1258 1640 1290 intra
1665 1258 1921 1301 uniuscuiusque

1186 1315 1311 1349 statum,
1338 1321 1605 1354 communemque
1627 1322 1730 1352 usum,
1748 1311 1922 1355 appropin-

1185 1369 1259 1406 quet
1287 1364 1389 1406 magis
1415 1364 1606 1404 modestiae,
1627 1376 1721 1408 quam
1743 1365 1919 1407 splendori,

1185 1417 1224 1448 ab
1256 1417 1407 1459 omnique
1445 1418 1640 1459 profanitate
1678 1418 1787 1460 procul
1825 1417 1918 1450 absit.

1184 1468 1292 1511 Longe.
1313 1469 1449 1502 aberunt
1470 1482 1486 1502 a
1507 1471 1639 1503 fratrum
1656 1471 1824 1511 modestia,
1846 1476 1920 1504 tem-

1184 1523 1330 1566 perantia
1355 1529 1386 1555 et
1411 1524 1593 1556 humilitate
1612 1525 1840 1561 contentiones
1861 1525 1920 1557 dis-

1184 1576 1400 1619 cordiaeque,
1428 1577 1494 1609 imo
1519 1577 1589 1609 aliis
1623 1581 1717 1609 erunt
1748 1577 1918 1610 imitationi

1185 1636 1216 1662 et
1241 1631 1412 1672 exemplo,
1445 1635 1480 1661 ut
1504 1629 1682 1672 composite
1720 1640 1753 1662 se
1792 1635 1916 1672 gerant.

1162 1684 1385 1726 'Semperque
1411 1687 1483 1715 ante
1509 1684 1620 1715 oculos
1646 1682 1813 1715 habebunt
1830 1682 1920 1715 Chri-

1184 1735 1224 1767 sti
1249 1735 1438 1777 patientiam
1465 1740 1496 1767 ct
1517 1735 1743 1775 humilitatem,
1764 1740 1919 1777 quantum

1184 1798 1243 1831 pro
1273 1789 1365 1820 nobis
1394 1788 1561 1827 toleravit,
1584 1798 1620 1820 ae
1645 1787 1703 1819 suit
1727 1798 1918 1830 perpessus,

1184 1846 1216 1873 et
1253 1852 1347 1884 quam
1384 1840 1479 1873 nobis
1518 1851 1608 1873 suam
1649 1840 1750 1883 ipsius
1785 1840 1818 1872 in
1858 1841 1919 1873 hoc

1183 1894 1397 1927 imitationem
1422 1894 1520 1927 voluit
1541 1894 1818 1933 comniendatam3
1838 1893 1919 1925 haec

1185 1948 1270 1980 enim
1295 1948 1442 1980 doctrina
1467 1948 1535 1979 eius
1563 1953 1595 1979 et
1619 1947 1791 1979 consilium
1808 1952 1856 1978 est
1873 1946 1919 1979 di—

1184 2000 1318 2043 scipulis
1336 2001 1471 2033 maxima
1488 2001 1518 2032 in
1532 2000 1742 2033 veneratione
1758 2000 1916 2039 habenda,

1184 2058 1215 2085 ct
1240 2064 1298 2096 pro
1334 2054 1454 2086 viribus
1481 2054 1692 2095 exequenda:
1719 2053 1785 2095 Εῃο
1809 2056 1917 2085 autem

1183 2106 1252 2138 (Iz'co
1266 2106 1363 2145 vobi&
1380 2107 1459 2149 quia
1476 2107 1588 2146 onmis,
1607 2106 1664 2149 qai
1680 2106 1835 2138 irascitur
1849 2106 1917 2148 fra-

1184 2158 1227 2190 tri
1250 2169 1332 2199 suo,
1359 2169 1432 2191 reus
1461 2159 1521 2191 crit
1552 2158 1690 2190 iudicio.-
1719 2158 1784 2201 Eyo
1808 2162 1916 2190 autem

1182 2211 1250 2243 dico
1267 2212 1351 2243 volvis
1371 2222 1435 2243 non
1454 2211 1599 2243 resistere
1627 2211 1730 2243 insila:
1764 2211 1831 2254 Egyo
1850 2221 1912 2243 ccu-

403 2260 487 2301 liter‚
514 2264 689 2295 secundum
715 2263 968 2307 uniuscuiusque
995 2270 1138 2307 captum,
1184 2267 1243 2295 tenes
1265 2264 1333 2295 <lico
1356 2264 1450 2303 vobis,
1475 2263 1604 2306 clz'ligyite
1628 2264 1775 2296 inimicos
1799 2268 1916 2296 vestros

405 2325 459 2347 eos
492 2316 760 2348 eonsolalmntur:
787 2318 994 2350 advertentes
1032 2328 1065 2349 se
1101 2330 1139 2350 eo
1160 2316 1161 2358 J
1183 2317 1318 2359 (Mx'i'ru.
1346 2318 1391 2359 v).

404 2368 443 2399 ad
470 2368 673 2401 serviemlum
700 2375 732 2401 et
751 2370 980 2409 ohsdiendum,
1006 2381 1070 2402 non
1100 2371 1138 2402 ad
1160 2359 1161 2399 l

1225 2369 1362 2401 tholae
1382 2368 1534 2401 exercitia
1553 2374 1584 2401 et.
1599 2369 1805 2412 particularia
1823 2379 1915 2412 quae-

404 2421 496 2453 alteri
529 2422 660 2463 negotio
694 2433 726 2454 se
761 2424 975 2465 illgcl'elltlulss
1002 2424 1135 2463 venisse.
1183 2433 1243 2465 que
1276 2422 1315 2454 iis
1346 2423 1399 2465 qui
1434 2422 1579 2454 extranei
1614 2428 1689 2454 sunt
1719 2432 1784 2459 non
1820 2422 1913 2454 facile

403 2473 591 2506 Sacerdotes
622 2475 816 2517 vespertinis
843 2477 932 2509 horis
959 2477 1018 2509 sibi
1044 2487 1139 2519 expe·
1159 2509 1161 2524 ‚
1182 2476 1341 2515 relerent3
1370 2477 1475 2518 palam
1501 2476 1587 2508 eniin
1612 2475 1643 2508 id
1670 2475 1800 2507 evenire
1830 2475 1914 2517 quod

405 2526 574 2559 ditioribus
600 2528 755 2560 accedent
784 2534 817 2559 ut
842 2530 1061 2562 consessiones
1086 2529 1161 2561 zie-²

404 2586 569 2623 grotorum
594 2580 724 2613 audiant
757 2586 788 2613 et
813 2582 992 2625 spiritualia
1017 2583 1062 2615 eis
1089 2593 1138 2615 so-

1218 2547 1227 2572 1
1252 2545 1317 2572 Male
1333 2545 1376 2572 ed.
1393 2545 1470 2572 Maia.
1488 2545 1552 2580 legit
1567 2548 1617 2572 aut
1632 2553 1680 2579 pro
1696 2553 1733 2571 an
1749 2546 1786 2579 (R.
1802 2545 1850 2579 T.).

1215 2591 1232 2616 ‘2
1252 2590 1321 2617 Edit.
1339 2591 1416 2617 Main.
1435 2590 1497 2626 legit
1517 2592 1674 2624 conformet
1687 2594 1724 2624 (R.
1742 2590 1789 2626 T.).

1931 205 1984 232 An.
2001 205 2031 233 C.
2052 205 2121 233 1665
