2247 3208
175 184 226 212 An.
248 184 364 212 &1664
411 176 475 209 258

196 348 281 369 Necnon
292 349 317 369 ab
330 349 358 369 in-

171 381 236 395 (ῚΙΓέΠ
258 380 359 396 ΟθΠδῚΙΓὶῑ·

171 407 223 422 sttui.

197 1717 222 1737 Et
243 1717 263 1737 in
283 1717 356 1742 pristi-

171 1750 219 1762 num
233 1746 308 1763 statum
320 1745 355 1764 dc-

169 1771 289 1795 linquentes
298 1777 355 1796 repo·

375 234 509 266 nissime
535 232 745 271 absolvimus,
766 232 960 275 penitusque
984 242 1021 265 ae
1044 242 1112 265 om-

374 286 452 318 nino
479 291 511 318 et.
535 285 677 318 totaliter
701 285 889 317 liberamus.

414 339 427 380 g
453 338 483 370 5.
512 337 661 374 Quinimo
680 337 752 369 illos·
774 347 887 370 omnes
911 341 943 369 et
966 337 1110 380 singulos

370 392 410 423 ab
429 390 555 422 incursu
581 400 789 422 censurarum
808 394 840 422 et
857 400 1036 433 poenarum
1055 391 1110 423 hu-

370 442 506 475 iusmodi
541 452 577 474 ex
615 444 711 475 causa
735 447 766 475 et
789 443 915 476 ratione
942 443 1110 476 continua-

369 495 465 527 tionis
492 500 524 527 et
554 494 746 535 iterationis,
766 506 933 539 novaeque
959 497 1109 529 commis-

369 547 469 580 sionis
512 553 543 579 et
582 548 832 591 perpetrationis
868 548 1021 581 similium
1058 550 1106 581 vel

370 600 572 633 dissimilium
598 611 794 641 excessuum,
814 601 982 634 eriminum
1005 607 1036 635 et
1052 602 1107 634 de-

368 653 530 691 lictorum,
557 663 639 695 quae
665 664 724 696 per
749 664 815 693 eos,
841 664 896 686 seu
921 665 1033 687 eorum
1052 654 1108 686 ali-

371 716 482 748 quem,
507 716 612 748 usque
631 706 670 738 ad
689 706 792 747 diem,
819 717 883 749 quo
908 712 1107 739 memoratus

368 758 547 790 Ludovicus
573 769 627 791 rex
665 769 725 791 nos
762 763 791 791 et
824 764 965 792 sanctam
990 759 1105 791 Sedem

368 811 589 853 Apostolieam
615 812 792 854 praefatam
818 812 848 843 in
868 812 1106 854 possessionem

368 864 505 896 civitatis
532 864 769 897 Avenionensis
799 869 831 897 et
855 864 1026 897 comitatus
1050 865 1107 897 Vc-

368 917 509 960 nayssini
542 922 725 950 nostrorum
759 918 992 959 praefatorum,
1028 917 1108 949 sieut

367 969 593 1012 praemittitur,
632 974 786 1012 reponet,
817 969 1031 1001 eonnnuniter
1056 970 1106 1001 vel

368 1021 504 1060 divisim,
526 1026 558 1054 et.
582 1021 661 1054 alias
688 1021 799 1063 quovis
825 1021 922 1053 modo
949 1025 981 1053 et
1005 1021 1106 1064 quali-

367 1079 553 1116 ter‹‘·umque
579 1074 772 1114 continuari,
798 1074 901 1117 repeti
928 1079 959 1107 et
984 1075 1103 1115 iterari,

368 1138 402 1159 ae
422 1128 460 1159 de
487 1138 569 1160 novo
595 1128 864 1171 quantiscumque
883 1127 1002 1160 vicibus
1020 1139 1101 1161 eom-

367 1180 461 1218 mini,
480 1180 659 1223 perpetrari
679 1181 728 1213 vel
749 1180 899 1213 attentari
921 1181 1104 1223 contigerit,

367 1244 621 1276 praesmvanms,
652 1244 688 1266 ae
716 1239 951 1277 praeservatos,
975 1234 1105 1277 illisque

367 1287 552 1318 nullatenus
588 1286 769 1326 obnoxios,
803 1291 896 1329 atque
929 1297 964 1318 ex
999 1297 1104 1325 nunc,

367 1344 463 1381 prout
488 1350 525 1371 ex
551 1344 642 1377 tuuc,
677 1343 708 1371 et
732 1350 748 1371 e
773 1344 899 1379 contra,
926 1340 1106 1382 respective

367 1392 535 1424 absolutos
554 1396 585 1424 et
602 1392 786 1434 plenissime
812 1392 966 1425 liberatos
991 1403 1060 1425 esse
1077 1398 1108 1425 et

368 1444 435 1476 sore
463 1445 667 1476 decerninnis
693 1449 724 1476 et
749 1445 962 1484 declaramus,
985 1456 1107 1479 omnes-

368 1507 430 1539 que
457 1502 489 1528 et
513 1497 656 1539 singulas
674 1498 795 1540 culpas,
812 1502 929 1535 reatus,
949 1508 1105 1537 excessus,

368 1549 494 1588 delicta,
521 1550 668 1589 erimina,
696 1550 948 1582 cii-‹iiiustantias
974 1555 1006 1583 et
1029 1562 1108 1594 poe-

367 1613 424 1633 nas
450 1602 636 1635 huiusmodi
674 1602 738 1635 illis
770 1608 939 1636 eteorum
974 1604 1108 1637 cuilibet

367 1655 508 1697 gratiose
535 1655 726 1688 remittimus
751 1660 783 1688 et
807 1656 1042 1690 condonamus.

410 1708 424 1750 ξ
449 1708 480 1740 o.
509 1709 551 1740 Ac
583 1709 656 1741 illos
694 1719 808 1741 omnes
839 1714 871 1742 et
896 1709 1040 1751 singulos
1066 1711 1104 1743 ad

367 1761 537 1803 pristinam
567 1762 691 1801 famam,
712 1766 838 1802 statum,
857 1763 1012 1803 honores,
1034 1763 1107 1795 titu-

367 1816 428 1853 los,
458 1815 587 1856 gradus,
616 1815 805 1857 dignitates,
832 1815 929 1848 etiam
955 1817 1106 1849 ecelesia-

367 1866 476 1905 stieas,
503 1868 711 1907 monasteria,
732 1868 830 1901 etiam
852 1868 1102 1911 consistorialia,

365 1920 535 1960 beneficia,
564 1921 732 1963 privilegia
749 1948 756 1961 ,
783 1921 901 1964 gratias
926 1926 959 1955 et
981 1922 1106 1956 indulta

366 1973 561 2016 apostoliea,
588 1975 852 2016 praerogativas,
879 1976 1106 2018 praeeminen-

366 2026 437 2065 tias,
451 2032 564 2065 castra,
582 2032 692 2067 terras,
705 2028 803 2067 villas,
819 2028 946 2069 casalia,
962 2029 1103 2071 praedia,

366 2079 615 2122 possessiones,
642 2080 755 2113 domos
772 2107 779 2120 ,
806 2081 941 2123 palatia,
966 2092 1080 2114 census
1095 2108 1102 2121 ‚

367 2133 437 2164 loca
456 2132 623 2171 montium,
642 2133 812 2166 societates
832 2134 1018 2175 officiorum,
1037 2146 1106 2168 mo-

367 2186 456 2223 bilia,
474 2185 660 2226 immobilia,
680 2187 782 2227 seuda,
799 2187 973 2228 allodialia,
992 2193 1023 2221 et
1043 2189 1105 2222 alia

367 2237 452 2269 bona
477 2248 696 2282 quawumque
716 2240 811 2272 etiam
836 2240 1104 2274 iurisdictionalia

368 2300 404 2321 ae
429 2291 668 2333 emphyteutica
685 2297 716 2324 et
729 2292 957 2334 ecelesiastica,
977 2304 1104 2327 necnon

367 2343 618 2382 iurisdictiones,
640 2345 795 2386 dominia,
811 2348 975 2387 vassallos,
994 2352 1026 2379 et
1043 2347 1105 2380 alia

366 2396 498 2438 regalia,
517 2396 595 2435 iura,
614 2397 725 2436 officia,
753 2398 849 2431 etiam
874 2399 1103 2439 ecclesiastica,

368 2459 512 2488 munera,
539 2449 669 2489 credita,
695 2460 747 2483 res
773 2456 805 2483 et
829 2452 983 2492 actiones,
1015 2452 1106 2485 fidei-

950 184 1130 209 BULLARIUM
1153 184 1304 210 ROMANUM

1153 233 1374 275 mogenituras
1389 261 1396 274 ,
1428 236 1625 276 maioratus,
1652 238 1888 280 proprietates,

1153 284 1288 325 fruetus,
1316 290 1379 318 tam
1406 287 1560 321 hactenus
1585 300 1641 322 seu
1667 291 1775 323 medio
1809 296 1890 323 tem-

1152 348 1230 380 pore
1246 339 1409 379 decursos,
1425 351 1519 383 quam
1535 342 1736 383 decursuros,
1747 349 1776 376 et
1792 355 1890 387 quae-

1151 401 1286 434 cumque
1312 392 1374 424 alia
1405 394 1444 425 ad
1470 394 1558 437 ipsos
1584 401 1616 427 et
1640 406 1752 429 eorum
1778 407 1889 439 quem-

1151 443 1230 476 libet
1247 446 1435 487 spectantia,
1452 447 1561 489 eisque
1577 453 1607 481 et
1626 433 1738 481 e‘orum
1755 450 1889 482 cuilibet

1150 497 1377 540 uudecumspie
1407 504 1438 530 et
1470 501 1773 544 quomodocumque
1803 512 1888 535 com-

1151 550 1295 592 petentia
1313 556 1345 582 et
1363 551 1483 591 debita,
1501 552 1539 584 ad
1562 552 1624 585 hoe
1637 558 1673 585 ut
1689 553 1750 596 ipsi
1775 564 1887 587 omnes

1150 608 1181 636 et
1203 603 1321 645 singuli
1343 604 1517 647 praemissa
1537 605 1643 638 omnia
1663 611 1694 638 et
1711 606 1837 649 singula
1853 612 1888 639 ut

1148 656 1236 698 prius
1262 656 1404 696 babere,
1433 657 1619 700 possidere,
1646 659 1802 698 retinere,
1833 660 1888 692 ad-

1147 708 1330 742 ministrare
1366 715 1398 741 et
1430 710 1468 742 de
1494 710 1556 742 illis
1591 711 1788 753 disponere,
1813 711 1887 745 illo-

1147 771 1281 804 rumque
1308 761 1454 801 sruetus,
1487 763 1576 803 iura,
1615 764 1829 797 obventiones
1856 770 1888 797 et

1149 815 1368 846 emolumenta
1386 825 1611 859 quaecumque
1627 817 1805 860 percipere,
1822 818 1887 849 exi-

1148 877 1234 909 gere,
1253 868 1372 907 levare,
1395 879 1432 900 ae
1458 868 1488 900 in
1514 879 1586 901 suos
1610 880 1686 901 usus
1711 874 1743 901 et
1768 870 1887 902 utilita-

1149 923 1213 951 tem
1238 924 1446 959 convertere,
1471 931 1598 953 necnon
1624 921 1807 964 privilegiis,
1838 923 1886 955 in-

1148 971 1257 1009 dultis,
1276 973 1518 1013 praerogativis,
1544 975 1820 1015 praeeminentiis,
1841 976 1886 1007 sa-

1147 1024 1329 1064 cultatibus,
1342 1025 1620 1066 concessionibus,
1637 1032 1669 1059 et
1684 1027 1756 1059 aliis
1774 1028 1884 1070 gratiis

1148 1082 1211 1109 tam
1251 1077 1474 1120 spiritualibus
1516 1090 1610 1122 quam
1650 1081 1884 1123 temporalibus

1148 1129 1213 1161 sibi.
1232 1131 1411 1172 respective
1446 1132 1691 1174 quomodolibet
1722 1134 1886 1167 concessis

1148 1186 1179 1213 et
1197 1183 1457 1225 competentibus
1475 1184 1530 1223 uti,
1554 1185 1622 1225 frui,
1646 1185 1742 1228 potiri
1761 1190 1792 1218 et
1809 1197 1887 1228 gau·

1148 1235 1224 1267 dere
1250 1235 1352 1268 libere
1378 1240 1410 1268 et
1434 1236 1517 1269 licite
1535 1239 1673 1280 valeant,
1691 1250 1727 1271 ac
1744 1239 1885 1282 denique

1148 1287 1179 1319 in
1198 1287 1381 1330 pristinum,
1404 1293 1436 1321 et
1454 1300 1527 1322 eum
1545 1290 1577 1322 in
1597 1301 1661 1334 quo
1680 1297 1752 1324 ante
1768 1292 1885 1325 dictam

1148 1340 1233 1373 diem
1256 1351 1292 1374 xx
1320 1343 1445 1385 augusti
1480 1353 1610 1377 naemu
1637 1346 1886 1387 quomodolibet

1148 1399 1252 1433 erant,
1280 1394 1372 1437 sique
1398 1395 1505 1427 onmia
1535 1402 1567 1429 et
1591 1397 1717 1439 singula
1746 1398 1883 1431 subinde

1148 1452 1283 1490 sequuta
1314 1449 1499 1480 nullatenus
1532 1450 1747 1492 contigissent
1771 1452 1884 1493 quovis

1147 1501 1243 1533 modo
1268 1501 1504 1544 reperirentur,
1531 1507 1650 1535 statum
1675 1503 1707 1535 in
1733 1504 1882 1537 omnibus

1148 1558 1180 1585 et
1193 1563 1251 1596 per
1265 1553 1372 1586 omnia
1390 1564 1425 1586 ae
1443 1555 1549 1597 quoad
1566 1555 1684 1595 omnia,
1698 1556 1833 1598 perinde
1849 1566 1885 1589 ae

1148 1606 1174 1639 si
1200 1606 1239 1639 de
1264 1606 1450 1650 praemissis
1477 1618 1641 1651 nunquam
1668 1609 1881 1650 cogitassent,

1147 1659 1359 1699 restituimus,
1375 1661 1564 1703 reponimus
1582 1666 1613 1693 et
1632 1661 1778 1704 plenarie
1799 1662 1885 1694 rein-

1148 1719 1316 1755 tegramus,
1335 1724 1371 1747 ae
1395 1714 1571 1755 restitutos,
1590 1715 1753 1757 repositos
1773 1720 1805 1747 et
1820 1716 1885 1758 ple-

1147 1765 1236 1799 narie
1260 1765 1475 1809 reintegratos
1501 1776 1572 1799 esse
1598 1768 1770 1808 volumuS,
1799 1768 1885 1810 pari-

1147 1824 1261 1862 terque
1287 1819 1490 1859 deeernimus
1516 1824 1548 1852 et
1572 1820 1789 1859 declaramus3
1809 1831 1885 1853 nee-

1147 1882 1211 1904 non
1237 1881 1367 1904 omnem
1385 1877 1416 1904 et
1438 1882 1673 1915 quamcumque
1695 1878 1727 1905 et
1744 1873 1885 1916 qualem-

1146 1935 1284 1968 cumque
1310 1923 1524 1957 inhabilitatis
1556 1930 1588 1957 et
1618 1925 1791 1964 infamiae,
1820 1930 1882 1957 tam

1146 1977 1224 2010 iuris
1251 1988 1347 2020 quam
1381 1977 1469 2017 sacti,
1500 1988 1535 2010 ae
1559 1977 1818 2020 irregularitatis,
1852 1984 1882 2011 et

1147 2030 1241 2063 aliam
1267 2030 1445 2073 quamlibet
1461 2032 1617 2063 maculam
1635 2031 1699 2063 sive
1718 2036 1826 2063 notam
1845 2042 1882 2063 ex

1146 2083 1335 2126 praemissis
1376 2083 1622 2126 quomodolibet
1660 2083 1883 2125 insurgentem

1145 2137 1194 2169 vel
1215 2141 1422 2176 contractam,
1441 2137 1480 2167 ab
1498 2135 1576 2178 ipsis
1598 2135 1748 2168 omnibus
1768 2141 1800 2168 et
1819 2136 1884 2168 sin-

1146 2188 1228 2230 gulis
1252 2189 1429 2231 respective
1460 2188 1589 2231 penitus
1615 2193 1647 2220 et
1670 2188 1802 2221 omnino
1828 2188 1885 2221 tol-

1146 2241 1254 2281 limus,
1273 2241 1487 2283 abstergimus
1513 2246 1544 2273 et
1568 2241 1745 2279 abolemus,
1767 2251 1802 2273 ae
1826 2252 1886 2285 per

1146 2293 1321 2336 praemissa
1347 2304 1458 2326 eorum
1484 2293 1626 2326 omnium
1659 2295 1708 2326 vel
1740 2294 1884 2336 singulo-

1145 2356 1215 2378 rum
1240 2346 1345 2385 statui,
1373 2347 1501 2386 honori,
1517 2347 1627 2386 famae,
1649 2347 1760 2387 titulis,
1779 2346 1885 2389 digni-

1147 2398 1274 2439 tatibus,
1295 2399 1449 2438 eeelesiis,
1467 2399 1681 2437 monasteriis,
1704 2399 1882 2439 benefieiis,

1147 2451 1267 2491 officiis,
1293 2452 1578 2493 iurisdictionibus
1605 2452 1765 2490 dominiis,
1796 2462 1885 2494 rega-

368 2502 561 2541 commissa,
590 2507 651 2534 tam
686 2504 851 2545 purificata
876 2516 971 2547 quam
996 2504 1106 2548 puriti-
1147 2504 1241 2543 libus,
1268 2505 1383 2544 feudis,
1409 2505 1624 2544 allodialibus,
1659 2504 1881 2545 investituris,

369 2555 482 2592 canda,
516 2555 779 2597 substitutiones,
813 2557 1015 2597 donationes,
1040 2557 1106 2601 pri·
1147 2558 1372 2597 maiel'atibus,
1404 2557 1687 2601 primogenituris‚
1720 2556 1884 2591 fideicom-

1890 189 1941 215 Λη.
1962 187 2081 216 &1664
