2247 3208
210 244 260 272 An.
277 243 304 270 C.
328 244 394 271 «1305

230 566 335 587 Statutnm
352 571 386 584 ra>

204 594 264 619 [·ιΙιιΙι
282 592 386 612 Pitilrilm-

213 628 216 637 ι
268 626 274 634 ,ν

440 235 504 268 374

400 291 567 331 inefficaci,
594 291 693 331 nunc,
714 290 804 323 irrito
827 300 863 322 ae
888 289 992 322 nihilo
1018 289 1137 321 habea-

400 350 469 383 tur;
497 343 664 386 ipsumque
695 348 849 375 statutum
876 342 1057 375 iuramento
1083 340 1137 373 sir-

400 401 539 436 marunt,
559 401 591 428 et
615 395 704 435 alias,
721 400 812 439 prout
833 395 965 428 uberius
991 394 1136 428 eontine-

400 455 449 481 tur
474 448 506 481 in
532 459 644 481 eorum
670 449 785 482 litteris
815 449 955 492 desuper
979 448 1134 481 emanatis

401 501 521 534 tenoris
540 502 594 545 qui
621 501 781 544 sequitur,
804 501 975 534 videlieet:

437 567 449 584 a
464 553 528 587 Nos
542 554 679 588 Ioannes
692 554 888 587 Wilhelmus
902 554 982 587 baro
997 553 1035 586 de
1051 554 1135 586 Sini-

400 606 505 649 ringh,
531 607 757 649 praepositus;
784 605 946 649 Gasparus
965 605 1134 649 Philippus

384 669 415 690 -a
440 659 596 698 Ketteler‚
618 659 777 697 decanus·‚
804 658 941 690 loannes
967 658 1133 690 Achardus

398 713 437 744 ab
463 711 602 751 lmbsen,
621 711 835 751 camerarius;
858 711 1020 744 Arnoldus
1040 721 1056 743 a
1074 711 1136 743 Vit-

399 763 548 807 tinghoff,
571 763 762 803 condictus3
778 763 898 802 Schell,
915 763 1038 803 senior;
1058 763 1135 796 Wil-

398 817 529 849 helmus
551 827 568 849 a
596 815 876 855 Winhelhauren‚
899 814 1132 854 thesaurarius;

397 869 592 902 Wilhelmus
604 868 795 901 Franciscus
811 879 827 900 a
843 867 1041 910 Vittingholl',
1060 878 1135 900 con-

399 923 523 963 dictus3
551 922 673 963 Schell‚
700 927 834 961 cantor;
863 921 1031 964 Adolplms
1050 921 1157 953 llen-¹

399 976 483 1008 ricus
518 975 649 1014 Droste‚
686 974 891 1007 Ilermannus
924 973 1134 1013 Wermerus,

397 1028 478 1061 baro
495 1027 598 1061 Wolil'
617 1024 817 1065 Meiternich,
836 1026 984 1059 Matthias
1002 1037 1019 1058 a
1035 1026 1133 1065 Reclv,

398 1080 609 1114 scholasticus
623 1107 630 1120 ‚
656 1080 793 1112 loannes
817 1079 974 1112 Ilenricus
995 1078 1074 1111 baro
1095 1079 1133 1110 de

398 1133 560 1176 Sintring,
595 1132 732 1165 loannes
772 1132 941 1175 Adolphus
978 1131 1057 1163 haro
1095 1131 1133 1163 ‹le

399 1187 518 1225 Frens,
549 1186 685 1219 loannes
710 1186 908 1218 wilhelmus
934 1185 1014 1217 baro
1038 1183 1138 1217 Wolff

398 1239 606 1278 Metternich,
636 1239 827 1271 Franciscus
852 1239 929 1271 baro
959 1238 998 1270 de
1024 1237 1133 1277 Frens,

399 1292 596 1325 wilhelmus
622 1291 800 1324 Goscoinus
825 1301 839 1322 a
866 1291 1031 1329 Ketteler,
1056 1290 1136 1322 Wil-

400 1346 529 1378 holmus
553 1345 632 1377 baro
664 1344 702 1377 de
735 1344 972 1385 Furstvnberg,
998 1343 1134 1376 loannes

399 1397 578 1430 Wernerus
613 1397 693 1429 baro
729 1397 767 1429 (le
803 1397 964 1435 Lecradt,
1000 1396 1135 1429 loannes

400 1451 564 1492 liutgerus
599 1450 721 1490 Torch,
753 1449 861 1482 Simon
898 1449 1064 1481 Mauritius
1097 1449 1135 1481 de

401 1504 524 1547 lippia,
549 1503 687 1536 loannes
714 1502 872 1545 Georgius
899 1503 937 1534 de
964 1501 1134 1544 Brugenei,

401 1557 570 1590 condictus
594 1556 834 1599 llasenkhamp,
858 1555 994 1588 loannes
1020 1555 1137 1597 [lutge-

401 1621 454 1642 rus
481 1620 497 1642 a
522 1609 675 1647 Iletteler,
698 1608 843 1640 canonici
869 1607 1064 1650 capitulares
1089 1619 1138 1640 ca-

403 1663 560 1696 thedralis
596 1662 750 1695 ecclesiae
779 1661 1049 1700 Paderbonensis,
1080 1671 1138 1704 per

402 1720 592 1759 praesentes
619 1720 732 1747 notum
753 1714 887 1746 facimus
911 1724 969 1757 pro
995 1714 1088 1746 nobis
1107 1720 1138 1746 et

402 1768 644 1801 successoribus
662 1767 790 1807 nostris,
814 1767 952 1810 qualiter
972 1777 1042 1807 nos,
1064 1767 1138 1799 Wil-

404 1822 529 1853 hclmus
561 1831 579 1853 a
602 1820 895 1860 Winhelhausent,
924 1821 1063 1853 barones
1098 1820 1137 1851 de

402 1873 593 1906 Metternich
632 1879 663 1905 et
696 1873 895 1915 Fursteberg
931 1872 1059 1915 quidem
1084 1873 1138 1905 ab·

403 1932 512 1960 sentes
537 1937 596 1970 per
611 1926 808 1959 constitutos
831 1932 1071 1969 procuratores,
1090 1937 1139 1959 re·
1158 1967 1160 1973 Κ

403 1980 482 2023 liqui
507 1990 583 2012 vero
602 1979 634 2011 in
655 1981 803 2023 persona,
823 1979 855 2011 in
880 1980 1023 2022 capitulo
1042 1990 1139 2022 gene-

403 2033 460 2065 rali
487 2032 637 2075 Corporis
672 2032 787 2065 Christi
822 2031 1043 2075 capitulariter
1066 2037 1160 2070 con—l

404 2085 548 2127 gregati,
581 2086 703 2117 matura
732 2084 967 2117 deliberatione
1000 2073 1160 2127 perpen-‘

404 2137 568 2176 «ierimus,
607 2138 692 2180 quod
728 2146 765 2169 ex
799 2142 971 2179 augmento
1006 2137 1139 2179 fulgoris

404 2189 604 2222 auctoritatis
630 2189 827 2232 episcopalis
852 2200 917 2222 non
943 2191 1010 2222 leve
1044 2190 1160 2230 simut,

404 2242 536 2274 accedat
558 2247 707 2285 respectu
726 2242 921 2275 cathedralis
940 2243 1071 2285 capituli
1093 2243 1140 2275 in-

405 2300 617 2327 crementum.
637 2294 714 2326 Cum
741 2295 849 2338 itaque
876 2295 1037 2339 episcopis
1062 2289 1161 2329 Ger-l

406 2346 530 2379 maniae
545 2347 625 2379 sacri
637 2347 770 2379 Romani
787 2347 914 2390 imperii
929 2348 1138 2391 principibus,

406 2409 465 2441 pro
491 2409 635 2441 congruo
662 2399 707 2431 illi
733 2400 828 2431 statui
847 2411 883 2432 ao
903 2400 1050 2443 dignitati
1076 2411 1140 2433 ser-

405 2452 509 2483 vando
534 2452 718 2494 splendore,
740 2453 778 2484 de
798 2453 1007 2495 amplioribus
1033 2454 1140 2486 reddi-

406 2504 489 2536 tibus
515 2515 551 2536 ac
574 2504 697 2536 iuribus
722 2505 887 2547 provisum
913 2517 981 2539 esse
1008 2507 1139 2546 deceat,

406 2557 678 2599 ‹piemadmodum
713 2568 771 2599 pro
805 2563 950 2601 tempore
983 2560 1139 2603 episcopo

407 2615 438 2642 ct
462 2609 599 2653 principi
627 2609 869 2643 Padorbonensi
908 2612 946 2644 de
980 2613 1156 2647 eiusmodi

983 241 1161 265 BELLARIUM
1187 241 1338 265 Romamn

1179 289 1359 322 redditibus
1385 293 1418 321 et
1441 289 1564 322 iuribus
1590 290 1638 323 isti
1661 290 1807 333 dignitati
1836 301 1913 324 con-

1178 341 1384 374 venientibus
1408 342 1570 384 provisum
1597 347 1661 375 est:
1687 353 1757 382 nos,
1780 344 1818 376 de
1836 353 1912 376 con—

1178 394 1360 427 servatione
1386 405 1510 434 eorum,
1528 399 1559 427 et
1576 406 1615 427 ne
1634 395 1665 427 in
1690 396 1833 429 futurum
1859 407 1912 430 ex-

1178 447 1252 480 inde
1278 447 1448 490 quicquam
1473 448 1679 489 detrahatur,
1708 450 1765 482 sed
1788 455 1823 482 ut
1848 456 1910 483 tam

1177 500 1331 543 princeps
1357 501 1451 533 statui
1483 511 1519 534 ac
1552 501 1699 543 dignitati
1735 513 1810 535 suae
1835 513 1912 535 con-

1178 558 1332 595 gruenter
1370 553 1477 586 vivere
1522 553 1724 596 subditisque
1764 564 1911 597 praeesse

1178 610 1283 648 queat,
1301 616 1395 648 quam
1421 611 1456 637 ut
1481 614 1539 638 nos
1565 606 1633 638 eius
1651 606 1785 648 gratiam
1804 612 1835 639 et
1850 607 1912 639 ani-

1176 657 1218 689 mi
1239 657 1524 691 clementissimam
1549 658 1850 701 propensionemin
1866 669 1912 692 ca-

1177 709 1315 753 pitulum
1352 715 1384 742 et
1407 711 1601 753 capitulares
1626 721 1699 743 suos
1724 721 1784 753 pro
1809 712 1912 746 ecete-

1178 763 1243 795 siae
1269 773 1304 794 ac
1328 763 1451 806 patriae
1469 763 1555 797 bono
1582 768 1671 796 tanto
1696 763 1812 796 certius
1836 774 1912 797 eon-

1178 824 1309 847 servare
1326 815 1499 858 possimus,
1519 815 1658 855 solliciti,
1677 815 1820 848 unanimi
1839 820 1911 849 voto

1177 866 1344 910 capitulari
1371 867 1529 901 hodierna
1558 867 1809 910 congregatione
1836 878 1909 902 con-

1177 919 1346 959 sensimus,
1373 931 1407 952 ac
1433 925 1590 963 perpetuo
1614 921 1747 952 valitura
1773 921 1843 963 lege
1862 921 1912 954 de-

1178 972 1347 1012 crevimus,
1364 977 1459 1016 prout
1477 978 1590 1005 tenore
1605 973 1826 1015 praesentium
1844 984 1911 1006 san-

1177 1025 1299 1065 cimus,
1333 1025 1417 1068 quod
1451 1027 1541 1058 nullo
1573 1036 1713 1068 unquam
1739 1031 1908 1069 tempore,

1177 1079 1292 1118 modo,
1319 1083 1454 1118 statuto,
1489 1079 1620 1111 decreto
1652 1083 1703 1111 aut
1740 1079 1910 1122 capitulari

1177 1132 1339 1170 concluso,
1353 1131 1408 1163 ulli
1424 1131 1649 1174 episcoporum
1664 1142 1700 1163 ex
1719 1133 1828 1164 mensa
1846 1131 1913 1174 epi-

1178 1184 1300 1226 scopali
1327 1194 1409 1216 nunc
1434 1184 1611 1227 applicatis,
1636 1189 1687 1216 aut
1711 1184 1742 1216 in
1769 1184 1912 1217 futurum

1177 1237 1392 1280 applicandis,
1420 1237 1584 1280 acquisitis
1620 1242 1674 1269 aut
1704 1237 1912 1281 acquirendis

1177 1289 1369 1329 redditibus,
1397 1290 1670 1331 obventionibus,
1698 1289 1821 1323 iuribus
1839 1317 1846 1330 ,
1877 1301 1912 1322 ac

1177 1342 1484 1375 iurisdictionalibus
1524 1354 1583 1386 per
1610 1351 1669 1375 nos
1709 1348 1763 1376 aut
1787 1354 1909 1376 succes-

1178 1406 1268 1428 sores
1300 1401 1430 1428 nostros
1455 1397 1627 1439 quicquam
1661 1396 1779 1429 debeat
1819 1397 1914 1429 dero-

1179 1448 1245 1489 gari
1277 1449 1325 1481 vel
1352 1448 1489 1487 detrahi,
1511 1453 1565 1480 aut
1589 1449 1652 1481 alio
1679 1448 1833 1492 deinceps
1858 1449 1914 1481 de-

1178 1500 1288 1532 stinari
1304 1527 1311 1540 ,
1345 1506 1376 1532 et
1400 1501 1424 1531 si
1452 1501 1528 1544 quid
1554 1506 1665 1533 contra
1690 1501 1761 1539 siat,
1796 1501 1826 1534 id
1852 1512 1912 1545 pro

1179 1553 1310 1585 omnino
1337 1553 1504 1594 inefficaci,
1533 1554 1640 1593 nullo,
1668 1554 1772 1594 irrito,
1806 1564 1842 1586 ac
1866 1554 1913 1586 ni-

1179 1606 1246 1638 hilo
1272 1607 1397 1639 haberi.
1423 1606 1526 1649 thue
1546 1612 1633 1639 tanto
1658 1607 1776 1640 certius
1800 1617 1860 1640 nos
1882 1612 1914 1639 et

1179 1669 1378 1692 successores
1409 1659 1508 1692 nostri
1541 1660 1579 1692 ad
1606 1660 1702 1692 huius
1734 1660 1842 1692 statuti
1869 1661 1915 1692 in-

1179 1713 1361 1745 violabilem
1387 1713 1623 1745 observantiam
1649 1713 1843 1756 obligemur,
1861 1724 1915 1746 vo-

1180 1767 1284 1799 lumus
1317 1767 1397 1799 illud
1423 1766 1528 1809 ipsum
1554 1777 1708 1810 expresse
1733 1767 1791 1799 sub
1818 1767 1857 1799 iis
1883 1772 1915 1799 et
1953 1762 1956 1765 ’

1180 1819 1264 1850 inter
1289 1829 1325 1851 ea
1351 1818 1529 1859 contineri,
1547 1820 1585 1851 de
1604 1819 1720 1862 quibus
1747 1819 1915 1852 accuratis-

1180 1871 1259 1904 sime
1285 1872 1450 1904 servandis
1475 1882 1534 1904 nos
1561 1872 1769 1905 iureiurando
1800 1873 1916 1905 astrin-

1180 1924 1302 1965 ximus,
1327 1930 1359 1957 et
1383 1924 1521 1967 quilibet
1544 1925 1732 1968 capitularis
1757 1925 1844 1958 iuxta
1868 1925 1916 1958 in-

1180 1982 1356 2010 veteratam
1384 1978 1654 2010 consuetudinem
1690 1977 1785 2010 huius
1811 1979 1915 2011 ecele-

1180 2030 1244 2063 siae
1264 2031 1469 2063 iureiurando
1488 2031 1582 2063 nudis
1599 2031 1736 2073 pedibus
1758 2031 1795 2063 ad
1814 2032 1914 2064 altare

1181 2083 1337 2126 praestito
1362 2093 1434 2116 sese
1461 2084 1640 2126 astringere
1662 2088 1803 2124 tenetur,
1821 2088 1916 2127 prout

1159 2156 1160 2171 2
1181 2142 1213 2168 ct
1237 2147 1296 2169 nos
1321 2136 1440 2168 virtute
1467 2136 1581 2168 harum
1607 2137 1787 2169 litterarum
1812 2136 1915 2169 iurato

1181 2189 1391 2232 astringimus
1417 2194 1449 2221 et
1473 2200 1678 2222 successores
1704 2190 1807 2223 nostri
1832 2189 1917 2222 simi-

1158 2277 1160 2284 ,
1181 2243 1256 2275 liter
1280 2253 1313 2275 se
1339 2243 1517 2285 astringere
1545 2243 1754 2276 tenebuntur.
1782 2243 1817 2276 ln
1838 2253 1918 2286 quo-

1180 2307 1250 2328 rum
1277 2295 1397 2336 fidem,
1426 2301 1457 2328 et
1489 2301 1733 2339 permanentem
1769 2296 1916 2329 notitiam

1181 2359 1339 2392 praesens
1364 2354 1517 2381 statutum
1542 2348 1638 2391 sigilli
1658 2349 1758 2382 nostri
1784 2348 1915 2381 maioris

1181 2402 1381 2444 appensione
1428 2402 1578 2434 duximus
1617 2401 1913 2435 communiendum.

1216 2463 1310 2490 Datum
1339 2467 1365 2490 et
1393 2467 1482 2491 actum
1511 2464 1683 2491 Paderbonae
1703 2464 1728 2490 in
1749 2464 1805 2490 loco
1826 2467 1917 2491 nostro

1180 2508 1323 2544 capitulari
1343 2517 1413 2536 anno
1434 2510 1538 2536 Domini
1560 2515 1687 2544 unctxut,
1703 2508 1746 2536 die
1762 2515 1820 2535 xxix
1840 2515 1917 2535 men-

1181 2560 1217 2579 sis
1237 2561 1308 2579 man.

1270 2615 1372 2647 Locus
1398 2616 1421 2635 ss

1407 2643 1412 2658 ‚
1446 2615 1554 2659 sigilli.

1923 241 1971 269 An.
1987 240 2016 269 C.
2039 241 2107 272 ism
