2247 3208
162 158 212 185 An.
229 157 258 185 C.
283 158 352 186 1668

176 587 297 609 moratum.

687 206 749 239 Lll.

416 283 561 318 Litterae
582 295 748 329 processus
772 286 953 329 publicatae
977 287 1029 319 die

468 337 590 372 Coenae
614 339 749 372 Domini
774 340 968 374 Muctxvui¹.

564 419 698 446 Clemens
714 419 884 453 episcopus,

523 472 631 491 servus
662 471 813 491 servorum
842 464 909 496 Dei,

488 509 523 536 ad
544 509 678 536 futuram
697 509 741 536 rei
761 508 942 536 memoriam.

389 578 563 612 pastoralis
583 578 719 611 Romani
737 578 902 611 Pontificis
918 577 1083 620 vigilantia

344 637 376 663 et
399 630 595 669 sollicitudo,
622 640 696 663 cum
722 630 755 662 in
776 630 864 662 omni
884 629 1080 662 christianae

343 683 540 726 reipublicae
556 693 636 726 pace
661 687 693 715 et
719 682 949 726 tranquillitate
967 693 1081 726 procu-

341 737 440 768 randa
465 746 523 779 pro
558 734 607 768 sui
631 734 776 767 muneris
813 734 920 768 officio
946 735 1076 768 assidue

339 794 504 828 versatur,
532 793 598 820 tum
622 787 824 831 potissimum
849 788 881 820 in
899 788 1076 822 catholicae

337 841 429 880 fidei,
456 841 525 873 sine
557 851 618 884 qua
643 840 844 884 impossibile
869 846 916 873 est
946 843 1074 884 placere

335 893 416 934 Deo,
438 893 561 927 unitate
587 899 680 937 atque
706 893 890 936 integritate
905 894 1074 927 retinenda
1095 892 1097 924 f

337 952 367 980 et
386 947 604 980 conservanda
624 947 762 980 maxime
784 948 900 980 elucet.
917 947 1073 981 Nimirum
1094 950 1095 959 ¹

334 1005 369 1032 ut
393 1000 504 1033 fideles
536 999 654 1033 Christi
686 1010 751 1032 non
779 1000 844 1032 sint
869 1001 989 1042 parvuli
1015 1002 1073 1033 ssu-

333 1058 502 1092 ctuantes,
538 1063 645 1096 neque
681 1053 946 1085 circumferantur
984 1054 1070 1086 omni

332 1110 426 1138 vento
453 1105 626 1145 doctrinae,
652 1105 685 1138 in
711 1105 853 1149 nequitia
878 1106 1066 1146 hominum,
1089 1113 1092 1145 ξ

331 1159 371 1192 ad
396 1159 702 1192 circumventionem
729 1160 856 1199 erroris,
872 1159 928 1192 sed
955 1170 1067 1192 omnes

986 161 1129 185 CLEMENS
1155 163 1182 185 lx
1210 163 1256 185 ΡΡ.

330 1217 504 1244 occurrant
527 1212 560 1244 in
584 1211 740 1244 unitatem
776 1211 850 1244 fidei
877 1216 909 1244 et
933 1212 1089 1253 agnitio-¹

328 1264 378 1297 nis
400 1263 470 1296 Filii
487 1264 556 1304 Dei,
576 1264 610 1296 in
633 1264 737 1296 virum
755 1264 941 1307 perfectum,
961 1275 1065 1307 neque
1086 1271 1088 1304 l

326 1327 366 1350 se·
386 1317 418 1349 in
448 1316 541 1348 huius
566 1316 650 1349 vitae
683 1316 836 1349 societate
862 1322 893 1349 et
924 1322 1087 1350 commu-³

325 1371 424 1404 nione
451 1369 588 1409 laedant,
615 1376 669 1402 aut
693 1370 778 1403 inter
803 1380 837 1403 se
863 1371 945 1403 alter
970 1372 1063 1404 alteri
1084 1374 1086 1414 J

324 1422 535 1456 ofsensimem
547 1423 735 1466 praebeant,
754 1423 811 1456 sed
829 1423 935 1466 potius
952 1424 984 1456 in
1001 1424 1064 1458 vin·
1083 1415 1085 1471 ff

323 1477 395 1509 culo
414 1476 580 1509 charitatis
597 1475 772 1515 coniuncti,
787 1482 951 1520 tamquam
966 1477 1061 1511 unius

323 1529 468 1573 corporis
510 1529 655 1562 membra
691 1529 750 1560 suh
792 1529 919 1563 Christo
956 1531 1059 1573 capite
1081 1525 1083 1562 ἶ

322 1583 457 1626 eiusque
482 1581 514 1614 in
540 1582 634 1614 terris
655 1581 773 1613 vicario
792 1581 935 1615 Romano
952 1583 1061 1615 Ponti-

320 1636 379 1668 fice
393 1635 573 1669 beatissimi
587 1635 673 1668 Petri
688 1646 885 1675 successore,
901 1646 917 1668 a
936 1647 999 1678 quo
1015 1642 1060 1670 to-
1078 1660 1080 1693 j

321 1689 382 1722 tius
406 1689 569 1722 Ecclesiae
587 1688 691 1721 unitas
710 1689 863 1729 dimanat,
881 1696 1059 1732 augeantur

319 1743 352 1775 in
377 1742 650 1783 aedificationem,
677 1748 771 1786 atque
797 1743 849 1782 ita,
866 1743 972 1776 divina
989 1755 1058 1786 gra-
1077 1750 1079 1790 ξ’

318 1795 363 1828 tia
379 1794 546 1835 adiutrice,
569 1795 613 1827 sic
637 1795 817 1838 praesentis
841 1795 924 1828 vitae
950 1796 1055 1839 quiete

317 1848 494 1891 gaudeant,
515 1853 550 1880 ut
575 1848 680 1881 futura
700 1858 831 1891 quoque
856 1848 1055 1882 beatitudine

315 1901 534 1944 perfruantur.
561 1900 607 1933 Ob
642 1911 720 1944 quas
752 1910 827 1933 sane
859 1911 969 1933 causas
993 1901 1056 1934 Ro-

314 1954 401 1987 mani
436 1953 607 1986 Pontifices
646 1953 912 1996 praedecessores
952 1955 1061 1987 nostri·

314 2007 476 2040 hodierna
500 2006 569 2046 die,
596 2017 679 2050 quae
705 2007 924 2039 anniversaria
948 2007 1053 2040 Domi-

312 2059 404 2093 nicae
429 2059 555 2093 Coenae
570 2059 877 2092 commemoratione
898 2061 1050 2093 solemnis

313 2118 370 2154 est,
386 2112 587 2156 spiritualem
607 2112 841 2145 ecclesiasticae
861 2112 1049 2155 disciplinae

313 2166 455 2208 gladium
479 2171 512 2198 et
537 2165 690 2198 salutaria
714 2164 853 2197 iustitiae
880 2176 967 2198 arma
990 2177 1050 2210 per

311 2217 527 2250 ministerium
552 2218 668 2250 summi
696 2219 896 2260 apostolatus
929 2219 968 2251 ad
993 2219 1048 2253 Dei

311 2270 447 2312 gloriam
472 2274 504 2302 et
527 2269 709 2302 animarum
734 2271 870 2303 salutem
895 2272 1049 2304 solemni-

310 2328 360 2355 ter
384 2332 533 2355 exercere
560 2328 807 2355 consueverunt.
844 2323 907 2356 Nos
938 2324 1046 2367 igitur,

309 2376 426 2420 quibus
458 2375 539 2408 nihil
571 2375 745 2419 optabilius
770 2381 817 2409 est
849 2388 945 2420 quam
970 2377 1045 2411 fidei

307 2428 495 2462 inviolatam
526 2429 766 2471 integritatem,
797 2430 961 2472 publicam
990 2441 1046 2474 pa-

307 2492 376 2515 cem
402 2487 434 2515 et
464 2480 642 2522 iustitiam,
669 2481 735 2515 Deo
763 2486 914 2524 auctore,
941 2483 1044 2525 tueri,

343 2546 356 2572 1
373 2544 410 2572 Ex
426 2543 534 2579 Regest.
550 2543 578 2571 in
592 2543 694 2571 Secret.
716 2544 798 2572 Brev.

413 2598 491 2627 Bull.
506 2598 590 2627 Rom.
603 2614 635 2618 —
656 2598 716 2628 Vol.
734 2598 825 2628 XVII.

987 2598 1018 2627 81

1778 154 1836 185 titt

1137 214 1299 242 vetustum
1325 216 1357 242 et
1379 212 1556 243 soleinnem
1583 211 1667 243 huuc
1686 221 1809 244 moreni
1828 221 1876 243 se-

1136 267 1292 305 quantes:

1178 315 1199 347 l.
1227 315 1547 349 Excommunicamus
1565 321 1597 349 et
1621 316 1871 349 anathematiza-

1132 377 1202 400 mus
1227 379 1264 400 cx
1296 374 1387 411 parte
1420 369 1476 401 Dei
1509 369 1742 411 oi‘nnipotentis
1770 369 1869 401 Patris

1132 425 1163 451 et
1187 420 1258 452 Filii
1283 427 1314 453 et
1337 420 1475 464 Spiritus
1511 421 1640 459 Sancti,
1674 421 1867 454 auctoritate

1130 483 1260 516 quoque
1285 474 1454 506 beatorum
1479 475 1700 516 apostolorum
1726 474 1811 506 Petri
1837 481 1867 507 et

1128 526 1225 563 Pauli,
1253 537 1287 559 ac
1313 529 1433 566 nostra,
1461 538 1682 570 quoscumque
1710 528 1863 568 hussitas,

1126 579 1388 622 wicklephistas‚
1420 580 1605 616 luteranos,
1637 580 1861 622 zuinglianos,

1125 631 1330 672 calvinistas,
1375 638 1579 674 ugonottos,
1620 633 1860 676 anabaptistas,

1124 683 1310 724 trinitarios,
1331 689 1361 716 et
1386 696 1402 716 a
1430 685 1582 717 cristiana
1603 686 1663 717 fide
1688 691 1861 728 apostatas,

1122 746 1158 768 ac
1182 747 1294 769 omnes
1320 741 1352 769 et
1384 736 1527 779 singulos
1553 737 1632 769 alios
1659 738 1859 778 haereticos,

1120 799 1322 832 quocumque
1339 790 1471 822 nomine
1490 795 1691 829 censeantur,
1710 796 1739 822 et
1757 791 1860 823 cuius-

1118 852 1256 885 cumque
1273 841 1399 875 sectae¹
1419 843 1566 882 existant,
1593 854 1629 875 ac
1653 843 1699 875 eis
1725 844 1859 875 ereden-

1118 900 1174 935 tes,
1201 905 1380 938 eorumque
1406 900 1636 938 receptatores,
1657 896 1806 935 fautores,
1826 901 1858 928 et

1117 948 1313 990 generaliter
1331 949 1494 992 quoslibet
1509 949 1638 981 illorum
1655 950 1855 989 defensores⁷

1116 1012 1150 1033 ac
1169 1001 1359 1034 eorumdem
1380 1002 1492 1041 libros,
1511 1002 1671 1034 haeresim
1691 1002 1855 1034 eontinen-

1115 1060 1162 1086 tes
1200 1055 1248 1087 vel
1289 1054 1328 1086 de
1361 1054 1517 1096 religione
1556 1059 1751 1093 tractantes,
1784 1055 1852 1087 sine

1113 1107 1303 1139 auctoritati-1
1325 1109 1437 1139 nostra
1462 1113 1493 1139 ct
1526 1107 1617 1139 Sedis
1644 1107 1852 1150 Apostolicac

1089 1159 1091 1178 ³
1112 1160 1254 1192 scienter
1279 1161 1423 1201 legentes
1449 1165 1499 1192 aut
1527 1160 1715 1197 retinentes,
1742 1160 1852 1203 impri-

1087 1213 1090 1225 ‘
1110 1217 1236 1244 mentes
1251 1222 1305 1244 seu
1319 1212 1565 1255 quomodolibet
1577 1212 1799 1251 defendentes,
1811 1224 1848 1245 ex

1110 1265 1220 1307 quavis
1239 1266 1344 1304 causa,
1361 1264 1488 1307 publice
1510 1265 1557 1297 vel
1583 1265 1717 1303 occulte,
1737 1266 1847 1307 quovis

1109 1318 1239 1360 ingenio
1262 1318 1310 1350 vel
1328 1319 1448 1357 colore,
1476 1328 1603 1350 necnon
1623 1317 1846 1350 schismaticos

1085 1363 1086 1368 ¹
1107 1376 1139 1402 et
1160 1381 1215 1403 eos
1240 1370 1293 1413 qui
1315 1381 1349 1404 se
1374 1381 1391 1402 a
1416 1372 1525 1403 nostra
1552 1376 1583 1403 et
1608 1370 1742 1402 Romani
1764 1370 1847 1403 Pon-

1106 1415 1200 1456 tificis
1225 1434 1284 1467 pro
1309 1429 1455 1467 tempore
1477 1424 1643 1456 existentis
1661 1424 1846 1456 obedientia

1083 1474 1084 1494 l
1106 1476 1315 1519 pertinaciter
1338 1477 1531 1508 subtrahunt
1556 1477 1604 1509 vel
1630 1476 1797 1508 recedunt.

1146 1529 1183 1561 ΙΙ.
1210 1529 1287 1562 Item
1315 1530 1627 1562 excommunicamus
1653 1534 1684 1561 et
1709 1530 1844 1561 anathe-

1103 1583 1289 1615 matizamus
1307 1592 1420 1615 omues
1440 1587 1471 1614 et
1488 1582 1641 1624 singulos,
1661 1582 1844 1614 cuiuscum-

1102 1647 1163 1678 que
1188 1641 1300 1675 status,
1327 1635 1444 1677 gradus
1470 1645 1525 1667 seu
1551 1634 1749 1667 conditionis
1774 1635 1843 1667 fue-

1101 1689 1184 1728 rint,
1210 1688 1436 1721 universitates
1462 1698 1552 1728 vero,
1578 1687 1726 1730 collegia,
1754 1688 1841 1732 capi-

1102 1743 1177 1782 tula,
1204 1752 1404 1785 quocumque
1432 1741 1565 1774 nomine
1595 1747 1835 1784 nuncupentur,

1076 1793 1078 1800 ’
1099 1794 1331 1833 interdicimus,
1351 1794 1389 1826 ab
1405 1793 1666 1826 ordinationibus
1680 1804 1736 1826 seu
1753 1804 1838 1826 man-

1099 1848 1178 1881 datis
1199 1849 1318 1881 nostris
1348 1858 1383 1880 ae
1400 1847 1618 1880 Romanorum
1643 1846 1836 1879 Pontificum

1097 1913 1156 1944 pro
1182 1908 1327 1945 tempore
1353 1901 1558 1934 existentium
1588 1901 1627 1933 ad
1653 1900 1834 1933 universale.

1097 1956 1238 1988 futurum
1264 1954 1435 1988 concilium
1460 1955 1680 1997 appellantes,
1708 1964 1834 1987 necnon

1095 2019 1151 2041 eos
1175 2018 1315 2051 quorum
1342 2007 1474 2045 auxilio,
1503 2007 1638 2039 consilio
1656 2008 1703 2039 vel
1724 2006 1832 2040 favore

1094 2062 1291 2104 appellatum
1317 2060 1421 2092 fuerit.

1136 2114 1186 2146 ΙΙΙ.
1214 2113 1293 2146 Item
1321 2113 1634 2146 excommunicamus
1654 2117 1683 2145 et
1703 2113 1832 2145 anathe-

1092 2167 1282 2199 matizamus
1308 2176 1421 2198 omnes
1447 2166 1575 2208 piratas,
1605 2165 1776 2205 cursarios,
1795 2176 1832 2198 ae

1092 2219 1290 2252 latrunculos
1305 2217 1480 2250 maritimos
1511 2217 1727 2250 discurrentes
1742 2229 1830 2251 marc

1091 2277 1246 2311 nostrum,
1262 2271 1434 2314 praecipue
1460 2281 1476 2302 a
1501 2270 1607 2303 Monte
1634 2271 1828 2313 Argentario

1090 2335 1192 2368 usque
1217 2323 1256 2356 ad
1280 2323 1497 2364 Terracinam,
1518 2334 1554 2356 ac
1579 2334 1692 2357 omnes
1713 2334 1825 2357 eorum

1090 2377 1243 2418 fautores,
1269 2381 1487 2420 receptatores
1512 2381 1544 2410 et
1568 2376 1769 2410 defensores,

1132 2429 1180 2462 lv.
1207 2428 1286 2462 Item
1312 2428 1624 2462 excommunicamus
1645 2434 1676 2462 et
1697 2430 1826 2463 anathe-

1088 2483 1275 2517 matizamus
1300 2492 1413 2515 omnes
1439 2488 1471 2515 et
1494 2482 1640 2525 singulos
1658 2483 1722 2526 qui,
1741 2484 1826 2517 chri-

1124 2546 1136 2573 t
1157 2544 1228 2573 Edit,
1249 2543 1328 2572 Malu.
1350 2544 1414 2579 legit
1432 2547 1527 2580 septae
1545 2546 1583 2580 (a.
1597 2545 1646 2580 T.).

1890 164 1937 190 fin.
1959 162 1986 187 Γ,Α
2006 168 2011 186 t
2037 162 2070 186 03²2

1921 328 2068 347 Hit-omniunt·

1882 357 1937 374 ratio
1961 357 2021 378 prout
2046 361 2066 373 ni

1882 381 1975 401 iubrica-
