2247 3208
936 225 1123 248 ,xriixrxxnssn
1149 226 1190 249 vu
1217 228 1265 250 pp.
1759 223 1822 254 *279
1870 235 1917 258 An.
1935 231 1961 257 C.
1985 232 2052 260 ωδε

338 269 460 313 pressis
493 279 528 300 ac
552 269 590 301 de
620 270 719 302 verbo
737 271 776 302 ad
794 270 926 303 verbum
952 272 1079 304 insertis
1123 273 1270 312 riomias,
1298 276 1427 317 cognita
1454 277 1515 308 sint
1543 278 1712 317 disturbia,
1739 279 1859 322 iurgia-

339 323 510 362 hahentes‚
527 323 591 356 illis
617 323 696 357 alias
720 324 753 357 in
779 336 836 358 suo
862 326 979 360 robore
1005 337 1079 370 per·
1121 336 1184 368 que
1221 327 1306 359 inter
1342 327 1412 360 illas
1451 340 1612 372 pauperes
1649 331 1854 374 provincias,

141 222 190 248 Au.
207 219 237 248 C.
257 220 328 248 1664

157 1448 279 1471 Exordium.

337 375 519 415 mansuris,
546 377 585 409 ad
623 377 871 419 praemissorum
904 377 1076 418 effectum,

339 428 400 461 hac
429 428 496 462 vice
529 429 716 469 dumtaxat,
749 431 935 474 specialiter
967 436 999 464 et
1024 442 1077 464 ex-

336 491 446 525 presse
465 482 658 525 derogamus
666 495 674 523 3
696 483 878 527 ceterisque
904 484 1075 517 contrariis

337 535 601 580 quibuscumque.

380 588 494 621 Datum
519 589 661 628 Rornae,
687 590 771 632 apud
796 589 827 622 S.
856 589 987 623 Mariam
1013 590 1075 623 Ma-

335 641 449 681 iorem,
467 641 524 674 sub
541 643 658 676 annulo
676 642 857 682 piscatoris,
876 642 928 675 die
944 653 1009 676 xvii
1027 643 1074 675 iu-

334 694 379 727 nii
399 704 548 734 iincmv,
566 694 771 737 pontificatus
784 694 886 728 nostri
905 704 989 728 anno
1003 705 1033 728 x.

368 756 427 783 Dat.
450 756 492 783 die
514 757 544 783 17
565 755 630 783 iunii
652 756 730 789 1664,
751 755 847 791 pontif.
870 765 941 784 anno
962 765 990 784 x.

616 871 785 905 CDLXXX.

332 941 543 984 Confirmatio
568 942 687 975 decreti
710 942 889 984 defim'torie‘
911 943 1072 986 yenerulis

377 995 511 1029 Ordinis
531 995 695 1028 Minorum
717 997 822 1028 sancti
845 997 1016 1029 Francisci
1035 997 1073 1030 (Ie
1091 1026 1092 1030 ,

375 1047 587 1082 Observantid
602 1076 610 1088 ,
643 1059 707 1092 quo
740 1049 923 1082 conceditur
954 1054 1072 1092 septem
1091 1061 1092 1073 ¹

371 1101 549 1144 provinciis
559 1101 722 1134 Pei-uanis
736 1101 869 1135 Ordinis
883 1102 1072 1134 huiusmodi
1088 1117 1092 1139 «ζ

373 1153 572 1187 alternatim
585 1154 764 1197 officiorum
783 1156 868 1187 inter
881 1156 999 1197 fratres
1016 1156 1072 1188 Ha·-
1090 1172 1091 1179 1

374 1217 490 1250 spanos
512 1212 541 1240 el
573 1208 771 1243 ⁷²“'²⁰'‘⁰l⁶⁸'
800 1212 897 1240 smum
923 1218 956 1240 ²⁷²
982 1207 1070 1241 ΛΟΜ
1112 1227 1173 1260 iam
1198 1230 1408 1271 praenotatis,
1428 1235 1463 1262 ut
1483 1231 1628 1274 qualibet
1645 1235 1780 1266 censura
1804 1235 1851 1267 di—

371 1261 539 1305 Hispania
563 1262 688 1294 servari
710 1261 789 1294 solet
802 1260 820 1294 ¹.

520 1332 685 1360 Alexander
711 1333 790 1367 Papa
810 1333 873 1364 vn,

469 1377 505 1404 ad
525 1377 659 1404 futuram
684 1377 728 1404 rei
748 1377 927 1405 memoriam.

371 1440 386 1483 g
410 1439 440 1472 1.
468 1439 593 1483 Exponi
619 1440 714 1472 nobis
732 1450 838 1483 nuper
856 1440 1005 1473 feceruut
1023 1440 1070 1474 di·
1087 1443 1091 1476 ζ

325 1494 402 1527 lecti
419 1493 477 1527 filii
498 1494 650 1528 custodes
669 1498 701 1526 et
718 1494 923 1537 proministri
942 1499 1069 1537 septem

325 1547 570 1591 provinciarum
601 1547 827 1580 Peruanarum
851 1546 980 1580 Ordinis
1006 1548 1069 1580 fra-

325 1605 413 1633 trum
437 1600 598 1633 Minoruni
622 1600 726 1633 sancti
752 1600 916 1633 Francisci
943 1601 982 1633 dc
1006 1600 1069 1635 Oh-

1121 388 1160 411 eo
1185 379 1272 421 quod
1299 385 1362 412 tam
1387 382 1479 413 multi
1505 381 1569 414 sint
1593 383 1710 416 fratres
1737 384 1855 418 diversi

1118 430 1151 463 in
1176 431 1302 474 pat1¹is1;
1329 432 1490 476 siquidem
1514 435 1569 467 uni
1595 442 1670 468 sunt
1693 438 1853 482 Hispani,

1119 484 1212 516 alteri
1245 495 1282 516 ex
1318 486 1421 518 altera
1454 488 1607 528 natione,
1638 491 1731 523 alteri
1758 492 1854 525 etiam

1116 537 1282 569 naturales
1301 543 1333 570 et
1350 539 1479 572 oriundi
1498 550 1535 572 ex
1548 541 1612 573 illis
1627 543 1783 585 partibus,
1800 545 1854 588 qui

1116 589 1248 632 quidem
1262 592 1477 625 communiter
1490 595 1698 637 appellantur
1708 597 1853 638 Crz'ollos;

1116 654 1153 676 ex
1172 643 1289 687 quibus
1310 646 1460 679 omnibus
1479 648 1625 690 quotidie
1645 650 1762 683 accidit
1778 661 1855 684 con-

1115 697 1261 730 struere¹
1284 699 1457 741 quamdam
1479 700 1711 743 partialitatem
1728 703 1767 735 ad
1784 714 1854 737 mo-

1115 749 1192 782 dum
1217 752 1427 784 monarchiae
1453 753 1495 786 ita
1521 753 1610 786 ferox
1637 760 1669 787 et
1693 755 1852 798 rigoroso,

1114 807 1149 834 ut
1174 812 1239 835 non
1264 804 1371 837 solum
1396 805 1599 848 irregularis,
1618 818 1730 840 verum
1756 809 1865 848 etiam,

1113 856 1265 897 barbara,
1284 867 1343 890 suo
1360 858 1456 892 modo
1474 860 1651 903 loquendo,
1671 861 1823 895 videntur
1832 863 1852 904 ²,

1114 909 1175 942 hoc
1201 915 1249 943 est
1273 911 1365 943 valde
1391 912 1696 955 experimentatum,
1716 919 1748 947 et
1766 916 1853 959 quod

1112 963 1206 1006 peius
1229 968 1289 1003 est,
1309 964 1472 1005 scandala,
1491 976 1572 1008 quac
1592 966 1743 1000 oriuntur
1767 969 1854 1001 inter

1113 1017 1288 1055 seculares,
1301 1022 1331 1049 et
1346 1017 1515 1051 irrisiones
1528 1030 1606 1062 quas
1620 1020 1746 1053 ratione
1757 1020 1852 1053 istius

1112 1068 1221 1110 magni
1252 1070 1408 1102 momenti
1437 1081 1497 1103 nos
1522 1071 1597 1104 talia
1629 1072 1771 1106 scientes
1797 1084 1853 1117 pa-

1113 1121 1225 1154 timur:
1252 1128 1453 1166 quapropter
1481 1125 1589 1157 multis
1621 1125 1691 1158 aliis
1718 1126 1852 1160 rationi-

1088 1183 1092 1214 ς
1111 1174 1171 1206 bus
1196 1180 1228 1207 et
1252 1176 1468 1209 fundamentis
1493 1177 1582 1210 istius
1603 1179 1740 1221 generis,
1760 1182 1851 1224 quasi

1112 1281 1191 1323 gnis,
1213 1287 1248 1313 ut
1265 1282 1328 1315 hoc
1352 1284 1472 1316 malum
1493 1288 1524 1316 et
1543 1285 1762 1328 perniciosum
1778 1287 1851 1329 paci

1111 1335 1286 1376 communi,
1310 1340 1341 1368 et
1365 1336 1555 1379 particulari
1576 1338 1704 1371 illarum
1723 1339 1852 1382 provin-

1111 1387 1256 1428 ciarum,
1284 1393 1315 1421 et
1358 1400 1416 1422 suo
1453 1391 1580 1424 meliori
1613 1393 1784 1425 commodo
1820 1398 1852 1426 et

1110 1440 1271 1484 regimini,
1288 1447 1319 1474 et
1339 1443 1562 1486 tranquillitati
1588 1444 1721 1478 fratrum
1747 1445 1850 1479 diver-

1088 1514 1090 1540 !
1111 1503 1221 1527 sorum
1236 1521 1243 1534 ,
1270 1499 1302 1527 et
1325 1500 1360 1527 ut
1384 1497 1517 1529 tollatur
1541 1498 1580 1531 de
1605 1498 1712 1532 medio
1739 1499 1851 1533 incon·

1088 1544 1089 1564 l
1111 1547 1243 1580 veniens
1274 1549 1461 1590 nationum,
1488 1555 1520 1583 et
1551 1561 1661 1584 omnes
1686 1552 1847 1593 habeant,

1086 1601 1089 1644 ξ
1111 1604 1173 1632 tam
1197 1601 1230 1633 in
1251 1601 1366 1635 officiis
1391 1613 1487 1646 quam
1511 1603 1544 1636 in
1569 1604 1686 1637 ceteris
1710 1605 1849 1638 functio—

325 1653 490 1686 servantia
514 1658 788 1697 nuncupatorum,
811 1653 899 1697 quod
924 1654 986 1696 ipsi
1012 1654 1068 1687 de·
1086 1646 1089 1708 i
1109 1653 1211 1694 nilnffi,
1226 1664 1314 1687 suam
1329 1654 1554 1697 intentionem,
1573 1661 1604 1690 et
1624 1658 1731 1691 onmia
1748 1658 1849 1692 omni-

326 1711 456 1739 cretum
481 1717 499 1738 a
523 1706 709 1739 definitorio
739 1706 884 1750 generali
911 1706 986 1739 dicti
1012 1706 1068 1740 Or·
1108 1707 1167 1740 bus
1192 1708 1432 1751 aequivalenter
1461 1710 1705 1752 distribuantur,
1725 1712 1762 1745 ad
1795 1723 1849 1746 ve-

325 1759 410 1792 dinis
449 1759 664 1792 obtinuerunt
695 1770 809 1792 eorum
844 1760 957 1793 libello
990 1771 1067 1804 sup·
1108 1765 1190 1793 stras
1214 1762 1425 1804 paternitates
1451 1764 1735 1798 reverendissimas
1759 1776 1848 1799 acce-

325 1812 404 1856 plici
430 1813 643 1846 subnotatum
673 1813 798 1846 tenoris
824 1813 878 1856 qui
903 1814 1064 1857 sequitur,
1109 1813 1233 1854 dimus,
1266 1820 1298 1847 et
1322 1815 1503 1849 humillime
1527 1817 1687 1860 petimus,
1718 1828 1847 1852 necnon

324 1866 499 1899 videlicet:
1084 1881 1087 1902 ι
1108 1876 1179 1898 curn
1203 1867 1291 1900 omni
1316 1867 1435 1901 fiducia
1466 1870 1666 1912 postulamus
1683 1897 1690 1910 ,
1723 1875 1759 1903 ut
1783 1871 1847 1904 illis

331 1932 345 1948 u
367 1919 641 1952 Reverendissime
662 1923 771 1962 pater,
800 1919 958 1963 ceterique
982 1930 1066 1953 reve·
1083 1908 1088 1939 ⁸*
1107 1919 1226 1952 nostris
1244 1921 1418 1964 provinciis
1438 1921 1592 1955 Peruanis
1612 1924 1728 1956 modus
1753 1925 1847 1958 alter-

369 1972 462 2005 rendz'
483 1977 592 2016 patres
616 1983 654 2006 ex
678 1973 861 2015 definitorio
885 1973 1040 2016 uenerati.
1107 1971 1205 2005 nandi
1230 1973 1263 2005 in
1288 1974 1500 2007 electionibus
1516 2002 1523 2015 ‚
1550 1976 1601 2008 vel
1632 1976 1844 2017 alternativa,

370 2024 482 2058 Patres
513 2026 666 2058 custodes
700 2031 732 2058 et
756 2026 960 2068 proministri
990 2036 1066 2069 pro·
1085 2023 1087 2055 l
1107 2030 1142 2057 ut
1159 2027 1203 2059 ita
1221 2027 1336 2067 dicam,
1354 2028 1555 2061 concedatur
1569 2039 1608 2062 eo
1623 2029 1720 2062 simili
1735 2031 1844 2071 modo,

326 2078 505 2111 vinciarum
525 2083 653 2122 septem
670 2078 892 2111 Peruanarum
909 2078 1064 2111 adsumus
1107 2079 1243 2111 servatis
1269 2080 1457 2120 servandis,
1485 2091 1549 2125 quo
1580 2092 1772 2116 concessum
1797 2089 1846 2117 est

327 2135 360 2162 et
383 2130 595 2173 pervenimus
617 2131 656 2163 ad
692 2131 984 2164 reverendissimas
1010 2142 1066 2174 pa·
1083 2152 1086 2188 1
1106 2132 1282 2175 provinciis
1307 2132 1411 2166 Novae
1433 2133 1618 2177 Hispaniae,
1637 2135 1763 2169 ratione
1789 2147 1844 2169 cn-

327 2183 496 2216 ternitates
522 2187 646 2216 vestras
664 2183 697 2216 in
721 2184 778 2216 illa
800 2184 931 2217 meliori
949 2184 1062 2225 forma,
1083 2191 1086 2232 ᾗ
1105 2185 1154 2217 ius
1169 2194 1280 2220 omnes
1295 2185 1370 2219 illae
1387 2187 1574 2230 provinciae
1591 2198 1672 2231 pace
1690 2189 1844 2231 gaudent,

326 2247 410 2279 quae
424 2237 520 2269 nobis
539 2238 721 2270 secundum
738 2237 788 2270 ius
805 2238 972 2281 pertinere
990 2249 1065 2281 pos·
1084 2241 1088 2314 ἰ
1106 2243 1137 2270 et
1162 2237 1217 2270 tali
1242 2238 1395 2281 suffragio
1413 2240 1452 2273 ad
1477 2240 1616 2274 invicem
1636 2243 1843 2275 consolantur

325 2290 377 2329 sit,
396 2290 540 2322 cumilla
565 2291 663 2323 etiam
688 2290 872 2323 humilitate
898 2301 982 2334 quae
1006 2301 1065 2324 no·
1106 2291 1138 2323 in
1163 2291 1310 2324 Domino.
1339 2292 1417 2325 Utor
1442 2293 1538 2326 etiam
1563 2294 1626 2327 alio
1652 2296 1841 2339 exemplari,

325 2343 375 2376 bis
394 2348 429 2375 ut
445 2343 584 2376 subditis
603 2343 719 2376 attinet
749 2343 875 2377 ratione
899 2343 1064 2378 tantorum
1081 2315 1087 2383 i
1106 2354 1169 2387 quo
1187 2344 1251 2377 iam
1268 2344 1385 2377 fruitur
1408 2355 1472 2378 una
1489 2356 1525 2378 ex
1543 2346 1607 2379 illis
1625 2353 1749 2390 septem
1766 2359 1843 2391 pro-

324 2395 478 2440 patru1n²
510 2402 542 2430 et
575 2397 798 2440 praelatorum
813 2423 821 2437 ,
848 2402 881 2430 et
905 2397 1063 2439 dicimus,
1105 2397 1217 2429 vinciis
1228 2397 1527 2437 Peruanis‚scilicet
1538 2400 1843 2443 provinciaS.Fran-

326 2450 430 2493 quod,
455 2460 529 2483 cum
553 2449 617 2482 iam
649 2459 710 2492 per
741 2450 877 2483 multum
903 2451 1061 2494 temporis
1105 2449 1178 2483 cisci
1197 2451 1235 2483 de
1257 2449 1362 2491 onim,
1380 2450 1414 2483 in
1431 2462 1493 2494 qua
1510 2453 1709 2486 alternantes
1728 2453 1842 2486 fratres
1860 2488 1865 2493 ,

325 2502 479 2546 spatium,
500 2507 532 2535 et
552 2508 617 2536 tam
632 2512 693 2546 per
710 2503 829 2536 multas
848 2502 944 2536 etiam
965 2514 1063 2547 expe-

156 2033 315 2060 Supplexlibel-

130 2058 172 2080 lum
188 2066 200 2080 a
222 2060 316 2086 patribus

131 2086 234 2106 Peruanis
243 2086 314 2106 defiui-

131 2113 186 2133 torio
201 2113 280 2134 datum.

1140 2532 1151 2557 1
1175 2530 1275 2557 Forsan
1294 2539 1485 2566 consuryere,
1511 2535 1539 2558 at
1558 2535 1659 2561 textum
1678 2532 1841 2561 emendandi

1104 2582 1178 2609 spem
1195 2581 1302 2600 omnem
1317 2573 1476 2609 deponimus
1492 2576 1529 2609 (n.
1546 2575 1595 2611 τ.).

1139 2618 1153 2645 Ξ
1175 2618 1275 2646 Forsan
1290 2619 1422 2647 videatur
1436 2620 1476 2654 (n.
1493 2620 1541 2655 Τ.).

363 2576 373 2599 1
396 2574 434 2600 Ex
454 2573 561 2607 Regest.
582 2573 607 2600 in
628 2573 731 2600 Secret.
752 2572 826 2600 Brev.

361 2617 378 2645 Ξ
396 2617 445 2646 Ed.
456 2617 535 2646 Malu.
548 2617 611 2652 legit
626 2621 764 2652 patruum
779 2626 826 2653 pro
841 2618 1060 2654 patrum(n.r.).
