2247 3208
146 238 195 266 An.
216 239 246 266 G.
264 239 331 267 1662

170 1249 257 1270 Decreta
267 1249 325 1269 Sum·

142 1282 221 1297 morum
240 1275 324 1295 Ponun-

141 1307 187 1322 cum
199 1304 295 1322 recenset
305 1304 324 1322 et

141 1328 257 1349 coufirmat,

928 241 1117 265 ALEXANDER
1140 242 1183 265 VII
1209 242 1255 265 PP.

343 287 461 328 iorem,
483 289 543 321 sub
568 287 689 321 annulo
715 287 903 329 Piscatoris‚
924 289 975 321 dic
1000 299 1078 322 xvin

343 340 456 384 aprilis
482 350 625 380 iincixii,
651 340 861 384 pontificatus
893 341 998 374 nostri
1023 351 1079 374 an-

342 403 385 427 no
410 405 479 428 v111.

378 455 435 484 Dat.
452 457 485 483 18
499 456 593 492 aprilis
610 457 688 491 1662,
703 457 798 492 pontif.
815 464 886 485 anno
902 463 957 484 vui.

584 598 837 633 CCCLXXXVIII.

343 679 535 722 Proroqalio
559 678 700 710 subsidii
715 678 1029 721 quadrinqentornm
1048 681 1077 710 et

385 732 505 774 viqinti
522 731 668 763 millium
685 731 876 763 (fucatorum
896 741 994 773 super
1008 731 1078 772 fru-

385 784 488 817 eribus
513 783 736 816 ecclesiasticis
761 784 992 816 universarum
1017 783 1077 816 Hi-

383 836 577 879 spaniarum
610 841 637 868 et
666 836 841 869 Sardiniae
872 837 907 869 in
935 837 1094 879 furorem*
1431 874 1436 879 ³
1529 875 1534 880 ,
1647 875 1665 880 ..

1093 877 1153 921 {no
1177 883 1240 913 xri,
1268 880 1300 905 ct
1325 874 1385 906 sub
1407 874 1458 906 die
1477 884 1507 907 ix
1527 884 1666 907 ianuarii
1691 885 1847 909 iincxxxix

1093 925 1320 969 'pontificatus
1346 927 1443 959 etiam
1470 927 1520 959 sui
1546 937 1632 960 anno
1649 938 1717 968 xvi,
1740 939 1777 961 ac
1798 929 1847 960 In-

383 889 468 932 regyis
493 888 646 922 catholici
658 889 675 921 ¹.

340 969 497 998 Carissimo
522 969 553 996 in
574 968 689 996 Christo
713 969 776 997 filio
796 972 899 997 nostro
928 969 1075 1004 Philippo,

473 1013 683 1047 Hispaniarum
702 1013 766 1047 regi
786 1013 944 1048 calholico‚

533 1067 702 1093 Alexander
722 1067 800 1099 Papa
816 1067 879 1093 Vll.

440 1127 598 1155 Carissimo
614 1127 644 1155 in
665 1128 781 1155 Christo
801 1128 845 1155 fili
865 1131 977 1160 noster,

375 1173 505 1200 salutem
525 1176 556 1199 et
576 1171 771 1206 apostolicam
790 1172 1039 1199 benedictionem.

384 1243 398 1286 ἓ
426 1243 452 1276 1.
488 1243 610 1285 Magnis
644 1242 752 1275 causis
785 1242 915 1275 adducti
941 1253 1077 1276 conces-

340 1296 467 1330 sionem
489 1295 627 1329 subsidii
644 1295 743 1328 annui
758 1295 1076 1338 quadringentorum

340 1354 373 1382 ot
397 1349 511 1392 viginti
537 1349 676 1382 millium
695 1349 889 1381 ducatorum
909 1359 945 1381 cx
966 1349 1071 1382 fructi·

339 1404 400 1436 bus
426 1407 458 1436 et
489 1402 673 1435 redditibus
700 1402 937 1435 ecclesiasticis
963 1402 1094 1435 civita-¹

340 1462 407 1488 tuin
434 1461 466 1489 et
482 1457 630 1489 locorum
648 1466 828 1498 regnorum
847 1456 1074 1488 universarum

338 1509 582 1552 Hispaniarum,
601 1520 638 1542 ac
655 1509 753 1542 etiam
771 1508 947 1549 Sardiniae,
968 1510 1073 1542 clauae

339 1562 518 1595 memoriae
544 1562 697 1606 Philippo
722 1562 767 1603 ΙΙ,
794 1573 852 1595 avo
874 1567 942 1602 tuo,
959 1563 1075 1606 Hispa-

338 1615 467 1648 niarum
492 1616 562 1658 regi
589 1615 763 1662 catholico,
790 1616 829 1648 ad
851 1620 977 1648 certum
998 1621 1074 1649 tunc

339 1680 532 1713 expressum
569 1674 696 1712 tempus
722 1669 863 1708 factam,
898 1674 930 1701 et
955 1670 1072 1703 deinde

337 1721 480 1766 pluries⁴³
497 1722 594 1755 etiam
620 1733 637 1754 a
655 1722 814 1764 Gregorio
833 1722 911 1761 XIII,
931 1722 1018 1755 Sixto
1036 1723 1071 1763 V,

337 1775 496 1818 Gregorio
511 1775 587 1815 XIV,
603 1774 770 1808 Clemente
785 1775 849 1807 VIII
871 1786 908 1808 ac
922 1775 1022 1808 Paulo
1036 1776 1070 1817 V,

337 1827 492 1860 Romanis
517 1827 730 1860 Pontificibus
756 1829 1071 1871 praedecessoribus

338 1880 474 1923 nostris,
501 1881 608 1913 eidem
632 1881 786 1924 Philippo
812 1892 883 1922 avo,
907 1887 939 1914 et
963 1883 1071 1915 clarae

338 1933 489 1966 similiter
514 1933 693 1965 memoriae
726 1933 878 1976 Philippo
904 1934 941 1966 III
973 1934 1071 1967 etiam

336 1986 567 2029 Hispaniarum
601 1986 670 2028 regi
704 1986 888 2027 catholico,
930 1987 1071 2029 genitori

337 2044 413 2079 tuo,
441 2044 473 2072 et
496 2050 514 2072 a
539 2040 735 2072 recolendae
766 2041 944 2073 memoriae
971 2041 1072 2074 Urba-

337 2102 380 2125 no
397 2092 461 2125 VIII
476 2097 508 2125 et
523 2092 715 2125 Innocentio
737 2093 771 2133 X,
791 2093 945 2126 Romanis
963 2094 1072 2126 Ponti-

335 2144 451 2178 ficibus
465 2145 781 2188 praedecessoribus
796 2146 921 2189 pariter
934 2147 1069 2188 nostris,

335 2209 395 2242 per
413 2199 557 2232 diversas
580 2210 694 2232 eorum
713 2200 906 2243 respective,
929 2207 960 2234 et
976 2212 1071 2245 prac-

303 2294 307 2297 -
336 2252 449 2284 sertim
468 2252 544 2285 dicti
561 2252 736 2286 Clementis
764 2254 824 2286 sub
842 2254 952 2287 datum
972 2255 1023 2287 die
1042 2267 1071 2289 ix

335 2305 494 2338 februarii
511 2316 623 2339 Moxcn
640 2306 852 2349 pontificatus
874 2308 923 2340 sui
942 2319 1027 2341 anno
1046 2320 1067 2349 1,

335 2361 369 2390 et
385 2357 436 2390 die
454 2368 518 2391 xvn
542 2358 623 2390 iunii
646 2358 732 2392 i1Dc⁸
754 2359 963 2402 pontificatus
991 2361 1069 2394 item

335 2410 386 2443 sui
411 2421 496 2443 anno
521 2421 563 2451 ix,
590 2416 622 2443 et
648 2411 698 2444 die
723 2423 782 2444 xxx
803 2413 948 2445 octobris
966 2424 1069 2448 iincm

334 2463 546 2508 pontificatus
577 2464 730 2498 similiter
759 2465 809 2498 sui
835 2476 920 2499 anno
945 2477 1010 2508 xii,
1038 2473 1069 2500 ct,

369 2544 381 2570 1
405 2542 442 2569 Ex
462 2543 569 2578 Regest.
590 2544 618 2570 in
637 2543 738 2571 Secret.
760 2545 840 2571 Brev.

1801 235 1819 268 7

1114 289 1190 321 dicti
1216 290 1305 323 Pauli
1324 291 1384 323 sub
1399 291 1510 323 datum
1528 292 1578 325 die
1596 302 1645 325 xxi
1663 292 1742 324 iunii
1761 303 1847 327 MDCV

1112 342 1321 385 pontificatus
1347 343 1396 375 sui
1422 354 1507 376 anno
1533 355 1563 385 1,
1590 350 1622 378 et
1648 345 1699 378 dic
1726 356 1770 379 vri
1797 356 1847 378 se-

1112 396 1273 438 ptem’bris
1298 406 1396 429 unam
1421 397 1632 440 pontificatus
1650 399 1776 442 pariter
1795 400 1845 431 sui

1112 459 1196 482 anno
1222 459 1279 490 vu,
1305 454 1338 482 et
1362 450 1414 483 die
1445 461 1488 484 xn
1521 453 1709 485 novembris
1740 462 1846 487 uncxv

1111 501 1322 545 pontificatus
1341 502 1420 535 item
1438 504 1487 536 sui
1505 514 1589 537 anno
1602 515 1646 544 xi,
1665 516 1702 538 ac
1720 505 1772 538 die
1796 517 1846 539 xx‘i

1111 554 1257 588 octobris
1281 565 1401 589 MDCXIX
1431 555 1641 600 pontificatus
1672 558 1770 590 etiam
1796 559 1845 591 sui

1111 618 1195 640 anno
1220 619 1271 649 xv,
1298 619 1426 642 necnon
1452 609 1611 652 praedicti
1646 610 1767 644 Urbani
1794 612 1845 644 dio

1110 670 1181 694 xxvi
1221 662 1328 694 martii
1369 671 1507 695 iincxxiv
1552 662 1764 705 pontificatus
1796 665 1845 697 sui

1111 724 1196 747 anno
1214 725 1237 753 1,
1258 719 1290 747 ct
1307 714 1424 748 deinde
1443 726 1479 749 111
1497 715 1572 748 maii
1587 725 1744 749 Mucxxxiv
1764 727 1847 760 pon-

1112 766 1252 800 tificatus
1274 767 1400 810 pariter
1425 768 1474 800 sui
1496 779 1581 801 anno
1602 767 1663 810 ΧΗ,
1690 780 1727 802 ac
1753 770 1805 803 die
1823 781 1846 803 11

1111 820 1191 852 iunii
1217 830 1362 854 Mncxxxv
1386 820 1600 864 pontificatus
1622 822 1700 855 item
1718 822 1768 854 sui
1791 833 1846 855 an-

1111 979 1265 1019 nocentii,
1279 980 1584 1023 praedecessorum,
1601 980 1651 1013 die
1669 991 1692 1014 11
1707 981 1845 1014 ianuarii

1110 1041 1236 1064 iinchv
1261 1032 1471 1075 pontificatus
1498 1033 1546 1065 sui
1572 1043 1657 1066 anno
1678 1032 1716 1074 1²,
1737 1038 1769 1066 et
1788 1043 1845 1066 no-

1111 1084 1243 1117 vissime
1269 1085 1319 1117 dic
1337 1095 1399 1118 xxii
1421 1086 1495 1118 maii
1512 1095 1610 1119 Macri
1636 1086 1845 1129 pontificatus

1111 1136 1209 1169 etiam
1235 1138 1285 1170 sui
1310 1148 1395 1170 anno
1414 1148 1471 1177 vii,
1490 1138 1522 1170 in
1541 1139 1729 1172 huiusmodi
1748 1139 1846 1172 etiam

1112 1189 1216 1222 forma
1232 1190 1342 1223 Brevis
1364 1191 1532 1233 expeditas
1552 1191 1677 1224 litteras
1696 1192 1735 1224 ad
1753 1192 1844 1236 quin-

1111 1243 1291 1285 quennium
1327 1248 1552 1286 prorogatam,
1590 1245 1784 1288 litterasque
1813 1256 1846 1277 0-

1110 1305 1202 1328 mncs
1229 1296 1373 1339 desuper
1390 1297 1569 1338 consectas,
1589 1307 1728 1341 quarum
1755 1302 1846 1331 tcno-

1110 1359 1162 1381 rcs
1195 1350 1427 1392 praesentibus
1460 1350 1575 1383 haberi
1608 1352 1759 1384 volumus
1784 1361 1846 1395 pro

1110 1403 1295 1445 expressis,
1328 1408 1418 1435 motu
1456 1403 1593 1446 proprio
1624 1415 1661 1436 ac
1693 1415 1731 1436 ex
1756 1406 1844 1437 certa

1109 1455 1246 1488 scientia
1282 1458 1395 1489 nostra
1426 1467 1463 1489 ac
1489 1457 1528 1489 de
1554 1456 1755 1500 apostolicae
1787 1468 1846 1500 po-

1110 1508 1236 1541 tcstatis
1261 1509 1467 1552 lsvlcnitudinc
1494 1510 1533 1542 ad
1551 1509 1639 1542 aliud
1661 1510 1846 1553 quinquen-

1108 1562 1198 1594 nium
1224 1573 1241 1594 a
1261 1561 1324 1594 fine
1343 1562 1541 1595 ultimodicti
1560 1563 1790 1606 quinquennii,
1810 1569 1845 1595 ut

1108 1616 1307 1658 praefertur,
1333 1616 1503 1659 prorogati
1528 1616 1769 1649 numerandum
1791 1626 1844 1649 ex-

1108 1668 1272 1700 tendimus
1299 1674 1331 1701 et
1354 1679 1588 1711 prorogamus.

1150 1721 1220 1764 §CL
1255 1721 1292 1753 Et
1321 1721 1536 1755 nihilominus
1570 1722 1733 1754 maiestati
1768 1727 1842 1755 tuae

1107 1774 1187 1806 illud
1212 1774 1321 1818 ipsum
1347 1785 1492 1807 annuum
1510 1775 1694 1808 subsidium
1712 1776 1844 1819 quadri-

1107 1832 1328 1869 geniorum-et
1345 1827 1459 1870 viginti
1478 1827 1616 1860 millium
1636 1828 1841 1869 ducatorum,

1107 1891 1180 1913 cum
1195 1880 1348 1913 omnibus
1364 1886 1395 1913 et
1413 1881 1676 1925 quibuscumque
1691 1881 1841 1923 indultis,

1107 1935 1329 1974 facultatibus,
1356 1933 1647 1974 concessionibus,
1678 1935 1843 1968 extensio-

1106 1988 1215 2028 nibus,
1235 1988 1391 2020 clausulis
1416 1993 1448 2020 ot
1473 1988 1614 2021 decretis
1635 1988 1669 2020 in
1687 1989 1758 2021 aliis
1778 1994 1841 2021 tam

1107 2040 1151 2072 Pii
1179 2051 1274 2083 quam
1301 2040 1450 2082 Gregorii
1472 2040 1549 2081 XIII,
1569 2040 1646 2073 Sixti
1664 2041 1700 2082 V,
1719 2041 1842 2084 Grego-

1106 2094 1144 2125 rii
1172 2093 1247 2133 XW,
1274 2093 1451 2126 Clementis
1477 2093 1553 2134 VIII,
1580 2099 1612 2126 ct
1636 2093 1727 2127 Pauli
1752 2095 1787 2135 V,
1810 2099 1842 2127 et

1106 2148 1226 2181 Urbani
1252 2149 1315 2181 Vlll
1340 2160 1376 2181 ac
1401 2149 1583 2182 Innocentii
1601 2149 1626 2181 X
1645 2150 1842 2192 praedeces-

1105 2212 1217 2234 sorum
1242 2202 1489 2245 praedictorum
1511 2201 1630 2235 litteris
1656 2203 1840 2243 contentis,

1105 2255 1143 2287 ad
1176 2254 1384 2298 praedictum
1421 2254 1685 2298 quinquennium
1721 2266 1739 2287 a
1776 2254 1840 2287 fine

1105 2308 1250 2351 quinque
1276 2318 1438 2340 annorum
1463 2307 1580 2341 ultimo
1605 2318 1841 2341 concessorum

1141 2415 1149 2439 1
1171 2413 1237 2439 Istae
1253 2414 1378 2448 leguntur
1397 2413 1423 2439 in
1443 2416 1507 2440 tom.
1529 2419 1585 2447 xiv,
1606 2420 1669 2448 pag.
1690 2412 1759 2446 423;
1780 2413 1842 2440 reli-

1104 2466 1170 2493 quae
1191 2466 1286 2484 omnes
1302 2458 1398 2484 desunt
1413 2459 1451 2490 (a.
1464 2460 1512 2489 T.).

1138 2502 1152 2528 Ξὶ
1170 2503 1225 2528 Sub
1242 2504 1291 2529 tioc
1307 2502 1368 2529 dato
1384 2502 1435 2528 alia
1456 2501 1571 2528 habetur
1594 2501 1621 2528 in
1641 2505 1707 2528 tom.
1725 2508 1769 2535 xv,
1792 2510 1840 2537 pa-

1101 2548 1163 2581 gina
1186 2547 1232 2573 351
1252 2555 1270 2573 a
1296 2551 1404 2573 nostrae
1425 2546 1559 2581 editionis,
1581 2546 1739 2574 Constitutio
1759 2547 1839 2573 Inno-

368 2587 463 2614 2Male
474 2588 517 2614 ed.
530 2588 608 2614 Maia.
621 2589 792 2623 legitplures
802 2597 847 2624 pro
856 2590 967 2624 pluries
975 2592 1066 2626 (am).
1102 2592 1181 2617 centii
1202 2591 1230 2623 X,
1252 2591 1278 2617 in
1294 2600 1347 2626 qua
1363 2599 1476 2618 erronee
1490 2591 1561 2618 linea
1578 2593 1620 2617 lta
1635 2591 1791 2626 scripsimus
1807 2598 1838 2617 ex

368 2631 385 2660 3
404 2631 470 2659 Male
486 2632 549 2660 edit.
566 2632 644 2660 Mein.
661 2634 724 2668 tegit
741 2633 811 2661 1660
827 2638 862 2666 (R.
878 2634 925 2669 T.).

1102 2636 1163 2662 edit.
1185 2635 1263 2662 Maia.
1285 2644 1335 2662 ιιυο
1355 2644 1404 2662 suo
1425 2644 1473 2670 pro
1493 2644 1545 2662 auo
1566 2639 1611 2662 tuo
1632 2636 1668 2670 (n.
1683 2637 1730 2666 T.).

1865 244 1913 270 An.
1932 244 1961 272 C.
1981 245 2043 273 1663

1900 1733 1998 1752 Concedit
2021 1736 2042 1753 ut

1859 1765 1879 1780 in
1898 1760 1988 1780 rubim.
