2247 3208
255 241 304 266 Λη.
321 239 349 266 c.
371 238 438 266 1062
483 229 525 262 68

276 1193 372 1214 thu-tamt
387 1198 432 1219 pro·

252 1222 272 1240 ut
286 1226 305 1240 iu
318 1221 408 1240 rubricae

452 287 484 319 in
511 287 595 319 dicta
619 282 889 326 Congregatione,
917 281 956 313 ad
983 279 1132 314 effectum
1151 290 1185 313 se

450 345 519 373 toto
557 339 640 371 vitae
684 343 831 379 tempore
869 334 966 367 saluti
1002 344 1185 377 pauperum

451 392 692 425 rusticanorum
737 387 939 432 applicandi,
979 390 1056 430 post
1092 385 1185 418 bien-

449 444 538 476 nium
564 442 769 486 probationis
806 440 973 479 facienda,
1000 443 1184 471 statuentes

448 500 484 527 ut
520 496 605 528 dicta
629 493 846 537 Congregatio
872 496 1023 535 exempta
1055 496 1144 524 esset
1168 502 1185 523 a

448 548 653 580 subiectione
690 548 837 579 locorum
870 544 1119 577 Ordinariorum
1151 543 1184 576 in

448 600 612 639 omnibus,
637 603 773 641 excepto
792 597 878 641 quod
903 606 1080 640 personae,
1100 606 1183 639 quae

448 664 465 685 a
490 652 717 695 superioribus
739 651 886 683 eiusdem
912 649 1182 691 Congregationis

449 706 686 748 deputarentur
703 703 742 736 ad
759 703 933 735 missiones
952 702 1091 745 aliquaS,
1107 702 1184 734 sub-

448 763 559 791 essent
594 757 673 800 ipsis
706 755 884 789 Ordinariis
919 760 1042 789 tantum
1075 755 1182 798 quoad

448 811 620 843 missiones
654 815 685 842 et
718 820 754 842 ca
786 819 869 852 quae
899 809 971 842 illas
1004 818 1184 851 concerne-

450 868 530 903 rent,
557 868 589 895 et
614 862 704 902 alias,
728 867 826 905 prout
843 862 875 893 in
892 860 1013 894 nostris
1040 861 1184 904 desuper

448 917 480 948 in
506 916 602 948 simili
629 916 731 948 forma
756 915 866 947 Brevis
893 914 944 946 die
962 924 1024 947 xxu
1042 918 1184 956 septem-

447 969 515 1001 bris
544 978 650 1001 unctv
681 967 841 1010 expeditis
871 967 1012 1007 litteris,
1044 976 1183 1009 quarum

448 1027 596 1054 tenorem
621 1020 851 1064 praesentibus
873 1030 932 1062 pro
950 1021 1047 1063 plene
1066 1024 1098 1051 et
1117 1019 1183 1051 sus-

447 1073 597 1106 sicienter
611 1083 767 1116 expresso
788 1072 903 1105 haberi
923 1072 1087 1112 volumus,
1103 1071 1183 1103 ube-

448 1127 515 1159 rius
542 1126 742 1159 continetur.

491 1181 505 1222 g
530 1180 559 1212 Ξ).
587 1179 678 1212 Nunc
702 1184 810 1212 autem
837 1179 898 1211 alia
923 1188 1055 1222 quoque
1074 1177 1180 1217 dubia,

449 1243 531 1277 quae
546 1243 646 1276 super
662 1232 852 1275 praemissis
868 1242 925 1264 seu
943 1232 1075 1264 illorum
1090 1241 1183 1264 occa-

449 1287 540 1319 sione
559 1283 718 1318 suboriri¹
736 1290 881 1328 possent,
902 1289 1109 1327 opportunae
1128 1284 1183 1316 de-

431 1339 635 1372 ·clarationis
658 1338 840 1370 ministerio
858 1347 1029 1370 removere
1048 1337 1183 1380 cupien-

450 1398 510 1433 tes,
537 1404 572 1425 ac
598 1393 752 1425 dilectum
773 1390 875 1423 filium
894 1391 1056 1423 Ronatum
1076 1391 1184 1423 Alme-

449 1456 513 1485 ras,
548 1445 741 1477 modernum
775 1443 878 1476 dictae
912 1443 1182 1487 Congregationis

449 1499 653 1541 superiorem
680 1497 880 1540 generalem,
903 1496 1055 1540 specialis
1074 1497 1182 1529 favore

449 1550 570 1593 gratiae
595 1549 752 1593 prosequi
777 1550 939 1589 volentes,
959 1553 991 1581 et
1008 1560 1026 1581 a
1052 1548 1185 1592 quibus-

449 1604 495 1636 vis
517 1602 878 1643 excomuuuiicationis,
906 1602 1134 1645 suspensionis
1152 1606 1185 1634 et

449 1656 638 1696 interdicti,
673 1655 811 1699 aliisque
845 1655 1078 1688 ecclesiasticis
1111 1665 1184 1688 sen-

450 1709 573 1748 tentiis,
600 1708 748 1741 censuris
782 1713 814 1741 ct
837 1708 966 1751 poenis,
994 1718 1010 1740 a
1036 1708 1107 1740 iure
1133 1708 1183 1740 vel

450 1763 488 1794 al·
512 1761 654 1800 homine,
674 1761 785 1804 quavis
811 1761 985 1794 occasione
1011 1762 1061 1794 vel
1087 1763 1185 1793 causa

450 1814 536 1853 latis,
563 1814 588 1846 si
615 1813 731 1856 quibus
767 1814 1018 1857 quomodolibet
1048 1813 1185 1846 innoda-

450 1871 500 1899 tus
539 1866 656 1905 existit,
698 1867 737 1899 ad
770 1866 921 1899 effectum
958 1866 1183 1910 praesentium

450 1920 616 1951 dumtaxat
640 1920 923 1962 consequendum,
960 1920 1076 1951 harum
1098 1919 1183 1952 serie

451 1972 657 2004 absolventes
684 1977 712 2005 et
739 1973 927 2005 absolutum
952 1972 1021 2005 sore
1047 1983 1185 2005 censen-

451 2029 512 2063 tes,
539 2024 834 2067 supplicationibus
867 2025 937 2058 eius
970 2025 1101 2058 nomine
1127 2036 1185 2058 no-

450 2077 499 2108 bis
526 2086 626 2118 super
651 2077 713 2109 hoc
747 2077 917 2110 humiliter
948 2078 1111 2122 porrectis
1136 2078 1185 2110 in-

452 2130 571 2169 clinati,
609 2130 646 2162 de
682 2131 916 2164 venerabilium
954 2132 1091 2166 fratrum
1126 2142 1184 2164 no-

453 2186 596 2213 strorum
621 2182 707 2214 SR.
736 2183 769 2214 E.
802 2184 1016 2217 cardinalium
1048 2184 1183 2217 Concilii

452 2233 632 2266 'l'ridcntini
665 2235 882 2278 interpretum
915 2237 1063 2278 consilio,
1096 2238 1184 2281 quod

453 2296 624 2328 personae,
661 2298 741 2329 quae
767 2299 784 2320 a
809 2290 1036 2331 superioribus
1062 2300 1185 2323 memo-

453 2344 541 2370 ratae
567 2339 836 2381 Congregationis
862 2342 1022 2375 Missionis
1049 2344 1186 2386 deputa-

452 2392 575 2423 buntur
601 2392 639 2423 ad
665 2392 742 2424 alias
769 2394 952 2427 sunt-tiones
978 2395 1081 2439 ipsius
1103 2396 1185 2429 Con-

454 2445 653 2486 gregationis
684 2456 765 2488 quae
798 2449 982 2489 proximum
1015 2455 1183 2492 spectant,

454 2498 567 2539 quales
594 2502 668 2529 sunt
692 2499 866 2532 seminaria
884 2502 1184 2535 ecclesiasticorum

454 2554 663 2581 externorum
695 2561 808 2592 regere
836 2557 866 2584 et
896 2553 927 2584 in
953 2545 1016 2585 illis
1043 2555 1182 2596 docere,

489 2612 499 2637 1
524 2610 591 2636 Edit.
609 2611 684 2637 nain.
703 2611 765 2646 legit
780 2613 878 2640 subori
891 2614 929 2647 (R.
946 2615 993 2650 T.).

1029 231 1207 257 BULLARIUM
1231 229 1382 256 ROMANL'M

1220 279 1374 312 exercitia
1399 278 1582 322 spiritualia
1602 284 1666 313 tam
1691 279 1895 320 ordinandis,
1917 285 1953 312 ut

1219 343 1254 365 se
1272 332 1368 375 digne
1387 333 1426 365 ad
1451 333 1602 365 ordinum
1625 334 1871 377 susceptionem
1888 333 1953 366 dis-

1218 389 1363 429 ponant,
1398 396 1496 429 quam
1524 385 1595 418 aliis
1621 387 1769 427 tradere,
1805 387 1952 420 collatio-

1217 448 1275 471 nes
1302 439 1341 471 de
1367 439 1465 471 rebus
1492 438 1718 481 spiritualibus
1749 450 1823 472 cum
1848 441 1953 473 eccle-

1218 490 1357 523 siasticis
1373 491 1516 523 externis
1533 491 1566 524 in
1584 491 1734 524 domibus
1750 492 1853 525 dictae
1871 492 1953 525 Con-

1218 543 1418 585 gregationis
1452 544 1575 577 habere
1611 548 1643 576 et
1679 543 1752 576 illas
1785 544 1950 587 dirigere,

1218 596 1347 628 subsint
1372 607 1503 640 quoque
1536 596 1659 629 eisdem
1689 597 1837 629 locorum
1861 597 1953 630 Ordi-

1217 648 1317 681 nariis
1343 650 1451 692 quoad
1476 650 1661 683 functiones
1699 650 1889 683 huiusmodi
1921 655 1953 682 et

1217 712 1255 734 ea
1280 712 1361 745 quae
1385 703 1457 735 illas
1475 707 1690 743 concernunt,
1714 713 1753 736 eo
1771 703 1868 736 modo
1887 712 1951 746 quo

1217 754 1256 786 de
1281 754 1494 788 missionibus
1518 755 1643 790 ’dictum
1668 760 1729 788 est.

1259 808 1274 849 ἓ
1297 806 1328 840 3.
1357 807 1542 849 Praeterea,
1570 809 1669 851 quod,
1696 813 1871 852 antequam
1896 809 1953 842 ali-

1217 860 1289 903 quis
1314 871 1375 903 per
1405 865 1557 894 votorum
1590 872 1650 905 pro
1689 862 1835 905 praefata
1870 861 1953 894 Con-

1217 913 1409 955 gregatione
1441 925 1458 946 a
1486 914 1582 946 nobis
1615 919 1650 946 ut
1679 914 1867 957 praesertur
1896 925 1952 957 ap-

1216 967 1430 1009 probatorum
1456 967 1667 999 emissionem
1687 967 1720 998 in
1738 967 1851 999 eadem
1870 967 1953 1000 Con-

1216 1018 1407 1061 gregatione
1426 1019 1623 1059 admittatur,
1643 1019 1762 1052 debeat
1782 1020 1951 1052 biennium

1216 1071 1421 1114 probationis
1436 1072 1628 1115 explevisse,
1644 1072 1840 1104 auctoritate
1857 1083 1953 1115 prae-

1216 1124 1293 1164 fata,
1320 1129 1434 1157 tenore
1459 1125 1705 1167 praesentium,
1733 1125 1950 1158 declaramus.

1259 1178 1274 1221 ἓ
1297 1177 1328 1210 4.
1356 1178 1576 1211 Decernentes
1603 1178 1734 1210 easdem
1760 1183 1952 1221 praesentes

1216 1231 1342 1264 litteras
1369 1243 1500 1275 semper
1524 1231 1646 1272 firmas,
1681 1232 1803 1265 validas
1829 1237 1861 1265 et
1886 1231 1954 1265 effi-

1217 1296 1309 1318 caces
1336 1286 1477 1318 existere
1503 1290 1534 1318 et
1559 1286 1641 1327 fore,
1669 1296 1813 1329 suosque
1838 1287 1953 1330 plena—

1217 1331 1283 1372 rios
1309 1343 1340 1371 et
1364 1338 1510 1381 integros
1537 1337 1670 1371 effectus
1703 1339 1814 1372 sortiri
1840 1343 1872 1371 et
1897 1339 1954 1372 ob-

1218 1391 1335 1431 tinere,
1363 1402 1398 1424 ac
1424 1392 1463 1423 ab
1488 1391 1562 1431 illis,
1590 1392 1630 1424 ad
1661 1402 1742 1435 quos
1769 1396 1897 1435 spectat
1921 1397 1954 1425 et

1217 1454 1277 1487 pro
1303 1450 1451 1487 tempore
1478 1445 1752 1488 quandocumque
1779 1445 1952 1488 spectabit,

1217 1497 1452 1529 inviolabiliter
1477 1497 1661 1537 observari,
1697 1502 1729 1530 et
1753 1497 1816 1530 illis
1843 1507 1954 1540 respe-

1218 1550 1300 1582 ctive
1333 1550 1524 1593 plenissime
1558 1548 1748 1592 suffragari,
1782 1549 1894 1593 sicque
1920 1549 1953 1581 in

1217 1603 1408 1646 praemissis
1434 1614 1494 1646 per
1512 1613 1737 1646 quoscumque
1759 1602 1884 1636 iudices
1901 1613 1954 1636 or-

1219 1655 1364 1688 dinarios
1404 1661 1435 1689 et
1461 1656 1638 1698 delegatos,
1666 1656 1762 1688 etiam
1781 1666 1953 1688 causarum

1218 1709 1330 1752 palatii
1370 1709 1543 1753 apostolici
1583 1709 1763 1750 auditores,
1791 1708 1950 1748 iudicari,

1219 1766 1251 1794 et
1276 1761 1403 1795 definiri
1427 1762 1563 1803 debere,
1590 1773 1627 1795 ac
1649 1762 1778 1795 irritum
1801 1766 1833 1795 et
1856 1762 1953 1794 inane

1219 1814 1245 1847 si
1271 1825 1365 1847 secus
1391 1825 1492 1858 super
1517 1815 1568 1847 his
1593 1826 1611 1848 a
1636 1825 1814 1858 quoquam,
1841 1813 1952 1858 quavis

1219 1869 1426 1908 auctoritate,
1443 1868 1587 1901 scienter
1597 1869 1645 1901 vel
1660 1868 1861 1911 ignoranter,
1878 1877 1955 1901 con-

1220 1920 1330 1963 tigerit
1354 1920 1519 1953 attentari.

1262 1973 1276 2015 g
1300 1973 1330 2005 5.
1358 1973 1428 2006 Non
1454 1974 1662 2006 obstantibus
1683 1973 1800 2006 litteris
1823 1978 1955 2017 aposto-

1219 2025 1288 2058 licis
1316 2036 1417 2069 super
1442 2026 1608 2059 erectione
1640 2026 1745 2059 dictae
1770 2025 1954 2068 Congrega-

1220 2078 1317 2111 tionis
1343 2079 1513 2118 emanatis,
1540 2079 1572 2111 in
1598 2078 1717 2121 quibus
1743 2078 1850 2111 caveri
1876 2078 1955 2111 dici—

1219 2136 1271 2163 tur
1296 2126 1450 2174 expresse
1477 2131 1564 2174 quod
1590 2131 1713 2171 clerici,
1733 2141 1817 2164 anno
1834 2131 1955 2174 proba-

1220 2184 1317 2217 tionis
1343 2188 1468 2224 exacto,
1489 2184 1515 2216 si
1532 2184 1642 2216 idonei
1664 2183 1798 2216 iudicati
1820 2183 1953 2224 suerint,

1219 2237 1350 2281 corpori
1388 2237 1534 2270 eiusdem
1565 2236 1836 2279 Congregationis
1868 2236 1955 2269 inse-

1220 2296 1344 2330 rantur,
1361 2300 1499 2329 necnon,
1516 2294 1676 2332 quatenus
1692 2299 1774 2332 opus
1790 2289 1840 2329 sit,
1859 2299 1955 2332 prae-

1219 2343 1290 2376 fatis
1317 2343 1438 2376 nostris
1464 2342 1594 2383 litteris,
1616 2353 1652 2375 ac
1673 2343 1824 2375 omnibus
1842 2347 1873 2374 et
1889 2341 1955 2374 sin-

1219 2396 1301 2439 gulis
1326 2396 1406 2437 illis,
1442 2406 1524 2439 quae
1560 2395 1592 2427 in
1629 2395 1693 2428 illis
1730 2394 1953 2428 concessimus

1219 2459 1284 2481 non
1309 2450 1453 2489 obstare,
1479 2448 1664 2491 ceterisque
1686 2447 1859 2481 contrariis
1885 2447 1954 2490 qui-

1219 2502 1437 2544 buscumque.

1262 2554 1276 2597 g
1301 2553 1330 2586 6.
1359 2553 1513 2586 Volumus
1540 2559 1647 2586 autern
1672 2559 1707 2586 ut
1728 2547 1952 2596 praesentium

1218 2607 1400 2640 litterarum
1425 2606 1657 2650 transumptis,
1691 2605 1789 2640 etiam
1814 2606 1953 2649 impres-

1967 231 2016 259 An.
2032 231 2061 258 C.
2082 230 2149 257 1662

1994 1187 2114 1209 clausulae.

1997 1976 2087 2007 [δρψ-μί
2102 1982 2152 1998 cou-

1970 2006 2046 2025 trariis.

2007 2557 2153 2582 Transummin

1968 2584 2027 2607 erodi
2041 2584 2136 2606 mandas.
