2247 3208
209 212 259 241 An.
276 212 304 240 c.
326 212 394 240 1664
440 202 503 236 242

403 261 515 293 stolica
540 257 683 291 extendit
701 260 733 289 et
754 253 953 298 prorogavit,
972 257 1004 285 et
1018 251 1139 284 nihilo-

402 314 518 351 minus,
535 311 602 343 sine
621 308 818 352 praeiudicio
837 312 911 339 tunc
931 310 963 339 et
979 315 1037 349 pro
1061 309 1140 337 tem-

404 376 479 409 pore
495 362 660 396 existentis
675 359 912 404 archiepiscopi
929 357 1138 397 Coloniensis,

404 417 527 451 dilectis
551 415 626 448 siliis
650 413 767 447 rectori
793 417 825 446 et
850 411 980 445 decanis
1012 409 1140 453 praedi-

404 475 525 502 ctarum
550 471 688 511 quatuor
706 466 893 499 facultatum
912 465 944 496 in
962 463 1045 496 dicta
1068 461 1132 494 uni>

405 522 554 554 versitate
580 518 734 552 canonice
755 518 984 557 institutarum,
1010 521 1041 548 et
1065 525 1139 548 con-

405 575 476 608 silio
515 574 601 607 illius
639 583 677 605 ex
714 570 919 604 facultatibus
956 567 1138 601 huiusmodi

405 628 495 660 cuius
520 636 659 670 persona
682 625 769 657 iuxta
794 624 930 656 sormam
960 622 1139 654 litterarum

405 681 495 714 Pauli
516 679 553 712 IV
577 676 837 722 praedecessoris
854 675 1049 709 nominanda
1065 673 1142 706 fuis-

406 738 462 773 set,
478 732 575 765 ctiam
596 741 655 774 pro
674 735 820 772 tempore
838 727 1061 767 existentibus,
1078 728 1141 758 una

406 795 479 817 cum
504 784 629 817 dilectis
654 782 728 816 filiis
745 781 966 825 provisoribus
990 780 1090 823 ipsius
1106 790 1142 811 u-

407 837 612 878 niversitatis,
638 841 674 868 ut
697 844 853 879 personas
878 834 910 866 in
935 831 1047 866 eadem
1071 833 1142 865 uni-

407 892 556 925 versitate
581 894 757 933 promotas‚
782 893 814 921 et
836 888 982 929 legentes
996 891 1028 918 et
1044 887 1143 919 lectu-

407 955 470 984 ras,
495 954 573 986 quas
600 942 661 985 ipsi
686 946 794 982 rector
817 944 849 972 et
874 938 987 972 decani
1011 948 1047 971 ac
1071 948 1144 981 pro-

407 998 537 1036 visores,
575 995 682 1027 medio
708 1002 819 1026 eorum
853 992 1056 1029 iuramento,
1080 992 1143 1022 una

410 1061 482 1083 cum
517 1048 652 1082 consilio
694 1045 852 1079 facultatis
893 1043 1080 1076 huiusmodi
1112 1043 1142 1075 in

409 1114 471 1146 qua
495 1111 653 1145 personae
685 1100 773 1142 ipsae
805 1099 954 1140 legerent
979 1102 1011 1129 et
1034 1097 1142 1139 legere

409 1155 566 1188 deberent
597 1153 635 1185 ad
667 1152 729 1185 hoc
754 1160 844 1183 more
870 1150 964 1183 solito
989 1159 1145 1183 convoca-

408 1213 455 1247 to,
482 1207 615 1240 idoneas
640 1210 672 1238 et
695 1204 870 1237 catholicas
895 1213 983 1243 esse,
1011 1213 1047 1235 ac
1071 1212 1143 1234 cum

408 1261 505 1295 laude
531 1265 564 1292 et
588 1259 693 1291 fructu
716 1256 796 1290 inibi
821 1267 880 1300 pro
905 1260 1054 1298 tempore
1080 1261 1146 1287 stu-

410 1313 556 1347 dentium
574 1310 721 1355 profiteri
738 1320 849 1353 posse,
870 1308 1070 1341 affirmarent
1087 1308 1145 1350 (ita

408 1372 454 1407 ut,
479 1366 505 1399 si
531 1362 752 1398 controversia
776 1362 809 1394 in
833 1361 1032 1394 nominando
1061 1361 1145 1394 inter

408 1424 571 1453 rectorem
589 1423 621 1450 et
641 1417 783 1450 decanos
806 1425 935 1448 necnon
956 1415 1144 1458 provisores

409 1478 441 1506 et
465 1471 635 1505 consilium
660 1468 846 1502 huiusmodi
873 1473 984 1501 exorta
1008 1468 1145 1507 suisset,

411 1526 476 1565 ille,
501 1534 597 1568 quem
622 1523 726 1556 maior
750 1533 825 1566 pars
852 1521 934 1554 votis
961 1520 1025 1553 suis
1051 1531 1146 1564 prae-

411 1579 583 1611 ferendum
596 1581 754 1620 putasset,
770 1575 1002 1618 praeferretur)
1020 1573 1145 1607 dilectis

410 1632 484 1664 siliis
509 1631 648 1670 maioris,
669 1640 704 1662 ac
721 1629 751 1662 S.
775 1627 942 1667 Gereonis,
964 1632 995 1660 et
1012 1627 1147 1660 aliarum

411 1684 623 1718 ecclesiarum
649 1681 809 1725 capitulis,
844 1681 883 1713 ad
909 1691 989 1723 quos
1015 1680 1148 1713 canoni-

411 1743 537 1771 catuum
562 1742 594 1769 et
617 1735 878 1779 praebendarum
903 1734 934 1766 in
956 1734 1079 1766 eisdem
1096 1744 1148 1766 ec-

411 1791 518 1825 clesiis
539 1788 785 1823 consistentium
810 1787 961 1827 collatio,
990 1787 1144 1830 provisio,

410 1842 642 1887 praesentatio,
657 1841 783 1881 electio,
798 1840 971 1879 institutio,
985 1850 1042 1873 seu
1055 1850 1148 1883 quae-

411 1896 458 1929 vis
485 1896 545 1928 alia
582 1894 754 1938 dispositio
790 1893 988 1926 coniunctim
1016 1893 1067 1925 vel
1099 1903 1149 1925 se-

412 1949 570 1993 paratim,
594 1949 644 1981 vel
676 1947 754 1980 alias
780 1946 1049 1990 quomodolibet,
1079 1956 1148 1979 ces-

412 2002 559 2035 santibus
580 1999 854 2034 reservationibus
874 2004 905 2032 et
925 1998 1147 2032 affectionibus

413 2054 609 2097 apostolicis,
625 2053 821 2097 pertinebat,
836 2052 986 2086 videlicet
1003 2053 1042 2085 ad
1059 2062 1149 2095 pres-

412 2108 576 2151 byterales
602 2111 724 2139 tantum
749 2105 879 2138 maioris
907 2110 939 2138 et
969 2105 1000 2138 S.
1028 2104 1148 2137 Gereo-

414 2160 463 2193 nis
494 2160 587 2203 (itaut
610 2158 826 2192 nominandae
846 2168 1006 2202 personae
1032 2167 1148 2190 secun-

415 2214 489 2246 dum
515 2223 627 2245 eorum
652 2216 769 2244 statuta
794 2216 825 2244 et.
848 2210 1019 2253 privilegia
1036 2220 1147 2243 eorum

415 2265 563 2309 capitulis
597 2274 750 2296 concessa
777 2268 811 2296 ut
838 2264 1021 2306 praefertur
1046 2262 1148 2306 quali-

414 2318 526 2351 ficatae
542 2318 675 2360 essent),
686 2317 723 2349 ad
739 2327 851 2349 omncs
865 2327 943 2349 vero
957 2321 989 2349 et
1001 2316 1147 2359 singulos

415 2372 495 2405 alios
521 2371 730 2404 canonicatus
757 2376 789 2403 et
813 2370 955 2413 singulas
987 2370 1148 2413 praeben-

416 2426 471 2459 das
496 2425 694 2467 reliquarum
719 2423 930 2457 ecclesiarum
956 2422 1146 2462 huiusmodi,

416 2489 498 2522 quae
535 2488 572 2510 ex
608 2482 700 2517 tunc,
726 2477 764 2509 ad
790 2476 1047 2519 quinquennium
1071 2480 1148 2507 tunc

415 2530 560 2574 proxime
576 2530 718 2562 futurum
735 2540 751 2561 a
768 2528 830 2561 sine
848 2528 952 2561 ultimi
972 2528 1148 2571 quinquen-

415 2584 459 2618 nii
477 2595 536 2628 per
553 2583 749 2617 Clementem
767 2583 1056 2626 praedecessorem
1072 2592 1147 2625 pro-

990 203 1168 230 BULLARIUM
1191 202 1342 227 ROMANUM

1179 250 1284 292 rogati
1320 260 1378 282 seu
1415 250 1563 282 concessi
1588 249 1850 293 computandum,
1880 249 1913 281 in

1181 302 1318 345 singulis
1342 302 1457 342 martii,
1476 302 1545 335 iulii
1567 308 1598 335 et
1622 302 1806 335 novembris
1827 313 1913 335 men·

1181 355 1267 388 sibus
1293 366 1353 399 pro
1380 361 1525 398 tempore
1550 360 1718 388 vacassent
1746 361 1778 388 et
1798 365 1913 387 vacare

1181 409 1397 451 contingeret,
1411 408 1578 440 nominare
1593 407 1695 440 libere
1714 413 1746 440 et
1760 407 1846 440 licite
1863 418 1914 440 va-

1181 462 1296 500 lerent,
1313 461 1397 493 dicta
1422 460 1615 493 auctoritate
1640 460 1800 492 concessit
1820 466 1852 493 et
1868 460 1915 492 in-

1182 515 1301 555 dulsit;
1329 526 1364 548 ac
1389 515 1500 547 statuit
1531 520 1563 547 et
1586 514 1747 547 ordinavit
1771 515 1855 557 quod
1881 514 1911 554 ii,

1161 586 1162 595 1
1182 570 1220 602 ad
1241 579 1320 612 quos
1345 568 1486 607 collatio,
1507 567 1661 611 provisio,
1683 567 1912 610 praesentatio,

1182 621 1313 661 electio,
1339 621 1511 661 institutio,
1530 621 1581 653 vel
1607 619 1735 663 quaevis
1762 619 1824 652 alia
1849 620 1914 653 dis-

1182 674 1298 718 positio
1323 673 1568 707 canonicatuum
1595 677 1627 705 et
1653 672 1915 716 praebendarum

1183 727 1368 760 huiusmodi
1393 737 1452 770 pro
1478 732 1625 769 tempore
1655 730 1839 769 spectaret,
1865 736 1917 758 ca-

1182 781 1352 814 nonicatus
1371 786 1403 813 et
1419 780 1632 824 praebendas,
1655 789 1735 822 quos
1755 788 1916 822 personae

1183 834 1222 867 ad
1247 834 1320 866 illos
1347 834 1392 866 sic
1418 833 1612 871 nominatae,
1639 843 1699 875 per
1724 843 1757 865 se
1776 833 1826 865 vel
1843 842 1918 875 pro-

1184 892 1366 920 curatorem
1392 897 1484 919 suum
1505 886 1544 919 ad
1569 886 1631 918 hoc
1656 886 1696 918 ab
1721 885 1767 917 eis
1793 884 1918 928 specia-

1184 939 1259 973 liter
1274 939 1495 978 constitutum‚
1512 938 1593 970 infra
1606 937 1701 970 unius
1717 937 1837 970 mensis
1851 948 1914 980 spa·

1185 993 1264 1024 tium
1284 997 1457 1035 postquam
1483 991 1528 1024 eis
1550 992 1601 1024 vel
1626 991 1829 1034 procuratori
1859 1001 1916 1023 seu

1185 1043 1338 1078 illorum¹
1363 1045 1486 1077 vacatio
1511 1043 1722 1083 innotuisset,
1750 1043 1920 1076 duxissent

1185 1097 1422 1140 acceptandos,
1455 1106 1525 1129 cum
1557 1095 1706 1129 omnibus
1738 1095 1862 1128 iuribus
1887 1100 1920 1128 et

1184 1150 1390 1195 pertinentiis
1416 1150 1490 1190 suis,
1510 1150 1632 1183 eisdem
1649 1148 1823 1182 nominatis
1847 1159 1920 1192 per-

1186 1203 1274 1237 sonis
1296 1203 1455 1243 conferre,
1471 1208 1502 1236 et
1515 1203 1553 1235 de
1568 1202 1605 1234 iis
1621 1203 1717 1235 etiam
1734 1202 1918 1245 providere,

1186 1267 1242 1289 seu
1257 1266 1310 1289 eas
1330 1256 1368 1289 ad
1384 1255 1458 1288 illos
1476 1259 1699 1298 praesentare,
1715 1259 1769 1286 aut
1786 1254 1918 1297 eligere,

1187 1314 1241 1342 aut
1265 1308 1296 1341 in
1321 1308 1384 1341 illis
1409 1307 1589 1347 instituere,
1611 1308 1661 1340 vel
1688 1307 1765 1340 alias
1791 1308 1829 1340 de
1854 1306 1918 1340 illis

1186 1362 1217 1395 in
1236 1361 1423 1395 earumdem
1443 1370 1658 1404 personarum
1682 1360 1921 1393 nominatarum

1187 1416 1330 1448 favorem
1350 1414 1523 1457 disponere
1542 1418 1749 1453 tenerentur,
1769 1413 1920 1456 quodque

1188 1469 1225 1501 iis
1262 1467 1441 1511 praemissa
1478 1467 1583 1499 facere
1619 1466 1843 1499 recusantibus
1872 1467 1922 1499 vel

1187 1520 1425 1564 negligentibus
1467 1525 1521 1552 aut
1558 1518 1782 1552 differentibus
1824 1518 1921 1551 etiam

1187 1585 1247 1618 pro
1273 1580 1419 1617 tempore
1437 1573 1536 1606 abbas
1554 1572 1585 1605 S.
1605 1572 1730 1605 Martini
1755 1571 1923 1604 Colonien-

1189 1629 1242 1669 sis,
1268 1639 1304 1661 ac
1329 1628 1471 1660 decanus
1497 1625 1657 1659 ecclesiae
1683 1625 1714 1658 S.
1738 1625 1826 1658 Pauli
1845 1625 1924 1658 Leo-

1189 1681 1325 1721 diensis,
1345 1687 1377 1713 et
1401 1680 1454 1724 qui
1480 1678 1665 1712 haereticae
1690 1678 1856 1722 pravitatis
1877 1678 1924 1710 in-

1190 1734 1330 1778 quisitor
1354 1733 1386 1766 in
1411 1733 1476 1766 illis
1501 1732 1645 1776 partibus
1670 1731 1847 1774 apostoliea
1872 1742 1923 1764 au-

1189 1787 1335 1820 ctoritate
1361 1787 1532 1830 deputatus
1566 1785 1721 1817 existeret
1751 1784 1841 1828 prior
1869 1784 1925 1816 do-

1188 1851 1259 1873 mus
1270 1839 1397 1873 Ordinis
1410 1840 1541 1871 fratrum
1553 1837 1817 1870 Praedicatorum
1828 1836 1924 1869 etiam

1189 1893 1440 1933 Coloniensium,
1466 1898 1497 1925 et
1523 1902 1635 1925 eorum
1661 1890 1806 1935 quilibet,
1832 1899 1926 1922 cano-

1188 1947 1312 1980 nicatus
1332 1951 1364 1979 et
1383 1945 1589 1989 praebendas
1609 1943 1654 1976 sic
1678 1947 1825 1976 vacantes
1851 1952 1925 1985 per-

1189 1999 1278 2032 sonis
1303 1999 1342 2031 ad
1368 1999 1452 2038 illos,
1469 2003 1504 2029 ut
1523 1996 1719 2040 praefertur,
1739 1994 1924 2033 nominatis,

1189 2063 1248 2096 pro
1275 2054 1312 2084 ca
1336 2051 1404 2084 vice
1430 2055 1566 2090 tantum,
1595 2050 1708 2082 eadem
1733 2047 1925 2080 auctoritate

1190 2105 1367 2145 conferre,
1402 2109 1434 2136 ct
1465 2104 1503 2136 de
1532 2103 1596 2136 illis
1623 2102 1717 2135 etiam
1751 2100 1924 2144 providere

1190 2158 1312 2202 pariter
1330 2157 1432 2190 libere
1458 2161 1489 2188 et
1512 2155 1598 2188 licite
1617 2159 1766 2198 possent,
1789 2159 1821 2186 et
1838 2153 1925 2196 quod

1190 2213 1229 2244 ab
1263 2210 1385 2243 eisdem
1420 2209 1569 2253 personis
1601 2208 1646 2240 sic
1681 2218 1740 2251 pro
1775 2211 1925 2250 tempore

1189 2262 1375 2301 nominatis,
1400 2261 1433 2294 in
1461 2267 1533 2294 actu
1558 2260 1786 2293 nominationis
1813 2260 1852 2292 de
1879 2259 1925 2292 eis

1190 2326 1250 2359 pro
1270 2320 1418 2358 tempore
1443 2315 1555 2354 factae,
1573 2314 1606 2346 in
1628 2325 1689 2357 qua
1714 2314 1874 2352 facultate,
1893 2313 1925 2345 in

1191 2378 1254 2411 quo
1280 2367 1456 2411 gymnasio,
1479 2372 1511 2399 et
1535 2377 1597 2410 qua
1623 2367 1703 2399 hora
1727 2366 1782 2398 illa
1807 2366 1924 2398 docere

1191 2433 1248 2455 seu
1274 2423 1383 2464 legere
1410 2421 1583 2459 deberent,
1611 2419 1858 2463 exprimeretur,
1884 2423 1924 2458 et,

1191 2474 1216 2507 si
1236 2485 1253 2507 a
1270 2473 1457 2518 praemissis
1475 2473 1679 2512 defecissent,
1698 2477 1772 2515 post
1788 2471 1927 2515 primam

1225 2592 1236 2616 1
1258 2589 1340 2616 Deest
1355 2596 1420 2616 voce
1436 2588 1524 2617 alteri
1537 2590 1578 2623 (R.
1596 2587 1645 2623 T.).

1919 201 1968 229 An.
1984 201 2012 228 C.
2036 201 2100 229 1661
