2247 3208
121 203 169 228 An.
189 202 216 229 C.
239 202 306 229 ¹667

146 1899 225 1920 Monta
240 1899 304 1920 lini-„is

120 1926 286 1948 Consolationis.

951 201 1093 224 ‹HAEMCNS

315 261 492 293 eorumque
518 250 592 282 totis
618 251 789 283 tenoribus
807 250 965 293 specialis,
986 260 1057 291 spe-

315 304 415 344 cifica,
441 314 592 346 expressa
606 310 634 336 et
650 304 824 343 individua,
846 314 881 335 ac
899 304 937 335 de
957 302 1055 335 verbo

314 357 354 390 ad
380 356 528 395 verbum,
546 367 611 389 non
629 362 735 389 autem
750 367 808 399 per
825 357 984 389 clausulas
1003 366 1056 397 gc-

315 410 441 442 nerales
476 409 559 442 idem
593 409 822 452 importantes‚
854 409 974 441 mentio
1000 418 1054 440 seu

315 462 446 504 quaevis
471 462 533 495 alia
558 462 723 505 expressio
750 462 899 494 habenda
919 466 972 492 aut
999 461 1056 493 ali-

315 525 378 557 qua
403 515 465 548 alia
481 515 639 558 exquisita
662 515 762 548 forma
780 515 817 547 ad
846 514 908 546 lioc
933 524 1055 546 servan-

315 568 355 600 da
380 568 480 609 foret,
508 573 635 600 tenores
661 567 847 600 huiusmodi
873 566 1056 609 praesenti-

313 622 373 654 bus
392 631 452 665 pro
471 620 673 654 sufficienter
686 620 852 663 expressis
870 631 906 652 ac
924 620 963 652 ad
988 629 1057 651 rer-

313 674 390 707 bum
414 674 549 707 insertis
569 674 741 713 habentes,
766 673 830 706 illis
850 673 929 706 alias
944 673 976 704 in
995 683 1055 705 suo

314 727 435 760 robore
453 726 693 770 permansuris,
724 726 763 759 ad
795 726 1054 770 praemissorum

313 780 474 821 effectum,
486 781 545 813 hac
556 780 623 813 vice
639 781 810 820 dumtaxat,
822 780 1010 823 specialiter
1025 785 1056 812 et

313 843 469 877 expresse
506 833 703 875 derogamus
723 844 730 873 ;
761 832 947 875 ceterisque
980 843 1056 865 con-

312 886 421 920 trariis
447 886 722 929 quibuscumque.

356 939 469 972 Datum
491 939 622 979 Romae,
642 939 728 982 apud
754 939 784 972 S.
805 939 935 972 Mariam
960 939 1056 972 Maio-

312 1004 391 1033 rem,
417 993 476 1026 sub
502 994 622 1026 annulo
641 993 823 1032 piscatoris,
843 993 894 1026 die
911 1004 984 1026 xxm*
1003 1004 1056 1026 au-

313 1046 396 1090 gusti
410 1056 576 1086 MDCLXVII,
590 1046 797 1090 pontificatus
812 1046 915 1079 nostri
931 1058 1016 1079 anuo
1031 1057 1052 1079 1.

348 1106 406 1134 Dat.
423 1107 466 1135 die
480 1107 514 1134 24
529 1107 635 1142 augusti
654 1107 732 1139 1567,
749 1107 847 1142 pontif.
867 1115 937 1134 auno
954 1113 970 1134 1.

663 1241 713 1274 lx.

313 1312 523 1355 Confirmatio
541 1311 674 1345 concord
678 1312 727 1344 lae
747 1312 779 1343 in
787 1316 832 1344 ter
845 1311 1057 1354 archiepisco-

354 1376 435 1409 pum
464 1365 655 1398 Tolelowcm
687 1376 724 1398 ccc:
751 1366 895 1407 priorem
929 1369 958 1397 ct
981 1364 1052 1407 fra-

358 1423 419 1451 tres
455 1422 628 1451 conventus
668 1418 700 1451 S.
738 1417 984 1459 Barllzoloinaei
1019 1418 1056 1450 de

355 1471 510 1515 Lupz'ano
542 1470 678 1505 Ordinis
710 1472 742 1504 S.
768 1472 966 1513 Hieronymi
1000 1472 1054 1504 To-

358 1525 484 1558 letanae
508 1525 657 1558 dioecesis
667 1536 725 1569 per
747 1536 846 1568 quam
863 1525 976 1557 modus
996 1525 1056 1557 col-

357 1578 483 1622 liqendi
506 1578 647 1611 decimas
671 1578 848 1611 stabilitur.

366 1658 536 1686 Venerabili
560 1658 647 1685 fratri
666 1658 804 1692 episcopo
825 1658 1001 1692 conchensi,

533 1712 666 1740 Clemens
687 1713 766 1746 Papa
788 1713 836 1739 IX.

527 1774 716 1801 Venerabilis
732 1773 833 1806 frater,

348 1819 479 1846 salutem
499 1821 531 1846 et
551 1819 749 1852 apostolicam
770 1818 1017 1845 benedictionem.

359 1888 470 1932 Nuper
493 1898 553 1931 pro
577 1893 670 1932 parte
698 1888 889 1921 dilectorum
914 1888 1054 1921 filiorum

315 1941 435 1975 nostri¹
460 1941 627 1974 Paschalis
652 1941 737 1974 tituli
755 1941 785 1974 S.
804 1942 959 1974 Balbinae
985 1953 1055 1975 san-

315 2001 385 2028 ctae
410 1995 574 2028 Romanae
600 1995 761 2028 Ecclesiae
787 1995 970 2039 presbyteri
988 2006 1056 2028 car-

315 2048 432 2082 dinalis
459 2048 498 2081 de
532 2048 693 2091 Aragonia
729 2049 924 2091 nuncupati,
951 2050 1056 2082 eccle-

314 2101 380 2134 siae
416 2101 592 2134 Toletanae
627 2112 663 2133 ex
696 2101 908 2134 concessione
935 2106 967 2134 et
992 2102 1055 2135 dis-

314 2154 505 2197 pensatione
524 2153 705 2197 apostolica
722 2154 898 2196 praesulis,
914 2165 951 2187 ae
968 2154 1056 2197 prio-

314 2207 359 2239 ris
374 2211 405 2239 et
419 2207 556 2239 fratrum
570 2212 748 2239 conventus
762 2207 792 2239 S.
814 2207 1053 2240 Bartliolomaei

317 2259 428 2302 oppidi
455 2269 512 2292 seu
537 2260 598 2292 loci
624 2260 662 2292 de
688 2260 831 2303 Lupiana
860 2260 987 2293 Ordinis
1020 2261 1051 2294 S.

318 2311 507 2355 Hieronymi
539 2312 712 2345 Toletanae
750 2313 924 2353 dioecesis,
958 2314 1053 2347 nohis

317 2366 500 2408 expositum
525 2365 594 2405 fuit,
615 2366 701 2408 quod
720 2366 806 2405 alias,
829 2366 885 2399 lite
908 2371 939 2399 et
959 2369 1056 2400 eausa

314 2429 372 2452 seu
396 2418 597 2462 quae=i1011is
621 2419 755 2451 materia
772 2419 857 2451 inter
876 2419 964 2462 ipsos
982 2420 1056 2453 Pas·

314 2473 442 2506 chalem
479 2472 678 2505 cardinalem
710 2474 896 2515 praesulem
929 2484 966 2506 ex
992 2476 1054 2506 una

354 2542 498 2570 tVidetur
525 2542 670 2578 legendum
700 2546 726 2569 et
753 2543 858 2577 fratris
888 2547 1053 2572 nostrorum

317 2590 356 2623 (n.
372 2587 421 2622 aa).

408 2641 486 2668 Bull.
508 2641 591 2670 Rom.
607 2656 641 2662 -
660 2642 718 2670 Vol.
740 2641 830 2670 XVII.
976 2642 1009 2671 69

1736 198 1793 221 ΓΔ]-

1118 201 1146 224 ΙΧ
1172 200 1219 224 ΡΡ.
1735 220 1744 229 -r
1757 211 1800 229 ἰ.)

1099 260 1134 281 ac
1160 249 1305 292 priorem
1324 255 1355 282 et
1375 250 1491 283 fratres
1509 262 1545 284 ex
1565 253 1665 286 altera
1685 255 1837 296 partibus,

1100 301 1138 333 de
1165 308 1195 334 et
1221 313 1319 345 super
1343 303 1542 346 proprietate
1577 306 1777 340 decimarum
1802 319 1837 339 ex

1098 354 1313 398 infrascriptis
1338 356 1434 388 terris
1461 362 1492 389 ct
1512 359 1777 400 possessionibus
1800 363 1837 393 ad

1099 407 1222 440 dictum
1248 415 1444 441 conventum
1479 412 1699 453 spectantibus
1725 424 1839 456 prore—

1099 460 1259 492 nicntiuin
1275 461 1314 493 ab
1327 462 1577 506 archiepiscopo
1586 464 1740 498 Toletano
1752 477 1840 508 prae-

1098 515 1197 553 tensa,
1216 524 1325 546 coram
1350 515 1446 546 certis
1472 515 1601 548 illarum
1629 518 1767 560 partium
1794 519 1840 550 iu-

1099 565 1224 597 dicibus
1251 568 1513 609 competentibus
1540 569 1733 608 introducta,
1755 577 1783 604 et
1807 572 1838 604 in

1098 618 1199 659 gradu
1220 620 1456 661 „appellationis
1478 620 1509 652 in
1535 624 1677 654 secunda
1703 635 1759 656 seu
1779 625 1839 657 alia

1098 670 1218 702 veriori
1236 671 1389 704 instantia
1407 684 1512 705 coram
1526 675 1730 716 Apostolicac
1748 676 1839 709 Sedis

1098 724 1228 764 nuncio,
1246 725 1278 756 in
1299 724 1362 757 illis
1380 726 1524 768 partibus
1544 735 1772 765 connnorante,
1793 730 1840 762 in-

1099 776 1206 809 decisa
1230 777 1406 820 pendente,
1428 778 1525 811 iidem
1546 780 1710 814 paschalis
1736 783 1841 814 cardi-

1098 830 1181 862 nalis
1207 835 1239 862 et
1264 832 1391 873 praesul
1411 842 1445 863 ac
1466 832 1557 874 prior
1574 839 1605 865 et
1624 834 1746 870 fratres,
1769 846 1839 877 pro-

1098 883 1170 916 vide
1196 884 1443 917 considerantes
1470 896 1582 927 graves
1598 887 1700 919 litium
1721 898 1840 930 expen-

1098 946 1158 975 sas,
1180 936 1372 979 illarumque
1392 937 1508 970 dubios
1528 945 1671 978 ew‘ffntus,
1692 944 1721 972 et
1740 950 1840 982 prop-

1098 994 1188 1022 terea
1217 990 1428 1023 ulterioribus
1465 993 1614 1035 expensis
1652 993 1838 1025 huiusmodi

1097 1052 1231 1085 parcere
1256 1043 1411 1082 volentes,
1438 1055 1473 1076 ae
1498 1055 1559 1087 pro
1584 1046 1669 1077 bono
1695 1046 1782 1088 pacis
1808 1051 1841 1077 et

1099 1095 1231 1138 quietis,
1260 1096 1297 1127 ad
1323 1096 1560 1139 infrascriptam
1586 1099 1644 1130 sub
1670 1103 1783 1130 nostro
1809 1103 1841 1130 et

1098 1148 1188 1180 Sedis
1219 1149 1425 1191 Apostolicae
1462 1150 1668 1194 beneplacito
1701 1152 1840 1183 devene-

1097 1206 1172 1233 runt
1196 1201 1282 1235 inter
1307 1213 1339 1234 se
1365 1204 1586 1243 concordiali),
1615 1204 1781 1237 videlicet:

1142 1253 1232 1292 Quod
1258 1256 1355 1293 bona,
1375 1257 1598 1298 possessiones
1619 1263 1651 1289 et
1675 1262 1780 1290 terrac
1806 1258 1838 1290 in

1098 1308 1176 1340 locis
1201 1318 1256 1340 seu
1283 1308 1414 1351 oppidis
1440 1309 1477 1341 dc
1504 1309 1648 1348 Pinilla,
1674 1310 1838 1352 Lupiana,

1098 1360 1202 1393 Orclie
1219 1388 1226 1401 ,
1254 1361 1454 1401 Balberdac,
1481 1362 1645 1395 Latanzon
1675 1363 1838 1396 territorio

1099 1414 1137 1446 dc
1164 1415 1295 1446 Alcoete
1322 1414 1502 1454 Vulbueno,
1524 1415 1716 1455 Cabanillas,
1743 1415 1837 1455 Quor,

1099 1468 1250 1507 Aloliei'a,
1278 1467 1508 1507 Mmzliamalo,
1529 1468 1748 1507 Romanones‚
1768 1469 1840 1502 Bal-

1099 1520 1302 1560 deaberve10‚
1329 1519 1465 1560 manos,
1491 1520 1699 1557 Cbisveches,
1725 1521 1839 1554 Lauze-

1099 1585 1138 1605 na
1164 1579 1194 1605 et
1219 1573 1343 1606 civitate
1368 1576 1552 1617 nuncupata
1571 1574 1608 1606 de
1627 1574 1838 1607 Guadalaiara

1099 1627 1276 1666 existentia,
1293 1631 1325 1659 et
1349 1626 1381 1658 in
1409 1627 1554 1659 terminis
1573 1632 1604 1659 et
1625 1627 1836 1660 decimalilnis

1098 1680 1137 1712 ad
1163 1679 1284 1712 dictum
1309 1685 1522 1721 conventum,
1552 1685 1615 1712 tam
1642 1691 1679 1712 ex
1705 1680 1838 1723 antiqua

1098 1732 1297 1773 fundatione,
1324 1744 1419 1776 quam
1444 1744 1480 1765 ex
1507 1734 1691 1776 emptione,
1721 1733 1838 1765 baere-

1098 1786 1261 1825 ditatibus,
1282 1792 1334 1818 aut
1354 1786 1469 1828 legatis
1494 1786 1566 1829 piis,
1593 1786 1656 1818 sive
1677 1785 1741 1818 alio
1760 1796 1838 1828 quo-

1099 1849 1237 1881 cumque
1270 1839 1383 1878 titulo,
1411 1839 1656 1881 quomodolibet
1688 1844 1838 1881 spectan—

1098 1892 1153 1931 tia,
1180 1892 1358 1924 dummodo
1387 1892 1530 1935 propriis
1558 1892 1633 1925 dicti
1659 1897 1837 1925 conventus

1099 1945 1248 1988 expensis
1265 1950 1420 1978 curentur
1438 1950 1468 1977 et
1485 1946 1642 1984 colantur,
1659 1957 1676 1978 a
1697 1945 1838 1977 decima-

1098 2009 1168 2030 rum
1193 1999 1358 2031 solutione
1384 1998 1554 2041 praedicto
1591 1998 1837 2041 archiepiscopo

1098 2051 1243 2084 facienda
1258 2052 1296 2083 ad
1311 2061 1463 2094 praesens
1481 2057 1513 2083 et
1534 2051 1686 2094 deinceps
1704 2051 1837 2083 omnino

1098 2104 1201 2137 libera
1226 2104 1304 2144 sint;
1332 2104 1501 2147 quodque,
1529 2105 1555 2136 si
1589 2104 1763 2146 contigerit
1792 2104 1838 2137 di-

1098 2162 1184 2189 ctum
1209 2162 1404 2190 conventum
1429 2157 1554 2200 aliquas
1573 2168 1611 2190 ex
1629 2157 1720 2190 dictis
1743 2157 1837 2189 terris

1097 2221 1152 2243 seu
1172 2210 1432 2253 possessionibus
1447 2210 1547 2253 ipsius
1563 2215 1740 2243 conventus
1762 2211 1838 2243 sub-

1098 2263 1171 2296 ditis
1191 2274 1248 2296 seu
1273 2263 1481 2296 familiaribus
1506 2264 1557 2295 vel
1583 2263 1747 2306 quibusvis
1767 2264 1838 2296 aliis

1097 2316 1245 2360 personis
1270 2316 1303 2348 in
1328 2316 1646 2348 administrationem
1660 2316 1838 2359 assignare,

1097 2374 1173 2402 tunc
1197 2369 1341 2402 decimae
1374 2369 1489 2402 exinde
1520 2369 1753 2412 provenientes
1778 2380 1836 2413 pro

1097 2423 1273 2456 medietate
1292 2420 1486 2461 dividantur,
1503 2433 1639 2466 quarum
1673 2424 1773 2455 altera
1792 2433 1838 2455 ar-

1097 2475 1306 2518 chiepiscopo
1325 2475 1450 2518 reliqua
1464 2485 1542 2507 vero
1557 2475 1731 2507 conventui
1746 2465 1839 2518 prac-

1097 2528 1191 2561 dictis
1218 2528 1395 2571 aequaliter
1425 2529 1589 2560 solvantur
1619 2528 1704 2560 iuxta
1736 2534 1837 2561 ratam

1095 2592 1155 2626 per
1179 2576 1342 2625 parochos
1366 2582 1515 2614 locorum
1549 2591 1605 2614 seu
1642 2581 1837 2625 oppidorum

1851 209 1898 234 ΑΗ>
1918 214 1943 235 ⁴1.
1970 211 2033 237 10OE

1864 1273 1934 1295 Tenor
1949 1280 2036 1294 concor-

1851 1300 1907 1321 ilxao-
