2247 3208
159 223 209 250 An.
223 223 254 250 C.
275 224 344 251 1662

182 862 302 884 elansutac.

222 1654 334 1683 [lero-,ratio

153 1683 313 1702 contrariorum.

947 229 1135 253 ALExstDEn
1158 231 1201 255 Vll
1228 233 1275 255 Pr.

356 273 591 316 praesentium,
616 275 836 317 approbamus
864 282 895 309 et
919 277 1091 310 confirma-

358 336 445 365 uus,
483 325 614 369 illisque
652 327 852 361 inviolabilis
889 330 1090 372 apostolicae

355 377 518 410 firmitatis
544 380 646 411 robur
670 381 850 421 adiicimus,
873 392 908 414 ac
927 392 1040 415 omnes
1059 387 1088 413 et

355 431 503 473 singulos
529 432 609 465 iuris
635 438 667 465 ct
691 434 765 467 sacti
791 435 951 473 -esectus,
983 435 1009 467 si
1035 435 1089 477 qui

356 483 500 527 desuper
540 487 790 528 quomodolibet
836 487 1089 527 intervenerint,

354 538 560 580 supplemus,
587 550 622 572 ac
648 539 748 572 dictas
767 540 1019 573 constitutiones
1039 551 1091 572 ex-

354 589 446 630 inde,
471 591 676 634 subsequuta
700 603 812 625 carum
841 593 1064 636 publicatione
1080 621 1088 635 ‚

354 653 415 687 per
439 655 553 678 omnes
574 650 604 679 et
626 646 773 688 singulos
793 646 870 679 dicti
891 646 1021 680 Ordinis
1040 658 1091 680 re-

356 696 504 739 ligiosos,
522 703 586 730 tam
604 698 794 741 superiores
812 709 908 742 quam
930 700 1090 740 subditos,

354 750 537 793 respective
563 751 595 783 in
621 761 716 784 usum
741 752 853 796 recipi,
880 759 911 786 et
927 760 1089 797 perpetuo

354 802 523 835 observari
561 804 752 837 mandamus
788 810 821 837 et
851 806 1087 849 praecipimus.

397 854 412 897 ἓ
435 854 467 887 3.
494 854 716 889 Decernentes
742 857 875 890 easdem
895 864 1088 902 praesentes

354 906 480 940 litteras
514 913 547 940 et
577 909 832 943 constitutiones
864 912 1089 954 praeinsertas

353 969 486 1003 semper
509 959 628 1002 firmas,
651 962 774 996 validas
793 969 825 996 et
849 964 997 998 efficaces
1025 966 1090 998 exi-

352 1017 441 1046 stere
459 1018 491 1046 et
516 1014 595 1054 fore,
622 1025 766 1058 suosque
791 1016 959 1059 plenarios
985 1023 1017 1050 et
1041 1018 1090 1051 in-

353 1069 465 1107 tegros
491 1065 626 1099 effectus
657 1067 768 1100 sortiri
797 1074 829 1100 et
860 1069 1022 1110 obtinere,
1053 1082 1090 1104 ac

354 1118 394 1150 ab
418 1118 492 1159 illis,
518 1120 556 1152 ad
583 1130 665 1163 quos
699 1126 825 1164 spectat
858 1128 890 1155 et
917 1133 979 1166 pro
1008 1128 1090 1156 tem-

353 1181 434 1214 pore
460 1173 736 1217 quandocumque
769 1175 940 1218 spectabit,
967 1177 1090 1219 plenis-

352 1223 434 1257 sime
469 1224 655 1268 suffragari,
689 1226 802 1270 sicque
834 1228 867 1260 in
896 1230 1088 1271 praemissis

351 1285 413 1318 per
437 1286 664 1320 quoscumque
696 1277 821 1311 iudices
847 1279 1032 1313 ordinarios
1058 1286 1089 1313 et

352 1328 533 1371 delegatos,
551 1330 647 1363 etiam
673 1342 845 1365 causarum
862 1333 975 1376 palatii
993 1345 1089 1378 apos-

351 1381 442 1414 tolici
467 1382 645 1423 auditores,
671 1383 809 1418 iudicari
828 1391 860 1418 et
877 1385 1007 1419 definiri
1033 1388 1089 1420 de-

349 1434 440 1475 bere,
466 1446 503 1467 ae
527 1435 658 1469 irritum
683 1442 716 1470 et
739 1437 836 1471 inane
861 1439 888 1471 si
913 1450 1008 1473 secus
1034 1451 1088 1473 su-

349 1497 411 1530 per
434 1487 485 1520 his
503 1499 521 1521 a
541 1499 720 1533 quoquam,
747 1491 860 1534 quavis
880 1493 1086 1533 auctoritate,
1103 1503 1105 1540 j

350 1539 496 1574 scienter
519 1543 569 1575 vel
595 1542 804 1585 ignoranter,
837 1546 1013 1589 contigerit
1041 1551 1104 1592 cit-j

351 1593 482 1626 tentari.
1102 1593 1104 1620 ¹=

393 1647 408 1690 ἓ
432 1647 464 1680 4.
491 1646 561 1680 Non
587 1649 794 1683 obstantibus
820 1651 1023 1695 praemissis,
1051 1641 1104 1701 acf

1764 225 1827 258 407

1169 279 1238 320 55.
1270 280 1424 312 Volumus
1458 286 1564 314 autem
1599 286 1635 313 ut
1669 284 1856 314 earumdem

1126 332 1350 372 praesentium
1394 333 1576 366 litterarum
1619 335 1855 378 transumptis,

1126 385 1222 416 ctiam
1247 385 1430 427 impressis,
1456 397 1552 418 mauu
1577 387 1714 420 alicuius
1741 389 1856 420 notarii

1125 437 1247 479 publici
1272 438 1478 481 subscriptis,
1507 445 1538 471 ct
1563 441 1671 483 sigillo
1696 452 1857 484 personat·

1125 489 1157 520 in
1197 490 1416 523 ecclesiastica
1459 492 1617 534 dignitate
1661 496 1857 527 constitutae

1125 542 1268 582 munitis,
1295 544 1408 576 callem
1433 555 1568 587 prorsus
1589 545 1668 579 fides
1686 547 1718 579 in
1737 548 1857 580 iudicio

1126 599 1157 627 et
1182 600 1271 628 extra
1296 596 1501 637 adhibeatur,
1528 609 1610 641 quae
1629 601 1858 642 praesentibus

1125 648 1205 691 ipsis
1238 649 1468 690 adhiberetur,
1494 651 1518 683 si
1555 651 1663 684 forent
1694 653 1857 686 exhibitae

1125 702 1175 734 vel
1201 706 1364 735 ostensae.

1168 754 1282 788 Datum
1308 755 1444 796 Romae,
1471 758 1558 800 apud
1583 758 1614 790 S.
1642 758 1771 791 Mariam
1797 759 1858 792 Ma-

1124 806 1241 849 iorem,
1268 809 1327 842 sub
1353 811 1475 843 annulo
1500 810 1695 851 Piscatoris,
1736 811 1786 845 die
1822 823 1858 845 xx

1125 860 1309 893 decembris
1334 871 1464 896 unczxn
1481 889 1488 903 ,
1514 863 1721 906 pontificatus
1753 865 1857 898 nostri

1124 923 1210 946 anno
1235 924 1304 947 v111.

1158 975 1218 1003 Dat.
1236 976 1280 1004 die
1290 977 1325 1005 ΞΟ
1340 976 1493 1005 decembris
1507 978 1586 1013 1662,
1603 979 1697 1015 pontif.
1716 987 1786 1007 anno
1802 986 1856 1007 vui.

1423 1120 1562 1154 CDXVII.

1124 1197 1316 1231 Constitulio
1343 1209 1439 1241 super
1466 1201 1626 1243 reyimine
1655 1202 1857 1245 superiorum

1351 1250 1519 1285 societatis
1544 1252 1628 1286 Iesu.

1313 1330 1478 1358 Alexander
1496 1331 1575 1365 Papa
1594 1332 1662 1364 vu,

1239 1374 1273 1399 ad
1294 1377 1471 1408 perpetuam
1492 1376 1537 1402 rei
1556 1377 1736 1404 memoriam.

1164 1442 1316 1476 Debitum
1346 1445 1520 1487 pastoralis
1553 1445 1663 1487 officii,
1699 1457 1764 1490 quo
1799 1447 1856 1480 Ec-

1121 1496 1240 1529 clesiae
1265 1496 1452 1531 Catholicae
1478 1499 1629 1541 regimini
1660 1500 1767 1533 divina
1792 1502 1856 1534 dis-

1120 1549 1282 1592 positione
1307 1550 1544 1593 praesidemus,
1567 1552 1666 1596 exigit
1685 1558 1728 1593 ut,
1747 1560 1856 1597 pater-

1120 1612 1194 1635 nam
1213 1603 1407 1637 dilectorum
1425 1603 1567 1638 filiorum
1584 1607 1855 1650 presbyterorum

1121 1661 1153 1688 et
1166 1656 1361 1690 clericorum
1375 1658 1576 1701 regularium
1589 1659 1760 1693 Societatis
1775 1660 1855 1701 lesu,

350 1700 642 1734 constitutionibus
664 1708 697 1735 et
721 1704 984 1738 ordinationibus
1009 1717 1088 1750 apo-
1121 1719 1204 1752 quae
1230 1710 1269 1742 ab
1294 1710 1372 1754 ipsis
1399 1711 1600 1745 fundationis
1620 1723 1697 1746 suae
1715 1713 1856 1757 primor-

346 1752 489 1793 stolicis‚
507 1764 637 1787 necnon
662 1757 823 1799 praedicti
841 1757 980 1799 Ordinis,
1001 1759 1104 1805 eius-j
1120 1762 1180 1794 diis
1195 1762 1228 1794 in
1246 1773 1281 1795 re
1299 1763 1498 1797 christianae
1516 1764 1685 1808 religionis
1706 1766 1854 1807 iuvanda,

351 1815 414 1848 que
434 1806 678 1848 provinciarum
700 1819 736 1841 ac
754 1816 976 1843 conventuum
991 1817 1023 1844 et
1040 1808 1411 1860 lO-ipromovendaque
1443 1816 1625 1850 infidelium
1658 1825 1690 1851 et
1714 1820 1856 1852 hacreti-

349 1868 464 1891 corum
490 1861 692 1902 regularium
717 1863 960 1904 quorumlibet,
989 1865 1085 1898 etiam
1119 1878 1232 1901 corum
1256 1869 1488 1911 conversione,
1515 1876 1547 1903 et
1572 1871 1690 1904 horum
1713 1873 1856 1916 pertina-

350 1909 546 1951 iuramento,
562 1911 811 1947 confirmatione
829 1916 1019 1958 apostolica,
1035 1919 1085 1950 vel
1099 1906 1104 1939 ἕ
1119 1920 1167 1953 cia
1191 1922 1407 1961 retundenda,
1434 1933 1471 1956 ac
1494 1923 1663 1958 iuventute
1688 1925 1805 1959 litteris
1824 1932 1856 1959 et

350 1963 463 2005 quavis
489 1963 642 1997 firmitate
668 1966 730 1999 alia
754 1968 929 2009 roboratis,
955 1971 1084 2003 statutis
1118 1973 1232 2016 probis
1256 1975 1402 2008 moribus
1427 1975 1641 2018 informanda,
1668 1978 1855 2022 Christique

349 2020 382 2048 et
401 2018 707 2059 consuetudinibus,
734 2020 915 2064 privilegiis
943 2033 1084 2066 quoque,
1118 2025 1270 2059 fidelibus
1295 2027 1327 2060 in
1352 2028 1436 2062 viam
1461 2031 1691 2064 mandatorum
1709 2032 1765 2065 Dei
1784 2033 1856 2065 diri-

348 2068 484 2103 indultis
506 2075 539 2104 et
562 2071 681 2104 litteris
699 2074 889 2116 apostolicis
907 2075 940 2107 in
958 2082 1086 2109 contra-
1101 2088 1103 2098 *
1119 2080 1234 2123 gendis
1261 2081 1449 2124 (adiuvante
1467 2084 1619 2129 Domino)
1644 2086 1759 2120 sedulo
1777 2097 1855 2119 sem-

349 2121 434 2154 rium
454 2124 715 2166 praemissorum
741 2128 990 2170 quomodolibet
1013 2114 1179 2186 con-iper
1211 2140 1243 2167 et
1275 2135 1442 2169 fructuose
1477 2137 1659 2179 laboravit,
1693 2150 1729 2172 ac
1761 2140 1857 2172 etiam

347 2175 462 2215 cessis,
481 2176 691 2218 confirmatis,
711 2184 743 2211 et
762 2179 941 2221 innovatis3
965 2182 1084 2225 quibus
1099 2215 1102 2234 Ι
1119 2197 1206 2219 nunc
1230 2193 1364 2221 strenue
1390 2189 1532 2230 laborat,
1559 2201 1670 2224 curam
1694 2193 1855 2235 peculiari

348 2227 501 2260 omnibus
535 2234 567 2261 et
598 2229 735 2273 singulis
749 2257 757 2272 ,
786 2232 921 2266 illorum
950 2239 1083 2267 tenores
1119 2240 1227 2273 studio
1242 2246 1404 2284 gerentes,
1423 2242 1489 2283 illa,
1504 2254 1586 2286 quae
1604 2255 1768 2288 prospero
1788 2246 1857 2278 seli-

347 2281 580 2323 praesentibus
608 2293 669 2327 pro
700 2285 798 2328 plene
825 2292 857 2319 et
881 2288 1084 2321 sufficienter
1101 2281 1102 2305 ¹
1119 2292 1215 2335 cique
1241 2293 1344 2336 ipsius
1369 2294 1540 2328 Societatis
1566 2296 1718 2339 regimini
1736 2303 1768 2330 ct
1784 2308 1857 2341 pro-

347 2334 514 2377 expressis
534 2341 566 2368 et
583 2337 621 2369 ad
643 2338 778 2370 verbum
802 2339 934 2374 insertis
961 2342 1085 2378 haben-

347 2391 408 2426 tes,
433 2387 497 2420 illis
523 2388 602 2421 alias
627 2390 659 2421 in
690 2401 751 2424 suo
783 2393 904 2426 robore
933 2405 1084 2438 perman—

346 2439 455 2480 suris,
479 2440 521 2473 ad
543 2442 802 2484 praemissorum
828 2445 996 2489 effectum,
1022 2449 1083 2483 hac

345 2491 414 2524 vice
448 2493 629 2535 dumtaxat,
656 2496 844 2539 specialiter
870 2504 902 2531 et
925 2510 1081 2545 expresse

347 2544 565 2589 derogamus;
592 2549 777 2594 ceterisque
807 2553 981 2587 contrariis
1012 2555 1084 2599 qui-

346 2597 564 2644 buseumque.

1119 2346 1245 2387 gressui
1274 2346 1545 2390 impedimentum
1563 2349 1691 2382 adferre
1717 2361 1857 2383 noscun-

1118 2403 1183 2438 tur,
1213 2409 1229 2431 e
1258 2399 1367 2432 medio
1396 2401 1548 2434 tollamus
1579 2407 1609 2434 et
1640 2403 1854 2446 abrogemus,

1119 2451 1202 2483 sieut
1213 2452 1369 2495 magistra
1382 2463 1494 2487 rerum
1512 2455 1719 2498 experientia
1733 2457 1858 2497 suadet,

1119 2511 1151 2536 et
1174 2515 1249 2545 nos,
1272 2508 1399 2538 matura
1425 2508 1668 2541 consultatione
1701 2509 1857 2549 adbibita,

1118 2557 1157 2589 ad
1183 2558 1419 2602 omnipotentis
1441 2560 1498 2593 Dei
1520 2561 1659 2604 gloriam
1683 2562 1858 2594 salubriter

1119 2610 1273 2654 expedire
1300 2612 1509 2646 arbitramur.

1873 236 1921 262 An.
1938 237 1965 262 C.
1990 237 2055 263 tro}

1922 297 1983 316 Fides
2000 300 2054 318 tran-

1873 326 2007 349 sumptorum.

1898 1461 2037 1482 Prooemium.
