2247 3208
276 337 325 364 An.
341 337 371 364 C.
395 337 462 364 1668

508 329 570 361 7⁶26

470 387 548 425 ctis,
575 395 700 418 necnon
725 385 764 417 ab
790 384 940 417 omnibus
964 385 1125 428 peccatis,
1153 395 1205 416 ex-

470 438 633 477 cessibus,
658 437 846 470 criminibus
877 443 907 470 et
932 437 1077 476 delictis,
1105 447 1205 480 quan-

471 490 585 522 tumvis
616 491 764 532 gravibus
798 496 830 523 et
861 490 1073 531 enormibus,
1108 489 1205 522 etiam

469 543 614 575 locorum
642 542 820 575 Ordinariis
857 543 922 575 sive
958 542 1050 574 nobis
1075 548 1106 574 et
1129 542 1203 574 Sedi

470 595 674 637 Apostolicae
700 595 796 627 etiam
811 595 842 627 in
862 595 977 628 litteris
1003 594 1054 627 die
1080 594 1203 627 Coenac

470 647 594 680 Domini
628 648 690 690 legi
727 648 829 681 solitis
862 648 1045 687 contentis,
1071 654 1102 680 et
1126 647 1204 679 alias

469 710 529 742 per
542 711 759 743 quascumque
777 706 903 733 nostras
919 705 972 732 aut
986 700 1204 732 Romanorum

470 752 661 785 Pontificum
701 753 988 796 praedecessorum
1021 757 1204 785 nostrorum

470 806 729 845 constitutiones,
751 816 886 849 quarum
905 811 1034 839 tenores
1051 816 1205 848 praesen-

470 856 553 888 tibus
572 856 682 889 haberi
700 857 845 889 volumus
864 868 922 900 pro
941 856 1111 899 expressis,
1129 866 1205 898 quo-

469 909 705 952 modocumque
740 909 925 949 reservatis,
953 909 985 941 in
1022 910 1090 941 soro
1127 919 1204 941 con—

469 961 633 1001 scientiae,
659 967 691 993 et
715 962 775 993 hac
795 961 862 993 vice
882 966 1017 1001 tantum,
1034 962 1203 994 absolvere

469 1017 499 1044 et
514 1011 650 1044 liberare
669 1012 807 1051 valeant;
824 1017 854 1044 et
871 1012 1006 1054 insuper
1021 1017 1092 1044 vota
1110 1022 1203 1054 quae-

469 1074 605 1107 cumque
624 1064 805 1107 <religionis
824 1070 854 1097 et
875 1064 1028 1097 castitatis
1047 1064 1203 1107 exceptis)

470 1117 501 1149 in
527 1118 590 1150 alia
613 1118 665 1160 pia
699 1123 729 1150 et
756 1118 907 1150 salutaria
940 1128 1040 1161 opera
1066 1128 1205 1151 commu-

471 1175 550 1210 tare,
579 1170 721 1202 iniuncta
743 1176 847 1203 tamen
873 1171 919 1204 eis
946 1177 977 1203 et
1001 1182 1113 1204 eorum
1139 1172 1205 1203 cui-

469 1223 549 1255 libet
562 1223 593 1255 in
613 1223 804 1266 supradictis
821 1224 968 1255 omnihus
986 1224 1111 1256 casibus
1128 1235 1205 1267 poe-

469 1276 603 1308 nitentia
628 1276 774 1315 salutari,
802 1277 936 1319 aliisque
962 1277 1106 1309 eiusdem
1132 1288 1205 1310 con-

470 1330 593 1362 fessarii
615 1329 747 1362 arbitrio
765 1329 984 1372 iniungendis.
1004 1329 1205 1373 Quapropter

470 1388 584 1414 tenore
610 1381 829 1425 praesentium
861 1382 893 1414 in
926 1382 1043 1414 virtute
1075 1388 1203 1415 sanctae

470 1435 674 1468 obedientiae
702 1435 847 1468 districte
869 1435 1084 1478 praes-ipimus
1110 1441 1202 1478 atquc

470 1487 658 1519 mandamns
696 1487 846 1519 omnibus
882 1493 911 1519 ct
949 1488 1202 1531 quibuscumque

470 1540 708 1572 venerabilibus
743 1540 893 1572 fratribus
926 1540 1202 1584 archiepiscopis,

471 1593 634 1635 episcopis
659 1598 690 1625 et
715 1592 784 1624 aliis
811 1594 1018 1625 ecclesiarum
1050 1594 1203 1636 praelatis

470 1655 507 1677 ac
532 1645 787 1688 quibuscumque
812 1645 987 1678 Ordinariis
1012 1647 1154 1679 locorum
1171 1646 1203 1678 in

469 1699 636 1742 praedicto
663 1710 762 1741 regno
788 1699 939 1731 poloniae
972 1710 1006 1732 ac
1032 1700 1203 1742 provinciis

470 1757 502 1784 et
521 1751 695 1784 ditionibus
721 1752 941 1792 existentibus,
968 1763 1143 1795 eorumque
1162 1753 1205 1785 ri-

472 1805 566 1837 cariis
580 1810 612 1837 et
628 1805 828 1843 officialibus,
845 1807 903 1844 vcl,
920 1806 956 1837 iis
974 1805 1204 1846 deficientibus,

470 1857 533 1890 illis
559 1858 613 1901 qui
637 1869 744 1890 curam
770 1859 948 1890 animarum
974 1864 1137 1897 exercent,
1160 1863 1204 1897 ut,

471 1921 543 1943 cum
570 1911 788 1953 praesentium
807 1911 983 1943 litterarum
1006 1916 1204 1954 transumpta

470 1970 525 1996 aut
542 1965 689 2007 exempla
710 1965 803 1996 etiam
826 1965 983 2006 impressa
1008 1965 1203 2007 acceperint,

470 2016 526 2049 illa
540 2017 647 2049 statim
661 2018 780 2059 absque
793 2018 857 2049 nlla
871 2019 967 2054 mora,
989 2017 1204 2049 retardatione

471 2071 519 2103 vcl
546 2070 779 2113 impedimento
805 2081 864 2113 per
889 2081 961 2102 suas
994 2070 1148 2103 ccclesias
1175 2074 1205 2102 et

472 2123 628 2163 dioceses,
654 2123 853 2166 provincias,
880 2123 1046 2162 civitates,
1073 2123 1202 2166 oppida,

471 2182 573 2209 terras
599 2182 631 2209 et
654 2177 722 2209 loca
748 2176 912 2220 publicent
936 2182 966 2208 et
991 2176 1148 2219 publicari
1167 2176 1206 2208 fa-

472 2230 582 2269 ciant,
608 2230 841 2272 ecclesiamque
872 2240 928 2262 seu
954 2229 1105 2262 ecclesias
1135 2228 1206 2261 risi-

474 2283 584 2314 tandas
611 2283 790 2325 designent.
806 2282 873 2314 Non
891 2282 1087 2314 intendimus
1102 2287 1205 2314 autem

471 2345 530 2378 per
554 2341 740 2378 praesentes
772 2346 868 2378 snper
893 2336 997 2378 aliqua
1025 2334 1206 2377 irregulari-

473 2393 537 2420 tate
553 2389 682 2431 publica
695 2390 743 2421 vel
758 2389 894 2429 occulta,
911 2391 994 2428 nota,
1011 2389 1147 2428 defectu,
1163 2388 1207 2420 in-

474 2441 651 2484 capacitate
667 2452 722 2473 sen
744 2442 947 2474 inhabilitate
963 2452 1093 2484 quoquo
1110 2442 1206 2473 modo

474 2495 636 2526 contracta
663 2494 860 2536 dispensare,
877 2495 925 2526 vcl
947 2493 1086 2536 aliquam
1112 2494 1207 2526 facul-

475 2551 571 2579 tatem
597 2546 738 2578 tribnere
776 2547 983 2589 dispensandi
1010 2558 1064 2579 seu
1093 2547 1207 2579 habili-

473 2599 571 2638 tandi,
588 2605 619 2632 et
636 2599 666 2631 iu
685 2599 854 2641 pristinum
873 2605 987 2631 statum
1006 2599 1205 2639 restituendi,

474 2653 569 2685 etiam
589 2652 620 2684 in
640 2653 709 2684 foro
727 2651 953 2690 conscientiae,
981 2662 1084 2693 neque
1111 2652 1206 2683 etiam

474 2706 600 2737 eastlen'i
627 2710 814 2747 praesentes
846 2704 903 2743 iis,
931 2704 983 2746 qni
1010 2714 1026 2735 a
1058 2703 1151 2736 nobis
1176 2709 1204 2736 et

1047 337 1225 361 BI'LLARIFM
1250 336 1400 361 nontANmt

1247 384 1432 426 Apostolica
1456 384 1537 417 Sede
1562 386 1609 418 vel
1635 386 1674 418 ab
1700 386 1807 429 aliquo
1832 386 1978 429 praelato

1248 447 1305 469 seu
1330 436 1435 469 iudice
1454 437 1674 470 ecclesiastico
1699 438 1977 477 excommunicati,

1248 489 1404 531 suspensi,
1430 489 1603 529 interdicti,
1621 499 1676 522 seu
1701 490 1779 522 alias
1798 489 1831 522 in
1852 495 1981 523 sentcn-

1249 541 1306 573 tias
1333 546 1365 573 et
1389 551 1539 574 censuras
1572 541 1719 574 incidisse
1752 542 1907 574 declarati
1931 543 1980 576 vel

1248 593 1375 635 publice
1390 593 1574 626 dcnunciati
1590 594 1714 634 fuerint,
1727 593 1787 626 nisi
1805 593 1889 626 intra
1905 599 1981 627 tem·

1248 656 1308 688 pus
1341 645 1496 678 dictarum
1528 646 1664 678 duarum
1701 646 1981 679 hebdomadarum

1225 696 1227 701 ’
1247 697 1480 738 satisfecerint,
1508 703 1562 731 aut
1585 709 1656 730 cum
1681 698 1824 740 partibus
1849 709 1981 731 eoncor-

1225 751 1227 764 ³
1248 750 1402 790 daverint,
1422 751 1489 783 ullo
1507 751 1603 783 modo
1625 750 1789 793 suffragari
1815 761 1908 794 posse
1926 756 1981 784 aut

1224 813 1226 818 ¹
1247 802 1379 835 debere.

1290 856 1305 898 ξ
1328 855 1360 887 4.
1386 855 1455 888 Non
1473 855 1674 888 obstantibus
1699 855 1981 888 constitutionibus

1248 914 1279 940 et
1296 909 1552 942 ordinationibus
1574 909 1771 952 apostolicis,
1792 908 1981 952 praesertim

1248 961 1362 1003 quibus
1388 962 1521 994 facultas
1545 962 1732 994 absolvendi
1748 961 1781 993 in
1798 962 1893 994 certis
1907 967 1981 994 tunc

1247 1014 1406 1057 expressis
1439 1014 1565 1047 casibus
1597 1015 1640 1047 ita
1665 1015 1809 1047 Romano
1835 1014 1982 1048 Pontifici

1247 1079 1305 1111 pro
1332 1074 1477 1111 tempore
1495 1068 1644 1101 existenti
1662 1073 1857 1107 reservatur,
1874 1073 1910 1100 ut
1923 1078 1983 1100 nec

1248 1121 1344 1153 etiam
1363 1120 1483 1153 similes
1501 1122 1549 1153 vel
1567 1121 1739 1153 dissimiles
1765 1120 1982 1163 indulgentia-

1249 1184 1319 1205 rum
1351 1178 1382 1205 et
1406 1173 1592 1205 facultatum
1628 1172 1813 1205 huiusmodi
1850 1183 1983 1206 conces-

1247 1225 1364 1265 siones,
1381 1225 1442 1258 nisi
1469 1226 1508 1258 de
1525 1225 1588 1258 illis
1608 1235 1762 1268 expressa
1782 1224 1904 1258 mentio
1929 1230 1983 1258 aut

1248 1278 1396 1321 specialis
1421 1278 1589 1320 derogatio
1608 1279 1671 1318 fiat,
1695 1278 1843 1321 cuiquam
1870 1277 1983 1311 sutfra-

1249 1332 1317 1374 gari
1343 1337 1482 1374 queant,
1506 1342 1633 1365 necnon
1665 1333 1776 1374 regula
1799 1333 1912 1364 nostra
1943 1332 1981 1365 de

1248 1395 1313 1416 non
1338 1384 1556 1417 concedendis
1575 1384 1786 1426 indulgentiis
1803 1384 1842 1417 ad
1866 1384 1979 1424 instar,

1248 1450 1284 1470 ac
1309 1448 1584 1480 quorumcumque
1610 1437 1764 1470 Ordinum
1789 1443 1821 1470 et
1848 1447 1983 1480 congre-

1248 1491 1412 1531 gationum
1441 1490 1505 1523 sive
1530 1490 1752 1523 institutorum
1775 1490 1980 1532 regularium,

1248 1544 1342 1575 etiam
1364 1544 1553 1583 iuramento,
1578 1543 1824 1576 confirmatione
1853 1548 1983 1586 aposto-

1249 1596 1316 1635 lica,
1335 1597 1383 1628 vel
1410 1595 1519 1638 quavis
1542 1595 1692 1628 firmitate
1718 1596 1779 1628 alia
1804 1595 1981 1635 roboratis,

1248 1649 1372 1681 statutis
1404 1654 1434 1680 et
1470 1648 1779 1687 consuetudinibus,
1806 1647 1982 1690 privilegiis

1249 1712 1388 1743 qnoque,
1405 1701 1538 1733 indultis
1563 1705 1594 1733 et
1624 1700 1740 1733 litteris
1771 1700 1957 1743 apostolicis
1973 1727 1980 1740 ,

1249 1753 1372 1786 eisdem
1403 1753 1594 1793 Ordinibus,
1620 1753 1925 1796 congregationibus
1952 1759 1983 1786 et

1248 1806 1413 1845 institutis,
1427 1806 1622 1848 illorumque
1637 1805 1796 1848 personis,
1811 1805 1983 1849 quomodo-

1248 1859 1327 1891 libet
1351 1859 1521 1899 concessis,
1543 1859 1731 1902 approbatis
1758 1864 1789 1891 et
1809 1858 1981 1899 innovatis,

1249 1912 1363 1955 quibus
1388 1912 1537 1944 omnibus
1565 1917 1596 1944 et
1627 1912 1772 1953 singulis,
1796 1911 1919 1944 etiamsi
1944 1911 1982 1944 de

1247 1966 1310 1998 illis
1332 1976 1510 2008 eorumque
1537 1966 1609 1998 totis
1636 1965 1802 1997 tenoribus
1822 1965 1981 2008 specialis,

1248 2018 1406 2062 specifica,
1422 2029 1574 2062 expressa
1594 2024 1625 2051 et
1650 2018 1827 2057 individua,
1847 2028 1914 2050 non
1931 2029 1983 2050 au-

1251 2076 1312 2103 tem
1344 2082 1404 2114 per
1433 2072 1590 2103 clausulas
1615 2071 1781 2112 generales
1807 2070 1894 2102 idern
1925 2070 1983 2102 im-

1249 2129 1431 2166 portantes,
1459 2123 1579 2155 mentio
1599 2133 1654 2154 seu
1683 2122 1815 2164 quaevis
1841 2122 1903 2154 alia
1931 2133 1983 2154 ex-

1249 2176 1375 2219 pressio
1392 2175 1541 2208 habenda
1559 2181 1609 2207 aut
1627 2174 1735 2216 aliqua
1750 2175 1812 2207 alia
1829 2175 1984 2217 exquisita

1251 2230 1350 2261 fornia
1369 2229 1407 2261 ad
1426 2229 1486 2260 hoc
1502 2228 1659 2260 servanda
1686 2229 1777 2267 foret,
1796 2228 1925 2260 illorum
1942 2234 1985 2260 te-

1250 2292 1345 2314 nores
1370 2280 1591 2324 praesentibus
1620 2291 1679 2323 pru
1713 2280 1908 2313 sufficienter
1931 2291 1984 2313 ex-

1250 2334 1367 2377 pressis
1401 2346 1435 2367 ac
1462 2334 1597 2366 formam
1622 2333 1655 2365 iu
1681 2333 1726 2366 eis
1754 2334 1900 2366 traditam
1926 2344 1983 2376 pro

1253 2389 1375 2420 serrata
1402 2388 1577 2425 habentes,
1604 2387 1663 2418 bac
1687 2387 1764 2426 vice,
1789 2387 1981 2429 specialiter,

1250 2440 1439 2473 nominatim
1458 2446 1489 2472 et
1501 2449 1662 2482 expresse,
1678 2440 1715 2471 ad
1731 2439 1879 2472 effectum
1893 2449 1984 2482 prae-

1250 2493 1441 2532 missorum,
1469 2493 1679 2534 derogamus3
1701 2492 1877 2534 ceterisque
1909 2502 1984 2524 con-

1251 2546 1355 2578 trariis
1381 2545 1649 2588 quibuscumque.

1294 2598 1363 2641 {5-
1392 2598 1429 2630 [t
1465 2603 1571 2630 autem
1608 2602 1796 2639 praesentes
1833 2604 1981 2638 nostrae,

1251 2662 1331 2694 quac
1357 2651 1396 2683 ad
1420 2651 1545 2692 singula
1570 2651 1638 2682 loca
1674 2649 1791 2682 deferri
1818 2660 1883 2682 non
1909 2661 1983 2693 pos-

1250 2708 1332 2743 sunt,
1355 2703 1392 2735 ad
1411 2703 1553 2735 omnium
1579 2701 1726 2735 notitiam
1745 2702 1866 2734 facilius
1892 2702 1984 2736 deve-

1989 336 2038 361 An.
2060 335 2088 362 Γ..
2108 334 2174 362 tel-'S

2017 866 2109 896 Delrogul.
2125 871 2176 886 con·

1992 897 2070 913 tran-ns.

2033 2604 2177 2631 Transumptls

1994 2630 2051 2650 Crutlt
2066 2631 2133 2652 lube!-
