2247 3208
224 207 272 234 Λη.
294 205 320 231 c.
345 204 410 231 1662>
456 195 498 228 84

249 1421 365 1442 lim-dium.

227 2232 320 2256 decreta.

288 2207 407 2234 Sequunmr
423 2202 497 2234 fecit
522 2204 657 2237 dilectus
682 2204 766 2238 filius
784 2206 973 2239 Franciscus
989 2209 1027 2240 dc
1043 2209 1073 2240 la
1090 2208 1152 2241 Ro-

420 250 648 296 praesentibus
680 258 740 291 pro
771 249 867 290 plene
892 251 924 278 et
954 244 1154 277 sufficienter

420 303 583 347 expressis
598 306 630 334 et
650 300 782 332 insertis
800 299 973 337 habentes,
990 296 1053 329 illis
1073 295 1157 340 alias

419 359 451 390 in
476 368 533 389 suo
551 356 669 388 robore
687 353 920 397 permansuris,
935 352 975 384 ad
993 350 1153 394 praemis-

419 420 529 443 sorum
545 408 706 448 effectum,
726 408 787 439 hac
803 406 871 439 vice
886 405 1061 443 dumtaxat,
1077 413 1152 446 spe-

417 462 542 495 cialiter
560 466 588 494 et
609 470 763 504 expresse
785 460 995 501 derogamus;
1018 455 1152 489 ceteris-

418 525 479 558 que
497 514 668 547 contrariis
694 513 967 557 quibuscumque.

460 568 573 599 Datum
600 565 734 605 Romae,
761 564 847 608 apud
872 563 902 596 S.
930 561 1063 594 Mariam
1088 561 1151 593 Ma-

417 619 534 658 iorem,
561 619 620 651 sub
646 618 766 650 annulo
792 614 978 655 piscatoris,
1000 613 1051 647 die
1073 624 1150 646 xvm

418 671 600 705 decembris
626 680 779 710 noctxn,
811 666 1020 712 pontificatus
1046 665 1150 699 nostri

417 734 502 758 anno
527 734 596 757 vm.

452 784 510 811 Dat.
531 784 573 811 die
596 784 626 811 18
642 783 795 811 decembris
811 782 888 815 1862,
901 780 994 817 pontif.
1007 788 1076 809 anno
1091 786 1149 807 vm.

719 924 843 958 CDXVI.

419 1005 627 1048 Confirmatio
656 1007 851 1037 statutorum
881 1013 918 1035 ac
953 1001 1151 1035 decretorum

462 1057 600 1101 capituli
637 1056 796 1099 qeneralis
837 1055 979 1089 Oscensis
1017 1055 1151 1089 Ordinis

460 1113 580 1145 Beatae
603 1111 728 1143 Mariae
747 1109 785 1142 de
802 1108 944 1143 Mercede
960 1107 1151 1151 redemptio-

459 1165 512 1198 nis
536 1163 766 1208 captivorum&

608 1242 772 1270 Alexander
791 1242 868 1276 Papa
887 1242 957 1274 vn,

538 1288 574 1315 ad
593 1290 769 1322 perpetuam
788 1287 833 1314 rei
853 1287 1032 1315 memoriam.

462 1359 508 1392 Ad
546 1358 722 1403 pastoralis
760 1358 924 1401 dignitatis
960 1358 1125 1400 fastigium
1141 1382 1169 1405 ‚4

418 1414 506 1446 nullo
531 1413 606 1445 licet
621 1411 811 1444 meritorum
832 1416 1019 1443 nostrorum
1038 1410 1152 1443 suffra-

419 1466 470 1508 gio
487 1492 494 1505 ,
521 1476 580 1508 per
613 1463 810 1497 ineffabilem
844 1463 971 1496 divinae
996 1463 1150 1496 bonitatis

418 1518 647 1550 abundantiam
666 1517 780 1557 evecti,
800 1516 867 1557 illa,
888 1527 969 1559 quae
987 1527 1047 1560 pro
1062 1517 1150 1556 ,felici

418 1579 643 1613 prosperoque
670 1569 899 1612 religiosorum
924 1570 1069 1602 virorum
1098 1570 1151 1613 qui

419 1633 435 1655 c
460 1623 607 1654 ssuctibus
629 1622 729 1655 seculi
747 1622 780 1654 in
798 1621 959 1664 regularis
975 1622 1058 1655 vitae
1075 1633 1152 1666 por-

418 1682 484 1709 tum
521 1677 753 1719 confugerunt,
788 1682 1025 1720 assumptoque
1062 1677 1151 1710 suavi

419 1729 537 1762 Christi
570 1730 667 1773 iugo,
694 1729 850 1763 Altissimi
876 1729 1044 1773 obsequiis
1078 1740 1150 1763 sese

421 1782 630 1823 devoverunt,
646 1794 682 1815 ac
694 1782 813 1815 uberes
831 1782 993 1816 bonorum
1013 1792 1151 1825 operum

421 1834 542 1868 fructus
560 1846 619 1878 per
634 1835 688 1868 Dei
707 1835 842 1877 gratiam
863 1835 1012 1878 proferre
1034 1835 1152 1878 iugiter

421 1892 581 1930 satagunt,
603 1888 761 1930 regimine
781 1893 812 1921 et
830 1888 989 1931 gubernio
1007 1889 1151 1932 pruden-

420 1944 469 1972 ter
487 1945 519 1972 et
542 1941 714 1973 salubriter
731 1941 904 1973 constituta
922 1951 994 1974 esse
1011 1952 1152 1974 noscun-

421 1998 482 2033 tur,
509 1993 664 2034 libenter,
691 2005 761 2027 eum
788 1994 819 2027 id
845 2006 860 2027 a
888 1995 982 2027 nobis
1007 1995 1149 2038 petitur,

421 2046 591 2087 apostolici
616 2047 804 2080 muniminis
829 2047 996 2090 praesidio
1017 2047 1151 2081 robora-

422 2108 506 2129 mus.

466 2151 480 2192 ξ
509 2150 538 2182 i.
575 2151 697 2194 Exponi
731 2152 890 2196 siquidem
921 2155 1015 2187 nobis
1046 2165 1153 2199 nuper

424 2266 467 2295 sa,
493 2256 630 2288 vicarius
657 2259 818 2299 generalis
836 2259 945 2292 ltaliae
973 2265 1004 2292 et
1025 2260 1150 2294 Siciliae

425 2319 461 2341 ac
484 2315 676 2352 procurator
700 2312 861 2353 generalis
899 2313 998 2346 totius
1023 2314 1151 2347 Ordinis

424 2361 561 2394 fratrum
586 2363 701 2395 Beatae
726 2364 841 2398 Mariae
868 2366 906 2398 de
932 2367 1079 2400 Mercede
1101 2378 1152 2401 re-

459 2450 472 2476 1
494 2449 562 2476 Vide
582 2450 661 2477 aliam
678 2452 904 2480 confirmationem
925 2458 1085 2482 statutorum
1106 2465 1153 2491 pro

424 2493 553 2520 fratribus
581 2495 751 2522 Discalceatis
771 2496 889 2523 eiusdem
910 2499 1017 2525 Ordinis
1036 2500 1062 2526 in
1083 2502 1153 2527 Con-

425 2538 477 2564 stit.
499 2544 647 2570 cccxxxiii,
670 2538 767 2566 Urbani
787 2540 856 2575 VIII,
877 2544 940 2568 toni.
962 2549 1017 2577 xiv,
1034 2552 1092 2579 pag.
1109 2545 1152 2578 66,

425 2581 510 2609 Sacri
530 2583 711 2616 apos-[olatiis.

997 197 1176 221 BULLARIUM
1199 194 1351 218 ROMANUM

1189 241 1389 284 demptionis
1414 240 1623 283 captivorum,
1650 237 1737 282 quod
1755 238 1787 270 in
1804 238 1920 271 ultimo

1188 294 1331 337 capitulo
1358 293 1504 336 generali
1530 291 1605 324 dicti
1630 291 1768 331 Ordinis,
1787 291 1819 324 in
1845 301 1922 324 con-

1188 351 1287 379 ventu
1312 345 1445 380 Oscensi
1475 344 1525 377 die
1552 355 1590 378 xv
1612 344 1754 378 octobris
1775 354 1920 378 noemin

1187 400 1376 439 celebrato,
1403 409 1462 441 pro
1491 398 1575 430 felici
1610 398 1757 431 eiusdem
1790 398 1919 432 Ordinis

1188 451 1366 484 directione
1381 451 1487 484 editae
1505 451 1638 482 suerunt
1652 452 1828 484 nonnullae
1846 461 1920 484 con-

1186 504 1381 545 stitutiones,
1402 514 1483 547 quae
1509 514 1527 536 a
1551 503 1805 546 congregatione
1823 514 1920 537 vene-

1186 557 1338 590 rabilium
1371 558 1509 590 fratrum
1542 562 1733 589 nostrorum
1759 556 1790 590 S.
1820 557 1857 589 R.
1882 557 1916 590 E.

1185 611 1401 644 cardinalium
1418 611 1558 653 negotiis
1579 616 1611 643 et
1627 610 1919 644 consultationibus

1186 664 1419 707 episcoporum
1445 670 1476 697 et
1500 664 1699 707 regularium
1732 665 1920 708 praeposita

1185 717 1217 749 in
1243 718 1410 751 nonnullis
1443 719 1635 752 emendatae
1672 724 1766 759 sunt,
1793 719 1918 752 tenoris

1186 771 1240 813 qui
1267 773 1427 815 sequitur,
1454 773 1625 806 videlicet:

1235 836 1247 855 α
1265 835 1286 858 1.
1304 825 1350 857 Ad
1367 826 1552 868 pleniorem
1570 827 1833 860 observationem
1850 839 1918 862 mo-

1172 878 1366 922 ,tuspreprii
1401 879 1597 912 sanctissimi
1630 879 1732 913 felicis
1765 881 1918 914 recorda—

1185 929 1282 963 tionis
1307 930 1427 964 Urbani
1452 932 1515 964 VIII
1541 933 1579 966 de
1605 934 1796 976 expulsione
1822 945 1917 978 regu-

1184 983 1300 1016 larium
1332 984 1612 1027 delinquentium,
1645 986 1733 1020 iuxta
1764 988 1796 1021 id
1829 989 1916 1031 quod

1185 1035 1335 1069 similiter
1359 1037 1527 1069 decretum
1546 1042 1596 1071 est
1613 1038 1646 1070 in
1664 1040 1804 1082 capitulo
1822 1051 1918 1083 gene-

1184 1088 1244 1121 rali
1268 1088 1496 1122 Barbastrensi
1523 1096 1555 1123 et
1579 1091 1751 1125 Murciensi
1768 1094 1916 1136 proxime

1184 1141 1386 1183 celebratis¹,
1405 1144 1609 1186 praedictum
1633 1147 1787 1187 generale
1805 1146 1918 1180 defini-

1185 1195 1317 1228 torium2
1331 1196 1475 1229 decrevit
1489 1197 1671 1240 designare,
1687 1210 1723 1231 ac
1736 1199 1919 1243 designavit

1184 1248 1216 1280 in
1250 1248 1386 1291 singulis
1420 1250 1593 1292 provinciis
1626 1251 1725 1284 totius
1759 1253 1918 1296 praedicti

1184 1300 1311 1334 Ordinis
1333 1312 1388 1335 sex
1406 1305 1618 1343 consultores,
1639 1310 1778 1348 quatuor
1795 1306 1919 1339 scilicet

1184 1355 1370 1397 provinciae
1393 1356 1581 1390 definitores
1604 1363 1635 1390 et
1659 1358 1739 1391 duos
1768 1359 1919 1393 definito-

1185 1416 1236 1438 res
1262 1409 1453 1449 generales,
1481 1409 1519 1442 dc
1546 1421 1683 1452 quorum
1707 1421 1762 1443 sex
1780 1412 1917 1445 consilio

1185 1460 1475 1494 reverendissimus
1494 1462 1650 1505 magister
1663 1463 1824 1505 generalis
1841 1474 1919 1508 pos-

1185 1512 1227 1544 sit
1248 1512 1281 1544 in
1294 1513 1485 1547 criminosos
1501 1520 1532 1547 et
1549 1515 1788 1559 incorrigibiles
1807 1518 1918 1560 expul-

1185 1564 1286 1598 sionis
1312 1566 1396 1599 serre
1421 1569 1630 1601 sententiam.

1228 1618 1384 1653 Similiter
1397 1626 1504 1654 autem
1520 1622 1662 1655 decrevit
1680 1623 1777 1665 quod,
1793 1623 1847 1655 ex³
1864 1634 1918 1656 cu-

1184 1671 1316 1704 iuslibet
1339 1673 1579 1716 praedictorum
1605 1685 1660 1707 sex
1693 1676 1917 1709 consultorum

1185 1724 1323 1765 defectu,
1347 1725 1433 1758 illius
1459 1727 1530 1759 loco
1553 1727 1616 1760 duo
1635 1729 1793 1761 electores
1819 1739 1918 1772 gene-

1183 1780 1268 1811 rales
1293 1790 1353 1822 pro
1378 1779 1432 1811 tali
1457 1780 1624 1823 provincia
1649 1782 1833 1823 succedant,
1861 1783 1918 1815 ha-

1183 1832 1250 1864 bita
1274 1832 1453 1865 attentione
1481 1834 1568 1875 quod
1594 1834 1722 1876 dignior
1752 1835 1842 1878 prius
1863 1835 1918 1869 de-

1184 1886 1329 1928 signatus
1354 1887 1462 1919 minus
1487 1887 1585 1930 digno
1610 1887 1821 1931 intelligatur.

1229 1950 1263 1972 11.
1287 1938 1366 1972 Item
1385 1940 1527 1972 decrevit
1543 1941 1745 1983 praedictum
1764 1943 1917 1984 generale

1185 1991 1405 2025 delinitorium
1432 1993 1519 2036 quod
1552 1993 1583 2025 in
1609 1994 1758 2027 omnibus
1787 1995 1918 2038 provin-

1184 2045 1240 2078 ciis
1277 2050 1385 2088 patres
1416 2045 1603 2079 definitores
1636 2057 1763 2087 earum,
1789 2058 1918 2081 necnon

1185 2097 1372 2131 definitores
1399 2103 1431 2131 et
1454 2100 1613 2132 electores
1639 2101 1819 2142 generaleS,
1842 2101 1917 2134 dum

1184 2152 1358 2195 praedictis
1391 2152 1504 2184 officiis
1537 2154 1730 2194 funguntur,
1765 2154 1916 2187 omnibus

1185 2206 1453 2249 exemptionibus,
1474 2207 1585 2249 gratiis
1604 2212 1635 2239 et
1654 2208 1832 2250 privilegiis
1851 2219 1918 2241 ma-

1185 2260 1360 2303 gistrorum
1386 2260 1425 2293 de
1450 2270 1588 2292 numero
1610 2262 1783 2303 gaudeant.

1228 2324 1275 2347 111.
1304 2313 1390 2353 Item,
1410 2313 1521 2345 habita
1541 2314 1803 2348 consideratione
1829 2314 1920 2348 labo-

1185 2379 1257 2400 rum
1283 2377 1364 2410 quos
1390 2372 1499 2410 patres
1528 2368 1657 2399 vocales
1684 2368 1723 2400 ad
1744 2368 1920 2411 capitulum

1186 2421 1339 2463 generale
1357 2420 1590 2453 Barbastrense
1606 2426 1637 2453 et
1650 2421 1828 2454 Murciense
1843 2432 1920 2465 pro-

1222 2502 1233 2526 1
1253 2500 1300 2526 Vel
1314 2500 1452 2527 celebrato
1471 2499 1511 2526 vel
1527 2500 1662 2534 capitulis
1677 2500 1781 2535 legend.
1798 2501 1834 2534 (n.
1852 2502 1901 2535 T.)⁴

1221 2544 1237 2571 2
1258 2543 1326 2570 Edit.
1349 2544 1431 2571 Main.
1452 2544 1515 2579 legit
1534 2545 1719 2579 definitorum
1739 2546 1779 2578 (R.
1795 2546 1843 2581 T.).

1223 2587 1239 2616 3
1254 2588 1365 2615 Videtur
1379 2588 1521 2623 legendum
1536 2589 1569 2616 in
1585 2596 1632 2624 pro
1648 2596 1684 2615 ecc
1697 2589 1734 2621 (a.
1751 2590 1800 2622 T.).

1936 190 1984 216 An.
2000 189 2030 217 C.
2051 189 2118 217 1662

1991 841 2116 862 Detinitores

1932 868 2073 894 provinciales
2096 871 2117 889 et

1933 894 2049 920 generales.

1956 2321 1984 2343 Ca
2002 2321 2073 2343 itulum
2084 2327 2118 2348 go-

1934 2355 1984 2369 nera
1996 2355 2007 2369 e
2032 2348 2117 2374 quando

1935 2375 2095 2397 celebrandum
