2247 3208
223 241 277 268 An.
298 240 328 268 c.
345 240 415 269 1668
461 232 524 267 73⁶2

248 988 343 1009 Pontifex
359 992 407 1008 con-

220 1014 297 1036 firmat.

247 2255 360 2276 Decretum
376 2255 405 2276 ir-

221 2285 295 2303 filaus.

415 301 487 323 rum
514 291 546 323 in
574 290 641 323 dies
666 295 798 330 creseat,
826 294 857 321 et
881 289 912 321 in
940 289 1051 322 multis
1076 289 1154 321 locis

416 344 608 387 praesertim
637 354 812 385 regnorum
847 342 1020 386 Hispaniae
1054 352 1154 377 novos

417 397 531 429 domos
558 401 589 429 et
608 396 803 429 monasteria
820 397 952 429 fratrum
966 395 1153 429 huiusmodi

419 449 499 492 erigi
525 454 556 481 et
583 449 708 482 fundari
727 449 936 490 desideretur,
962 460 1071 483 verum
1090 460 1154 483 non

418 502 524 536 desint
560 503 613 546 qui
652 508 714 535 tam
750 503 839 547 pium
879 514 960 546 opus
995 503 1154 547 impedire

417 562 586 596 conentur,
614 566 678 589 non
706 556 838 588 attentis
862 556 1038 599 privilegiis
1059 566 1156 599 super

417 610 574 642 eiusmodi
590 610 779 642 fundatione
795 610 917 643 eisdem
936 610 1155 653 sratribusper

417 662 540 695 litteras
580 663 797 706 praeinsertas
836 663 1021 696 concessis:
1058 663 1153 695 nobis

417 721 593 759 propterea
617 716 721 749 dictus
748 716 883 749 Ioannes
901 721 1155 759 procuratorge-

417 769 537 802 neralis
565 769 732 802 humiliter
756 770 931 813 supplicari
958 770 1033 802 fecit
1063 774 1098 801 ut
1122 769 1154 800 in

418 822 605 865 praemissis
643 829 827 866 opportune
853 823 1026 866 providere
1060 827 1091 855 et
1121 826 1155 854 ut

417 876 502 908 infra
533 877 702 919 indulgere
729 877 767 910 de
794 877 994 920 benignitate
1024 881 1155 919 aposto-

418 929 480 962 lica
506 930 726 972 dignaremur.

462 983 476 1026 ἓ
501 983 532 1016 3.
560 983 623 1016 Nos
648 983 755 1026 igitur,
780 984 885 1026 ipsum
905 983 1057 1016 Ioannem
1083 992 1155 1026 pro-

418 1042 602 1069 curatorem
629 1037 813 1078 generalem
843 1036 1038 1079 specialibus
1071 1035 1155 1068 savo-

417 1090 508 1122 ribus
535 1094 566 1122 et
589 1090 699 1131 gratiis
724 1089 879 1132 prosequi
902 1090 1060 1128 volentes,
1087 1093 1118 1121 et
1139 1099 1156 1120 a

417 1143 583 1186 quibusvis
614 1143 977 1182 excon’imunicationis‚
1018 1151 1155 1184 suspen-

416 1195 519 1227 sionis
551 1200 581 1227 et
614 1195 796 1235 interdicti,
827 1195 965 1238 aliisque
1002 1194 1157 1227 ecclesia-

416 1249 504 1281 sticis
538 1248 731 1287 sententiis,
768 1248 913 1281 censuris
950 1252 981 1281 et
1016 1247 1152 1290 poenis,

415 1312 432 1334 a
457 1302 526 1334 iure
552 1303 600 1334 vel
627 1302 664 1334 ab
690 1301 834 1341 bomine,
857 1301 968 1344 quavis
987 1300 1154 1333 occasione

415 1356 465 1388 vel
491 1357 587 1387 causa
612 1355 696 1395 latis,
724 1355 750 1386 si
773 1354 889 1397 quibus
913 1353 1157 1397 quomodolibet

415 1408 586 1440 innodatus
626 1408 755 1447 existit,
794 1407 832 1440 ad
871 1406 1018 1439 effectum
1053 1417 1155 1450 prac-

417 1462 557 1495 sentium
598 1461 761 1494 dumtaxat
786 1460 1068 1503 consequendum,
1101 1460 1156 1491 ha-

415 1525 487 1547 rum
512 1514 594 1546 serie
620 1514 827 1546 absolventes
846 1518 874 1545 et
889 1512 1070 1545 absolutum
1086 1512 1153 1545 sore

416 1571 599 1605 censentes,
617 1566 908 1609 supplicationibus
925 1565 1019 1598 etiam
1043 1565 1153 1597 dilecti

998 241 1179 264 nt'tfflnit'it
1203 240 1329 265 Romuli
1334 243 1355 265 it

414 1619 472 1653 filii
498 1620 617 1653 nobilis
642 1620 700 1652 viri
726 1620 874 1653 moderni
896 1619 1095 1652 marchionis
1113 1619 1152 1651 de

415 1674 553 1715 Astorga
579 1683 638 1715 pro
664 1673 827 1705 carissimo
864 1672 895 1704 in
932 1671 1060 1705 Christo
1086 1671 1152 1704 tilio

415 1730 528 1758 nostro
554 1724 667 1758 Carolo
694 1725 923 1768 Hispaniarum
948 1724 1154 1767 rege'catho-

415 1778 478 1811 lico
513 1779 594 1821 apud
632 1789 690 1811 nos
722 1784 753 1811 et
782 1778 897 1811 Scdem
932 1778 1153 1821 Apostolicam

416 1831 551 1863 oratoris
578 1831 707 1864 nomine
727 1831 819 1864 nobis
845 1841 943 1874 super
964 1831 1026 1864 hoc
1051 1831 1154 1863 humi-

414 1884 489 1916 liter
524 1884 681 1926 porrectis
724 1883 892 1923 inclinati,
935 1883 1154 1927 praeinsertas

415 1936 504 1969 Pauli
531 1942 562 1969 et
586 1936 730 1979 Gregorii
756 1938 1050 1980 praedecessorum
1074 1937 1153 1969 litte-

415 2000 478 2029 ras,
502 2000 574 2021 cum
596 1990 746 2022 omnibus
772 1998 802 2024 et
827 1990 961 2032 singulis
981 1989 1013 2021 in
1033 1989 1078 2021 eis
1103 1999 1153 2022 re-

415 2043 555 2085 spective
588 2044 770 2082 contentis,
806 2042 994 2075 auctoritate
1024 2047 1153 2085 aposto-

414 2094 487 2135 lica,
510 2100 621 2128 tenore
643 2096 869 2138 praesentium,
886 2095 1103 2138 approbamus
1122 2100 1154 2127 et

416 2147 652 2187 confirmamus,
670 2148 798 2191 illisque
814 2148 1007 2181 inviolabilis
1025 2153 1154 2191 aposto-

415 2200 495 2233 licae
521 2200 681 2234 ‚firmitatis
707 2202 809 2234 robur
834 2201 1012 2235 adiicimus.

461 2254 474 2296 ἓ
499 2254 529 2285 lt.
558 2254 776 2287 Decernentes
802 2255 930 2288 easdem
961 2260 1152 2297 praesentes

417 2311 448 2338 et
471 2307 693 2349 praeinsertas
719 2308 843 2341 litteras
869 2318 998 2351 semper
1023 2307 1150 2347 firmas,

414 2359 536 2391 validas
575 2364 606 2391 et
641 2360 786 2393 ess'icaces
821 2360 957 2393 existere
994 2366 1025 2393 et
1058 2361 1149 2401 sore,

415 2422 557 2454 suosque
588 2413 751 2455 plenarios
780 2418 812 2446 et.
842 2414 985 2456 integros
1019 2413 1150 2447 etl‘ectus

414 2465 522 2497 sortiri
548 2470 578 2497 et
603 2467 774 2507 obtinere,
807 2475 844 2500 ac
876 2467 965 2507 illis,
999 2467 1038 2500 ad
1070 2478 1150 2510 quos

415 2523 537 2560 spectat
563 2524 593 2550 et
619 2530 676 2561 pro
701 2525 846 2563 tempore
877 2521 1150 2563 quandocumque

414 2571 583 2612 spectabit,
609 2570 641 2603 in
667 2573 814 2604 omnibus
841 2578 872 2605 et
889 2584 947 2616 per
965 2574 1073 2606 omnia
1086 2575 1150 2617 ple-

414 2622 544 2656 nissime
571 2622 756 2667 suffragari,
783 2626 892 2669 sicque
910 2626 943 2658 in
963 2626 1149 2669 praemissis
1170 2644 1172 2659 1

1684 281 1686 284 v
1916 235 1921 241 '
1939 242 1990 269 An.
2013 242 2039 268 c⁴
2060 242 2128 270 1608

1198 299 1256 332 per
1281 299 1502 333 quoscumque
1540 290 1662 325 iudices
1696 291 1878 325 ordinarios
1904 297 1936 325 et

1198 342 1382 384 delegatos,
1409 342 1505 375 etiam
1531 354 1699 377 causarum
1724 345 1834 388 palatii
1860 356 1935 389 apo-

1198 395 1305 428 stolici
1332 395 1509 437 auditores,
1532 397 1666 430 iudicari
1686 403 1716 430 et
1733 397 1860 431 definiri
1881 399 1935 432 de-

1197 449 1286 490 bere,
1306 458 1341 482 ac
1358 448 1485 482 irritum
1512 455 1543 482 et
1565 450 1660 483 inane
1682 451 1707 483 si
1725 462 1818 484 secus
1837 463 1934 495 super

1198 501 1248 534 his
1263 513 1279 534 a
1294 513 1469 546 quoquam,
1489 503 1600 546 quavis
1615 504 1816 545 auctoritate,
1832 505 1933 538 scien-

1198 560 1247 588 ter
1270 555 1319 588 1101
1344 555 1543 598 ignoranter,
1568 556 1929 599 contigeritattentari.

1241 608 1255 651 ξ
1281 608 1311 640 5.
1339 608 1409 641 Non
1431 609 1634 642 obstantibus
1651 610 1933 643 constitutionibus

1198 666 1228 694 et
1264 661 1523 694 ordinationibus
1560 663 1767 705 apostolicis,
1804 673 1933 696 necnon

1198 714 1347 747 omnibus
1365 719 1396 746 et
1414 715 1550 757 singulis
1567 715 1632 748 illis
1649 726 1731 758 quae
1756 715 1788 748 in
1805 716 1934 759 praein-

1198 768 1292 800 sertis
1318 768 1408 800 Pauli
1429 773 1461 800 et
1481 767 1629 811 Gregorii
1648 769 1934 811 praedecessorum

1197 821 1316 854 litteris
1341 832 1497 854 concessa
1522 826 1598 854 sunt
1622 831 1687 854 non
1714 822 1857 862 obstare,
1884 833 1935 855 ce-

1199 873 1341 916 terisque
1366 874 1540 906 contrariis
1563 874 1836 918 quibuscumque.

1242 927 1256 970 g
1288 926 1319 959 6.
1352 927 1506 960 Volumus
1540 932 1646 960 autem
1678 933 1713 960 ut
1746 929 1934 961 earumdem

1197 979 1422 1022 praesentium
1466 979 1646 1012 litterarum
1689 981 1904 1024 transumptis
1924 1008 1933 1022 ,

1197 1032 1262 1064 sive
1291 1033 1459 1075 exemplis,
1489 1033 1585 1065 etiam
1614 1033 1806 1076 impressis,
1838 1044 1933 1066 manu

1197 1085 1335 1118 alicuius
1365 1086 1485 1118 notarii
1506 1086 1629 1129 publici
1663 1086 1877 1130 subscriptis,
1905 1092 1938 1119 et

1198 1139 1308 1181 sigillo
1333 1149 1497 1182 personae
1519 1138 1551 1171 in
1585 1139 1810 1172 ecelesiastica
1831 1139 1936 1182 digni-

1197 1197 1263 1224 tate
1282 1192 1479 1225 constitutae
1498 1192 1642 1232 munitis,
1663 1193 1776 1226 eadem
1796 1204 1935 1236 prorsus

1197 1243 1278 1277 fides
1308 1245 1340 1277 in
1366 1244 1489 1278 iudicio
1515 1246 1565 1278 vel
1591 1250 1681 1278 extra
1712 1245 1933 1286 adhibeatur,

1198 1308 1281 1340 quae
1300 1297 1380 1340 ipsis
1398 1298 1631 1341 praesentibus
1654 1299 1880 1339 adhiberetur,
1908 1298 1934 1331 si

1198 1350 1307 1383 forent
1333 1351 1498 1383 exhibitae
1524 1352 1575 1384 vel
1602 1356 1768 1384 ostensae.

1241 1404 1353 1436 Datum
1385 1404 1521 1443 Romae,
1549 1405 1635 1448 apud
1660 1404 1691 1437 S.
1719 1404 1848 1438 Mariam
1873 1405 1937 1438 Ma-

1197 1456 1320 1497 iorem,
1345 1457 1402 1489 sub
1436 1457 1556 1489 annulo
1592 1457 1784 1497 piscatoris,
1817 1458 1868 1490 die
1904 1468 1934 1490 Vi

1198 1510 1339 1542 octobris
1369 1519 1554 1551 MDCvaiu,
1589 1510 1795 1553 pontificatus
1832 1510 1935 1543 nostri

1197 1573 1282 1595 anno
1309 1573 1343 1596 11.

1232 1623 1290 1650 Dat.
1312 1623 1355 1651 die
1375 1624 1391 1650 6
1411 1624 1529 1651 octobris
1548 1624 1623 1657 1668,
1648 1625 1736 1660 pontif
1761 1633 1832 1653 anno
1847 1630 1876 1652 11.

2014 620 2130 645 nerogauo

1944 647 2107 668 contrariorum.

1981 938 2130 962 'fi-:insumpto-

1947 971 1989 985 rum
2006 965 2065 987 fides.

1482 1741 1639 1789 LXXXIV.

1199 1811 1407 1853 Confirmatio
1420 1811 1617 1843 reductionis
1635 1810 1825 1843 novennalis
1834 1821 1932 1854 prae-

1240 1864 1390 1896 stationis
1415 1865 1668 1906 octinyentorum
1692 1865 1935 1907 quinquaqinta

1240 1921 1402 1949 scutorum
1427 1917 1550 1948 vatione
1585 1916 1803 1959 quorumdam
1834 1917 1932 1949 bono-

1241 1980 1315 2001 rum
1340 1969 1381 2001 (td
1407 1969 1565 2001 directum
1587 1969 1772 2001 donm'm'mn
1789 1979 1936 2002 camerae

1241 2022 1433 2064 apostolicae
1457 2023 1684 2064 spectantium,
1713 2021 1750 2053 ab
1779 2021 1936 2065 hospitali

1240 2075 1460 2108 Avcnionensi
1494 2074 1635 2115 debitae,
1664 2075 1705 2106 ad
1737 2078 1934 2107 centumocto

1240 2132 1330 2161 scuta
1355 2127 1497 2171 quolibet
1527 2128 1686 2160 novennio
1715 2118 1933 2170 praestanda,
1978 2162 1983 2166 ,

1239 2183 1288 2213 ita
1312 2185 1418 2214 tamen
1442 2185 1478 2213 nt
1508 2182 1629 2214 milites
1653 2181 1744 2214 Sedis
1771 2182 1936 2224 Apostoli-

1240 2245 1293 2267 cae
1317 2235 1440 2278 aeqroli
1460 2239 1489 2267 et
1506 2235 1757 2267 convalescentes
1773 2235 1935 2278 perpetuis

1239 2288 1362 2330 futuris
1388 2287 1580 2330 temporibus
1605 2288 1709 2330 gyratis
1740 2288 1777 2320 in
1812 2287 1934 2320 dictum

1240 2340 1399 2384 hospitale
1413 2340 1514 2384 recipi
1528 2340 1635 2384 ibique
1649 2341 1760 2373 curari
1774 2339 1932 2373 debeanff.

1407 2411 1540 2438 Clemens
1561 2412 1640 2445 Papa
1661 2412 1714 2445 lx,

1309 2458 1343 2483 ad
1365 2459 1541 2490 perpetuam
1561 2457 1607 2483 rei
1628 2456 1809 2483 memoriam.

1238 2518 1252 2561 ἓ
1285 2518 1316 2550 t.
1351 2518 1475 2561 Exponi
1513 2518 1608 2550 nobis
1644 2527 1748 2561 nuper
1783 2517 1933 2550 fecerunt
1969 2526 2114 2555 Supplicauo.

1195 2572 1304 2604 dilecti
1342 2571 1398 2604 filii
1436 2568 1714 2604 administratores
1757 2571 1931 2614 hospitalis

1231 2637 1240 2662 1
1264 2635 1300 2662 Ex
1321 2636 1431 2670 Regest.
1455 2636 1480 2661 in
1501 2635 1604 2662 secret.
1626 2634 1702 2661 Brev.
