2247 3208
143 234 192 260 An.
210 232 240 260 C.

263 230 332 260 ¹669

967 234 1110 260 CLEuENS
1134 237 1164 259 lx
1188 236 1236 260 1²1³.

346 291 476 314 reolum
497 286 530 315 et
555 283 765 326 culpabilium
784 294 841 327 per
861 284 959 317 alium
985 294 1082 327 quam

339 345 402 378 per
425 345 485 367 nos
516 345 572 368 seu
605 336 783 370 Romanum
809 336 995 370 Pontificem
1021 347 1080 380 pro

343 393 491 431 tempore
528 388 720 422 existentem
757 391 1012 433 (praeterquam
1047 391 1081 423 in

341 441 455 474 mortis
480 442 616 476 articulo
634 444 835 483 constitutus,
857 449 889 476 et
907 449 982 476 tunc
1001 454 1082 476 non-

340 547 422 580 datis
446 548 618 587 Ecclesiae,
646 560 682 582 ac
707 549 745 582 de
770 549 1010 589 satisfaciendo,
1036 554 1082 581 at-

341 610 404 643 que
431 611 503 634 cum
527 602 742 635 reincidentia
767 612 805 635 eo
830 602 900 644 ipso
922 609 988 645 quo
1005 612 1082 634 con-

341 654 505 697 valuerit),
541 655 639 688 etiam
673 655 782 698 vigore
821 665 876 688 seu
913 661 1079 698 praetextu

342 706 475 740 iubilaei
499 708 575 741 anni
601 708 723 748 sancti,
751 708 909 740 cruciatae
935 713 1077 747 sanctae,

341 760 544 803 aliorumque
580 761 799 794 iubilaeorum
818 787 825 801 ‚

343 822 423 853 rum,
442 813 663 853 indultorum,
686 814 870 846 facultatum
896 819 928 846 et
952 813 1080 856 privile-

341 865 477 907 giorum,
508 866 604 898 etiam
628 866 760 910 speciali
785 867 998 909 expressione
1032 866 1102 899 cli-⁵

341 927 490 959 gnorum,
508 918 764 961 quibuscumque
784 918 1010 952 ecclesiasticis
1032 926 1080 952 sc·
1100 931 1101 937 ¹

339 970 502 1003 cularibus
536 976 567 1004 et
596 972 779 1014 quorumvis
804 972 958 1004 Ordinum
976 973 1078 1009 ,etiam

339 1075 425 1116 bus,
454 1077 550 1110 etiam
584 1078 760 1120 episcopali
794 1080 842 1111 vel
873 1079 935 1111 alia
963 1079 1077 1111 maiori

339 1128 495 1171 dignitate
521 1130 700 1173 praeditis,
734 1131 875 1174 ipsisque
903 1130 1077 1164 Ordinibus

340 1187 371 1213 et
403 1191 516 1214 eorum
551 1183 778 1221 monasteriis,
813 1184 1023 1216 conventibus
1048 1190 1079 1216 et

339 1233 499 1272 domibus
524 1245 560 1266 ac
585 1235 925 1278 c·1pitulis‚colle0iis‚
954 1236 1079 1268 contra-

340 1287 555 1327 161111131113113,
583 1288 910 1330 congreffationibus,
936 1289 1100 1332 hospita-¹

861 760 1088 804 indulgentia->

1761 230 1821 264 771

1102 284 1368 327 auct01itatem,
1390 285 1503 320 harum
1521 286 1616 328 serie,
1637 287 1807 321 tribuimus
1832 294 1864 322 et

1124 337 1339 380 impartimur.

1167 391 1182 433 ἓ
1206 390 1237 423 2.
1264 391 1333 424 Non
1358 392 1558 426 obstantibus
1589 393 1690 427 felicis
1713 395 1864 428 recorda-

1102 486 1103 491 1
1125 443 1222 476 tionis
1239 444 1394 477 Bonisacii
1420 445 1523 490 Papae
1548 447 1611 479 Vlll
1637 448 1864 490 praedecesso-

339 494 401 527 nisi
418 495 578 538 praestito
599 495 779 529 iuramento
798 497 836 530 de
861 497 975 529 stando
992 507 1082 529 man·
1102 495 1103 499 ’

1124 497 1167 529 ris
1191 498 1292 538 nostri
1318 499 1357 531 de
1382 502 1457 539 una,
1485 506 1516 532 et
1546 501 1674 534 concilii
1701 502 1862 544 generalis

1126 549 1163 582 de
1183 549 1307 582 duabus
1331 551 1436 591 dietis,
1455 552 1591 596 aliisque
1612 555 1808 596 apostolicis,
1827 566 1863 588 ac

1124 601 1157 634 in
1177 603 1411 636 universalibus
1435 606 1750 649 provincialibusque
1772 613 1803 640 et
1819 618 1864 651 sy-

1125 654 1316 688 nodalibus¹
1335 657 1438 697 editis,
1456 659 1660 699 generalibus
1678 661 1726 693 vel
1745 661 1863 703 specia-

1123 707 1219 747 libus,
1236 709 1522 744 constitutionibus
1543 717 1574 744 et
1603 713 1862 747 ordinationibus

1123 759 1390 805 quibuscumque,
1418 773 1544 796 necnon
1563 765 1741 807 quibusvis,
1765 767 1862 799 etiam

1123 813 1313 854 iuramento,
1336 815 1581 850 confirmatione
1607 819 1791 860 apostolica,
1812 821 1860 852 vel

1123 866 1233 909 quavis
1251 866 1400 901 firmitate
1419 869 1480 901 alia
1498 870 1669 910 roboratis,
1689 872 1812 904 statutis
1829 878 1862 904 et

1123 920 1437 962 consuetudinibus,
1473 921 1568 954 etiam
1594 923 1861 957 immemorabili-

1099 965 1102 1018 Τ
1122 972 1192 1011 bus,
1207 973 1383 1016 privilegiis
1401 985 1538 1018 quoque,
1553 975 1685 1009 indultis
1701 983 1730 1009 et
1746 978 1860 1010 litteris

340 1022 591 1064 itlendicantium
631 1035 667 1057 ac
700 1025 884 1057 militiarum
921 1026 1079 1068 regulari·
1098 1058 1101 1061 Δ

1123 1025 1323 1067 apostoliciS‚
1344 1027 1550 1068 generalibus
1575 1029 1624 1061 rel
1650 1030 1857 1071 specialibus,

1122 1078 1326 1121 supradictis,
1351 1081 1400 1113 vel
1426 1091 1538 1113 eorum
1566 1082 1682 1121 alicui,
1709 1094 1764 1115 3611
1789 1083 1859 1125 qui-

1121 1131 1228 1163 busvis
1249 1131 1331 1171 aliis,
1357 1133 1493 1165 cuiusvis
1519 1139 1629 1174 status,
1655 1136 1782 1177 gradus,
1809 1146 1860 1168 or-

1121 1183 1226 1223 dinis,
1256 1185 1529 1227 praeeminentiae
1563 1193 1592 1219 et
1619 1187 1782 1230 dignitatis
1808 1199 1858 1220 ec-

1121 1236 1317 1270 clesiasticae
1350 1239 1400 1271 vel
1426 1239 1605 1272 mundanae
1633 1241 1767 1281 suerint,
1798 1241 1858 1273 sub

1121 1289 1376 1333 quibuscumque
1416 1292 1589 1324 velboium
1628 1293 1792 1330 tenoiibus
1828 1299 1859 1325 et

341 1340 437 1380 libus,
464 1341 560 1373 etiam
585 1340 616 1373 S.
637 1341 763 1373 Ioannis
781 1342 1076 1385 Hierosolpnitani,
1097 1329 1231 1376 isoimis
1260 1352 1296 1374 ac
1321 1353 1391 1375 cum
1418 1344 1581 1386 quibusxis
1603 1345 1699 1377 etiam
1724 1346 1859 1388 deroga-

339 1399 370 1424 et
395 1393 475 1425 locis
492 1393 564 1436 piis,
581 1404 709 1426 necnon
727 1394 827 1433 laicis,
853 1394 948 1426 etiarn
966 1395 1076 1437 resali,
1098 1400 1100 1441 1
1121 1394 1272 1427 t01ia1um
1299 1395 1677 1440 deiosat01iis,aliisque
1703 1398 1859 1431 efficacio-

339 1446 445 1478 ducali
464 1451 496 1478 et
513 1447 574 1479 alia
593 1447 757 1480 mundana
774 1448 1005 1490 p1aecellentia
1023 1448 1077 1480 lul·
1098 1463 1100 1477 i
1120 1447 1208 1479 ribus
1241 1458 1276 1480 ac
1300 1448 1439 1481 insolitis
1464 1450 1614 1482 clausulis
1640 1455 1671 1482 et
1698 1451 1856 1490 decietis,

339 1499 500 1540 gentibus,
520 1509 580 1542 per
596 1509 655 1532 nos
672 1505 704 1533 et
720 1500 881 1533 Romanos
906 1500 1076 1533 Pontifices
1096 1519 1100 1551 ¹
1121 1500 1217 1532 etiam
1236 1500 1433 1534 iiritautibus
1438 1502 1558 1541 ‚etiam
1576 1503 1681 1535 consis
1670 1504 1758 1536 tori.
1762 1503 1856 1543 iliter,

339 1552 531 1594 praedecess
519 1563 608 1585 oies
633 1563 689 1585 nos
677 1559 760 1585 uos
785 1552 965 1596 Sedemque
993 1552 1100 1596 Apo-

338 1604 486 1636 Δ3-1011611111
526 1614 562 1636 ac
601 1604 739 1637 cuiusxis
777 1605 906 1638 concilii
947 1606 1077 1638 decreta

340 1657 451 1696 verbo,
472 1657 598 1697 litteris,
619 1663 671 1689 aut
696 1658 756 1691 alia
775 1669 978 1701 quacumque
999 1659 1077 1691 scri-

340 1711 433 1752 ptura
457 1709 490 1741 in
511 1720 631 1752 genere
649 1711 697 1743 vel
722 1711 754 1742 in
779 1710 886 1753 specie
912 1721 1077 1743 concesso-

337 1773 420 1803 rum,
441 1773 476 1795 ac
495 1763 589 1796 etiam
608 1763 729 1806 pluries
751 1763 988 1803 innovatoiiltii,
1007 1774 1077 1796 con-

337 1816 622 1859 cedendorumque
633 1821 664 1848 et
678 1816 943 1857 innovandorum,
956 1817 1076 1850 absolvi

337 1869 496 1901 ullatenus
527 1870 651 1912 possit,
686 1870 869 1902 declarandi
903 1876 934 1902 ct
967 1871 1077 1903 decer-

338 1923 449 1962 nendi,
469 1923 595 1966 aliaque
615 1923 724 1956 onmia
742 1929 772 1956 et
788 1924 914 1966 singula
932 1925 963 1956 in
984 1934 1077 1967 prae-

338 1975 442 2007 missis
473 1975 654 2008 necessaria
689 1976 935 2018 quomodolibet
966 1982 995 2008 et
1021 1987 1098 2020 op-y

683 2029 816 2071 agendi,
847 2029 994 2067 faciendi,
1022 2027 1098 2071 ge-'

338 2034 476 2070 portuna
500 2029 649 2068 dicendi,

337 2081 439 2120 rendi,
467 2081 639 2114 mandandi
665 2088 695 2114 et
721 2082 922 2124 exequendi,
949 2083 1074 2114 etiamsi

339 2134 411 2166 talia
428 2134 544 2173 forent,
562 2145 642 2177 quae
661 2135 760 2176 magis
790 2135 963 2177 specialem
983 2146 1074 2178 quain

337 2187 564 2228 praesentibus
588 2187 627 2219 sit
653 2198 820 2230 expressa,
850 2188 912 2220 imo
939 2192 970 2219 et
994 2188 1076 2220 indi-

340 2239 464 2271 viduam
478 2239 683 2282 requirerent
700 2240 968 2280 commissionem,
984 2240 1027 2273 ita
1042 2247 1076 2273 ut

338 2292 460 2324 nullam
493 2292 742 2334 praemissorum
775 2292 917 2325 omnium
950 2299 980 2325 et
1011 2293 1076 2325 sin—

339 2345 485 2386 gulorum
518 2355 534 2376 a
572 2349 601 2376 te
634 2345 666 2376 in
702 2345 891 2378 executione
924 2336 1097 2388 praesens

339 2396 418 2429 tium
445 2397 688 2440 quomodolibet
709 2399 926 2440 gerendorum
950 2400 1074 2432 ratione

339 2451 387 2483 vel
412 2451 582 2483 occasione
609 2451 879 2493 irregularitatem
904 2457 957 2484 aut
981 2452 1073 2485 aliam

337 2508 445 2536 notam
468 2504 516 2535 vet
553 2504 817 2546 impedimentum
849 2505 1073 2548 quodcumque

337 2555 495 2596 incurras,
522 2556 758 2599 plenissimam,
786 2556 1017 2599 amplissimam
1044 2563 1075 2590 et

338 2609 554 2642 omnimodam
585 2610 789 2648 facultatem,
815 2614 1010 2652 potestatem
1043 2617 1074 2643 et

1096 2191 1268 2226 {omnibus
1301 2197 1368 2223 ets
1356 2191 1510 2233 singulis,

1120 1563 1155 1584 ac
1179 1559 1286 1593 motu,
1312 1554 1447 1586 scientia
1472 1561 1503 1587 61
1528 1560 1619 1598 potes
1607 1556 1695 1588 tatis
1720 1556 1859 1598 plenitu-

1121 1605 1194 1638 dine
1220 1607 1370 1649 palibus,
1397 1613 1427 1639 et
1454 1608 1507 1640 111
1499 1618 1532 1639 is
1558 1609 1801 1651 quomodolibet
1825 1610 1857 1641 in

1121 1659 1315 1691 contrarium
1334 1661 1583 1702 praemissorum
1604 1662 1765 1694 concessis
1784 1672 1858 1695 eon-

1120 1711 1254 1745 firmatis
1280 1718 1311 1745 et
1335 1714 1456 1756 pluries
1482 1715 1660 1753 innovatis,
1682 1716 1804 1748 etiamsi
1824 1716 1855 1748 in

1121 1765 1166 1797 eis
1191 1772 1339 1798 caveatur
1372 1777 1521 1810 expresse
1551 1768 1635 1810 quod
1661 1768 1705 1800 sic
1729 1769 1858 1811 privile-

1121 1818 1196 1860 giati
1229 1819 1497 1852 excommuniczui
1531 1826 1561 1853 et
1593 1821 1855 1853 anathematizari

1120 1881 1183 1903 non
1209 1872 1334 1913 possint
1354 1883 1411 1916 per
1436 1873 1559 1906 litteras
1584 1875 1774 1916 apostolicas
1792 1885 1856 1907 non

1120 1924 1276 1957 facientes
1312 1926 1440 1968 plenam
1473 1932 1503 1958 et
1535 1937 1720 1970 expressam
1756 1938 1791 1960 ac
1817 1928 1856 1960 de

1119 1977 1218 2010 verbo
1244 1978 1281 2010 ad
1307 1979 1440 2012 verbum
1467 1980 1505 2012 de
1538 1980 1716 2022 privilegiis
1749 1986 1779 2013 et
1811 1981 1857 2012 in-

1120 2031 1214 2063 dultis
1240 2031 1422 2064 huiusmodi
1440 2043 1476 2064 ac
1497 2033 1535 2065 de
1561 2033 1740 2073 ordinibus,
1769 2034 1854 2074 locis,

1119 2084 1302 2118 nominibus
1342 2085 1506 2128 piopriis,
1544 2087 1789 2128 cognominibus
1826 2093 1857 2119 et

1120 2137 1326 2179 dignitatibus
1357 2149 1467 2171 eoium
1493 2140 1714 2179 mentionem;
1741 2141 1856 2183 quibus

1545 2192 1667 2225 etiamsi
1693 2203 1752 2235 pro
1787 2193 1857 2226 illo-

1119 2253 1189 2275 rum
1214 2244 1382 2279 sufficienti
1408 2245 1617 2287 derogatione
1644 2246 1682 2278 de
1707 2246 1771 2278 illis
1803 2258 1856 2280 eo-

1118 2306 1253 2338 rumque
1285 2296 1359 2328 totis
1381 2298 1548 2329 tenoribus
1582 2299 1756 2340 specialis,
1789 2310 1856 2342 spe-

1119 2348 1217 2389 cifica,
1236 2359 1390 2391 expressa
1408 2355 1439 2381 et
1457 2350 1632 2390 individua,
1647 2362 1681 2383 ac
1701 2351 1739 2384 (lc
1757 2352 1855 2385 verbo

1119 2401 1156 2433 ad
1188 2401 1344 2441 verbum,
1370 2413 1434 2434 non
1466 2408 1573 2435 autem
1608 2414 1666 2447 per
1696 2405 1855 2437 clausulas

1118 2455 1288 2496 generales
1313 2454 1399 2488 idem
1418 2455 1638 2499 importantes‚
1657 2457 1778 2489 mentio
1798 2468 1854 2490 seu

1118 2507 1248 2550 quaevis
1273 2508 1336 2540 alia
1361 2509 1527 2551 expressio
1554 2509 1704 2543 habenda
1729 2516 1781 2543 aut
1803 2510 1854 2544 ali-

1152 2622 1162 2646 1
1186 2621 1268 2648 Deest
1283 2631 1331 2649 vox
1346 2623 1476 2650 conciliis
1492 2625 1531 2659 (n.
1547 2624 1596 2658 T.).

1873 241 1922 268 An.
1940 240 1968 267 C.
1989 241 2058 268 1669

1945 406 2057 432 Derogatin

1873 434 2035 454 contrariorum.
