2247 3208
140 206 191 235 An.
209 206 238 234 C.
258 207 325 234 ¹665

147 845 259 874 tlt-rogatio
268 851 317 866 con-

132 873 250 892 irai-iorum.

168 1000 316 1028 Transumpto·

133 1032 177 1047 tuus
193 1027 249 1048 tides.

160 2423 270 2444 Enarratio
281 2430 317 2444 an-

134 2452 168 2470 tu
178 2451 316 2471 decretorum-

923 209 1111 233 ALExxNDER
1134 210 1178 234 vn
1204 211 1251 234 PP.

328 245 424 289 mano
442 266 460 288 a
484 256 734 299 congregatione
756 257 990 290 venerabilium
1008 257 1064 289 fra-

329 313 412 341 trum
428 313 613 341 nostrorum
634 315 763 343 sanctae
778 310 940 343 Romanae
958 310 1065 343 Eccle-

329 360 393 393 siae
419 361 631 394 cardinalium
665 363 763 395 sacris
787 362 901 395 ritibus
925 372 1077 406 praep0-·

330 413 466 446 sitorum
497 415 677 457 approbato
709 416 879 455 contentis,
905 421 936 447 et
964 426 981 447 a
1013 415 1063 448 die

327 476 385 499 vui
410 466 448 499 ad
467 477 505 499 xv
525 467 706 500 decembris
729 468 788 500 rite
814 467 992 510 dispositis,
1010 478 1064 499 au-

328 518 477 551 ctoritate
502 513 687 562 apostolica,
706 524 817 552 tenore
834 519 1063 562 praesentium,

327 571 517 604 mandamus
543 577 573 605 et
598 572 819 611 decernimus,
846 572 996 615 idemque
1018 572 1064 604 of-

328 622 435 656 ficium
465 624 504 657 ad
536 634 629 656 usum
654 624 731 656 cleri
757 624 916 656 dictorum
948 634 1064 666 regno-

327 687 397 709 rum
429 677 555 709 Siciliae
590 683 621 709 ct
654 676 819 709 Sardiniae
857 677 993 709 seorsim
1024 677 1063 709 ab

326 730 488 763 octavario
505 740 638 762 romano
664 729 804 773 imprimi
830 739 925 772 posse
952 740 1064 762 conce-

327 782 446 815 dimus.

371 836 386 878 ἕ
411 834 442 867 (Ξ.
470 835 540 868 Non
561 835 764 868 obstantibus
781 835 1062 868 constitutionibus

327 893 358 920 et
383 887 641 920 ordinationibus
667 888 863 931 apostolicis,
881 888 1062 932 ceterisque

327 940 500 973 contrariis
522 940 793 984 quibuscumque.

370 992 385 1036 ἓ
414 992 446 1026 3.
483 992 634 1026 Volumus
667 999 774 1026 autem
810 999 843 1026 ut
879 995 1063 1027 earumdem

326 1045 544 1088 praesentium
568 1045 748 1078 litterarum
773 1047 992 1089 transumptis,
1007 1057 1062 1079 seu

327 1097 493 1139 exemplis,
509 1098 606 1130 etiam
624 1097 798 1141 impressis,
815 1109 910 1130 manu
930 1099 1063 1131 alicuius

327 1150 444 1182 notarii
464 1150 582 1192 publici
598 1150 798 1193 subscriptis,
821 1156 853 1183 et
868 1151 974 1193 sigillo
992 1162 1064 1194 per-

327 1212 426 1235 sonae
446 1203 476 1234 in
502 1203 720 1235 ecclesiastica
737 1203 892 1245 dignitate
910 1204 1065 1236 constitu-

326 1259 377 1287 tae
398 1254 540 1291 munitis,
565 1255 678 1287 eadem
697 1265 826 1297 prorsus
846 1256 924 1288 tides
942 1256 1063 1299 ubique

325 1307 472 1339 locorum
498 1312 561 1339 tam
587 1307 619 1338 in
646 1307 762 1339 iudicio
789 1318 883 1350 quam
912 1314 1000 1340 extra
1025 1309 1063 1341 il-

326 1359 380 1391 lud
406 1360 609 1399 adhibeatur,
631 1366 712 1402 quae
734 1360 811 1402 ipsis
837 1361 1062 1403 praesentibus

326 1412 553 1451 adhiberetur,
579 1413 604 1444 si
632 1413 740 1445 forent
763 1414 929 1446 exhibitae
954 1415 1003 1446 vel
1029 1425 1063 1447 o-

326 1469 470 1498 stensae.

370 1518 485 1551 Datum
507 1519 538 1551 in
557 1520 637 1551 Arce
658 1518 852 1562 Gandulphi,
871 1520 1062 1554 Albanensis

326 1570 500 1610 dioecesis,
515 1572 573 1604 sub
587 1572 707 1604 annulo
721 1571 905 1613 piscatoris,
926 1573 977 1606 die
991 1584 1063 1607 xxxv

326 1624 468 1656 octobris
493 1633 630 1663 ninchv,
657 1623 860 1667 pontificatus
885 1625 984 1658 nostri
1009 1637 1064 1659 an-

329 1686 371 1709 no
393 1686 437 1710 xl.

360 1737 418 1765 Dat.
434 1737 477 1766 die
491 1738 527 1765 ⁴24
540 1739 659 1766 octobris
676 1740 754 1773 1665,
770 1740 866 1776 pontif
887 1749 956 1769 anno
973 1748 1009 1768 xi.

632 1882 747 1915 Dxxv.

329 1958 535 2001 Confirmatio
554 1959 833 1993 determinationis
855 1961 983 1994 domini
998 1973 1063 1995 car-

370 2012 495 2044 dinalis
519 2014 708 2056 protectoris
732 2024 828 2057 super
862 2015 1066 2048 restitutione

369 2064 532 2097 custodiae
555 2065 610 2098 SS.
640 2065 813 2098 Trinitatis
836 2067 979 2109 fratrum
1004 2068 1065 2100 Μί-

369 2127 487 2149 uorum
504 2118 609 2150 sancti
626 2118 796 2151 Framisci
818 2119 1065 2153 Recollectorum

368 2174 634 2212 nuncupatorum
667 2171 702 2203 in
739 2171 852 2204 Gallia
887 2173 924 2205 in
952 2173 1066 2216 pristi-

370 2230 448 2253 num
473 2222 623 2256 statum¹.

519 2303 687 2331 Alexander
706 2305 784 2338 Papa
805 2305 865 2338 vu,

471 2347 507 2374 ad
527 2347 659 2374 futuram
678 2350 722 2375 rei
742 2350 921 2377 memoriam.

372 2417 386 2460 ἓ
411 2417 442 2449 1.
470 2417 556 2449 Alias
581 2428 639 2460 pro
664 2424 754 2460 parte
772 2419 964 2454 dilectorum
983 2421 1064 2454 silio-

328 2480 398 2502 rum
423 2469 594 2512 Theophili
615 2469 748 2503 Charier
771 2473 922 2514 custodis,
941 2484 976 2506 ac
1001 2484 1063 2507 om-

365 2585 376 2611 1
400 2583 434 2610 Ex
457 2583 560 2619 aegest.
582 2585 608 2611 in
628 2585 727 2611 Secrut.
751 2585 824 2613 Brev.

1107 258 1194 290 nium
1220 258 1351 290 fratrum
1376 262 1441 290 tum
1466 259 1668 301 superiorum
1686 269 1780 302 quam
1799 259 1845 291 in-

1108 310 1262 343 feriorum
1279 311 1445 344 custodiae
1459 311 1511 344 SS.
1532 311 1693 344 Trinitatis
1712 312 1844 345 fratrum

1107 361 1264 395 Minoi-um
1286 362 1414 396 Ordinis
1439 363 1539 396 sancti
1558 364 1715 397 Francisci
1733 365 1844 398 Recol-

1107 415 1263 447 lectorum
1296 422 1564 459 nuncupatorum,
1591 423 1622 449 et
1653 418 1842 460 praesertim

1107 467 1233 499 loannis
1251 468 1411 510 Baptistae
1436 469 1570 510 Baudin,
1591 480 1701 503 eorum
1719 471 1842 514 specia—

1107 519 1145 552 lis
1170 520 1231 552 hae
1256 520 1287 552 in
1312 526 1403 564 parte
1426 524 1656 564 procuratoris,
1677 525 1771 557 nobis
1792 535 1843 557 ex-

1107 572 1222 614 posito,
1235 574 1331 615 quod,
1344 584 1402 615 pro
1417 575 1645 608 reformatione
1660 577 1843 619 provinciae

1106 624 1236 657 maioris
1254 625 1415 658 Turoniae
1439 627 1570 660 fratrum
1588 628 1746 661 Minorum
1767 630 1843 662 dicti

1105 676 1242 717 Ordinis,
1259 678 1369 720 vigore
1384 680 1593 721 quarumdam
1611 681 1711 714 Felicis
1736 692 1843 715 recor-

1107 729 1244 762 dationis
1269 730 1388 763 Urbani
1407 731 1511 774 Papae
1529 732 1592 765 VIII
1617 733 1843 775 praedecesso-

1106 781 1148 813 ris
1174 783 1277 815 nostri
1295 782 1326 815 in
1352 783 1448 816 simili
1468 784 1568 817 forma
1588 785 1696 818 Brevis
1721 787 1844 820 littera-

1106 846 1176 868 rum
1194 836 1245 868 die
1263 847 1322 869 xxx
1342 837 1467 879 augusti
1492 847 1623 871 unchu
1649 845 1679 872 et
1704 839 1755 873 die
1780 851 1842 874 xxu

1108 888 1245 921 ianuarii
1272 894 1303 921 et
1328 889 1378 922 die
1403 900 1441 922 xx
1466 890 1578 933 aprilis
1603 901 1748 926 iuncum
1784 903 1844 926 nec

1106 951 1168 973 non
1195 941 1246 974 die
1263 952 1294 974 xi
1316 942 1420 974 martii
1438 952 1576 976 MDcxmv
1594 944 1772 986 respective
1792 955 1843 978 ex-

1106 995 1298 1038 peditarum,
1326 995 1409 1028 dicta
1445 997 1604 1037 custodia,
1626 995 1712 1030 iuxta
1749 1009 1843 1041 quas-

1106 1047 1177 1079 dam
1200 1048 1392 1081 recolendae
1407 1049 1584 1082 memoriae
1598 1049 1772 1083 Clementis
1786 1051 1843 1084 Pa-

1106 1111 1164 1143 pae
1193 1101 1256 1133 VIII
1289 1101 1552 1144 praedecessoris
1587 1102 1709 1145 pariter
1743 1105 1843 1137 nostri

1106 1153 1238 1191 litteras
1266 1153 1296 1185 in
1322 1154 1463 1196 capitulo
1484 1154 1670 1197 provinciali
1697 1155 1843 1189 eiusdem

1105 1204 1290 1248 provinciae
1305 1206 1354 1238 die
1366 1217 1436 1239 xxlx
1453 1207 1576 1249 augusti
1591 1218 1733 1242 uncxtlu
1763 1209 1840 1242 Rhe·

1106 1258 1198 1291 donis
1220 1259 1384 1292 celebrato
1402 1270 1462 1302 pcr
1474 1260 1691 1293 venerabilem
1712 1261 1843 1294 fratrem

1106 1312 1278 1344 llenricum
1292 1317 1366 1344 tunc
1381 1312 1569 1355 epIscopum
1591 1314 1843 1348 Rhedonensem

1106 1365 1321 1407 apostolicum
1348 1366 1407 1398 hac
1434 1366 1465 1397 iu
1483 1376 1516 1398 re
1535 1367 1792 1400 commissarium
1810 1379 1843 1401 e-

1106 1422 1193 1450 recta
1218 1423 1249 1449 et
1281 1418 1469 1450 confirmata
1502 1419 1622 1459 fuerat,
1650 1419 1763 1463 illique
1789 1431 1842 1453 sex

1106 1476 1291 1508 conventus,
1318 1470 1469 1503 videlicet
1489 1471 1729 1513 Rhedonensis,
1750 1473 1844 1506 Veni-

1106 1522 1215 1562 tensis‚
1241 1522 1506 1565 Corisopitensis,
1532 1524 1748 1565 Vastiuensis,
1775 1525 1844 1569 Iny-

1106 1575 1277 1608 castrensis
1303 1580 1334 1608 et
1358 1575 1457 1608 Castri
1484 1576 1731 1619 RegInaldensis
1763 1579 1843 1610 assi-

1106 1629 1193 1671 gnati
1213 1625 1408 1669 &xtiterant;
1430 1640 1539 1662 verum
1556 1630 1767 1663 nihilominus
1785 1631 1845 1664 fra-

1107 1686 1169 1714 tres
1195 1681 1297 1714 dictae
1324 1682 1505 1725 provinciae
1532 1683 1661 1716 maioris
1685 1683 1843 1717 Turoniae

1107 1734 1151 1767 sic
1177 1740 1316 1767 erectam
1343 1740 1374 1767 et
1399 1735 1617 1768 confirmatam
1651 1737 1842 1770 auctoritate

1107 1788 1286 1830 apostolica¹
1306 1789 1485 1821 custodiam
1504 1789 1706 1831 huiusmodi,
1726 1790 1791 1823 imo
1813 1796 1843 1823 et

1107 1841 1145 1873 ab
1171 1841 1250 1884 ipsis
1275 1847 1456 1885 receptam,
1484 1843 1645 1875 laudatam
1671 1848 1703 1875 et
1727 1854 1843 1886 appro-

1106 1894 1212 1926 batam
1239 1894 1297 1926 sub
1322 1894 1461 1937 propriis
1487 1895 1723 1938 chirographis,
1746 1906 1842 1939 prop-

1106 1952 1154 1978 ter
1179 1947 1332 1989 quasdam
1358 1947 1561 1979 difficultates
1586 1948 1686 1981 tribus
1705 1959 1843 1981 conven-

1107 2000 1192 2032 tibus
1218 2000 1501 2043 principalioribus
1518 2001 1729 2044 privaverant,
1748 2002 1842 2045 eique

1107 2058 1173 2085 tres
1199 2054 1401 2095 supradictos
1426 2059 1619 2094 conventus,
1647 2054 1842 2088 Rhodonen-

1107 2116 1174 2138 sem
1192 2105 1325 2145 scilicet,
1349 2106 1560 2139 Venctensem
1579 2112 1610 2139 et
1627 2107 1843 2151 Corisopiten-

1107 2169 1172 2191 sem
1198 2159 1275 2191 dare
1297 2159 1488 2199 noluerant,
1516 2165 1546 2191 et
1563 2160 1594 2191 in
1612 2161 1726 2193 eadem
1746 2171 1842 2204 expo-

1107 2212 1223 2244 sitione
1249 2211 1440 2251 subiuncto,
1467 2212 1553 2254 quod
1579 2218 1654 2244 tunc
1679 2213 1767 2245 nulla
1792 2223 1842 2245 su-

1107 2269 1234 2306 pererat
1258 2274 1332 2307 spes
1355 2264 1506 2296 fratribus
1526 2265 1710 2297 reformatis
1740 2266 1842 2298 inten-

1107 2322 1170 2350 tam
1202 2318 1241 2349 ab
1278 2317 1354 2360 ipsis
1384 2318 1646 2351 reformationem
1671 2319 1703 2351 in
1737 2319 1840 2351 dictos

1106 2375 1170 2402 tres
1196 2376 1380 2411 conventus,
1396 2371 1458 2403 imo
1477 2371 1507 2402 in
1532 2376 1630 2404 totam
1645 2371 1841 2414 provinciam

1105 2423 1338 2462 introducendi,
1366 2428 1498 2466 propter
1521 2424 1663 2457 rationes
1697 2425 1771 2456 alibi
1797 2426 1842 2457 al-

1106 2476 1183 2508 latas
1219 2481 1251 2508 et
1285 2481 1388 2508 tantas
1419 2477 1622 2509 difficultates
1658 2477 1697 2509 de
1732 2477 1782 2509 die
1809 2478 1842 2510 in

1106 2529 1190 2561 diem
1208 2529 1308 2571 magis
1329 2535 1527 2570 crescentes,
1547 2530 1690 2573 quinimo
1709 2541 1768 2563 uec
1788 2542 1842 2572 pa-

1105 2582 1192 2614 citicc
1219 2582 1247 2613 ln
1276 2582 1377 2615 tribus
1404 2583 1629 2623 conventibus,
1655 2584 1706 2625 qui
1729 2583 1774 2617 cis
1790 2594 1839 2616 su-

1738 202 1803 236 397
1850 211 1898 237 Αη.
1920 211 1947 237 c.
1967 211 2034 240 tco5
