2247 3208
227 264 280 290 nn.
302 262 327 291 c.
349 261 417 289 1608
460 251 526 286 713
552 236 553 239 ’

386 368 401 381 0

267 428 364 450 Facultas
380 430 408 448 te-

226 457 303 477 standi.

421 308 673 354 persolvendum
697 315 873 345 reservare,
900 303 1098 336 constituere
1126 306 1158 333 ct

421 363 598 404 assignare.

464 416 477 457 g
502 413 532 446 8.
559 413 692 445 Necnon
715 416 750 443 ut
775 410 874 443 iidem
900 407 1096 452 cappellani,
1125 411 1156 439 et

420 476 528 500 eorum
554 465 697 508 quilibet,
725 464 762 496 de
789 462 940 496 omnibus
965 466 996 493 et
1020 459 1156 501 singulis

420 518 580 556 domibus,
600 516 753 560 praediiS,
774 513 1044 558 possessionibus,
1062 511 1155 545 terris

420 576 451 604 et
475 570 553 604 locis
584 569 679 602 etiam
709 566 1035 604 iurisdictionalibus,
1069 569 1156 597 cete-

419 624 529 666 risque
553 622 649 655 bonis
672 620 892 653 immobilibus
918 624 950 651 et
967 617 1152 656 mobilibus,

421 687 502 720 quae
528 681 635 708 tamen
660 684 726 706 non
751 674 815 706 sint
847 672 957 705 altaris
990 681 1047 703 seu
1080 670 1157 702 alta-

420 730 501 761 rium
527 728 734 761 ecclesiarum
760 725 840 769 ipsis
866 723 1066 767 cappellanis
1098 733 1156 754 no-

420 782 493 815 stris
509 780 689 831 praedictis
704 778 948 811 commissarum
973 774 1154 808 ministerio

421 845 476 867 seu
503 833 598 866 alicui
627 831 757 875 speciali
784 830 971 863 earumdem
1004 827 1156 860 ecclesia—

421 897 492 919 rum
518 885 625 918 divino
663 884 763 917 cultui
800 884 850 915 vel
884 881 956 914 usui
991 881 1154 923 deputata,

420 949 519 982 seque
545 937 762 973 moventibus,
791 936 1017 976 cuiuscumque
1053 932 1156 975 quali-

420 991 505 1030 tatis,
533 989 733 1033 quantitatis,
759 988 886 1026 valoris,
913 986 1042 1030 speciei,
1059 985 1156 1028 pretii

420 1048 451 1075 et
480 1042 675 1075 conditionis
707 1040 937 1078 existentibus,
968 1048 1002 1070 ac
1033 1038 1155 1070 iuribus

420 1101 452 1128 et
469 1095 650 1128 actionibus
669 1094 708 1126 ad
727 1104 782 1126 eos
800 1093 925 1125 ratione
948 1091 1156 1124 ecclesiarum

419 1149 515 1182 etiam
531 1147 762 1180 cathedralium
778 1152 810 1179 et
821 1145 1155 1188 metropolitanarum,

419 1200 711 1239 monasteriorum,
742 1199 959 1242 prioratuum,
988 1196 1156 1241 praeposi-

420 1259 573 1292 turarum,
591 1253 783 1295 dignitatum
802 1256 834 1284 et
851 1251 986 1283 aliorum
1006 1260 1156 1292 (piorum—

419 1317 557 1349 cumque
582 1305 813 1338 beneliciorum
846 1303 1153 1341 ecclesiasticorum,

419 1369 492 1391 cum
517 1360 593 1390 cura
619 1363 650 1389 ct
674 1358 742 1390 sine
773 1359 866 1395 cura,
899 1356 1092 1388 secularium
1125 1359 1156 1386 et

419 1411 609 1455 quorumvis
637 1410 791 1442 Ordinum
825 1408 1039 1451 regularium,
1074 1418 1154 1450 quae

419 1475 456 1497 ex
483 1464 645 1508 quibusvis
671 1462 937 1495 concessionibus
963 1466 993 1493 et
1023 1461 1155 1503 dispen-

419 1516 598 1549 sationibus
624 1515 810 1559 apostolicis
835 1515 866 1547 in
893 1515 1036 1553 titulum,
1069 1524 1155 1546 com-

419 1569 568 1602 mendam
589 1596 596 1608 ,
630 1568 942 1601 administrationem
963 1594 970 1606 ,
1006 1577 1041 1599 ac
1077 1566 1154 1599 ali-'is

419 1621 667 1666 quomodolibet
685 1620 887 1654 obtinuerint
904 1625 935 1652 et
952 1619 1100 1652 obtinent
1120 1630 1155 1651 ao

423 1675 632 1714 obtinebunt,
658 1684 693 1706 ac
720 1674 896 1712 fructuum,
914 1672 1099 1705 reddituum
1125 1677 1152 1703 ct

419 1734 636 1771 proventuum
661 1726 952 1759 ecclesiasticorum
976 1726 1048 1758 loco
1078 1736 1156 1768 pcn-

420 1781 547 1814 sionum
561 1790 749 1819 annuarum,
761 1780 1021 1822 pensionumque
1038 1789 1156 1811 annua-

420 1845 490 1866 rum
504 1844 599 1876 super
614 1833 775 1865 similibus
791 1832 956 1873 fructibus,
973 1832 1155 1864 redditibus

420 1892 453 1920 et
475 1886 687 1930 proventibus
712 1886 757 1919 eis
785 1890 1019 1918 reservatarum
1045 1889 1076 1916 et
1108 1895 1157 1917 as-

419 1941 628 1983 signatorum,
655 1950 690 1972 ac
715 1939 984 1971 reservandorum
1017 1944 1048 1970 et
1078 1938 1157 1969 assi-

421 1993 639 2035 gnandarum,
667 2003 748 2036 quos
773 1997 805 2024 et
829 2001 906 2034 quas
930 1991 1153 2034 perceperint,

421 2046 606 2089 percipiunt
623 2052 653 2078 et
666 2044 847 2088 percipient
865 2044 897 2076 in
914 2044 1066 2082 futurum,
1084 2054 1158 2075 nec-

421 2109 486 2131 non
501 2099 793 2131 emolumentorum
808 2107 1084 2140 quorumcumque
1099 2096 1158 2129 Ro-

421 2161 535 2184 manae
561 2151 668 2183 curiae
695 2150 886 2189 officiorum,
913 2160 949 2182 ac
975 2149 1052 2181 alias
1078 2160 1157 2192 quo-

421 2204 600 2237 modolibet
615 2203 837 2246 spectantibus
856 2208 886 2235 et,
903 2202 1154 2245 pertinentibus,

422 2268 458 2290 ac
483 2257 577 2289 etiam
603 2257 641 2289 de
667 2256 758 2288 dictis
782 2256 946 2295 fructibus,
965 2255 1154 2294 redditibus,

422 2311 647 2353 proventibus,
665 2321 702 2341 ac
716 2308 925 2352 pensionibus
943 2308 1068 2347 annuis,
1087 2319 1157 2340 nec-

423 2373 489 2395 non
515 2373 625 2395 eorum
650 2362 807 2394 industria
832 2366 863 2394 et
886 2361 997 2393 labore
1024 2371 1157 2403 quomo-

424 2415 549 2448 dolibet
580 2420 611 2447 et
641 2415 885 2457 undecumque.
911 2413 997 2445 licite
1035 2419 1155 2451 tamen,

424 2467 591 2511 acquisitis
618 2473 649 2499 et
673 2467 886 2509 acquirendis,
909 2476 943 2498 ac
963 2466 1042 2498 alias
1060 2465 1155 2497 etiam

424 2521 463 2553 de
488 2520 674 2552 muneribus
700 2525 730 2551 et
754 2519 867 2551 officiis
894 2530 975 2561 quae
1004 2529 1156 2551 exercue-

423 2573 496 2613 rint,
522 2583 558 2604 ac
582 2583 637 2604 eos
664 2582 812 2604 exercere
839 2571 1021 2613 contigerit,
1043 2577 1074 2603 et
1095 2571 1155 2603 alia

999 253 1180 277 nrm-imru
1203 251 1356 276 ROMANUM

1180 305 1182 316 ’
1201 299 1345 342 platione
1362 299 1401 331 ad
1417 299 1548 332 eosdem
1562 300 1727 343 perventis
1754 305 1785 332 et
1798 309 1934 343 perven-

1200 351 1289 391 turis,
1306 351 1430 384 etiamsi
1448 351 1480 383 in
1498 352 1635 394 pecunia
1651 355 1826 389 numerata,
1840 363 1876 385 ac
1893 352 1933 386 io-

1199 404 1335 444 calibus,
1353 404 1500 446 gemmis,
1528 404 1663 447 aliisque
1684 405 1931 448 pretiosioribus

1200 458 1297 489 rebus
1312 456 1499 495 consistant,
1513 457 1618 491 tamin
1631 457 1713 490 dicta
1731 457 1819 490 curia
1837 469 1932 501 quam

1199 514 1288 541 extra
1313 519 1383 541 eam
1403 509 1523 552 ubique
1548 510 1692 542 locorum
1721 509 1816 543 etiam
1833 520 1932 553 penes

1197 561 1353 594 beneficia
1376 561 1446 604 ipsa
1471 561 1688 602 existentibus,
1715 573 1852 605 quorum
1866 573 1932 595 om-

1198 614 1287 646 nium
1306 614 1476 658 qualitates
1495 619 1527 646 et
1540 625 1633 647 veros
1651 625 1772 648 annuos
1796 616 1930 656 valores,

1199 666 1324 699 etiamsi
1350 668 1425 700 talia
1450 666 1557 700 forent
1574 677 1653 710 quae
1671 667 1703 699 in
1722 667 1867 710 generali
1883 678 1933 711 ap·

1198 720 1375 762 pellatione
1404 720 1566 753 bonorum
1595 725 1627 752 et
1659 721 1933 764 suppellectilium

1199 783 1264 805 non
1292 772 1438 805 venirent
1455 772 1512 805 sed
1532 773 1729 816 specialibus
1748 773 1934 816 indigerent

1198 825 1376 863 vocabulis,
1403 825 1639 868 praesentibus,
1666 836 1702 858 ac
1731 826 1756 858 si
1782 826 1931 869 specifice

1198 882 1230 909 et
1254 877 1442 921 singillatim
1464 879 1725 921 exprimerentur
1741 883 1772 911 et
1797 879 1932 911 denota-

1198 935 1319 970 rentur,
1346 941 1406 973 pro
1431 931 1629 963 sufficienter
1647 931 1807 975 expressis
1829 942 1865 964 ac
1882 932 1933 964 de-

1198 982 1465 1015 claratishaberi
1499 984 1666 1024 volumus,
1698 994 1733 1017 ac
1765 984 1860 1017 etiam
1893 984 1932 1017 de

1198 1034 1276 1077 ipsis
1301 1035 1512 1078 proventibus
1535 1046 1572 1068 ac
1588 1036 1798 1079 pensionibus
1815 1036 1932 1069 debitis

1199 1098 1234 1119 ac
1258 1088 1434 1128 debendiS,
1466 1098 1501 1120 ac
1533 1089 1676 1121 nondum
1708 1089 1869 1132 perceptis
1901 1093 1933 1121 et

1199 1140 1334 1180 exactis,
1373 1140 1498 1173 etiamsi
1531 1151 1642 1174 eorum
1676 1141 1846 1174 solutionis
1880 1146 1934 1174 aut

1198 1193 1417 1236 perceptionis
1444 1193 1596 1226 terminus
1622 1194 1768 1227 nondum
1794 1194 1934 1227 advene-

1199 1246 1257 1286 rit,
1274 1256 1332 1289 pro
1351 1246 1406 1278 illa
1431 1248 1499 1278 rata
1523 1257 1605 1289 quae
1630 1246 1693 1278 illis
1719 1246 1828 1279 debita
1853 1246 1932 1287 erit,

1198 1299 1427 1331 constitutione
1443 1299 1655 1331 declaratoria
1667 1309 1764 1341 super
1775 1299 1932 1331 fructibus

1198 1356 1229 1383 et
1252 1351 1399 1393 pecuniis
1425 1361 1490 1384 non
1509 1351 1628 1383 exactis
1654 1362 1734 1395 quae
1758 1351 1864 1384 forsan
1893 1351 1933 1384 ad

1198 1414 1403 1436 successores
1429 1404 1461 1436 in
1487 1404 1565 1447 ipsis
1595 1404 1762 1438 beneficiis
1786 1410 1932 1447 spectare

1199 1462 1230 1489 et
1269 1457 1432 1500 pertinere
1473 1457 1614 1489 debeant
1654 1467 1718 1489 non
1759 1457 1906 1489 obstante
1922 1483 1930 1497 ,

1199 1510 1294 1542 etiam
1319 1510 1550 1542 accumulative
1576 1520 1646 1542 oum
1672 1509 1837 1553 quibusvis
1862 1509 1932 1542 aliis

1198 1562 1354 1594 similibus
1390 1563 1440 1594 vel
1478 1562 1684 1594 dissimilibus
1729 1561 1934 1594 facultatibus

1199 1615 1316 1647 habitis
1341 1621 1371 1648 et
1396 1616 1567 1655 habendis,
1594 1626 1696 1659 usque
1714 1616 1753 1648 ad
1777 1626 1935 1647 summam

1199 1668 1412 1712 ducentorum
1448 1668 1636 1700 ducatorum
1671 1668 1739 1700 auri
1783 1667 1934 1700 similium

1199 1721 1373 1759 dumtaxat,
1401 1725 1465 1752 tam
1489 1730 1549 1763 pro
1575 1720 1763 1752 decentibus
1784 1725 1816 1752 et
1834 1720 1935 1752 hone-

1198 1774 1254 1806 stis
1281 1774 1435 1816 impensis
1466 1773 1674 1812 funebribus,
1710 1784 1806 1816 quam
1839 1773 1935 1805 etiam

1198 1836 1257 1869 pro
1287 1826 1548 1858 remuneratione
1579 1826 1711 1858 illorum
1736 1825 1790 1869 qui
1815 1825 1861 1858 eis
1890 1825 1935 1858 vi-

1198 1879 1346 1911 ventibus
1371 1878 1595 1917 inservierint,
1624 1878 1719 1910 etiam
1752 1879 1836 1911 ultra
1868 1887 1935 1910 ser-

1199 1931 1265 1963 vitii
1290 1931 1449 1970 meritum,
1476 1942 1512 1963 ac
1537 1931 1569 1962 in
1588 1931 1731 1974 ipsorum
1747 1929 1936 1972 consangui-

1199 1995 1334 2017 neorum
1360 1989 1390 2016 et
1414 1983 1572 2023 affinium,
1599 1993 1635 2015 ac
1660 1992 1935 2025 quorumcumque

1198 2037 1326 2080 piorum
1351 2038 1497 2069 locorum
1531 2036 1671 2068 savorem
1703 2040 1734 2067 ct
1764 2045 1872 2075 usum,
1905 2039 1936 2067 et

1199 2090 1277 2122 alias
1303 2099 1362 2132 pro
1389 2099 1499 2121 eorum
1524 2089 1695 2121 arbitrium
1720 2094 1752 2120 et
1769 2088 1935 2120 voluntate

1199 2143 1368 2182 absolutis,
1395 2142 1523 2181 testari,
1549 2153 1585 2174 ac
1610 2146 1819 2179 testamento,
1846 2140 1936 2173 codi-

1199 2197 1291 2237 cillis,
1314 2195 1584 2235 fideicommissis,
1608 2195 1731 2237 legatis,
1754 2193 1936 2227 donationi-

1198 2251 1265 2290 bus,
1291 2255 1354 2281 tam
1371 2249 1457 2281 inter
1474 2248 1560 2280 vivos
1579 2258 1674 2290 quam
1694 2249 1790 2280 causa
1806 2246 1932 2286 mortis,

1199 2308 1231 2335 et
1255 2302 1326 2335 aliis
1352 2301 1607 2344 quibuscumque
1633 2300 1736 2332 modis
1761 2304 1792 2332 et
1816 2299 1933 2338 titulis,

1199 2356 1358 2398 scriptura
1383 2354 1478 2387 etiam
1510 2354 1616 2386 minus
1646 2353 1801 2393 solemni,
1838 2352 1935 2385 etiam

1198 2419 1304 2442 coram
1330 2408 1456 2440 duobus
1489 2407 1537 2439 vel
1572 2406 1674 2439 tribus
1704 2405 1856 2444 testibus,
1881 2409 1936 2436 aut.

1199 2462 1294 2494 etiam
1319 2461 1433 2493 cedula
1458 2461 1526 2493 sola
1551 2470 1663 2492 eorum
1688 2468 1785 2490 manu
1816 2457 1935 2499 scripta

1198 2517 1248 2547 vel
1274 2513 1469 2556 subscripta,
1496 2523 1530 2545 ac
1556 2513 1634 2544 alifis
1660 2512 1692 2543 in
1718 2510 1868 2543 omnibus
1902 2514 1934 2541 et

1198 2578 1257 2610 per
1282 2567 1400 2605 onmia,
1425 2570 1521 2608 prout
1546 2570 1577 2597 et
1594 2562 1866 2606 quemadmodum
1886 2562 1932 2594 eis

424 2625 534 2669 quavis
561 2624 729 2657 occasione
756 2625 804 2656 vcl
822 2626 916 2656 causa
935 2634 990 2656 seu
1016 2629 1155 2656 contem·
1175 2646 1179 2664 ,
1199 2620 1373 2660 videbitur,
1400 2619 1493 2651 etiam
1520 2618 1552 2650 in
1577 2617 1647 2660 ipsa
1671 2616 1757 2649 curia
1782 2617 1860 2659 (non
1889 2621 1935 2648 ta-

1937 249 1989 277 An.
2011 248 2041 276 C.
2059 247 2126 276 1663
