2247 3208
111 219 162 246 An.
180 220 210 246 C.
231 218 296 246 ¹664

141 1174 286 1194 ferdinando<

892 216 969 239 §.Lux
979 216 1078 239 xxviiii
1105 217 1144 239 ΠΙ
1174 217 1219 238 ΙῬ.

301 271 333 300 et
364 266 519 298 ecclesias
556 266 725 308 plantare,
753 265 929 307 praeripui*
963 264 1038 296 dum

299 317 493 351 catholicam
529 318 722 360 religionem
755 317 928 360 propagari
962 327 1040 348 exo-

298 371 456 414 ptantium
481 381 606 413 regum,
627 382 661 403 ae
677 370 728 413 pia
748 371 975 413 praelatorum,
997 369 1039 401 si-

298 429 436 466 gnanter
455 424 587 456 fratrum
606 429 792 456 nostrorum
811 422 842 455 S.
864 422 900 454 R.
919 422 953 454 E.
974 431 1040 453 ear-

298 477 465 516 dinanum,
491 487 573 520 quos
598 477 630 509 in
656 482 779 519 partem
807 474 1038 508 sollieitudinis

297 530 499 573 apostolieae
526 529 665 562 evocavit
692 528 889 567 Altissimus‚
916 532 988 559 rota
1005 527 1037 559 id

298 587 486 625 exposcunt,
504 587 537 614 ut
561 592 620 625 per
634 580 819 614 huiusmodi
835 590 934 612 noras
952 580 1036 629 pla-m<

299 634 435 668 tationes
461 634 628 678 popularis
654 638 807 675 augeatur
832 632 969 671 devotio,
991 631 1038 663 di-

297 688 391 720 vinus
417 688 522 720 cultus
547 687 666 725 floreat,
689 692 718 717 et
744 685 924 717 aniinarmn
951 685 1036 716 salus

298 741 521 783 subsequatur,
539 750 574 772 ac
596 739 770 772 humiliora
791 740 862 771 loca
882 738 1038 782 digniori-

298 794 357 825 bus
383 792 531 825 ecclesiis
556 792 776 831 illustrentur,
809 797 840 824 et
864 791 1038 833 condignis

298 846 460 879 favoribus
476 846 676 885 attollantur,
694 845 891 888 illorumque
910 844 1035 878 incolae

296 904 328 931 et
347 909 515 942 personae,
531 897 767 930 venerabilium
784 898 971 941 praesulmn
988 908 1037 929 as-

296 950 456 990 sistentia,
483 950 640 993 regimine
665 955 697 982 et
721 949 869 982 doctrina
901 948 1034 989 suffulti,

296 1003 469 1048 proficiant
504 1014 633 1047 semper
669 1004 700 1036 in
726 1003 809 1041 fide,
835 1010 863 1036 et
890 1004 977 1047 quod
1004 1003 1035 1035 in

297 1058 532 1100 temporalibus
569 1062 645 1089 sunt
676 1057 783 1100 adepti
816 1068 881 1090 non
907 1062 1036 1090 careant.

297 1109 329 1142 in
354 1110 578 1157 spiritualibus
603 1110 817 1142 incremento.

1719 207 1782 239 313

1084 263 1150 295 doti
1170 263 1201 295 in
1214 264 1328 296 eodem
1348 274 1447 306 regno
1463 264 1636 306 erigendae
1659 265 1734 297 satis
1752 275 1821 297 esse

1083 316 1261 355 rideretur,
1289 322 1362 349 tune
1388 328 1405 349 a
1430 317 1570 350 dioecesi
1602 317 1752 359 Pragensi
1791 318 1822 349 in

1083 369 1274 401 immensum
1301 370 1413 403 dill'usa
1439 381 1513 413 pars
1539 371 1645 414 aliqua
1671 372 1823 404 avellere-

1083 426 1144 461 tur,
1171 427 1203 453 et
1227 421 1257 453 in
1285 423 1357 454 loeo
1384 434 1439 454 seu
1466 423 1586 466 oppido
1612 424 1712 466 partis
1738 425 1822 456 avul-

1083 483 1135 505 sae
1161 484 1242 505 nova
1279 475 1372 507 sedes
1410 475 1603 517 episcopalisv
1637 481 1822 518 usmertnne

1082 526 1276 568 erigeretur3
1296 527 1405 570 idque,
1423 528 1504 560 dieta
1524 529 1679 570 suffusione
1701 540 1822 561 annua-

1083 579 1137 611 tim
1164 580 1322 612 redeunte
1345 585 1374 612 et
1402 585 1473 622 post
1493 580 1612 623 aliquot
1636 582 1752 613 itermn
1771 594 1820 614 an-

1081 642 1141 664 nos
1168 632 1206 664 ad
1233 633 1410 665 notabilem
1436 644 1592 666 summam
1623 637 1724 673 aiu-ta,
1751 636 1820 678 plu-

1082 684 1144 715 ries
1170 684 1274 725 lieret,
1301 685 1702 728 donecquatuoromuino
1727 688 1820 719 sedes

1080 737 1285 780 episcopales
1310 748 1410 771 novae
1441 738 1473 770 in
1507 739 1570 771 illis
1604 740 1747 782 partibus
1773 740 1820 772 sie

1081 790 1208 822 dotatae
1226 796 1258 822 et
1283 796 1409 823 erectae
1433 792 1549 831 sora-1113
1565 792 1617 835 qui
1638 802 1730 824 casus
1749 803 1819 824 cum

1079 843 1139 874 sub
1163 842 1289 875 initiunt
1316 843 1520 885 pontificatus
1554 844 1656 876 nostri
1683 844 1819 876 accidis-

1079 900 1135 934 set,
1162 906 1220 928 nos
1245 896 1348 929 modis
1374 902 1403 929 et
1430 897 1620 937 rationibus,
1639 898 1753 940 quibus
1771 909 1820 929 su-

1080 960 1146 992 pra,
1172 949 1203 981 in
1230 949 1398 992 praedicto
1417 960 1517 992 regno
1544 951 1711 994 ecclesiam
1734 951 1819 984 Lito-

1078 1003 1292 1035 mericensem
1318 1003 1498 1045 apostoliea
1531 1003 1723 1036 aiu-toritate
1749 1014 1819 1036 ere-

1078 1056 1180 1088 ximus
1206 1061 1237 1087 et
1262 1055 1460 1092 dotavimus,
1487 1056 1600 1098 illique
1631 1057 1817 1100 episcopum

1078 1108 1293 1152 praefecimus
1320 1114 1347 1141 et
1376 1114 1554 1151 pastorem„
1580 1115 1675 1152 prout
1704 1110 1735 1141 in
1762 1121 1818 1142 no-

1078 1161 1151 1193 stris
1178 1162 1319 1204 desuper
1355 1162 1512 1194 consectis
1547 1162 1662 1195 litteris
1689 1163 1816 1206 plenius·

1829 216 1876 243 An.
1895 215 1921 242 C.
1947 216 2010 242 {flii

340 1163 411 1206 gl.
438 1164 521 1196 Sane
554 1163 633 1196 alias
666 1164 827 1205 gloriosae
860 1163 1034 1196 memoriae

102 1203 522 1279 {¹:¹;''.¹.'.''2r‘1.³.:'.iel1c·¹·f{2'l¹3Ferdinandus
555 1216 777 1249 Romanorum
803 1222 832 1249 et
858 1217 1033 1249 Boliemiae

103 1269 107 1272 .
137 1260 153 1272 ΙΙ.
196 1260 197 1263 ’
259 1261 269 1272 -Ι

102 1280 153 1299 san-
194 1283 285 1305 wana·
299 1280 354 1303 rex
383 1270 417 1302 in
449 1269 679 1312 imperatorem
711 1270 857 1308 electus,
891 1280 963 1302 cum
995 1270 1033 1303 ad
1121 1266 1190 1309 3⁶2

102 1312 140 1332 βω
177 1309 459 1355 mcummsedwdos
494 1321 657 1354 bellorum
694 1322 871 1361 tumultus,
898 1322 951 1365 qui
984 1333 1034 1355 re-

1077 1213 1291 1247 eontinetur¹.

1217 1266 1295 1299 Cum
1332 1272 1438 1299 autem
1472 1277 1574 1309 nuper
1609 1267 1813 1300 venerabiles
1839 1277 1948 1307 *Emi-mia
1971 1278 2013 1307 nq-

1078 1321 1192 1352 sratres
1217 1320 1320 1352 nostri
1347 1319 1377 1352 S.
1398 1320 1433 1352 R.
1458 1319 1491 1352 E.
1512 1320 1692 1353 cardinales
1717 1321 1813 1353 rebus
1824 1305 2010 1356 {2-¹.¹{„l.';¹l‡'.¹⁰⁶“¹¹”³

103 1332 285 1383 aenaeae,
404 1372 412 1391 ί
567 1374 573 1379 .
858 1374 863 1379 .
1003 1375 1008 1379 .

103 1385 166 1405 nna-2.
298 1385 397 1418 gnum
437 1374 613 1407 Bohemiae
638 1379 712 1407 tune
737 1374 975 1415 concutiebant,
1002 1385 1033 1407 m

297 1427 453 1471 quasdam
472 1427 560 1470 pacis
581 1427 785 1460 conditiones
804 1428 1033 1468 consensisset,

296 1491 355 1524 per
379 1491 459 1524 quas
483 1481 587 1513 multa
610 1480 696 1514 illius
718 1481 808 1523 regni
830 1480 914 1513 bona
933 1481 1034 1514 eccle-

297 1534 425 1567 siastiea
449 1540 522 1567 ante
547 1539 579 1566 et
602 1533 688 1566 inter
711 1534 844 1567 bellicas
866 1540 1034 1577 tempesta-

297 1593 345 1620 tes
370 1598 429 1630 per
452 1588 615 1620 seculares
640 1593 809 1630 occupata,
837 1587 914 1630 ipsis
941 1598 1034 1620 oceu-

296 1640 464 1683 patoribus
487 1645 556 1673 rata
580 1640 810 1680 remanebant,
837 1651 896 1673 nec
920 1641 1036 1673 redde-

296 1695 416 1736 bantur
439 1703 522 1737 quae
548 1699 641 1727 erant
664 1694 718 1726 Dei
744 1694 820 1733 Deo,
837 1705 908 1727 mox
939 1695 1033 1727 liuius

298 1747 469 1790 permissi,
495 1757 551 1779 seu
584 1746 747 1781 commissi
780 1747 972 1790 poenitens,
999 1758 1034 1780 ac

297 1810 373 1832 snae
389 1804 420 1832 et
433 1800 535 1832 avitae
550 1799 679 1842 pietatis
698 1809 831 1840 memor,
851 1800 891 1832 ad
909 1800 1034 1841 damna,

298 1863 382 1896 quae
406 1863 464 1895 per
479 1863 559 1887 eam
584 1852 839 1895 pacificationem
864 1854 1036 1886 res-eccle-

299 1905 417 1938 siarum
441 1905 530 1939 illius
548 1905 639 1948 regni
657 1905 845 1948 capiebant,
864 1911 1035 1949 utcumque

297 1959 499 2002 reparanda,
526 1958 716 2001 pensionem
747 1968 886 1990 annuam
919 1969 1036 2003 perpe-

299 2016 385 2044 tuam
409 2005 595 2054 quindecim
630 2010 765 2043 millium
802 2021 975 2044 aureorum
999 2023 1036 2045 ex

298 2063 446 2106 vectigali
478 2062 552 2096 salis
577 2063 723 2096 eiusdem
747 2063 838 2105 regni
865 2064 1036 2106 quotannis

299 2116 543 2160 percipiendam
579 2115 748 2148 constituit
779 2121 810 2148 et
843 2115 1035 2159 assignavit,

299 2174 401 2201 ratam
426 2169 568 2202 habente
594 2168 697 2202 felicis
721 2168 958 2202 reeordationis
983 2169 1039 2203 Ur-

300 2221 383 2253 bano
408 2221 492 2264 Papa
511 2221 575 2253 VIII
600 2221 852 2264 praedecessore
869 2227 979 2255 nostro
1001 2225 1037 2255 ea

301 2274 433 2316 quidem
458 2273 571 2316 gratia,
589 2279 632 2313 nt,
651 2274 921 2317 quandocumque
939 2286 974 2308 ex
997 2276 1039 2308 di-

301 2327 349 2358 cta
374 2328 480 2358 annua
504 2325 660 2368 pensione
685 2326 743 2358 sub
760 2326 1038 2360 administratione

301 2389 412 2412 sacrae
438 2378 697 2421 congregationis
720 2378 751 2412 S.
776 2379 813 2412 R.
836 2380 870 2412 E.
894 2380 1040 2413 cardina-

301 2432 381 2465 lium
405 2431 502 2465 rebus
534 2432 764 2475 propagandae
795 2432 869 2465 fidei
901 2444 1040 2476 praepo—

301 2485 436 2518 sitorum
472 2490 561 2518 tanta
601 2485 796 2518 excrevisset
831 2486 1040 2528 pecuniarum

301 2548 435 2579 summa,
457 2548 540 2582 quae
553 2538 649 2570 unius
673 2537 827 2570 eeclesiae
845 2538 1038 2582 episcopalis

339 2600 349 2626 1
371 2598 437 2626 Male
453 2599 496 2626 ed.
513 2599 593 2626 Main.
610 2598 673 2634 legit
688 2606 845 2633 regynorum
862 2600 900 2632 (R.
919 2598 967 2632 T.).

390 2653 469 2681 Buzz.
492 2653 573 2680 Rom.
616 2653 674 2681 Vol.
695 2652 784 2679 Xt‘Il.
945 2653 979 2679 40

1077 1373 1305 1416 propagandae
1331 1372 1405 1405 fidei
1433 1373 1614 1405 huiusmodi
1637 1369 1814 1416 praepositi

1076 1427 1114 1459 ad
1149 1437 1207 1458 nos
1242 1425 1412 1458 retulerint
1447 1430 1567 1457 tantam
1601 1426 1813 1468 pecuniarum

1076 1480 1138 1512 rim
1153 1490 1190 1512 ex
1205 1479 1288 1512 dieta
1305 1479 1462 1522 pensione
1482 1481 1588 1511 annua
1606 1479 1723 1511 iterum
1743 1491 1813 1512 e1se

1054 1533 1263 1572 ⁴conflatam,
1291 1543 1371 1576 quae
1399 1533 1464 1565 doti
1490 1532 1624 1564 alterius
1654 1533 1813 1566 ecelesiae

1076 1587 1195 1620 ibidem
1220 1586 1394 1629 erigendae
1411 1586 1477 1619 sere
1502 1586 1651 1626 sufficiat,
1669 1587 1815 1619 conside-

1076 1646 1183 1673 rantes
1201 1640 1297 1672 etiam
1314 1640 1471 1683 oppidum
1486 1638 1814 1682 Reginoln·ad‹2·cense

1077 1694 1108 1726 in
1134 1693 1219 1726 dicta
1251 1693 1393 1726 dioecesi
1429 1693 1581 1735 Pragensi
1615 1703 1716 1736 prope
1741 1704 1816 1725 con-

1077 1748 1194 1779 llnenta
1228 1746 1371 1779 amnium
1406 1746 1538 1789 Aquilae
1565 1750 1596 1777 et
1628 1746 1715 1782 Albis
1741 1757 1814 1779 eum

1078 1800 1147 1833 foro
1173 1799 1293 1842 duplici
1318 1799 1413 1831 situm
1439 1799 1516 1831 satis
1534 1810 1605 1832 esse
1624 1800 1766 1842 amplum
1785 1805 1816 1832 et

1078 1853 1224 1895 insigne,
1250 1852 1369 1895 quippe
1395 1853 1480 1895 quod
1513 1852 1546 1884 in
1577 1852 1815 1894 longitudinem

1079 1910 1165 1948 patet
1178 1905 1217 1937 ad
1232 1905 1496 1947 quadringentos,
1509 1904 1541 1935 in
1555 1904 1725 1936 latitudine
1739 1915 1815 1937 vero

1079 1958 1118 1990 ad
1144 1962 1306 1989 trecentos
1338 1957 1468 1989 circiter
1501 1967 1611 1999 passus
1630 1983 1637 1996 ,
1664 1957 1816 2000 quodque

1079 2010 1169 2042 valde
1194 2010 1424 2042 commendant
1442 2009 1509 2052 ipsa
1528 2002 1712 2051 antiquitas,
1731 2009 1815 2041 aeris

1080 2062 1262 2099 salubritas,
1290 2061 1438 2094 fertilitas
1462 2061 1543 2100 soli,
1570 2061 1816 2105 incolarumque

1080 2124 1233 2147 numerus
1259 2119 1290 2146 et
1310 2114 1427 2156 pietas,
1454 2119 1496 2153 et,
1524 2113 1612 2156 quod
1637 2119 1733 2156 caput
1758 2119 1815 2154 est,

1081 2168 1154 2200 fidei
1180 2167 1299 2200 ibidem
1320 2167 1549 2210 propagandae
1575 2167 1815 2209 opportunitas,

1082 2226 1114 2253 et
1146 2230 1244 2264 porro
1279 2220 1313 2252 in
1349 2220 1535 2252 eodemmet
1565 2219 1685 2262 oppido
1722 2220 1817 2252 etiam

1081 2274 1171 2306 adest
1188 2272 1324 2306 ecclesia
1340 2272 1549 2316 paroehialis,
1565 2283 1647 2315 quae
1663 2272 1818 2305 archidia-

1082 2326 1204 2360 conalis
1239 2325 1373 2365 dicitur,
1404 2325 1534 2369 Spiritui
1559 2326 1676 2358 Sancto
1703 2326 1815 2365 dicata,

1081 2385 1259 2413 structurae
1284 2389 1350 2411 non
1375 2378 1575 2418 invenustae,
1602 2379 1690 2411 sonte
1711 2379 1819 2421 bapte-

1082 2431 1185 2465 simali
1210 2432 1372 2471 decorata,
1398 2431 1430 2463 in
1455 2442 1518 2475 qua
1536 2431 1697 2474 parochus
1716 2436 1747 2463 et
1766 2431 1818 2463 ali-

1083 2485 1180 2529 quot²
1197 2484 1381 2528 cappellani
1402 2484 1580 2517 animarum
1597 2494 1692 2516 curae
1719 2489 1749 2516 et
1775 2494 1820 2516 sa-

1119 2557 1128 2582 1
1146 2555 1216 2586 Quas
1233 2554 1293 2581 vide
1307 2555 1333 2581 in
1351 2558 1416 2581 tom.
1431 2560 1484 2587 xv1,
1501 2562 1562 2590 pag.
1579 2554 1608 2581 31
1627 2557 1669 2588 (a.
1687 2555 1736 2589 T.).

1116 2599 1132 2625 2
1152 2598 1223 2626 Edit.
1240 2598 1319 2626 Main.
1336 2598 1399 2634 legit
1414 2599 1526 2634 aliquos
1541 2601 1578 2634 (R.
1595 2600 1642 2632 T.).
