<?xml version="1.0" encoding="UTF-8"?>
<!DOCTYPE html PUBLIC "-//W3C//DTD XHTML 1.0 Transitional//EN"
    "http://www.w3.org/TR/xhtml1/DTD/xhtml1-transitional.dtd">
<html xmlns="http://www.w3.org/1999/xhtml" xml:lang="en" lang="en">
 <head>
  <title>
</title>
<meta http-equiv="Content-Type" content="text/html;charset=utf-8" />
  <meta name='ocr-system' content='tesseract 3.04.00' />
  <meta name='ocr-capabilities' content='ocr_page ocr_carea ocr_par ocr_line ocrx_word'/>
</head>
<body>
  <div class='ocr_page' id='page_1' title='image "./bullarumdiplomat17cath_0922.png"; bbox 0 0 2247 3208; ppageno 0'>
   <div class='ocr_carea' id='block_1_1' title="bbox 213 279 510 319">
    <p class='ocr_par' dir='ltr' id='par_1_1' title="bbox 213 279 510 319">
     <span class='ocr_line' id='line_1_1' title="bbox 213 279 510 319; baseline -0.02 -1"><span class='ocrx_word' id='word_1_1' title='bbox 213 291 263 318; x_wconf 41' lang='lat' dir='ltr'>An,</span> <span class='ocrx_word' id='word_1_2' title='bbox 281 291 311 319; x_wconf 85' lang='lat' dir='ltr'>c.</span> <span class='ocrx_word' id='word_1_3' title='bbox 335 289 402 317; x_wconf 73' lang='lat'><strong>1669</strong></span> <span class='ocrx_word' id='word_1_4' title='bbox 447 279 510 313; x_wconf 62' lang='grc'>814</span> 
     </span>
    </p>
   </div>
   <div class='ocr_carea' id='block_1_2' title="bbox 203 882 387 929">
    <p class='ocr_par' dir='ltr' id='par_1_2' title="bbox 203 882 387 929">
     <span class='ocr_line' id='line_1_2' title="bbox 231 882 387 908; baseline -0.006 -5"><span class='ocrx_word' id='word_1_5' title='bbox 231 882 322 908; x_wconf 61' lang='lat' dir='ltr'>nou-ogni</span> <span class='ocrx_word' id='word_1_6' title='bbox 339 888 387 902; x_wconf 73' lang='lat' dir='ltr'>con·</span> 
     </span>
     <span class='ocr_line' id='line_1_3' title="bbox 203 911 282 929; baseline 0 0"><span class='ocrx_word' id='word_1_7' title='bbox 203 911 282 929; x_wconf 65' lang='lat' dir='ltr'>turns.</span> 
     </span>
    </p>
   </div>
   <div class='ocr_carea' id='block_1_3' title="bbox 395 331 1150 2608">
    <p class='ocr_par' dir='ltr' id='par_1_3' title="bbox 395 331 1150 2608">
     <span class='ocr_line' id='line_1_4' title="bbox 403 331 1136 378; baseline -0.016 -6"><span class='ocrx_word' id='word_1_8' title='bbox 403 339 544 372; x_wconf 82' lang='lat' dir='ltr'>dictores</span> <span class='ocrx_word' id='word_1_9' title='bbox 570 334 734 378; x_wconf 66' lang='lat' dir='ltr'>quoslibet</span> <span class='ocrx_word' id='word_1_10' title='bbox 757 338 788 366; x_wconf 79' lang='lat' dir='ltr'>et</span> <span class='ocrx_word' id='word_1_11' title='bbox 811 331 949 364; x_wconf 78' lang='lat' dir='ltr'>rebelles</span> <span class='ocrx_word' id='word_1_12' title='bbox 974 340 1032 373; x_wconf 88' lang='lat' dir='ltr'>per</span> <span class='ocrx_word' id='word_1_13' title='bbox 1064 339 1136 361; x_wconf 89' lang='lat' dir='ltr'>sen-</span> 
     </span>
     <span class='ocr_line' id='line_1_5' title="bbox 400 382 1134 430; baseline -0.015 -6"><span class='ocrx_word' id='word_1_14' title='bbox 400 391 527 429; x_wconf 86' lang='lat' dir='ltr'>tentias,</span> <span class='ocrx_word' id='word_1_15' title='bbox 541 399 694 422; x_wconf 86' lang='lat' dir='ltr'>censuras</span> <span class='ocrx_word' id='word_1_16' title='bbox 709 392 737 419; x_wconf 85' lang='lat' dir='ltr'>et</span> <span class='ocrx_word' id='word_1_17' title='bbox 754 395 877 430; x_wconf 87' lang='lat' dir='ltr'>poenas</span> <span class='ocrx_word' id='word_1_18' title='bbox 892 382 1134 420; x_wconf 81' lang='lat' dir='ltr'>ecclesiasticas,</span> 
     </span>
     <span class='ocr_line' id='line_1_6' title="bbox 398 434 1133 486; baseline -0.014 -10"><span class='ocrx_word' id='word_1_19' title='bbox 398 444 523 486; x_wconf 86' lang='lat' dir='ltr'>aliaque</span> <span class='ocrx_word' id='word_1_20' title='bbox 540 447 723 484; x_wconf 86' lang='lat' dir='ltr'>opportuna</span> <span class='ocrx_word' id='word_1_21' title='bbox 736 437 830 471; x_wconf 74' lang='lat' dir='ltr'>iuris¹</span> <span class='ocrx_word' id='word_1_22' title='bbox 845 442 875 470; x_wconf 89' lang='lat' dir='ltr'>et</span> <span class='ocrx_word' id='word_1_23' title='bbox 890 436 961 469; x_wconf 79' lang='lat' dir='ltr'>sacti</span> <span class='ocrx_word' id='word_1_24' title='bbox 980 434 1133 473; x_wconf 86' lang='lat' dir='ltr'>remedia,</span> 
     </span>
     <span class='ocr_line' id='line_1_7' title="bbox 397 484 1133 539; baseline -0.015 -10"><span class='ocrx_word' id='word_1_25' title='bbox 397 494 618 539; x_wconf 70' lang='lat' dir='ltr'>appellatione</span> <span class='ocrx_word' id='word_1_26' title='bbox 644 491 851 536; x_wconf 79' lang='lat' dir='ltr'>postposita,</span> <span class='ocrx_word' id='word_1_27' title='bbox 877 484 1133 532; x_wconf 82' lang='lat' dir='ltr'>compescendo,</span> 
     </span>
     <span class='ocr_line' id='line_1_8' title="bbox 395 540 1134 591; baseline -0.014 -10"><span class='ocrx_word' id='word_1_28' title='bbox 395 548 616 591; x_wconf 73' lang='lat' dir='ltr'>legitimisque</span> <span class='ocrx_word' id='word_1_29' title='bbox 635 556 733 589; x_wconf 86' lang='lat' dir='ltr'>super</span> <span class='ocrx_word' id='word_1_30' title='bbox 751 545 802 577; x_wconf 90' lang='lat' dir='ltr'>his</span> <span class='ocrx_word' id='word_1_31' title='bbox 821 542 979 576; x_wconf 78' lang='lat' dir='ltr'>habendis</span> <span class='ocrx_word' id='word_1_32' title='bbox 1001 540 1134 573; x_wconf 87' lang='lat' dir='ltr'>servatis</span> 
     </span>
     <span class='ocr_line' id='line_1_9' title="bbox 395 593 1134 645; baseline -0.014 -11"><span class='ocrx_word' id='word_1_33' title='bbox 395 600 612 645; x_wconf 73' lang='lat' dir='ltr'>processibus,</span> <span class='ocrx_word' id='word_1_34' title='bbox 638 608 790 631; x_wconf 87' lang='lat' dir='ltr'>censuras</span> <span class='ocrx_word' id='word_1_35' title='bbox 816 597 901 639; x_wconf 88' lang='lat' dir='ltr'>ipsas</span> <span class='ocrx_word' id='word_1_36' title='bbox 928 593 1134 637; x_wconf 72' lang='lat' dir='ltr'>aggravando</span> 
     </span>
     <span class='ocr_line' id='line_1_10' title="bbox 397 648 1135 697; baseline -0.012 -9"><span class='ocrx_word' id='word_1_37' title='bbox 397 661 429 687; x_wconf 87' lang='lat' dir='ltr'>et</span> <span class='ocrx_word' id='word_1_38' title='bbox 453 653 717 697; x_wconf 74' lang='lat' dir='ltr'>reaggravando,</span> <span class='ocrx_word' id='word_1_39' title='bbox 744 651 949 684; x_wconf 82' lang='lat' dir='ltr'>interdictum</span> <span class='ocrx_word' id='word_1_40' title='bbox 982 648 1135 681; x_wconf 83' lang='lat' dir='ltr'>ecclesia-</span> 
     </span>
     <span class='ocr_line' id='line_1_11' title="bbox 397 703 1135 750; baseline -0.012 -9"><span class='ocrx_word' id='word_1_41' title='bbox 397 709 511 742; x_wconf 89' lang='lat' dir='ltr'>sticum</span> <span class='ocrx_word' id='word_1_42' title='bbox 537 706 742 750; x_wconf 85' lang='lat' dir='ltr'>apponendo,</span> <span class='ocrx_word' id='word_1_43' title='bbox 761 705 908 737; x_wconf 82' lang='lat' dir='ltr'>invocato</span> <span class='ocrx_word' id='word_1_44' title='bbox 934 703 1039 740; x_wconf 87' lang='lat' dir='ltr'>etiam,</span> <span class='ocrx_word' id='word_1_45' title='bbox 1058 712 1135 744; x_wconf 86' lang='lat' dir='ltr'>qua-</span> 
     </span>
     <span class='ocr_line' id='line_1_12' title="bbox 396 755 1136 804; baseline -0.012 -10"><span class='ocrx_word' id='word_1_46' title='bbox 396 767 490 794; x_wconf 85' lang='lat' dir='ltr'>tenus</span> <span class='ocrx_word' id='word_1_47' title='bbox 516 771 596 804; x_wconf 89' lang='lat' dir='ltr'>opus</span> <span class='ocrx_word' id='word_1_48' title='bbox 622 758 725 799; x_wconf 85' lang='lat' dir='ltr'>suerit,</span> <span class='ocrx_word' id='word_1_49' title='bbox 752 758 871 790; x_wconf 71' lang='lat' dir='ltr'>auxilio</span> <span class='ocrx_word' id='word_1_50' title='bbox 896 755 1019 788; x_wconf 86' lang='lat' dir='ltr'>brachii</span> <span class='ocrx_word' id='word_1_51' title='bbox 1046 765 1136 787; x_wconf 89' lang='lat' dir='ltr'>secu-</span> 
     </span>
     <span class='ocr_line' id='line_1_13' title="bbox 396 814 1107 847; baseline -0.013 0"><span class='ocrx_word' id='word_1_52' title='bbox 396 814 485 847; x_wconf 90' lang='lat' dir='ltr'>laris.</span> <span class='ocrx_word' id='word_1_53' title='bbox 1104 835 1107 838; x_wconf 84' lang='lat'><strong>.</strong></span> 
     </span>
     <span class='ocr_line' id='line_1_14' title="bbox 442 859 1134 910; baseline -0.012 -11"><span class='ocrx_word' id='word_1_54' title='bbox 442 867 456 910; x_wconf 61' lang='lat' dir='ltr'><strong>g</strong></span> <span class='ocrx_word' id='word_1_55' title='bbox 481 866 511 899; x_wconf 85' lang='lat'>5.</span> <span class='ocrx_word' id='word_1_56' title='bbox 539 865 606 898; x_wconf 79' lang='lat' dir='ltr'>Non</span> <span class='ocrx_word' id='word_1_57' title='bbox 633 863 833 897; x_wconf 73' lang='lat' dir='ltr'>obstantibus</span> <span class='ocrx_word' id='word_1_58' title='bbox 863 861 934 905; x_wconf 90' lang='lat' dir='ltr'>piae</span> <span class='ocrx_word' id='word_1_59' title='bbox 958 859 1134 893; x_wconf 75' lang='lat' dir='ltr'>memoriae</span> 
     </span>
     <span class='ocr_line' id='line_1_15' title="bbox 398 912 1136 961; baseline -0.012 -8"><span class='ocrx_word' id='word_1_60' title='bbox 398 919 552 953; x_wconf 75' lang='lat' dir='ltr'>BonIfacii</span> <span class='ocrx_word' id='word_1_61' title='bbox 569 919 673 961; x_wconf 84' lang='lat' dir='ltr'>Papae</span> <span class='ocrx_word' id='word_1_62' title='bbox 687 917 750 949; x_wconf 73' lang='lat' dir='ltr'>Vlll</span> <span class='ocrx_word' id='word_1_63' title='bbox 770 914 1028 959; x_wconf 73' lang='lat' dir='ltr'>praedecessoris</span> <span class='ocrx_word' id='word_1_64' title='bbox 1053 912 1136 956; x_wconf 85' lang='lat' dir='ltr'>pari-</span> 
     </span>
     <span class='ocr_line' id='line_1_16' title="bbox 398 966 1135 1009; baseline -0.012 -3"><span class='ocrx_word' id='word_1_65' title='bbox 398 979 449 1006; x_wconf 86' lang='lat' dir='ltr'>ter</span> <span class='ocrx_word' id='word_1_66' title='bbox 468 972 570 1006; x_wconf 77' lang='lat' dir='ltr'>nostri</span> <span class='ocrx_word' id='word_1_67' title='bbox 588 972 627 1004; x_wconf 92' lang='lat' dir='ltr'>de</span> <span class='ocrx_word' id='word_1_68' title='bbox 644 972 718 1009; x_wconf 83' lang='lat' dir='ltr'>una,</span> <span class='ocrx_word' id='word_1_69' title='bbox 740 969 818 1001; x_wconf 89' lang='lat' dir='ltr'>etin</span> <span class='ocrx_word' id='word_1_70' title='bbox 837 967 975 1001; x_wconf 86' lang='lat' dir='ltr'>concilio</span> <span class='ocrx_word' id='word_1_71' title='bbox 992 966 1135 1009; x_wconf 77' lang='lat' dir='ltr'>generali</span> 
     </span>
     <span class='ocr_line' id='line_1_17' title="bbox 399 1021 1137 1062; baseline -0.011 -3"><span class='ocrx_word' id='word_1_72' title='bbox 399 1027 484 1059; x_wconf 77' lang='lat' dir='ltr'>edita</span> <span class='ocrx_word' id='word_1_73' title='bbox 510 1026 547 1058; x_wconf 89' lang='lat' dir='ltr'>de</span> <span class='ocrx_word' id='word_1_74' title='bbox 573 1024 695 1058; x_wconf 86' lang='lat' dir='ltr'>duabus</span> <span class='ocrx_word' id='word_1_75' title='bbox 713 1023 819 1061; x_wconf 86' lang='lat' dir='ltr'>dietis,</span> <span class='ocrx_word' id='word_1_76' title='bbox 837 1032 872 1054; x_wconf 88' lang='lat' dir='ltr'>ac</span> <span class='ocrx_word' id='word_1_77' title='bbox 890 1021 929 1054; x_wconf 88' lang='lat' dir='ltr'>de</span> <span class='ocrx_word' id='word_1_78' title='bbox 947 1021 1016 1053; x_wconf 89' lang='lat' dir='ltr'>iure</span> <span class='ocrx_word' id='word_1_79' title='bbox 1042 1030 1137 1062; x_wconf 86' lang='lat' dir='ltr'>quae-</span> 
     </span>
     <span class='ocr_line' id='line_1_18' title="bbox 400 1074 1137 1118; baseline -0.011 -6"><span class='ocrx_word' id='word_1_80' title='bbox 400 1080 461 1112; x_wconf 82' lang='lat' dir='ltr'>sito</span> <span class='ocrx_word' id='word_1_81' title='bbox 480 1089 544 1112; x_wconf 91' lang='lat' dir='ltr'>non</span> <span class='ocrx_word' id='word_1_82' title='bbox 558 1078 712 1116; x_wconf 86' lang='lat' dir='ltr'>tollendo,</span> <span class='ocrx_word' id='word_1_83' title='bbox 730 1076 866 1118; x_wconf 81' lang='lat' dir='ltr'>aliisque</span> <span class='ocrx_word' id='word_1_84' title='bbox 882 1074 1001 1108; x_wconf 87' lang='lat' dir='ltr'>nostris</span> <span class='ocrx_word' id='word_1_85' title='bbox 1018 1079 1050 1106; x_wconf 87' lang='lat' dir='ltr'>et</span> <span class='ocrx_word' id='word_1_86' title='bbox 1067 1083 1137 1105; x_wconf 87' lang='lat' dir='ltr'>can-</span> 
     </span>
     <span class='ocr_line' id='line_1_19' title="bbox 399 1126 1135 1174; baseline -0.012 -8"><span class='ocrx_word' id='word_1_87' title='bbox 399 1132 550 1166; x_wconf 82' lang='lat' dir='ltr'>cellariae</span> <span class='ocrx_word' id='word_1_88' title='bbox 577 1130 771 1174; x_wconf 84' lang='lat' dir='ltr'>apostolicae</span> <span class='ocrx_word' id='word_1_89' title='bbox 797 1128 927 1171; x_wconf 75' lang='lat' dir='ltr'>regulis,</span> <span class='ocrx_word' id='word_1_90' title='bbox 955 1126 1135 1168; x_wconf 90' lang='lat' dir='ltr'>ceterisque</span> 
     </span>
     <span class='ocr_line' id='line_1_20' title="bbox 400 1179 1138 1230; baseline -0.012 -11"><span class='ocrx_word' id='word_1_91' title='bbox 400 1185 596 1230; x_wconf 89' lang='lat' dir='ltr'>apostolicis,</span> <span class='ocrx_word' id='word_1_92' title='bbox 623 1195 660 1217; x_wconf 88' lang='lat' dir='ltr'>ac</span> <span class='ocrx_word' id='word_1_93' title='bbox 684 1183 716 1216; x_wconf 91' lang='lat' dir='ltr'>in</span> <span class='ocrx_word' id='word_1_94' title='bbox 733 1181 980 1215; x_wconf 79' lang='lat' dir='ltr'>universalibus</span> <span class='ocrx_word' id='word_1_95' title='bbox 1005 1179 1138 1223; x_wconf 85' lang='lat' dir='ltr'>provin-</span> 
     </span>
     <span class='ocr_line' id='line_1_21' title="bbox 401 1231 1138 1282; baseline -0.012 -10"><span class='ocrx_word' id='word_1_96' title='bbox 401 1239 604 1282; x_wconf 88' lang='lat' dir='ltr'>cialibusque</span> <span class='ocrx_word' id='word_1_97' title='bbox 622 1242 653 1270; x_wconf 88' lang='lat' dir='ltr'>et</span> <span class='ocrx_word' id='word_1_98' title='bbox 670 1235 879 1280; x_wconf 72' lang='lat' dir='ltr'>synodalibus</span> <span class='ocrx_word' id='word_1_99' title='bbox 906 1232 1052 1266; x_wconf 87' lang='lat' dir='ltr'>conciliis</span> <span class='ocrx_word' id='word_1_100' title='bbox 1071 1231 1138 1264; x_wconf 90' lang='lat' dir='ltr'>edi-</span> 
     </span>
     <span class='ocr_line' id='line_1_22' title="bbox 400 1286 1138 1334; baseline -0.014 -9"><span class='ocrx_word' id='word_1_101' title='bbox 400 1293 452 1331; x_wconf 81' lang='lat' dir='ltr'>tis,</span> <span class='ocrx_word' id='word_1_102' title='bbox 481 1290 688 1334; x_wconf 80' lang='lat' dir='ltr'>generalibus</span> <span class='ocrx_word' id='word_1_103' title='bbox 700 1288 722 1329; x_wconf 71' lang='lat'>³,</span> <span class='ocrx_word' id='word_1_104' title='bbox 741 1286 1021 1321; x_wconf 87' lang='lat' dir='ltr'>constitutionibus</span> <span class='ocrx_word' id='word_1_105' title='bbox 1039 1290 1070 1317; x_wconf 91' lang='lat' dir='ltr'>et</span> <span class='ocrx_word' id='word_1_106' title='bbox 1087 1295 1138 1316; x_wconf 92' lang='lat' dir='ltr'>or-</span> 
     </span>
     <span class='ocr_line' id='line_1_23' title="bbox 402 1338 1136 1384; baseline -0.012 -6"><span class='ocrx_word' id='word_1_107' title='bbox 402 1344 632 1383; x_wconf 88' lang='lat' dir='ltr'>dinationibus,</span> <span class='ocrx_word' id='word_1_108' title='bbox 652 1349 790 1380; x_wconf 78' lang='lat' dir='ltr'>necnon,</span> <span class='ocrx_word' id='word_1_109' title='bbox 808 1345 968 1384; x_wconf 88' lang='lat' dir='ltr'>quatenus</span> <span class='ocrx_word' id='word_1_110' title='bbox 987 1349 1068 1381; x_wconf 89' lang='lat' dir='ltr'>opus</span> <span class='ocrx_word' id='word_1_111' title='bbox 1088 1338 1136 1377; x_wconf 82' lang='lat' dir='ltr'>sit,</span> 
     </span>
     <span class='ocr_line' id='line_1_24' title="bbox 401 1391 1139 1431; baseline -0.012 0"><span class='ocrx_word' id='word_1_112' title='bbox 401 1397 619 1431; x_wconf 89' lang='lat' dir='ltr'>universitatis</span> <span class='ocrx_word' id='word_1_113' title='bbox 646 1394 851 1428; x_wconf 88' lang='lat' dir='ltr'>Lovaniensis</span> <span class='ocrx_word' id='word_1_114' title='bbox 873 1391 1076 1425; x_wconf 81' lang='lat' dir='ltr'>etfacultatis</span> <span class='ocrx_word' id='word_1_115' title='bbox 1096 1401 1139 1422; x_wconf 89' lang='lat' dir='ltr'>ar-</span> 
     </span>
     <span class='ocr_line' id='line_1_25' title="bbox 401 1443 1139 1489; baseline -0.012 -6"><span class='ocrx_word' id='word_1_116' title='bbox 401 1452 481 1483; x_wconf 90' lang='lat' dir='ltr'>tium</span> <span class='ocrx_word' id='word_1_117' title='bbox 499 1448 694 1487; x_wconf 88' lang='lat' dir='ltr'>huiusmodi,</span> <span class='ocrx_word' id='word_1_118' title='bbox 717 1447 827 1480; x_wconf 87' lang='lat' dir='ltr'>aliisve</span> <span class='ocrx_word' id='word_1_119' title='bbox 847 1445 1024 1489; x_wconf 81' lang='lat' dir='ltr'>quibusvis,</span> <span class='ocrx_word' id='word_1_120' title='bbox 1045 1443 1139 1476; x_wconf 89' lang='lat' dir='ltr'>etiam</span> 
     </span>
     <span class='ocr_line' id='line_1_26' title="bbox 404 1497 1141 1542; baseline -0.012 -5"><span class='ocrx_word' id='word_1_121' title='bbox 404 1505 596 1541; x_wconf 85' lang='lat' dir='ltr'>iuramento,</span> <span class='ocrx_word' id='word_1_122' title='bbox 619 1500 863 1535; x_wconf 79' lang='lat' dir='ltr'>confirmatione</span> <span class='ocrx_word' id='word_1_123' title='bbox 886 1497 1083 1542; x_wconf 82' lang='lat' dir='ltr'>apostolica,</span> <span class='ocrx_word' id='word_1_124' title='bbox 1110 1501 1141 1528; x_wconf 89' lang='lat' dir='ltr'>et</span> 
     </span>
     <span class='ocr_line' id='line_1_27' title="bbox 403 1550 1141 1601; baseline -0.012 -11"><span class='ocrx_word' id='word_1_125' title='bbox 403 1557 514 1601; x_wconf 86' lang='lat' dir='ltr'>quavis</span> <span class='ocrx_word' id='word_1_126' title='bbox 531 1556 683 1588; x_wconf 72' lang='lat' dir='ltr'>firmitate</span> <span class='ocrx_word' id='word_1_127' title='bbox 703 1554 764 1586; x_wconf 74' lang='lat' dir='ltr'>alia</span> <span class='ocrx_word' id='word_1_128' title='bbox 778 1552 945 1591; x_wconf 86' lang='lat' dir='ltr'>roboratis,</span> <span class='ocrx_word' id='word_1_129' title='bbox 964 1550 1090 1583; x_wconf 85' lang='lat' dir='ltr'>statutis</span> <span class='ocrx_word' id='word_1_130' title='bbox 1111 1555 1141 1582; x_wconf 91' lang='lat' dir='ltr'>et</span> 
     </span>
     <span class='ocr_line' id='line_1_28' title="bbox 404 1603 1141 1647; baseline -0.012 -4"><span class='ocrx_word' id='word_1_131' title='bbox 404 1609 716 1647; x_wconf 75' lang='lat' dir='ltr'>consuetudinilms‚</span> <span class='ocrx_word' id='word_1_132' title='bbox 750 1607 846 1639; x_wconf 89' lang='lat' dir='ltr'>etiam</span> <span class='ocrx_word' id='word_1_133' title='bbox 877 1603 1141 1637; x_wconf 87' lang='lat' dir='ltr'>immemorabili-</span> 
     </span>
     <span class='ocr_line' id='line_1_29' title="bbox 403 1656 1141 1705; baseline -0.012 -9"><span class='ocrx_word' id='word_1_134' title='bbox 403 1665 472 1705; x_wconf 83' lang='lat' dir='ltr'>hus,</span> <span class='ocrx_word' id='word_1_135' title='bbox 500 1673 536 1695; x_wconf 87' lang='lat' dir='ltr'>ac</span> <span class='ocrx_word' id='word_1_136' title='bbox 560 1662 723 1695; x_wconf 85' lang='lat' dir='ltr'>Romanae</span> <span class='ocrx_word' id='word_1_137' title='bbox 750 1659 857 1691; x_wconf 85' lang='lat' dir='ltr'>curiae</span> <span class='ocrx_word' id='word_1_138' title='bbox 879 1658 991 1690; x_wconf 87' lang='lat' dir='ltr'>aliisve</span> <span class='ocrx_word' id='word_1_139' title='bbox 1016 1656 1141 1699; x_wconf 87' lang='lat' dir='ltr'>quibus-</span> 
     </span>
     <span class='ocr_line' id='line_1_30' title="bbox 404 1708 1142 1759; baseline -0.014 -9"><span class='ocrx_word' id='word_1_140' title='bbox 404 1717 484 1750; x_wconf 86' lang='lat' dir='ltr'>libet</span> <span class='ocrx_word' id='word_1_141' title='bbox 508 1715 596 1759; x_wconf 77' lang='lat' dir='ltr'>stylis</span> <span class='ocrx_word' id='word_1_142' title='bbox 622 1719 653 1747; x_wconf 89' lang='lat' dir='ltr'>et</span> <span class='ocrx_word' id='word_1_143' title='bbox 677 1713 795 1751; x_wconf 77' lang='lat' dir='ltr'>usibus,</span> <span class='ocrx_word' id='word_1_144' title='bbox 819 1712 914 1743; x_wconf 83' lang='lat' dir='ltr'>etiam</span> <span class='ocrx_word' id='word_1_145' title='bbox 936 1708 1142 1753; x_wconf 88' lang='lat' dir='ltr'>quantumvis</span> 
     </span>
     <span class='ocr_line' id='line_1_31' title="bbox 405 1762 1143 1813; baseline -0.014 -10"><span class='ocrx_word' id='word_1_146' title='bbox 405 1769 544 1813; x_wconf 85' lang='lat' dir='ltr'>antiquis</span> <span class='ocrx_word' id='word_1_147' title='bbox 570 1773 602 1800; x_wconf 93' lang='lat' dir='ltr'>et</span> <span class='ocrx_word' id='word_1_148' title='bbox 625 1765 830 1805; x_wconf 75' lang='lat' dir='ltr'>inveteratis,</span> <span class='ocrx_word' id='word_1_149' title='bbox 856 1762 1034 1807; x_wconf 75' lang='lat' dir='ltr'>privilegiis</span> <span class='ocrx_word' id='word_1_150' title='bbox 1066 1770 1143 1804; x_wconf 87' lang='lat' dir='ltr'>quo-</span> 
     </span>
     <span class='ocr_line' id='line_1_32' title="bbox 406 1814 1144 1866; baseline -0.014 -11"><span class='ocrx_word' id='word_1_151' title='bbox 406 1833 478 1866; x_wconf 88' lang='lat' dir='ltr'>que,</span> <span class='ocrx_word' id='word_1_152' title='bbox 504 1821 637 1854; x_wconf 89' lang='lat' dir='ltr'>indultis</span> <span class='ocrx_word' id='word_1_153' title='bbox 664 1824 696 1852; x_wconf 88' lang='lat' dir='ltr'>et</span> <span class='ocrx_word' id='word_1_154' title='bbox 720 1818 835 1852; x_wconf 85' lang='lat' dir='ltr'>litteris</span> <span class='ocrx_word' id='word_1_155' title='bbox 866 1815 1051 1860; x_wconf 84' lang='lat' dir='ltr'>apostolicis</span> <span class='ocrx_word' id='word_1_156' title='bbox 1076 1814 1144 1846; x_wconf 88' lang='lat' dir='ltr'>uni-</span> 
     </span>
     <span class='ocr_line' id='line_1_33' title="bbox 405 1867 1142 1912; baseline -0.012 -5"><span class='ocrx_word' id='word_1_157' title='bbox 405 1874 550 1908; x_wconf 86' lang='lat' dir='ltr'>versitati</span> <span class='ocrx_word' id='word_1_158' title='bbox 587 1871 777 1905; x_wconf 83' lang='lat' dir='ltr'>Lovaniensi</span> <span class='ocrx_word' id='word_1_159' title='bbox 823 1870 956 1912; x_wconf 87' lang='lat' dir='ltr'>eiusque</span> <span class='ocrx_word' id='word_1_160' title='bbox 999 1867 1142 1900; x_wconf 83' lang='lat' dir='ltr'>facultati</span> 
     </span>
     <span class='ocr_line' id='line_1_34' title="bbox 407 1920 1142 1964; baseline -0.011 -5"><span class='ocrx_word' id='word_1_161' title='bbox 407 1927 523 1959; x_wconf 84' lang='lat' dir='ltr'>artium</span> <span class='ocrx_word' id='word_1_162' title='bbox 548 1924 745 1964; x_wconf 86' lang='lat' dir='ltr'>huiusmodi,</span> <span class='ocrx_word' id='word_1_163' title='bbox 772 1933 808 1956; x_wconf 89' lang='lat' dir='ltr'>ac</span> <span class='ocrx_word' id='word_1_164' title='bbox 832 1933 941 1955; x_wconf 85' lang='lat' dir='ltr'>earum</span> <span class='ocrx_word' id='word_1_165' title='bbox 967 1920 1142 1964; x_wconf 74' lang='lat' dir='ltr'>respective</span> 
     </span>
     <span class='ocr_line' id='line_1_35' title="bbox 407 1975 1145 2020; baseline -0.012 -7"><span class='ocrx_word' id='word_1_166' title='bbox 407 1980 599 2019; x_wconf 88' lang='lat' dir='ltr'>rectoribus,</span> <span class='ocrx_word' id='word_1_167' title='bbox 621 1978 782 2020; x_wconf 79' lang='lat' dir='ltr'>magistris</span> <span class='ocrx_word' id='word_1_168' title='bbox 801 2004 807 2016; x_wconf 92' lang='lat'>,</span> <span class='ocrx_word' id='word_1_169' title='bbox 838 1975 1022 2008; x_wconf 88' lang='lat' dir='ltr'>doctoribus</span> <span class='ocrx_word' id='word_1_170' title='bbox 1040 2000 1047 2013; x_wconf 90' lang='lat'>,</span> <span class='ocrx_word' id='word_1_171' title='bbox 1074 1984 1145 2016; x_wconf 80' lang='lat' dir='ltr'>gra-</span> 
     </span>
     <span class='ocr_line' id='line_1_36' title="bbox 409 2026 1143 2073; baseline -0.012 -7"><span class='ocrx_word' id='word_1_172' title='bbox 409 2033 526 2073; x_wconf 85' lang='lat' dir='ltr'>duatis‚</span> <span class='ocrx_word' id='word_1_173' title='bbox 544 2031 755 2071; x_wconf 80' lang='lat' dir='ltr'>scholaribus,</span> <span class='ocrx_word' id='word_1_174' title='bbox 778 2028 916 2068; x_wconf 80' lang='lat' dir='ltr'>decanis,</span> <span class='ocrx_word' id='word_1_175' title='bbox 933 2026 1143 2065; x_wconf 80' lang='lat' dir='ltr'>vicedecanis‚</span> 
     </span>
     <span class='ocr_line' id='line_1_37' title="bbox 409 2080 1144 2129; baseline -0.011 -10"><span class='ocrx_word' id='word_1_176' title='bbox 409 2085 641 2129; x_wconf 85' lang='lat' dir='ltr'>receptoribus,</span> <span class='ocrx_word' id='word_1_177' title='bbox 666 2082 932 2128; x_wconf 76' lang='lat' dir='ltr'>precuratoribus</span> <span class='ocrx_word' id='word_1_178' title='bbox 957 2080 1144 2119; x_wconf 89' lang='lat' dir='ltr'>nationum,</span> 
     </span>
     <span class='ocr_line' id='line_1_38' title="bbox 410 2134 1146 2181; baseline -0.011 -7"><span class='ocrx_word' id='word_1_179' title='bbox 410 2141 628 2181; x_wconf 84' lang='lat' dir='ltr'>facultatibus,</span> <span class='ocrx_word' id='word_1_180' title='bbox 654 2137 934 2172; x_wconf 78' lang='lat' dir='ltr'>conservatorilms</span> <span class='ocrx_word' id='word_1_181' title='bbox 960 2134 1146 2179; x_wconf 77' lang='lat' dir='ltr'>privilegio-</span> 
     </span>
     <span class='ocr_line' id='line_1_39' title="bbox 412 2187 1146 2236; baseline -0.011 -9"><span class='ocrx_word' id='word_1_182' title='bbox 412 2204 490 2233; x_wconf 93' lang='lat' dir='ltr'>rum,</span> <span class='ocrx_word' id='word_1_183' title='bbox 510 2205 545 2226; x_wconf 91' lang='lat' dir='ltr'>ac</span> <span class='ocrx_word' id='word_1_184' title='bbox 562 2192 736 2236; x_wconf 82' lang='lat' dir='ltr'>suppositis</span> <span class='ocrx_word' id='word_1_185' title='bbox 761 2197 792 2224; x_wconf 92' lang='lat' dir='ltr'>et</span> <span class='ocrx_word' id='word_1_186' title='bbox 816 2190 962 2234; x_wconf 83' lang='lat' dir='ltr'>personis</span> <span class='ocrx_word' id='word_1_187' title='bbox 988 2187 1146 2231; x_wconf 87' lang='lat' dir='ltr'>quibusli-</span> 
     </span>
     <span class='ocr_line' id='line_1_40' title="bbox 411 2241 1147 2288; baseline -0.012 -8"><span class='ocrx_word' id='word_1_188' title='bbox 411 2247 476 2287; x_wconf 87' lang='lat' dir='ltr'>bet,</span> <span class='ocrx_word' id='word_1_189' title='bbox 494 2247 602 2280; x_wconf 89' lang='lat' dir='ltr'>aliisve</span> <span class='ocrx_word' id='word_1_190' title='bbox 620 2245 782 2288; x_wconf 78' lang='lat' dir='ltr'>quibusvis</span> <span class='ocrx_word' id='word_1_191' title='bbox 802 2241 1046 2287; x_wconf 83' lang='lat' dir='ltr'>quomodolibet</span> <span class='ocrx_word' id='word_1_192' title='bbox 1066 2251 1147 2273; x_wconf 88' lang='lat' dir='ltr'>nun-</span> 
     </span>
     <span class='ocr_line' id='line_1_41' title="bbox 413 2297 1147 2344; baseline -0.011 -11"><span class='ocrx_word' id='word_1_193' title='bbox 413 2300 535 2344; x_wconf 89' lang='lat' dir='ltr'>cupatis</span> <span class='ocrx_word' id='word_1_194' title='bbox 564 2305 595 2332; x_wconf 89' lang='lat' dir='ltr'>et</span> <span class='ocrx_word' id='word_1_195' title='bbox 625 2297 838 2341; x_wconf 82' lang='lat' dir='ltr'>qualificatis,</span> <span class='ocrx_word' id='word_1_196' title='bbox 866 2307 925 2340; x_wconf 89' lang='lat' dir='ltr'>per</span> <span class='ocrx_word' id='word_1_197' title='bbox 952 2299 1147 2327; x_wconf 86' lang='lat' dir='ltr'>memoratos</span> 
     </span>
     <span class='ocr_line' id='line_1_42' title="bbox 413 2346 1146 2393; baseline -0.008 -9"><span class='ocrx_word' id='word_1_198' title='bbox 413 2352 582 2384; x_wconf 84' lang='lat' dir='ltr'>Martinum</span> <span class='ocrx_word' id='word_1_199' title='bbox 606 2351 639 2391; x_wconf 82' lang='lat' dir='ltr'>V,</span> <span class='ocrx_word' id='word_1_200' title='bbox 659 2350 836 2393; x_wconf 83' lang='lat' dir='ltr'>Eugenium</span> <span class='ocrx_word' id='word_1_201' title='bbox 861 2349 914 2389; x_wconf 81' lang='lat' dir='ltr'>lV,</span> <span class='ocrx_word' id='word_1_202' title='bbox 941 2349 1075 2380; x_wconf 86' lang='lat' dir='ltr'>Paulum</span> <span class='ocrx_word' id='word_1_203' title='bbox 1099 2346 1124 2378; x_wconf 95' lang='grc' dir='ltr'>ΙΙ</span> <span class='ocrx_word' id='word_1_204' title='bbox 1139 2373 1146 2385; x_wconf 87' lang='lat'>,</span> 
     </span>
     <span class='ocr_line' id='line_1_43' title="bbox 414 2399 1146 2443; baseline -0.008 -6"><span class='ocrx_word' id='word_1_205' title='bbox 414 2404 534 2437; x_wconf 78' lang='lat' dir='ltr'>Sixtum</span> <span class='ocrx_word' id='word_1_206' title='bbox 560 2404 607 2443; x_wconf 81' lang='lat' dir='ltr'>IV,</span> <span class='ocrx_word' id='word_1_207' title='bbox 639 2404 854 2436; x_wconf 77' lang='lat' dir='ltr'>Alexandrum</span> <span class='ocrx_word' id='word_1_208' title='bbox 879 2402 924 2441; x_wconf 86' lang='lat' dir='ltr'>VI,</span> <span class='ocrx_word' id='word_1_209' title='bbox 947 2401 1087 2433; x_wconf 86' lang='lat' dir='ltr'>Leonem</span> <span class='ocrx_word' id='word_1_210' title='bbox 1111 2399 1146 2439; x_wconf 74' lang='lat' dir='ltr'>X,</span> 
     </span>
     <span class='ocr_line' id='line_1_44' title="bbox 415 2453 1148 2497; baseline -0.007 -7"><span class='ocrx_word' id='word_1_211' title='bbox 415 2459 590 2491; x_wconf 80' lang='lat' dir='ltr'>Adrianum</span> <span class='ocrx_word' id='word_1_212' title='bbox 604 2458 648 2497; x_wconf 83' lang='lat' dir='ltr'>Vl,</span> <span class='ocrx_word' id='word_1_213' title='bbox 668 2457 863 2490; x_wconf 82' lang='lat' dir='ltr'>Clementem</span> <span class='ocrx_word' id='word_1_214' title='bbox 877 2456 935 2494; x_wconf 73' lang='lat' dir='ltr'>VH,</span> <span class='ocrx_word' id='word_1_215' title='bbox 954 2455 1084 2497; x_wconf 81' lang='lat' dir='ltr'>Paulum</span> <span class='ocrx_word' id='word_1_216' title='bbox 1099 2453 1148 2492; x_wconf 91' lang='lat' dir='ltr'>Ill,</span> 
     </span>
     <span class='ocr_line' id='line_1_45' title="bbox 416 2506 1147 2552; baseline -0.008 -8"><span class='ocrx_word' id='word_1_217' title='bbox 416 2512 507 2544; x_wconf 90' lang='lat' dir='ltr'>Pium</span> <span class='ocrx_word' id='word_1_218' title='bbox 531 2511 576 2551; x_wconf 85' lang='lat' dir='ltr'>IV,</span> <span class='ocrx_word' id='word_1_219' title='bbox 595 2510 784 2552; x_wconf 73' lang='lat' dir='ltr'>Gregorium</span> <span class='ocrx_word' id='word_1_220' title='bbox 809 2510 874 2542; x_wconf 75' lang='lat' dir='ltr'>Xlll</span> <span class='ocrx_word' id='word_1_221' title='bbox 900 2514 931 2544; x_wconf 85' lang='lat' dir='ltr'>et</span> <span class='ocrx_word' id='word_1_222' title='bbox 954 2509 1088 2541; x_wconf 82' lang='lat' dir='ltr'>Paulum</span> <span class='ocrx_word' id='word_1_223' title='bbox 1112 2506 1147 2547; x_wconf 77' lang='lat' dir='ltr'>V,</span> 
     </span>
     <span class='ocr_line' id='line_1_46' title="bbox 416 2562 1150 2608; baseline -0.008 -10"><span class='ocrx_word' id='word_1_224' title='bbox 416 2566 559 2608; x_wconf 88' lang='lat' dir='ltr'>aliosque</span> <span class='ocrx_word' id='word_1_225' title='bbox 578 2565 685 2597; x_wconf 78' lang='lat' dir='ltr'>forsan</span> <span class='ocrx_word' id='word_1_226' title='bbox 698 2564 859 2596; x_wconf 77' lang='lat' dir='ltr'>Romanos</span> <span class='ocrx_word' id='word_1_227' title='bbox 874 2562 1043 2595; x_wconf 77' lang='lat' dir='ltr'>Pontifices</span> <span class='ocrx_word' id='word_1_228' title='bbox 1061 2570 1150 2604; x_wconf 85' lang='lat' dir='ltr'>prae·</span> 
     </span>
    </p>
   </div>
   <div class='ocr_carea' id='block_1_4' title="bbox 448 2632 995 2719">
    <p class='ocr_par' dir='ltr' id='par_1_4' title="bbox 448 2632 995 2719">
     <span class='ocr_line' id='line_1_47' title="bbox 453 2632 995 2668; baseline -0.004 -6"><span class='ocrx_word' id='word_1_229' title='bbox 453 2638 464 2662; x_wconf 84' lang='lat'>1</span> <span class='ocrx_word' id='word_1_230' title='bbox 488 2636 586 2662; x_wconf 70' lang='lat' dir='ltr'>Vocem</span> <span class='ocrx_word' id='word_1_231' title='bbox 603 2634 676 2662; x_wconf 79' lang='lat' dir='ltr'>iuris</span> <span class='ocrx_word' id='word_1_232' title='bbox 692 2642 739 2660; x_wconf 88' lang='lat' dir='ltr'>nos</span> <span class='ocrx_word' id='word_1_233' title='bbox 755 2633 877 2660; x_wconf 84' lang='lat' dir='ltr'>addimus</span> <span class='ocrx_word' id='word_1_234' title='bbox 891 2636 929 2666; x_wconf 83' lang='lat' dir='ltr'>(n.</span> <span class='ocrx_word' id='word_1_235' title='bbox 947 2632 995 2668; x_wconf 65' lang='lat' dir='ltr'>r).</span> 
     </span>
     <span class='ocr_line' id='line_1_48' title="bbox 448 2678 928 2719; baseline -0.01 -12"><span class='ocrx_word' id='word_1_236' title='bbox 448 2680 468 2719; x_wconf 50' lang='grc' dir='ltr'>β</span> <span class='ocrx_word' id='word_1_237' title='bbox 488 2680 568 2707; x_wconf 80' lang='lat' dir='ltr'>Deest</span> <span class='ocrx_word' id='word_1_238' title='bbox 583 2680 623 2706; x_wconf 87' lang='lat' dir='ltr'>vel</span> <span class='ocrx_word' id='word_1_239' title='bbox 637 2678 809 2714; x_wconf 73' lang='lat' dir='ltr'>specialibus</span> <span class='ocrx_word' id='word_1_240' title='bbox 825 2684 864 2712; x_wconf 64' lang='lat' dir='ltr'>tn.</span> <span class='ocrx_word' id='word_1_241' title='bbox 881 2679 928 2711; x_wconf 58' lang='lat' dir='ltr'>in).</span> 
     </span>
    </p>
   </div>
   <div class='ocr_carea' id='block_1_5' title="bbox 982 279 1337 305">
    <p class='ocr_par' dir='ltr' id='par_1_5' title="bbox 982 279 1337 305">
     <span class='ocr_line' id='line_1_49' title="bbox 982 279 1337 305; baseline -0.008 0"><span class='ocrx_word' id='word_1_242' title='bbox 982 280 1163 305; x_wconf 59' lang='lat' dir='ltr'>nummum</span> <span class='ocrx_word' id='word_1_243' title='bbox 1187 279 1337 303; x_wconf 65' lang='lat' dir='ltr'>ROMANUM</span> 
     </span>
    </p>
   </div>
   <div class='ocr_carea' id='block_1_6' title="bbox 1178 325 1914 525">
    <p class='ocr_par' dir='ltr' id='par_1_6' title="bbox 1178 325 1914 525">
     <span class='ocr_line' id='line_1_50' title="bbox 1179 325 1910 369; baseline -0.003 -10"><span class='ocrx_word' id='word_1_244' title='bbox 1179 328 1364 360; x_wconf 81' lang='lat' dir='ltr'>decessores</span> <span class='ocrx_word' id='word_1_245' title='bbox 1378 331 1516 364; x_wconf 86' lang='lat' dir='ltr'>nostros,</span> <span class='ocrx_word' id='word_1_246' title='bbox 1533 331 1561 358; x_wconf 90' lang='lat' dir='ltr'>et</span> <span class='ocrx_word' id='word_1_247' title='bbox 1576 325 1690 358; x_wconf 82' lang='lat' dir='ltr'>Sedern</span> <span class='ocrx_word' id='word_1_248' title='bbox 1707 325 1910 369; x_wconf 77' lang='lat' dir='ltr'>praedictam,</span> 
     </span>
     <span class='ocr_line' id='line_1_51' title="bbox 1179 378 1914 422; baseline 0 -11"><span class='ocrx_word' id='word_1_249' title='bbox 1179 378 1275 411; x_wconf 79' lang='lat' dir='ltr'>etiam</span> <span class='ocrx_word' id='word_1_250' title='bbox 1300 383 1399 418; x_wconf 84' lang='lat' dir='ltr'>motu,</span> <span class='ocrx_word' id='word_1_251' title='bbox 1422 378 1555 410; x_wconf 78' lang='lat' dir='ltr'>seientia</span> <span class='ocrx_word' id='word_1_252' title='bbox 1574 383 1605 410; x_wconf 85' lang='lat' dir='ltr'>et</span> <span class='ocrx_word' id='word_1_253' title='bbox 1620 379 1786 421; x_wconf 86' lang='lat' dir='ltr'>potestatis</span> <span class='ocrx_word' id='word_1_254' title='bbox 1814 378 1914 422; x_wconf 85' lang='lat' dir='ltr'>pleni-</span> 
     </span>
     <span class='ocr_line' id='line_1_52' title="bbox 1178 431 1913 475; baseline 0.003 -12"><span class='ocrx_word' id='word_1_255' title='bbox 1178 432 1288 464; x_wconf 85' lang='lat' dir='ltr'>tudine</span> <span class='ocrx_word' id='word_1_256' title='bbox 1319 431 1458 474; x_wconf 84' lang='lat' dir='ltr'>paribus,</span> <span class='ocrx_word' id='word_1_257' title='bbox 1481 442 1534 464; x_wconf 84' lang='lat' dir='ltr'>seu</span> <span class='ocrx_word' id='word_1_258' title='bbox 1560 431 1653 463; x_wconf 85' lang='lat' dir='ltr'>etiam</span> <span class='ocrx_word' id='word_1_259' title='bbox 1680 431 1720 464; x_wconf 87' lang='lat' dir='ltr'>ad</span> <span class='ocrx_word' id='word_1_260' title='bbox 1744 432 1913 475; x_wconf 83' lang='lat' dir='ltr'>imperato-</span> 
     </span>
     <span class='ocr_line' id='line_1_53' title="bbox 1178 483 1910 525; baseline 0.004 -11"><span class='ocrx_word' id='word_1_261' title='bbox 1178 495 1264 523; x_wconf 87' lang='lat' dir='ltr'>rum,</span> <span class='ocrx_word' id='word_1_262' title='bbox 1290 494 1422 525; x_wconf 70' lang='lat' dir='ltr'>regum,</span> <span class='ocrx_word' id='word_1_263' title='bbox 1448 483 1630 525; x_wconf 74' lang='lat' dir='ltr'>reginarum</span> <span class='ocrx_word' id='word_1_264' title='bbox 1645 511 1652 523; x_wconf 92' lang='lat'>,</span> <span class='ocrx_word' id='word_1_265' title='bbox 1678 483 1886 517; x_wconf 86' lang='lat' dir='ltr'>archiducum</span> <span class='ocrx_word' id='word_1_266' title='bbox 1902 512 1910 525; x_wconf 89' lang='lat'>,</span> 
     </span>
    </p>
   </div>
   <div class='ocr_carea' id='block_1_7' title="bbox 1156 536 1913 578">
    <p class='ocr_par' dir='ltr' id='par_1_7' title="bbox 1156 536 1913 578">
     <span class='ocr_line' id='line_1_54' title="bbox 1156 536 1913 578; baseline 0.003 -10"><span class='ocrx_word' id='word_1_267' title='bbox 1156 537 1294 569; x_wconf 77' lang='lat' dir='ltr'>.ducum</span> <span class='ocrx_word' id='word_1_268' title='bbox 1326 541 1357 568; x_wconf 92' lang='lat' dir='ltr'>et</span> <span class='ocrx_word' id='word_1_269' title='bbox 1389 536 1528 568; x_wconf 85' lang='lat' dir='ltr'>aliorum</span> <span class='ocrx_word' id='word_1_270' title='bbox 1560 536 1760 578; x_wconf 84' lang='lat' dir='ltr'>principum,</span> <span class='ocrx_word' id='word_1_271' title='bbox 1786 547 1913 570; x_wconf 87' lang='lat' dir='ltr'>necnon</span> 
     </span>
    </p>
   </div>
   <div class='ocr_carea' id='block_1_8' title="bbox 1176 588 1926 2535">
    <p class='ocr_par' dir='ltr' id='par_1_8' title="bbox 1176 588 1926 2535">
     <span class='ocr_line' id='line_1_55' title="bbox 1178 588 1912 632; baseline 0.001 -11"><span class='ocrx_word' id='word_1_272' title='bbox 1178 589 1208 621; x_wconf 83' lang='lat' dir='ltr'>S.</span> <span class='ocrx_word' id='word_1_273' title='bbox 1227 589 1264 621; x_wconf 79' lang='lat' dir='ltr'>R.</span> <span class='ocrx_word' id='word_1_274' title='bbox 1285 589 1318 621; x_wconf 84' lang='lat' dir='ltr'>E.</span> <span class='ocrx_word' id='word_1_275' title='bbox 1342 588 1567 628; x_wconf 84' lang='lat' dir='ltr'>cardinalium,</span> <span class='ocrx_word' id='word_1_276' title='bbox 1583 589 1912 632; x_wconf 84' lang='lat' dir='ltr'>archiepiscoporum,</span> 
     </span>
     <span class='ocr_line' id='line_1_56' title="bbox 1179 642 1916 686; baseline 0.001 -11"><span class='ocrx_word' id='word_1_277' title='bbox 1179 642 1427 685; x_wconf 81' lang='lat' dir='ltr'>episcoporum,</span> <span class='ocrx_word' id='word_1_278' title='bbox 1462 642 1664 685; x_wconf 83' lang='lat' dir='ltr'>aliorumque</span> <span class='ocrx_word' id='word_1_279' title='bbox 1699 643 1916 686; x_wconf 82' lang='lat' dir='ltr'>quorumlibet</span> 
     </span>
     <span class='ocr_line' id='line_1_57' title="bbox 1178 694 1916 738; baseline 0.003 -12"><span class='ocrx_word' id='word_1_280' title='bbox 1178 694 1287 737; x_wconf 87' lang='lat' dir='ltr'>quavis</span> <span class='ocrx_word' id='word_1_281' title='bbox 1313 695 1529 728; x_wconf 80' lang='lat' dir='ltr'>ecclesiastica</span> <span class='ocrx_word' id='word_1_282' title='bbox 1552 696 1601 728; x_wconf 89' lang='lat' dir='ltr'>vel</span> <span class='ocrx_word' id='word_1_283' title='bbox 1626 696 1788 728; x_wconf 76' lang='lat' dir='ltr'>mundana</span> <span class='ocrx_word' id='word_1_284' title='bbox 1816 696 1916 738; x_wconf 83' lang='lat' dir='ltr'>digni-</span> 
     </span>
     <span class='ocr_line' id='line_1_58' title="bbox 1178 748 1916 791; baseline 0 -11"><span class='ocrx_word' id='word_1_285' title='bbox 1178 753 1250 787; x_wconf 86' lang='lat' dir='ltr'>tate,</span> <span class='ocrx_word' id='word_1_286' title='bbox 1276 748 1506 790; x_wconf 77' lang='lat' dir='ltr'>praecellentia</span> <span class='ocrx_word' id='word_1_287' title='bbox 1538 752 1569 780; x_wconf 89' lang='lat' dir='ltr'>et</span> <span class='ocrx_word' id='word_1_288' title='bbox 1600 752 1757 791; x_wconf 81' lang='lat' dir='ltr'>potestate</span> <span class='ocrx_word' id='word_1_289' title='bbox 1791 748 1916 790; x_wconf 80' lang='lat' dir='ltr'>fulgen-</span> 
     </span>
     <span class='ocr_line' id='line_1_59' title="bbox 1178 800 1914 841; baseline 0.003 -9"><span class='ocrx_word' id='word_1_290' title='bbox 1178 800 1256 832; x_wconf 87' lang='lat' dir='ltr'>tium</span> <span class='ocrx_word' id='word_1_291' title='bbox 1276 801 1536 841; x_wconf 83' lang='lat' dir='ltr'>instantiam,seu</span> <span class='ocrx_word' id='word_1_292' title='bbox 1553 811 1662 833; x_wconf 81' lang='lat' dir='ltr'>eorum</span> <span class='ocrx_word' id='word_1_293' title='bbox 1682 800 1914 834; x_wconf 84' lang='lat' dir='ltr'>intercessione</span> 
     </span>
     <span class='ocr_line' id='line_1_60' title="bbox 1177 853 1917 896; baseline 0.003 -11"><span class='ocrx_word' id='word_1_294' title='bbox 1177 855 1226 886; x_wconf 94' lang='lat' dir='ltr'>vel</span> <span class='ocrx_word' id='word_1_295' title='bbox 1252 853 1535 896; x_wconf 88' lang='lat' dir='ltr'>contemplatione,</span> <span class='ocrx_word' id='word_1_296' title='bbox 1562 854 1620 886; x_wconf 90' lang='lat' dir='ltr'>sub</span> <span class='ocrx_word' id='word_1_297' title='bbox 1650 853 1816 896; x_wconf 87' lang='lat' dir='ltr'>quibusvis</span> <span class='ocrx_word' id='word_1_298' title='bbox 1846 864 1917 887; x_wconf 85' lang='lat' dir='ltr'>ver-</span> 
     </span>
     <span class='ocr_line' id='line_1_61' title="bbox 1178 905 1916 949; baseline 0.003 -12"><span class='ocrx_word' id='word_1_299' title='bbox 1178 906 1293 938; x_wconf 89' lang='lat' dir='ltr'>borum</span> <span class='ocrx_word' id='word_1_300' title='bbox 1318 905 1445 945; x_wconf 78' lang='lat' dir='ltr'>formis,</span> <span class='ocrx_word' id='word_1_301' title='bbox 1472 917 1508 938; x_wconf 86' lang='lat' dir='ltr'>ac</span> <span class='ocrx_word' id='word_1_302' title='bbox 1532 916 1602 938; x_wconf 87' lang='lat' dir='ltr'>eum</span> <span class='ocrx_word' id='word_1_303' title='bbox 1628 906 1794 949; x_wconf 77' lang='lat' dir='ltr'>quibusvis</span> <span class='ocrx_word' id='word_1_304' title='bbox 1820 906 1916 939; x_wconf 86' lang='lat' dir='ltr'>etiam</span> 
     </span>
     <span class='ocr_line' id='line_1_62' title="bbox 1179 958 1916 1001; baseline 0.001 -10"><span class='ocrx_word' id='word_1_305' title='bbox 1179 958 1460 1001; x_wconf 79' lang='lat' dir='ltr'>derogatoriarum</span> <span class='ocrx_word' id='word_1_306' title='bbox 1486 959 1712 1001; x_wconf 75' lang='lat' dir='ltr'>derogatoriis,</span> <span class='ocrx_word' id='word_1_307' title='bbox 1731 960 1848 992; x_wconf 85' lang='lat' dir='ltr'>mentis</span> <span class='ocrx_word' id='word_1_308' title='bbox 1869 965 1916 992; x_wconf 86' lang='lat' dir='ltr'>at-</span> 
     </span>
     <span class='ocr_line' id='line_1_63' title="bbox 1180 1011 1916 1055; baseline 0.001 -11"><span class='ocrx_word' id='word_1_309' title='bbox 1180 1012 1347 1051; x_wconf 85' lang='lat' dir='ltr'>testativis,</span> <span class='ocrx_word' id='word_1_310' title='bbox 1364 1011 1563 1052; x_wconf 80' lang='lat' dir='ltr'>restitutivis‚</span> <span class='ocrx_word' id='word_1_311' title='bbox 1578 1012 1792 1055; x_wconf 87' lang='lat' dir='ltr'>posteriorem</span> <span class='ocrx_word' id='word_1_312' title='bbox 1811 1013 1916 1045; x_wconf 87' lang='lat' dir='ltr'>datam</span> 
     </span>
     <span class='ocr_line' id='line_1_64' title="bbox 1179 1066 1918 1108; baseline -0.001 -9"><span class='ocrx_word' id='word_1_313' title='bbox 1179 1066 1321 1108; x_wconf 78' lang='lat' dir='ltr'>eligendi</span> <span class='ocrx_word' id='word_1_314' title='bbox 1341 1066 1536 1105; x_wconf 79' lang='lat' dir='ltr'>facultatem,</span> <span class='ocrx_word' id='word_1_315' title='bbox 1554 1076 1647 1108; x_wconf 88' lang='lat' dir='ltr'>quam</span> <span class='ocrx_word' id='word_1_316' title='bbox 1666 1066 1788 1098; x_wconf 90' lang='lat' dir='ltr'>nemini</span> <span class='ocrx_word' id='word_1_317' title='bbox 1806 1072 1918 1099; x_wconf 85' lang='lat' dir='ltr'>contra</span> 
     </span>
     <span class='ocr_line' id='line_1_65' title="bbox 1179 1118 1916 1162; baseline 0 -11"><span class='ocrx_word' id='word_1_318' title='bbox 1179 1124 1369 1162; x_wconf 87' lang='lat' dir='ltr'>praesentes</span> <span class='ocrx_word' id='word_1_319' title='bbox 1398 1119 1522 1152; x_wconf 87' lang='lat' dir='ltr'>litteras</span> <span class='ocrx_word' id='word_1_320' title='bbox 1559 1118 1725 1161; x_wconf 74' lang='lat' dir='ltr'>suffragari</span> <span class='ocrx_word' id='word_1_321' title='bbox 1760 1120 1916 1159; x_wconf 84' lang='lat' dir='ltr'>volumus,</span> 
     </span>
     <span class='ocr_line' id='line_1_66' title="bbox 1176 1170 1918 1214; baseline -0.003 -7"><span class='ocrx_word' id='word_1_322' title='bbox 1176 1172 1435 1211; x_wconf 65' lang='lat' dir='ltr'>continentibus,</span> <span class='ocrx_word' id='word_1_323' title='bbox 1456 1171 1591 1214; x_wconf 87' lang='lat' dir='ltr'>aliisque</span> <span class='ocrx_word' id='word_1_324' title='bbox 1612 1170 1857 1212; x_wconf 82' lang='lat' dir='ltr'>efficacioribus,</span> <span class='ocrx_word' id='word_1_325' title='bbox 1878 1172 1918 1205; x_wconf 76' lang='lat' dir='ltr'>es·</span> 
     </span>
     <span class='ocr_line' id='line_1_67' title="bbox 1180 1224 1920 1258; baseline 0.001 -2"><span class='ocrx_word' id='word_1_326' title='bbox 1180 1224 1376 1257; x_wconf 74' lang='lat' dir='ltr'>sicacissimis</span> <span class='ocrx_word' id='word_1_327' title='bbox 1402 1229 1432 1256; x_wconf 88' lang='lat' dir='ltr'>et</span> <span class='ocrx_word' id='word_1_328' title='bbox 1457 1224 1596 1257; x_wconf 89' lang='lat' dir='ltr'>insolitis</span> <span class='ocrx_word' id='word_1_329' title='bbox 1630 1225 1779 1257; x_wconf 83' lang='lat' dir='ltr'>clausulis</span> <span class='ocrx_word' id='word_1_330' title='bbox 1811 1230 1842 1258; x_wconf 88' lang='lat' dir='ltr'>et</span> <span class='ocrx_word' id='word_1_331' title='bbox 1866 1225 1920 1257; x_wconf 90' lang='lat' dir='ltr'>de-</span> 
     </span>
     <span class='ocr_line' id='line_1_68' title="bbox 1181 1278 1918 1320; baseline -0.001 -9"><span class='ocrx_word' id='word_1_332' title='bbox 1181 1279 1288 1318; x_wconf 86' lang='lat' dir='ltr'>cretis,</span> <span class='ocrx_word' id='word_1_333' title='bbox 1308 1279 1403 1312; x_wconf 86' lang='lat' dir='ltr'>etiam</span> <span class='ocrx_word' id='word_1_334' title='bbox 1428 1278 1639 1313; x_wconf 77' lang='lat' dir='ltr'>irritantibus,</span> <span class='ocrx_word' id='word_1_335' title='bbox 1666 1278 1698 1310; x_wconf 88' lang='lat' dir='ltr'>in</span> <span class='ocrx_word' id='word_1_336' title='bbox 1725 1288 1843 1320; x_wconf 77' lang='lat' dir='ltr'>genere</span> <span class='ocrx_word' id='word_1_337' title='bbox 1868 1278 1918 1310; x_wconf 91' lang='lat' dir='ltr'>vel</span> 
     </span>
     <span class='ocr_line' id='line_1_69' title="bbox 1181 1331 1921 1375; baseline -0.001 -11"><span class='ocrx_word' id='word_1_338' title='bbox 1181 1332 1213 1364; x_wconf 82' lang='lat' dir='ltr'>in</span> <span class='ocrx_word' id='word_1_339' title='bbox 1231 1332 1350 1375; x_wconf 84' lang='lat' dir='ltr'>specie,</span> <span class='ocrx_word' id='word_1_340' title='bbox 1365 1342 1422 1364; x_wconf 86' lang='lat' dir='ltr'>seu</span> <span class='ocrx_word' id='word_1_341' title='bbox 1441 1331 1519 1364; x_wconf 74' lang='lat' dir='ltr'>alias</span> <span class='ocrx_word' id='word_1_342' title='bbox 1534 1331 1779 1374; x_wconf 88' lang='lat' dir='ltr'>quomodolibet</span> <span class='ocrx_word' id='word_1_343' title='bbox 1796 1331 1829 1364; x_wconf 90' lang='lat' dir='ltr'>in</span> <span class='ocrx_word' id='word_1_344' title='bbox 1847 1342 1921 1364; x_wconf 89' lang='lat' dir='ltr'>con-</span> 
     </span>
     <span class='ocr_line' id='line_1_70' title="bbox 1183 1384 1920 1428; baseline 0 -11"><span class='ocrx_word' id='word_1_345' title='bbox 1183 1385 1313 1417; x_wconf 88' lang='lat' dir='ltr'>trarium</span> <span class='ocrx_word' id='word_1_346' title='bbox 1327 1384 1576 1428; x_wconf 84' lang='lat' dir='ltr'>praemissorum</span> <span class='ocrx_word' id='word_1_347' title='bbox 1591 1384 1763 1424; x_wconf 84' lang='lat' dir='ltr'>concessis,</span> <span class='ocrx_word' id='word_1_348' title='bbox 1777 1395 1813 1417; x_wconf 90' lang='lat' dir='ltr'>ac</span> <span class='ocrx_word' id='word_1_349' title='bbox 1824 1385 1920 1417; x_wconf 89' lang='lat' dir='ltr'>etiam</span> 
     </span>
     <span class='ocr_line' id='line_1_71' title="bbox 1183 1437 1921 1482; baseline -0.001 -11"><span class='ocrx_word' id='word_1_350' title='bbox 1183 1439 1304 1482; x_wconf 89' lang='lat' dir='ltr'>pluries</span> <span class='ocrx_word' id='word_1_351' title='bbox 1323 1444 1351 1471; x_wconf 86' lang='lat' dir='ltr'>et</span> <span class='ocrx_word' id='word_1_352' title='bbox 1379 1438 1645 1481; x_wconf 86' lang='lat' dir='ltr'>quantiscumque</span> <span class='ocrx_word' id='word_1_353' title='bbox 1670 1437 1792 1470; x_wconf 81' lang='lat' dir='ltr'>vicibus</span> <span class='ocrx_word' id='word_1_354' title='bbox 1809 1437 1921 1470; x_wconf 78' lang='lat' dir='ltr'>contir-</span> 
     </span>
     <span class='ocr_line' id='line_1_72' title="bbox 1183 1490 1919 1534; baseline -0.003 -10"><span class='ocrx_word' id='word_1_355' title='bbox 1183 1491 1289 1531; x_wconf 83' lang='lat' dir='ltr'>matis,</span> <span class='ocrx_word' id='word_1_356' title='bbox 1321 1491 1524 1534; x_wconf 86' lang='lat' dir='ltr'>approbatis,</span> <span class='ocrx_word' id='word_1_357' title='bbox 1559 1490 1682 1523; x_wconf 85' lang='lat' dir='ltr'>iteratis</span> <span class='ocrx_word' id='word_1_358' title='bbox 1707 1496 1738 1523; x_wconf 89' lang='lat' dir='ltr'>et</span> <span class='ocrx_word' id='word_1_359' title='bbox 1761 1490 1919 1523; x_wconf 85' lang='lat' dir='ltr'>innovatis</span> 
     </span>
     <span class='ocr_line' id='line_1_73' title="bbox 1185 1542 1921 1587; baseline -0.001 -11"><span class='ocrx_word' id='word_1_360' title='bbox 1185 1544 1324 1587; x_wconf 86' lang='lat' dir='ltr'>(etiamsi</span> <span class='ocrx_word' id='word_1_361' title='bbox 1350 1544 1382 1576; x_wconf 90' lang='lat' dir='ltr'>in</span> <span class='ocrx_word' id='word_1_362' title='bbox 1408 1544 1531 1576; x_wconf 82' lang='lat' dir='ltr'>eisdem</span> <span class='ocrx_word' id='word_1_363' title='bbox 1556 1543 1671 1576; x_wconf 86' lang='lat' dir='ltr'>litteris</span> <span class='ocrx_word' id='word_1_364' title='bbox 1690 1542 1776 1576; x_wconf 85' lang='lat' dir='ltr'>inter</span> <span class='ocrx_word' id='word_1_365' title='bbox 1793 1543 1854 1576; x_wconf 85' lang='lat' dir='ltr'>alia</span> <span class='ocrx_word' id='word_1_366' title='bbox 1872 1553 1921 1575; x_wconf 86' lang='lat' dir='ltr'>ca-</span> 
     </span>
     <span class='ocr_line' id='line_1_74' title="bbox 1184 1595 1921 1639; baseline -0.001 -11"><span class='ocrx_word' id='word_1_367' title='bbox 1184 1602 1293 1629; x_wconf 86' lang='lat' dir='ltr'>veatur</span> <span class='ocrx_word' id='word_1_368' title='bbox 1317 1607 1467 1639; x_wconf 82' lang='lat' dir='ltr'>expresse</span> <span class='ocrx_word' id='word_1_369' title='bbox 1487 1596 1571 1638; x_wconf 90' lang='lat' dir='ltr'>quod</span> <span class='ocrx_word' id='word_1_370' title='bbox 1589 1595 1650 1628; x_wconf 90' lang='lat' dir='ltr'>illis</span> <span class='ocrx_word' id='word_1_371' title='bbox 1671 1606 1730 1638; x_wconf 86' lang='lat' dir='ltr'>per</span> <span class='ocrx_word' id='word_1_372' title='bbox 1755 1605 1921 1638; x_wconf 86' lang='lat' dir='ltr'>quascum-</span> 
     </span>
     <span class='ocr_line' id='line_1_75' title="bbox 1185 1648 1920 1692; baseline -0.001 -11"><span class='ocrx_word' id='word_1_373' title='bbox 1185 1660 1245 1692; x_wconf 89' lang='lat' dir='ltr'>que</span> <span class='ocrx_word' id='word_1_374' title='bbox 1271 1649 1466 1692; x_wconf 83' lang='lat' dir='ltr'>apostolicas</span> <span class='ocrx_word' id='word_1_375' title='bbox 1493 1648 1589 1681; x_wconf 84' lang='lat' dir='ltr'>etiam</span> <span class='ocrx_word' id='word_1_376' title='bbox 1616 1648 1648 1680; x_wconf 90' lang='lat' dir='ltr'>in</span> <span class='ocrx_word' id='word_1_377' title='bbox 1676 1648 1777 1681; x_wconf 80' lang='lat' dir='ltr'>forma</span> <span class='ocrx_word' id='word_1_378' title='bbox 1810 1648 1920 1681; x_wconf 85' lang='lat' dir='ltr'>Brevis</span> 
     </span>
     <span class='ocr_line' id='line_1_76' title="bbox 1186 1701 1921 1744; baseline -0.003 -9"><span class='ocrx_word' id='word_1_379' title='bbox 1186 1708 1217 1736; x_wconf 87' lang='lat' dir='ltr'>et</span> <span class='ocrx_word' id='word_1_380' title='bbox 1236 1703 1294 1734; x_wconf 85' lang='lat' dir='ltr'>sub</span> <span class='ocrx_word' id='word_1_381' title='bbox 1319 1701 1450 1734; x_wconf 90' lang='lat' dir='ltr'>nomine</span> <span class='ocrx_word' id='word_1_382' title='bbox 1468 1711 1612 1733; x_wconf 88' lang='lat' dir='ltr'>camerae</span> <span class='ocrx_word' id='word_1_383' title='bbox 1639 1701 1837 1744; x_wconf 74' lang='lat' dir='ltr'>apestolicae</span> <span class='ocrx_word' id='word_1_384' title='bbox 1863 1711 1921 1744; x_wconf 89' lang='lat' dir='ltr'>pro</span> 
     </span>
     <span class='ocr_line' id='line_1_77' title="bbox 1186 1753 1921 1798; baseline -0.003 -10"><span class='ocrx_word' id='word_1_385' title='bbox 1186 1761 1332 1798; x_wconf 87' lang='lat' dir='ltr'>tempore</span> <span class='ocrx_word' id='word_1_386' title='bbox 1369 1753 1557 1798; x_wconf 77' lang='lat' dir='ltr'>expeditaS,</span> <span class='ocrx_word' id='word_1_387' title='bbox 1597 1764 1655 1786; x_wconf 92' lang='lat' dir='ltr'>seu</span> <span class='ocrx_word' id='word_1_388' title='bbox 1692 1753 1793 1786; x_wconf 89' lang='lat' dir='ltr'>dictae</span> <span class='ocrx_word' id='word_1_389' title='bbox 1830 1753 1921 1786; x_wconf 85' lang='lat' dir='ltr'>Sedis</span> 
     </span>
     <span class='ocr_line' id='line_1_78' title="bbox 1186 1806 1923 1851; baseline -0.003 -11"><span class='ocrx_word' id='word_1_390' title='bbox 1186 1808 1319 1851; x_wconf 86' lang='lat' dir='ltr'>eiusque</span> <span class='ocrx_word' id='word_1_391' title='bbox 1346 1809 1523 1850; x_wconf 80' lang='lat' dir='ltr'>legatorum</span> <span class='ocrx_word' id='word_1_392' title='bbox 1549 1813 1604 1840; x_wconf 88' lang='lat' dir='ltr'>aut</span> <span class='ocrx_word' id='word_1_393' title='bbox 1620 1807 1812 1839; x_wconf 86' lang='lat' dir='ltr'>nunciorum</span> <span class='ocrx_word' id='word_1_394' title='bbox 1838 1806 1923 1839; x_wconf 89' lang='lat' dir='ltr'>litte-</span> 
     </span>
     <span class='ocr_line' id='line_1_79' title="bbox 1185 1860 1924 1904; baseline -0.003 -10"><span class='ocrx_word' id='word_1_395' title='bbox 1185 1860 1268 1901; x_wconf 73' lang='lat' dir='ltr'>ras&#39;,</span> <span class='ocrx_word' id='word_1_396' title='bbox 1287 1862 1380 1894; x_wconf 86' lang='lat' dir='ltr'>etiam</span> <span class='ocrx_word' id='word_1_397' title='bbox 1403 1861 1565 1904; x_wconf 87' lang='lat' dir='ltr'>quaslibet</span> <span class='ocrx_word' id='word_1_398' title='bbox 1583 1861 1752 1903; x_wconf 78' lang='lat' dir='ltr'>generales</span> <span class='ocrx_word' id='word_1_399' title='bbox 1775 1861 1825 1893; x_wconf 91' lang='lat' dir='ltr'>vel</span> <span class='ocrx_word' id='word_1_400' title='bbox 1851 1870 1924 1903; x_wconf 88' lang='lat' dir='ltr'>spe-</span> 
     </span>
     <span class='ocr_line' id='line_1_80' title="bbox 1186 1914 1923 1956; baseline -0.003 -9"><span class='ocrx_word' id='word_1_401' title='bbox 1186 1915 1297 1954; x_wconf 80' lang='lat' dir='ltr'>ciales,</span> <span class='ocrx_word' id='word_1_402' title='bbox 1329 1914 1424 1947; x_wconf 87' lang='lat' dir='ltr'>etiam</span> <span class='ocrx_word' id='word_1_403' title='bbox 1451 1914 1728 1956; x_wconf 78' lang='lat' dir='ltr'>derogatoriarum</span> <span class='ocrx_word' id='word_1_404' title='bbox 1755 1914 1923 1956; x_wconf 81' lang='lat' dir='ltr'>derogato-</span> 
     </span>
     <span class='ocr_line' id='line_1_81' title="bbox 1186 1967 1923 2010; baseline -0.003 -9"><span class='ocrx_word' id='word_1_405' title='bbox 1186 1969 1270 2007; x_wconf 83' lang='lat' dir='ltr'>rias,</span> <span class='ocrx_word' id='word_1_406' title='bbox 1304 1968 1447 2010; x_wconf 88' lang='lat' dir='ltr'>aliasque</span> <span class='ocrx_word' id='word_1_407' title='bbox 1485 1967 1680 2000; x_wconf 81' lang='lat' dir='ltr'>efficaciores</span> <span class='ocrx_word' id='word_1_408' title='bbox 1715 1972 1747 2000; x_wconf 89' lang='lat' dir='ltr'>et</span> <span class='ocrx_word' id='word_1_409' title='bbox 1778 1967 1923 2000; x_wconf 85' lang='lat' dir='ltr'>insolitas</span> 
     </span>
     <span class='ocr_line' id='line_1_82' title="bbox 1187 2020 1924 2060; baseline -0.001 -6"><span class='ocrx_word' id='word_1_410' title='bbox 1187 2023 1365 2060; x_wconf 87' lang='lat' dir='ltr'>clausulas,</span> <span class='ocrx_word' id='word_1_411' title='bbox 1389 2031 1514 2054; x_wconf 88' lang='lat' dir='ltr'>necnon</span> <span class='ocrx_word' id='word_1_412' title='bbox 1541 2020 1700 2053; x_wconf 86' lang='lat' dir='ltr'>irritantia</span> <span class='ocrx_word' id='word_1_413' title='bbox 1724 2026 1754 2053; x_wconf 92' lang='lat' dir='ltr'>et</span> <span class='ocrx_word' id='word_1_414' title='bbox 1779 2021 1842 2053; x_wconf 87' lang='lat' dir='ltr'>alia</span> <span class='ocrx_word' id='word_1_415' title='bbox 1869 2021 1924 2053; x_wconf 89' lang='lat' dir='ltr'>de-</span> 
     </span>
     <span class='ocr_line' id='line_1_83' title="bbox 1187 2072 1924 2116; baseline -0.004 -8"><span class='ocrx_word' id='word_1_416' title='bbox 1187 2081 1273 2108; x_wconf 86' lang='lat' dir='ltr'>creta</span> <span class='ocrx_word' id='word_1_417' title='bbox 1289 2075 1320 2107; x_wconf 93' lang='lat' dir='ltr'>in</span> <span class='ocrx_word' id='word_1_418' title='bbox 1338 2085 1370 2107; x_wconf 84' lang='lat' dir='ltr'>se</span> <span class='ocrx_word' id='word_1_419' title='bbox 1393 2075 1612 2113; x_wconf 69' lang='lat' dir='ltr'>continentes,</span> <span class='ocrx_word' id='word_1_420' title='bbox 1628 2079 1659 2106; x_wconf 88' lang='lat' dir='ltr'>et</span> <span class='ocrx_word' id='word_1_421' title='bbox 1679 2074 1739 2106; x_wconf 85' lang='lat' dir='ltr'>sub</span> <span class='ocrx_word' id='word_1_422' title='bbox 1760 2072 1924 2116; x_wconf 87' lang='lat' dir='ltr'>quibusvis</span> 
     </span>
     <span class='ocr_line' id='line_1_84' title="bbox 1188 2126 1923 2169; baseline -0.005 -8"><span class='ocrx_word' id='word_1_423' title='bbox 1188 2130 1358 2161; x_wconf 90' lang='lat' dir='ltr'>verborum</span> <span class='ocrx_word' id='word_1_424' title='bbox 1384 2128 1493 2165; x_wconf 85' lang='lat' dir='ltr'>formis</span> <span class='ocrx_word' id='word_1_425' title='bbox 1511 2133 1541 2160; x_wconf 91' lang='lat' dir='ltr'>et</span> <span class='ocrx_word' id='word_1_426' title='bbox 1559 2126 1822 2169; x_wconf 58' lang='lat' dir='ltr'>expressionibus</span> <span class='ocrx_word' id='word_1_427' title='bbox 1847 2136 1923 2159; x_wconf 88' lang='lat' dir='ltr'>con-</span> 
     </span>
     <span class='ocr_line' id='line_1_85' title="bbox 1188 2179 1924 2225; baseline -0.005 -11"><span class='ocrx_word' id='word_1_428' title='bbox 1188 2187 1315 2225; x_wconf 88' lang='lat' dir='ltr'>ceptas,</span> <span class='ocrx_word' id='word_1_429' title='bbox 1344 2181 1491 2223; x_wconf 73' lang='lat' dir='ltr'>derogari</span> <span class='ocrx_word' id='word_1_430' title='bbox 1518 2181 1702 2212; x_wconf 86' lang='lat' dir='ltr'>nullatenus</span> <span class='ocrx_word' id='word_1_431' title='bbox 1727 2179 1837 2222; x_wconf 89' lang='lat' dir='ltr'>possit,</span> <span class='ocrx_word' id='word_1_432' title='bbox 1865 2189 1924 2211; x_wconf 90' lang='lat' dir='ltr'>nec</span> 
     </span>
     <span class='ocr_line' id='line_1_86' title="bbox 1189 2232 1924 2277; baseline -0.005 -10"><span class='ocrx_word' id='word_1_433' title='bbox 1189 2236 1377 2277; x_wconf 77' lang='lat' dir='ltr'>derogatum</span> <span class='ocrx_word' id='word_1_434' title='bbox 1414 2238 1607 2272; x_wconf 86' lang='lat' dir='ltr'>censeatur,</span> <span class='ocrx_word' id='word_1_435' title='bbox 1640 2232 1701 2264; x_wconf 88' lang='lat' dir='ltr'>nisi</span> <span class='ocrx_word' id='word_1_436' title='bbox 1737 2232 1924 2264; x_wconf 86' lang='lat' dir='ltr'>earumdem</span> 
     </span>
     <span class='ocr_line' id='line_1_87' title="bbox 1189 2285 1925 2322; baseline -0.007 -1"><span class='ocrx_word' id='word_1_437' title='bbox 1189 2288 1370 2322; x_wconf 89' lang='lat' dir='ltr'>litterarum</span> <span class='ocrx_word' id='word_1_438' title='bbox 1405 2292 1495 2320; x_wconf 87' lang='lat' dir='ltr'>tenor</span> <span class='ocrx_word' id='word_1_439' title='bbox 1528 2287 1565 2319; x_wconf 87' lang='lat' dir='ltr'>de</span> <span class='ocrx_word' id='word_1_440' title='bbox 1597 2286 1695 2318; x_wconf 82' lang='lat' dir='ltr'>verbo</span> <span class='ocrx_word' id='word_1_441' title='bbox 1727 2286 1764 2317; x_wconf 88' lang='lat' dir='ltr'>ad</span> <span class='ocrx_word' id='word_1_442' title='bbox 1791 2285 1925 2317; x_wconf 87' lang='lat' dir='ltr'>verbum</span> 
     </span>
     <span class='ocr_line' id='line_1_88' title="bbox 1189 2339 1925 2384; baseline -0.007 -10"><span class='ocrx_word' id='word_1_443' title='bbox 1189 2341 1271 2375; x_wconf 87' lang='lat' dir='ltr'>nihil</span> <span class='ocrx_word' id='word_1_444' title='bbox 1298 2340 1425 2384; x_wconf 85' lang='lat' dir='ltr'>penitus</span> <span class='ocrx_word' id='word_1_445' title='bbox 1442 2339 1558 2372; x_wconf 87' lang='lat' dir='ltr'>omisso</span> <span class='ocrx_word' id='word_1_446' title='bbox 1578 2339 1729 2379; x_wconf 83' lang='lat' dir='ltr'>insertus,</span> <span class='ocrx_word' id='word_1_447' title='bbox 1752 2348 1787 2370; x_wconf 86' lang='lat' dir='ltr'>ac</span> <span class='ocrx_word' id='word_1_448' title='bbox 1805 2348 1925 2380; x_wconf 83' lang='lat' dir='ltr'>urgens</span> 
     </span>
     <span class='ocr_line' id='line_1_89' title="bbox 1191 2385 1926 2435; baseline -0.007 -7"><span class='ocrx_word' id='word_1_449' title='bbox 1191 2385 1408 2428; x_wconf 52' lang='lat' dir='ltr'>et&#39;sufficicns</span> <span class='ocrx_word' id='word_1_450' title='bbox 1431 2404 1527 2426; x_wconf 86' lang='lat' dir='ltr'>causa</span> <span class='ocrx_word' id='word_1_451' title='bbox 1552 2403 1715 2435; x_wconf 74' lang='lat' dir='ltr'>expressa,</span> <span class='ocrx_word' id='word_1_452' title='bbox 1734 2397 1765 2424; x_wconf 92' lang='lat' dir='ltr'>et</span> <span class='ocrx_word' id='word_1_453' title='bbox 1788 2402 1847 2434; x_wconf 89' lang='lat' dir='ltr'>per</span> <span class='ocrx_word' id='word_1_454' title='bbox 1872 2391 1926 2423; x_wconf 92' lang='lat' dir='ltr'>tri-</span> 
     </span>
     <span class='ocr_line' id='line_1_90' title="bbox 1191 2444 1926 2481; baseline -0.008 0"><span class='ocrx_word' id='word_1_455' title='bbox 1191 2459 1247 2481; x_wconf 89' lang='lat' dir='ltr'>nas</span> <span class='ocrx_word' id='word_1_456' title='bbox 1274 2448 1440 2480; x_wconf 85' lang='lat' dir='ltr'>distinctas</span> <span class='ocrx_word' id='word_1_457' title='bbox 1473 2446 1595 2479; x_wconf 90' lang='lat' dir='ltr'>litteras</span> <span class='ocrx_word' id='word_1_458' title='bbox 1627 2444 1754 2478; x_wconf 90' lang='lat' dir='ltr'>illarum</span> <span class='ocrx_word' id='word_1_459' title='bbox 1779 2450 1926 2476; x_wconf 88' lang='lat' dir='ltr'>tenorem</span> 
     </span>
     <span class='ocr_line' id='line_1_91' title="bbox 1192 2497 1926 2535; baseline -0.01 0"><span class='ocrx_word' id='word_1_460' title='bbox 1192 2502 1395 2535; x_wconf 87' lang='lat' dir='ltr'>continentes</span> <span class='ocrx_word' id='word_1_461' title='bbox 1421 2500 1523 2533; x_wconf 87' lang='lat' dir='ltr'>tribus</span> <span class='ocrx_word' id='word_1_462' title='bbox 1541 2499 1697 2532; x_wconf 87' lang='lat' dir='ltr'>distinctis</span> <span class='ocrx_word' id='word_1_463' title='bbox 1713 2497 1834 2529; x_wconf 82' lang='lat' dir='ltr'>vicibus</span> <span class='ocrx_word' id='word_1_464' title='bbox 1856 2507 1926 2529; x_wconf 86' lang='lat' dir='ltr'>cum</span> 
     </span>
    </p>
   </div>
   <div class='ocr_carea' id='block_1_9' title="bbox 1153 329 1176 2592">
    <p class='ocr_par' dir='ltr' id='par_1_9' title="bbox 1153 329 1176 2592">
     <span class='ocr_line' id='line_1_92' title="bbox 1153 329 1176 2592; baseline 0 0"><span class='ocrx_word' id='word_1_465' title='bbox 1153 329 1176 2592; x_wconf 95' lang='lat' dir='ltr'> </span> 
     </span>
    </p>
   </div>
   <div class='ocr_carea' id='block_1_10' title="bbox 1193 2550 1928 2705">
    <p class='ocr_par' dir='ltr' id='par_1_10' title="bbox 1193 2550 1928 2705">
     <span class='ocr_line' id='line_1_93' title="bbox 1193 2550 1928 2594; baseline -0.008 -7"><span class='ocrx_word' id='word_1_466' title='bbox 1193 2555 1288 2587; x_wconf 89' lang='lat' dir='ltr'>trium</span> <span class='ocrx_word' id='word_1_467' title='bbox 1305 2554 1463 2587; x_wconf 89' lang='lat' dir='ltr'>mensium</span> <span class='ocrx_word' id='word_1_468' title='bbox 1477 2552 1646 2585; x_wconf 82' lang='lat' dir='ltr'>intervallo</span> <span class='ocrx_word' id='word_1_469' title='bbox 1661 2550 1844 2594; x_wconf 85' lang='lat' dir='ltr'>praedictae</span> <span class='ocrx_word' id='word_1_470' title='bbox 1859 2550 1928 2582; x_wconf 90' lang='lat' dir='ltr'>uni-</span> 
     </span>
     <span class='ocr_line' id='line_1_94' title="bbox 1193 2602 1926 2650; baseline -0.011 -9"><span class='ocrx_word' id='word_1_471' title='bbox 1193 2607 1335 2642; x_wconf 82' lang='lat' dir='ltr'>versitati</span> <span class='ocrx_word' id='word_1_472' title='bbox 1362 2606 1504 2650; x_wconf 79' lang='lat' dir='ltr'>legitime</span> <span class='ocrx_word' id='word_1_473' title='bbox 1528 2605 1674 2638; x_wconf 87' lang='lat' dir='ltr'>intimata</span> <span class='ocrx_word' id='word_1_474' title='bbox 1700 2610 1731 2636; x_wconf 90' lang='lat' dir='ltr'>et</span> <span class='ocrx_word' id='word_1_475' title='bbox 1755 2602 1926 2643; x_wconf 84' lang='lat' dir='ltr'>insinuata,</span> 
     </span>
     <span class='ocr_line' id='line_1_95' title="bbox 1230 2668 1801 2705; baseline -0.016 -5"><span class='ocrx_word' id='word_1_476' title='bbox 1230 2675 1240 2700; x_wconf 83' lang='lat'>1</span> <span class='ocrx_word' id='word_1_477' title='bbox 1263 2672 1329 2701; x_wconf 77' lang='lat' dir='ltr'>Male</span> <span class='ocrx_word' id='word_1_478' title='bbox 1345 2672 1388 2700; x_wconf 89' lang='lat' dir='ltr'>ed.</span> <span class='ocrx_word' id='word_1_479' title='bbox 1404 2672 1483 2699; x_wconf 81' lang='lat' dir='ltr'>Main.</span> <span class='ocrx_word' id='word_1_480' title='bbox 1500 2669 1564 2705; x_wconf 85' lang='lat' dir='ltr'>legit</span> <span class='ocrx_word' id='word_1_481' title='bbox 1580 2668 1684 2696; x_wconf 69' lang='lat' dir='ltr'>litteris</span> <span class='ocrx_word' id='word_1_482' title='bbox 1700 2668 1737 2702; x_wconf 72' lang='lat' dir='ltr'>(n,</span> <span class='ocrx_word' id='word_1_483' title='bbox 1754 2672 1801 2699; x_wconf 73' lang='grc' dir='ltr'><em>τ.).</em></span> 
     </span>
    </p>
   </div>
   <div class='ocr_carea' id='block_1_11' title="bbox 1921 265 2107 303">
    <p class='ocr_par' dir='ltr' id='par_1_11' title="bbox 1921 265 2107 303">
     <span class='ocr_line' id='line_1_96' title="bbox 1921 265 2107 303; baseline -0.011 0"><span class='ocrx_word' id='word_1_484' title='bbox 1921 275 1972 303; x_wconf 73' lang='lat' dir='ltr'>An.</span> <span class='ocrx_word' id='word_1_485' title='bbox 1988 273 2016 301; x_wconf 86' lang='lat' dir='ltr'>c.</span> <span class='ocrx_word' id='word_1_486' title='bbox 2025 265 2028 270; x_wconf 82' lang='grc'><strong>”</strong></span> <span class='ocrx_word' id='word_1_487' title='bbox 2038 273 2107 301; x_wconf 71' lang='lat'>1500</span> 
     </span>
    </p>
   </div>
  </div>
 </body>
</html>
