2247 3208
154 229 204 255 Au.
220 227 251 255 C.
277 227 341 255 1658

984 222 1126 246 ctt'iffixs

350 281 438 314 ctus,
467 275 614 308 redditus
646 278 678 306 et
709 279 884 316 proventus
910 272 948 305 ad
975 282 1032 304 nos
1058 271 1112 302 etl

349 329 464 362 Sedem
478 327 698 372 Apostolicam
715 332 745 358 et
759 336 975 370 quascumque
991 325 1088 357 eccle-

349 381 495 415 siasticas
520 392 688 424 personas,
716 380 841 412 ratione
866 379 1087 417 ecclesiarum,

350 434 625 468 monasteriorum
652 439 683 465 ct
703 433 837 465 aliorum
854 431 1087 464 beneficiorum

350 487 659 526 ecclesiasticorum,
691 485 892 529 pertinentes
917 488 1086 525 usurpant⁷

349 542 398 573 vel
431 541 529 573 etiam
557 539 667 583 quavis
704 538 873 572 occasione
905 536 955 569 vel
993 537 1088 567 causa

351 594 422 627 sine
439 592 575 626 Romani
594 590 756 625 Pontificis
773 591 823 622 vel
837 589 977 622 ‘aliorum
996 588 1035 620 ad
1057 587 1091 620 id

351 646 532 689 legitimam
554 645 740 677 facultatem
758 642 946 675 habentium
962 650 1090 683 expres-

351 701 387 731 sa
411 698 542 731 licentia
567 701 772 739 sequestrant
792 706 799 734 ·,

396 751 499 784 xwll.
527 749 622 788 Quive
647 749 821 787 collectas,
853 747 1005 783 decimas,
1033 746 1089 778 tal-

351 806 428 844 leaS,
454 802 668 847 praestantias
695 806 727 833 et
752 800 814 833 alia
831 808 932 832 onera
953 797 1087 837 clericis,

351 855 504 900 praelatis
524 865 560 888 ac
585 854 654 887 aliis
680 852 830 896 personis
852 850 1089 889 ecclesiasticis,

352 920 389 941 ac
415 918 530 942 eorum
561 912 592 940 et
622 906 848 944 ecclesiarum,
875 903 1090 937 monasterio-

351 973 422 995 rum
447 967 479 994 et
504 961 639 994 aliorum
672 958 907 991 beneficiorum
937 956 1089 989 ecclesia-

352 1015 508 1048 sticorum
538 1013 654 1052 bonis,
682 1013 879 1053 illorumque
910 1009 1087 1050 fructibus,

352 1067 534 1101 redditibus
549 1072 578 1100 et
596 1065 806 1110 proventibus
824 1063 1007 1096 huiusmodi
1023 1063 1090 1095 abs-

355 1132 418 1165 que
444 1120 541 1153 simili
567 1119 701 1152 Romani
726 1117 889 1150 Pontificis
909 1116 1040 1160 speciali
1059 1121 1091 1148 et

355 1176 504 1217 expressa
529 1172 659 1207 licentia
685 1172 866 1214 imponunt,
894 1175 925 1203 et
953 1169 1088 1202 diversis

355 1227 451 1260 etiam
474 1226 641 1270 exquisitis
666 1225 771 1257 modis
793 1224 939 1265 exigunt,
966 1227 1021 1255 aut
1045 1223 1089 1254 sic

354 1281 531 1323 imposita,
559 1279 656 1312 etiam
688 1289 705 1310 a
741 1283 858 1320 sponte
885 1276 1035 1309 dantibus
1061 1280 1092 1308 et

355 1331 630 1370 concedentibus,
664 1329 846 1372 recipiunt;
878 1339 1004 1361 necnon
1037 1328 1090 1371 qni

354 1395 412 1427 per
436 1394 470 1416 se
496 1384 546 1416 vel
579 1383 660 1416 alios
697 1382 817 1414 directe
852 1382 902 1414 vel
933 1381 1090 1413 indirecte

354 1437 523 1480 praedicta
547 1437 665 1476 facere,
693 1435 807 1478 exequi
833 1435 882 1467 vel
908 1444 1089 1478 procurare,

355 1496 411 1523 aut
435 1491 467 1523 in
492 1490 616 1523 eisdem
641 1489 813 1528 auxilium,
847 1487 1017 1521 consilium
1040 1488 1091 1520 vel

355 1543 500 1576 savorem
526 1548 692 1586 praestare
719 1553 783 1575 non
804 1546 966 1580 verentur,
989 1541 1094 1573 cuius-

356 1607 491 1639 cumque
516 1597 581 1629 sint
605 1595 893 1639 praeeminentiae,
919 1594 1092 1637 dignitatis,

356 1649 501 1690 ordinis,
527 1648 725 1682 conditionis
760 1653 813 1680 aut
848 1652 972 1687 status,
998 1646 1092 1679 etiam

355 1701 518 1745 imperiali
543 1707 596 1734 aut
620 1701 721 1743 regali
748 1701 974 1744 praefulgeant
992 1699 1095 1741 digni-

356 1761 431 1795 tate,
458 1766 514 1788 seu
540 1755 713 1798 principes,
741 1755 852 1793 duces,
880 1754 1022 1793 comites,
1045 1754 1094 1785 ba-

356 1819 454 1841 rones
468 1814 499 1841 et
512 1808 564 1840 alii
579 1812 767 1851 potentatus
778 1806 984 1849 quicumque,
997 1806 1094 1838 etiam

355 1861 485 1904 regnis,
509 1861 707 1904 provinciis,
738 1859 919 1892 civitatibus
944 1864 976 1891 et
1000 1858 1094 1891 terris

357 1915 587 1958 quoquomodo
613 1914 843 1957 praesidentes,
870 1912 1046 1946 consiliarii
1065 1918 1097 1944 et

357 1974 545 2009 senatores,
572 1973 625 2000 aut
647 1967 757 2010 quavis
792 1967 886 1999 etiam
919 1965 1095 2009 pontificali

307 2048 311 2051 .
358 2021 514 2064 dignitate
547 2021 715 2064 insigniti:
742 2020 932 2053 innovantes
967 2020 1096 2052 decreta

357 2084 458 2117 super
475 2074 526 2106 his
552 2084 611 2117 per
624 2084 733 2106 sacros
752 2083 893 2105 canones
911 2078 975 2104 tam
991 2072 1024 2104 in
1040 2072 1097 2104 La-

357 2127 523 2160 teranensi
539 2127 711 2160 novissime
730 2126 895 2159 celebrato
915 2136 1009 2169 quam
1027 2125 1096 2157 aliis

357 2181 502 2214 conciliis
527 2181 734 2224 generalibus
761 2180 846 2212 edita
871 2188 1096 2222 supercensu-

358 2233 402 2265 ris
427 2239 459 2266 et
482 2234 597 2277 poenis
623 2234 655 2266 in
681 2233 727 2266 eis
752 2232 928 2266 contentis.

403 2286 481 2318 XIX.
508 2286 587 2319 Item
613 2286 929 2318 excommunicamus
961 2290 993 2317 et
1021 2295 1096 2317 ana-

358 2338 604 2371 thematizamus
629 2349 740 2371 omnes
754 2344 783 2371 et
797 2348 1014 2381 quoscumque
1031 2348 1097 2370 ma-

358 2392 512 2434 gistratus
539 2396 571 2423 et
594 2391 736 2430 iudices,
768 2391 929 2430 notarios,
956 2390 1096 2430 scribas,

359 2450 588 2488 exequutores,
615 2445 896 2487 subexespiutores
923 2444 1097 2486 quomodo-

358 2497 438 2530 libet
462 2507 495 2530 se
519 2497 767 2539 interponentes
792 2496 824 2528 in
850 2496 952 2527 causis
978 2496 1098 2538 capita-

358 2551 443 2583 libus
468 2560 522 2583 seu
547 2549 766 2582 criminalibus
797 2554 911 2580 contra
941 2559 1098 2591 personas

359 2604 608 2644 ecclesiasticas,
641 2603 713 2636 illas
742 2603 986 2646 processando,
1020 2603 1098 2635 ban-

1151 222 1180 245 ix
1206 222 1253 244 nrt.

1132 269 1261 308 niendo,
1289 268 1454 312 capiendo,
1481 278 1536 300 seu
1554 265 1728 299 sententias
1754 269 1866 297 contra

1131 322 1203 354 illas
1221 322 1417 365 proferendo
1432 321 1480 353 vel
1495 319 1693 362 exequendo,
1712 319 1779 350 sinc
1798 328 1866 360 spe-

1131 375 1215 414 ciali,
1235 374 1385 417 specifica
1404 379 1435 406 et
1454 375 1606 416 expressa
1624 372 1718 404 huius
1735 376 1864 403 sanctae

1130 427 1221 460 Sedis
1241 427 1452 470 ‘Apostolicae
1478 425 1628 464 licentia,
1661 425 1780 467 quique
1807 424 1866 455 lm-

1131 480 1271 512 iusmodi
1296 479 1458 512 licentiam
1476 479 1514 511 ad
1534 488 1689 521 personas
1716 482 1747 509 et
1773 486 1865 509 casus

1131 544 1196 566 uon
1222 543 1394 575 expressos
1421 532 1607 571 extendunt,
1634 531 1683 562 vel
1709 529 1787 562 alias
1812 529 1867 561 illa

1131 596 1302 628 perperam
1327 585 1512 623 abutuntur,
1540 583 1663 616 etiamsi
1688 583 1761 615 talia
1786 592 1866 614 com-

1131 638 1297 670 mittentes
1325 637 1446 669 suerint
1470 636 1658 675 consiliarii,
1690 641 1865 674 senatores,

1130 690 1357 734 praesidentes
1386 689 1580 729 cancellarii,
1600 687 1867 726 vicecancellarii,

1132 749 1185 776 aut
1210 743 1325 786 quovis
1352 744 1415 775 alio
1442 742 1573 774 nemine
1598 741 1784 784 nuncupati.

1175 797 1240 828 XX.
1260 796 1337 828 Item
1358 794 1668 828 excommunicamus
1686 799 1717 826 et
1733 787 1869 826 anathe-⁴

1132 849 1319 882 matizamus
1344 858 1455 881 omnes
1480 847 1562 887 illos,
1585 847 1650 889 qui,
1676 836 1734 889 pgr
1753 857 1786 878 se
1811 856 1869 878 seu

1132 903 1219 942 alios,
1235 902 1354 935 directe
1380 902 1429 933 vel
1455 900 1625 939 indirecte,
1643 899 1700 932 sub
1723 909 1866 942 quocum>

1133 966 1194 1000 qne
1209 955 1301 988 titulo
1319 956 1369 988 vel
1385 956 1502 993 colore,
1518 953 1677 992 invadere,
1694 953 1866 991 destruere,

1133 1019 1291 1052 occupare
1310 1013 1341 1041 et
1362 1007 1508 1040 detinere
1534 1004 1818 1049 praesumpserint,
1838 1004 1870 1036 in

1134 1068 1234 1094 totum
1267 1063 1316 1094 vel
1348 1061 1380 1093 in
1414 1065 1559 1104 partem,
1587 1061 1702 1092 almam
1728 1058 1869 1097 Urbem,

1132 1126 1268 1158 regnum
1301 1114 1450 1154 Siciliae,
1483 1113 1606 1146 insulas
1641 1111 1804 1145 Sardiniae
1839 1115 1871 1143 et

1133 1168 1289 1208 Corsicae,
1317 1173 1416 1200 terras
1442 1167 1522 1199 citra
1546 1166 1696 1205 Pharum,
1717 1164 1872 1197 Patrimo-

1133 1222 1223 1253 nium
1248 1221 1334 1256 Beati
1366 1219 1450 1252 Petri
1481 1219 1514 1251 in
1537 1218 1673 1251 'l‘huscia
1689 1244 1696 1257 ‚
1723 1217 1872 1250 ducatum

1133 1274 1351 1316 spoletanum,
1367 1273 1552 1306 comitatum
1569 1271 1801 1309 Venaissinum,
1820 1270 1873 1302 Sa-

1133 1327 1311 1366 binensem,
1335 1325 1494 1358 Marchiae
1512 1325 1741 1362 Anconitanae,
1753 1323 1871 1355 Massae

1134 1381 1314 1420 Trebanae,
1344 1379 1574 1413 Romandiolae
1591 1405 1598 1418 ,
1624 1377 1815 1420 Campaniae
1842 1381 1874 1408 et

1134 1434 1308 1467 maritimas
1335 1432 1524 1476 provincias,
1551 1432 1746 1474 illarumque
1772 1435 1872 1462 terras

1135 1493 1167 1519 et
1186 1488 1264 1526 loca,
1281 1498 1316 1519 ac
1341 1491 1441 1518 terras
1461 1484 1610 1528 specialis
1635 1483 1872 1516 commissionis

1135 1540 1351 1579 Arnulforum,
1377 1538 1587 1580 civitatesque
1620 1542 1747 1570 nostras
1770 1536 1874 1568 Bono-

1136 1594 1230 1633 niam,
1241 1593 1424 1631 Caesenam,
1437 1591 1628 1629 Ariminum,
1640 1591 1871 1627 Beneventum,

1136 1647 1311 1685 Perusiam,
1340 1645 1547 1683 Avenienem,
1569 1643 1737 1676 Civitatem
1757 1642 1875 1675 Castel-

1136 1701 1167 1739 li,
1193 1700 1377 1736 Tudertum,
1404 1697 1596 1737 Ferrariam,
1623 1695 1815 1735 Comaclum,
1843 1700 1876 1727 et

1137 1753 1215 1786 alias
1241 1752 1404 1791 civitates,
1432 1757 1532 1783 terras
1566 1754 1597 1782 et
1629 1750 1701 1781 loca
1729 1749 1779 1781 vel
1806 1748 1875 1779 iura

1137 1807 1173 1839 ad
1193 1807 1295 1849 ipsam
1313 1805 1490 1838 Romanam
1514 1803 1691 1836 Ecclesiam
1716 1801 1876 1845 pertinen-

1137 1860 1189 1899 tia,
1208 1859 1377 1902 dictaeque
1399 1858 1561 1890 Romanae
1580 1855 1741 1888 Ecclesiae
1759 1852 1876 1886 media-

1139 1919 1167 1945 te
1192 1913 1241 1945 vel
1265 1911 1451 1944 immediate
1484 1910 1646 1949 subiecta,
1672 1917 1799 1940 necnon
1824 1917 1876 1939 su-

1138 1976 1281 2009 premam
1308 1963 1567 1997 iurisdietionem
1588 1962 1620 1993 in
1646 1961 1710 1994 illis
1735 1959 1828 1993 nobis
1846 1964 1877 1992 et

1138 2018 1243 2051 eidem
1266 2018 1428 2050 Romanae
1454 2015 1611 2048 Ecclesiae
1638 2017 1876 2056 competentem

1139 2072 1177 2105 de
1203 2071 1286 2104 facto
1312 2080 1479 2112 usurpare,
1506 2068 1711 2111 perturbare,
1735 2065 1876 2099 retinere

1139 2130 1170 2157 et
1193 2133 1306 2156 vexare
1325 2122 1419 2155 variis
1443 2121 1547 2153 modis
1565 2124 1787 2163 praesumunt,
1805 2128 1877 2150 necf-

1140 2187 1204 2209 non
1230 2176 1453 2215 adhaerentes,
1473 2174 1613 2206 fautores
1639 2177 1669 2205 et
1693 2172 1877 2204 defensores

1140 2240 1261 2270 eorum,
1281 2239 1338 2261 seu
1362 2228 1425 2260 illis
1451 2226 1613 2265 auxilium,
1637 2225 1810 2257 consilium
1828 2224 1877 2256 vel

1140 2284 1282 2315 savorem
1306 2280 1549 2324 quomodolibet
1574 2284 1787 2322 praestantes.

1183 2336 1334 2368 Volentes
1369 2341 1556 2378 praesentes
1589 2337 1717 2365 nostros
1750 2341 1878 2374 proces-

1140 2401 1202 2429 sus,
1221 2399 1256 2421 ac
1282 2387 1390 2421 omnia
1407 2392 1438 2419 et
1455 2396 1673 2430 quaecumque
1692 2385 1742 2417 his
1764 2383 1878 2417 litteris

1141 2447 1300 2481 contenta,
1328 2450 1495 2483 quousque
1521 2439 1573 2472 alii
1600 2437 1784 2470 huiusmodi
1809 2447 1879 2480 pro-

1142 2506 1248 2528 cessus
1265 2506 1282 2527 a
1301 2494 1394 2526 nobis
1413 2499 1466 2526 aut
1482 2492 1627 2525 Romano
1646 2489 1800 2523 Pontifice
1818 2500 1878 2533 pro

1142 2554 1287 2592 tempore
1312 2547 1467 2579 existente
1484 2545 1563 2578 fiant
1583 2550 1637 2577 aut
1660 2543 1877 2587 publicentur,

1119 2629 1122 2638 .
1142 2603 1268 2641 durare,
1288 2611 1426 2643 suosque
1453 2598 1583 2632 effectus
1605 2598 1737 2633 omnino
1756 2596 1877 2629 sortiri.

1765 206 1829 239 (2423
1875 215 1924 241 An.
1940 215 1966 240 c..
1992 212 2057 239 ires
