2247 3208
133 201 181 230 An.
204 200 231 228 C.
252 200 318 228 1667

126 1373 165 1393 bus

179 1319 194 1340 Α
219 1319 308 1343 gabelus

126 1346 172 1366 aliis
190 1352 215 1366 ue
241 1347 308 1366 oneri-

188 1373 263 1393 uberat.

312 1527 351 1553 <et
374 1520 615 1563 inexcogitabili
652 1521 747 1552 causa
787 1525 818 1552 et
856 1520 1055 1560 occasione,

323 2211 554 2253 cuiuscumque
578 2211 764 2254 quantitatis
783 2210 908 2251 fuerint,
921 2212 1057 2253 gratiose
1081 2236 1082 2249 ,

285 2447 290 2451 .
324 2422 410 2465 quod
435 2422 582 2454 censuris
609 2422 794 2454 hulusmodi
827 2422 916 2464 ligati
947 2411 1084 2455 missas*

323 249 465 282 locorum
490 246 521 280 in
548 245 667 280 iudicio
693 251 723 280 et
746 251 844 287 extra,
865 245 933 280 sine
953 252 1058 280 tamen

323 301 511 335 eorumdem
528 299 730 333 notariorum
748 301 786 333 de
806 311 939 333 numero
960 301 1059 343 parti-

322 354 498 398 cipantium
522 353 733 397 praeiudicio,
763 353 819 393 uti,
854 353 922 390 frui,
959 353 1057 395 potiri

322 413 353 441 et
377 408 516 450 gaudere
543 407 642 440 libere
670 412 701 438 et
726 406 811 439 licite
839 408 967 438 valeant
991 416 1059 437 rca-

323 460 396 493 liter
412 465 443 492 et
459 459 585 501 integre
598 460 629 492 in
652 459 802 492 omnibus
821 464 851 490 et
870 458 1056 501 pei-omnia,

322 513 445 546 etiamsi
472 513 504 545 in
529 513 682 554 U1·be„,et
714 512 839 544 civitate
875 511 1056 544 huiusmodi

321 576 387 599 non
412 565 638 605 habitaverint,
667 564 805 608 perinde
823 575 858 596 ac
875 565 900 596 si
925 564 964 596 de
981 574 1057 596 vero

322 619 420 652 nobili
447 629 567 662 genere
593 628 629 651 ex
654 623 795 660 utroque
829 622 964 660 parente
995 616 1058 650 ori-

321 672 446 715 ginario
477 677 509 704 et
542 671 764 714 antiquissimo
796 670 864 702 cive
896 671 1055 712 procreati

321 725 433 764 forent,
460 730 491 757 et
516 723 700 756 huiusmodi
725 722 979 765 praerogativae,
995 722 1058 765 pri-

319 777 454 820 vilegia,
486 776 722 819 exemptiones,
750 775 890 818 gratiae,
918 775 1054 814 favores,

319 829 560 869 concessiones,
588 829 712 861 indulta
738 834 768 861 et
793 828 870 868 iura,
890 839 971 871 quae
996 839 1055 872 pro

320 883 390 916 aliis
417 882 581 915 nobilibus
609 887 641 914 et
665 881 786 914 civibus
811 881 998 924 originariis
1024 892 1056 914 e—

318 933 501 975 manarunt,
529 940 560 968 et
584 945 664 978 quae
683 934 806 967 ratione
825 934 1004 967 nobilitatis
1026 940 1057 967 et
1078 933 1079 939 ¹

320 988 482 1022 civilitatis
508 988 665 1021 naturalis
702 992 734 1020 et
765 987 959 1030 originariae
985 988 1055 1021 aliis

322 1048 520 1086 competunt,
542 1053 601 1086 pro
628 1043 748 1075 eisdem
768 1042 922 1086 dapiferis
939 1042 970 1074 in
984 1053 1056 1085 spc-

322 1097 371 1130 eie
391 1101 595 1129 emanassent
611 1106 667 1128 seu
683 1100 879 1133 emanarent,
893 1095 1054 1128 eteisdem

320 1149 512 1182 naturaliter
532 1149 570 1181 de
596 1148 672 1188 iure,
695 1153 827 1188 statuto,
846 1148 1056 1180 consuetudi-

319 1212 378 1242 ne,
401 1202 588 1234 fundatione
622 1202 668 1233 vel
702 1201 779 1233 alias
815 1206 1054 1243 competerent,

318 1255 428 1297 vigore
455 1253 674 1297 praesentium
699 1254 915 1295 indulgemus.

363 1308 377 1351 g
403 1306 434 1339 ⁶2.
462 1308 506 1339 Ac
530 1306 675 1348 singulos
703 1306 865 1349 dapiferos
893 1307 1055 1349 praefatos

318 1371 336 1392 a
359 1359 519 1393 solutione
545 1365 576 1392 et
600 1359 769 1391 exactione
792 1359 991 1392 decimarum
1009 1371 1057 1392 ec·
1077 1382 1079 1385 -

318 1413 591 1453 clesiastiearum‚
617 1412 737 1455 ubique
763 1413 909 1446 locorum
957 1419 989 1446 et
1019 1423 1054 1445 ex

318 1478 545 1512 quacumque,
582 1467 786 1510 quantumvis
824 1467 1057 1509 urgentissima

318 1574 414 1607 etiam
438 1574 477 1606 ad
498 1572 912 1616 instantiamimperatoris,
933 1583 1056 1616 regum,

318 1626 655 1670 rerumpublicarum,
685 1625 781 1658 etiam
797 1625 1001 1666 Venetorum,
1028 1631 1058 1659 et

320 1689 600 1723 quorumcumque
625 1678 761 1711 aliorum
781 1678 976 1721 principum,
1000 1678 1058 1711 im-

318 1733 501 1779 positurum
525 1738 555 1765 et
580 1733 851 1775 imponendarum
889 1743 946 1776 pro
979 1737 1059 1765 tem-

319 1797 409 1830 pore,
430 1786 606 1819 liberamus
625 1791 656 1818 et
673 1785 851 1824 eximimus,
871 1785 1058 1829 liberosque

321 1845 353 1872 et
377 1844 545 1882 exemptos
572 1839 639 1871 fore
671 1843 702 1871 et
735 1849 805 1871 esse
833 1838 1057 1879 decernimus,

949 198 1091 223 CLEMENS
1115 199 1145 222 tx
1170 200 1217 224 Pe.

320 1892 397 1936 ipsis
412 1892 575 1935 dapiferis,
595 1902 774 1935 eorumque
801 1892 949 1935 singulis,
968 1903 1059 1934 quos-

320 1956 458 1989 cumque
485 1946 606 1978 fructus
640 1951 672 1978 et
700 1951 875 1988 proventus
909 1945 1082 1991 eeclesia-3

319 1998 427 2035 sticos,
454 2003 518 2030 tam
542 1998 713 2031 occasione
732 1998 925 2040 pensionum
944 2009 1059 2030 aunua-
1080 2032 1082 2052 Ι

319 2061 391 2083 rum
405 2051 482 2094 ipsis
497 2052 547 2084 vel
563 2061 676 2083 eorum
699 2052 792 2084 alicui
812 2057 1056 2088 reservatarum,
1080 2053 1082 2067 ¹

321 2114 417 2148 quam
435 2104 560 2136 ratione
580 2104 764 2137 omissionis
784 2104 982 2137 recitationis
1003 2105 1060 2137 ho-

321 2167 429 2189 rarum
455 2157 684 2190 canonicarum
709 2157 853 2190 indebite
872 2163 1055 2201 perceptos,

323 2263 518 2295 remittimus
543 2269 574 2295 et
598 2264 833 2303 condonamus,
861 2276 896 2295 ac
920 2275 991 2296 cum
1014 2264 1059 2296 eis
1079 2251 1083 2299 i

324 2327 422 2360 super
462 2316 664 2349 inhabilitate
704 2328 763 2360 per
799 2328 853 2349 eos
888 2323 1061 2360 propterea
1081 2322 1083 2355 ξ

324 2369 568 2413 quomodolibet
585 2372 758 2409 contracta,
775 2370 825 2402 vel
844 2370 941 2402 ctiam
967 2380 1002 2402 ex
1022 2381 1060 2403 eo
1082 2364 1083 2372 ¹

326 2481 358 2509 et
383 2475 446 2508 alia
471 2474 578 2508 divina
602 2475 716 2515 officia,
736 2480 922 2507 nontamen
940 2475 1062 2507 incon-

324 2533 483 2571 temptum
497 2528 641 2567 clavium,
658 2528 903 2567 celebraverint,
920 2532 971 2560 aut
983 2528 1060 2560 alias
1082 2519 1084 2528 χ

326 2581 359 2614 in
381 2581 496 2614 divinis
511 2592 545 2614 se
559 2581 798 2622 immiscuerint,
819 2586 863 2622 ut,
879 2581 934 2614 illa
952 2586 984 2614 et
1001 2580 1063 2613 eis-

1103 247 1175 280 dem
1206 248 1405 291 praemissis
1429 259 1494 282 non
1533 250 1758 292 obstantibus,
1798 252 1838 285 ad

1102 311 1213 333 omnes
1239 301 1335 333 etiam
1359 312 1467 335 sacros
1485 307 1516 335 et
1533 304 1774 347 presbyteratus
1789 315 1839 338 or-

1103 353 1207 393 dines,
1228 353 1305 386 alias
1325 360 1428 387 tamen
1450 355 1519 391 rite.
1538 357 1734 399 promoveri¹
1757 364 1788 391 et
1805 358 1837 392 in

1102 405 1165 438 illis
1191 406 1286 438 etiam
1313 407 1471 450 susceptis
1498 408 1575 440 alias
1606 409 1666 442 rite
1697 420 1755 453 per
1780 421 1837 444 eos

1102 458 1269 490 ordinibus
1287 459 1382 491 etiam
1405 460 1436 491 in
1455 460 1564 493 altaris
1583 461 1761 495 ministerio
1779 463 1838 496 mi·

1101 510 1238 543 nistrare
1264 511 1360 544 etiam
1392 512 1492 545 libere
1519 518 1550 546 et
1574 513 1660 546 licite
1690 516 1836 556 valeant,

1102 563 1339 606 dispensamus,

1144 617 1158 659 ᾗ
1183 615 1214 649 3.
1243 617 1285 649 Ac
1310 618 1440 650 eosdem
1466 618 1640 662 dapiferos,
1661 620 1760 663 siqui
1786 631 1836 654 eo·
1862 634 2032 665 ‚iungam-10-

1847 661 2026 708 {fimsssssulfh‘ffh'

1100 678 1170 701 runi
1188 669 1346 702 defectum
1365 671 1518 704 natalium
1530 672 1693 714 patiuntur
1710 683 1745 705 ex
1762 684 1836 716 quo-

1100 732 1237 764 cumque
1249 723 1400 756 damnato
1419 729 1450 756 et
1463 723 1576 757 illicito
1595 725 1691 765 coitu,
1707 726 1834 759 etiamsi

1101 786 1136 807 ex
1153 776 1364 808 nobilissimis
1384 777 1572 820 parentibus
1595 788 1632 809 ac
1656 777 1772 811 vilibus
1790 780 1835 812 fe-

1099 828 1194 860 minis
1222 828 1330 861 forsan
1356 830 1516 872 prorreati
1542 830 1614 869 sint,
1642 831 1764 864 etiamsi
1790 833 1835 865 le-

1100 881 1238 923 gitimati
1280 881 1358 914 alias
1400 882 1556 921 existant,
1595 883 1809 925 legitimamus
1826 911 1833 924 ,

1100 944 1292 978 omnemque
1319 935 1356 966 ab
1380 935 1442 968 illis
1459 935 1629 977 geniturae
1649 936 1835 970 huiusmodi

1099 989 1257 1020 maculam
1277 988 1342 1020 sive
1358 993 1466 1020 notam
1488 988 1706 1031 abstergimus
1720 990 1836 1023 etabo·

1099 1041 1212 1079 lemus,
1228 1051 1262 1073 ac
1274 1041 1426 1084 legitimis
1445 1042 1605 1074 natalibus
1623 1042 1833 1084 restituimus,

1099 1105 1135 1126 ac
1158 1105 1229 1126 cum
1255 1105 1368 1128 eorum
1394 1095 1550 1137 singulis,
1585 1101 1618 1127 ut
1649 1096 1679 1128 in
1707 1097 1837 1139 quibus-

1099 1157 1235 1190 cumque
1261 1148 1355 1180 bonis
1381 1148 1524 1191 paternis
1549 1154 1581 1181 et
1606 1150 1776 1189 maternis,
1804 1155 1837 1183 et

1099 1201 1234 1233 aliorum
1260 1201 1576 1243 consanguineorum
1602 1212 1658 1234 seu
1681 1208 1836 1245 cognato-

1099 1262 1187 1292 rum,
1214 1253 1262 1285 vel
1288 1253 1424 1285 aliorum
1450 1264 1744 1297 quormncumque,
1770 1266 1836 1288 non

1100 1311 1207 1338 tamen
1232 1306 1410 1338 feudalibus
1442 1311 1473 1339 et
1504 1307 1755 1350 empliyteutieis
1781 1312 1837 1340 aut

1099 1359 1325 1392 ecelesiasticis
1350 1360 1400 1391 vel
1426 1359 1464 1391 ab
1490 1360 1629 1392 eeclesia
1658 1360 1833 1403 acquisitis,

1100 1422 1136 1444 ae
1159 1412 1227 1444 sine
1252 1411 1453 1455 praeiudicio
1488 1412 1688 1445 venientium
1720 1413 1759 1446 ab
1788 1414 1837 1446 in-

1100 1470 1219 1497 testato
1244 1465 1293 1498 vel
1332 1475 1368 1497 ex
1393 1464 1642 1498 fideicommisso
1672 1476 1729 1498 seu
1755 1466 1835 1499 alias

1100 1518 1139 1551 de
1165 1517 1234 1550 iure
1266 1518 1370 1551 valida
1401 1518 1621 1561 dispositione,
1650 1520 1835 1560 succedere,

1101 1576 1133 1604 et
1157 1571 1211 1604 illa
1236 1570 1418 1604 donationis
1443 1582 1498 1603 seu
1522 1572 1585 1604 alio
1612 1572 1725 1614 quovis
1743 1571 1836 1606 titulo

1100 1625 1256 1668 consequi
1294 1630 1326 1657 et
1360 1625 1504 1665 habere,
1536 1635 1570 1657 ac
1609 1625 1647 1657 ad
1685 1627 1836 1668 aequales

1100 1678 1270 1721 portiones
1296 1689 1368 1711 cum
1393 1677 1546 1720 legitimis
1572 1678 1753 1718 succedere,
1780 1689 1836 1711 eos

1102 1733 1141 1765 ad
1166 1731 1275 1764 onmia
1299 1731 1370 1763 iura
1395 1730 1540 1773 legitima
1565 1737 1596 1763 et
1613 1731 1835 1764 successiones

1094 1796 1138 1819 ex
1165 1789 1360 1817 testamento
1387 1785 1436 1816 vel
1463 1783 1501 1815 ab
1528 1784 1695 1823 intestato,
1724 1784 1838 1816 haere·

1102 1838 1236 1877 ditates,
1268 1839 1395 1879 tegata,
1435 1836 1600 1869 libertates
1635 1836 1837 1869 restituendo

1102 1897 1134 1924 et
1147 1891 1379 1933 reintegrando
1404 1890 1536 1922 realiter
1560 1894 1590 1921 et
1611 1900 1683 1922 cum
1708 1889 1836 1928 effectu,

1102 1954 1229 1977 necnon
1254 1944 1293 1975 ad
1315 1943 1501 1985 dignitates,
1531 1943 1675 1975 honores
1694 1947 1725 1974 et
1743 1953 1840 1985 quae-
1877 1946 2036 1978 -ffl,d‘ss⁰¹¹³'⁰⁸

1851 1977 1869 1994 ot
1880 1974 1950 1994 ostiola
1959 1975 2034 1995 admit.-

1103 2008 1239 2040 cumque
1278 1996 1339 2029 alia
1365 1995 1470 2028 officia
1506 1996 1684 2034 secularia,
1710 1995 1882 2038 publicam-

1103 2050 1152 2082 vel
1178 2049 1312 2093 privata,
1344 2049 1440 2081 etiam
1477 2048 1614 2088 assumi,
1642 2049 1760 2091 illaque
1787 2059 1842 2090 ge-

1103 2113 1174 2135 rere
1207 2107 1237 2135 et
1271 2112 1420 2134 exercere
1455 2101 1487 2133 in
1525 2101 1677 2134 omnibus
1715 2106 1746 2133 et
1782 2111 1841 2144 per

1081 2156 1211 2188 omnia
1247 2166 1283 2188 ac
1315 2155 1339 2187 si
1379 2155 1417 2187 de
1451 2154 1597 2196 legitimo
1633 2154 1840 2187 matrimonio

1104 2208 1265 2251 procreati
1293 2208 1408 2245 forent,
1437 2218 1472 2239 ac
1491 2207 1606 2239 eodem
1625 2207 1754 2239 defectu
1775 2217 1842 2240 non

1104 2262 1275 2300 obstante,
1314 2261 1339 2292 si
1376 2260 1461 2292 aliud
1487 2260 1679 2292 canonicum
1706 2260 1750 2292 eis
1776 2270 1841 2292 non

1104 2315 1238 2347 obsistat
1253 2314 1532 2357 impedimentmn,
1553 2324 1589 2345 ac
1606 2313 1749 2346 clericali
1768 2313 1843 2346 cha-

1106 2373 1242 2406 ractere,
1271 2367 1325 2410 qui
1351 2366 1406 2399 illo
1433 2367 1574 2399 nondum
1594 2366 1741 2409 insigniti
1759 2371 1840 2406 sunt,

1106 2419 1272 2462 insigniri,
1301 2424 1332 2451 et
1357 2419 1394 2451 ad
1417 2429 1530 2451 omncs
1557 2419 1652 2451 etiam
1677 2430 1785 2452 sacros
1812 2424 1844 2452 et

1106 2474 1349 2516 presbyteratus
1376 2472 1516 2513 ordines,
1544 2472 1568 2505 si
1595 2473 1635 2505 ad
1663 2472 1736 2505 illos
1762 2483 1844 2506 non-

1143 2590 1153 2615 1
1178 2587 1247 2614 Edit.
1265 2588 1342 2614 Μαίη.
1359 2588 1423 2623 legit
1437 2595 1608 2623 promouere
1622 2587 1660 2622 (a.
1679 2587 1728 2622 T.)-

1738 193 1802 227 535
1848 203 1896 230 An.
1919 203 1947 230 c.
1969 204 2032 230 itm
