2247 3208
184 226 234 253 An.
252 226 279 254 c.
300 225 368 254 1664
414 218 478 252 ⁶230

372 276 563 319 presbytero
587 273 740 307 cardinali
759 273 797 306 ab
822 273 967 306 Harraeh
984 283 1107 305 nuncu-

371 333 457 372 pato,
472 327 628 360 ecclesiae
646 325 818 368 Pragcnsis
835 336 871 358 ex
892 324 1105 358 concessione

373 385 404 413 et
423 379 663 422 dispensatione
678 378 854 421 apostolica
871 378 1025 421 praesuli,
1045 388 1106 410 nec

371 443 437 465 non
475 431 652 464 venerabili
683 432 771 464 fratri
805 430 1043 473 Salisburgensi
1075 436 1108 463 et

371 483 583 527 Strigoniensi
601 484 864 527 archiepiscopis,
891 494 927 517 ac
951 483 1106 527 episcopo

371 536 556 577 Viennensi,
582 541 635 569 aut
667 537 791 570 duobus
825 537 939 569 saltem
969 547 1007 569 ex
1032 537 1106 577 illis,

371 600 437 629 seU,
457 589 483 622 si
501 589 547 622 illi
564 589 695 622 insimul
713 600 779 622 non
801 590 1019 632 reperiantur,
1037 589 1106 622 aliis

371 652 547 684 regnorum
572 653 607 676 ac
631 642 868 683 archiducatus,
889 642 1045 683 statuum,
1061 642 1107 675 di-

372 694 520 734 tionum,
554 695 791 738 provinciarum
826 700 859 728 et
889 695 1106 728 dominiorum

371 748 615 791 praedictorum
641 748 816 791 episcopis,
841 749 892 781 vel
918 748 1044 781 duobus
1069 759 1106 781 ex

371 800 434 834 illis
461 811 520 844 per
552 805 581 834 te
610 801 743 833 arbitrio
770 806 830 842 tuo,
858 802 952 834 toties
978 802 1105 844 quotics

372 863 454 896 opus
481 853 586 893 suerit,
612 854 770 896 eligendis
782 853 798 895 ¹,
826 864 1049 898 quaecumque
1076 860 1108 886 et

372 906 620 949 qualiacumque
646 918 745 939 aurea
771 912 802 939 et
826 912 981 949 argentea
1005 908 1108 940 ecele-

372 958 490 991 siarum
522 964 554 991 et
585 960 731 992 locorum
763 959 891 1002 piorum
921 960 1106 993 huiusmodi

371 1022 464 1052 vasa,
492 1012 703 1051 candelabra,
730 1023 860 1052 cruces,
886 1012 1051 1045 thuribula
1077 1018 1108 1045 et

372 1065 435 1097 alia
455 1065 615 1105 utensilia,
633 1065 697 1097 sive
718 1065 802 1097 intra
825 1065 906 1097 sines
933 1076 1107 1108 regnorum

373 1123 405 1150 et
421 1117 662 1157 archiducatus‚
681 1117 837 1157 Statuum⁷
858 1118 1105 1161 provinciarum,

372 1169 533 1203 ditionum
557 1175 590 1202 et
615 1170 833 1202 dominiorum
854 1171 1106 1213 praedictorum,

372 1222 439 1254 sive
476 1228 565 1255 extra
589 1222 663 1255 illos
696 1228 875 1266 asportata,
910 1223 1106 1267 ubicumque

372 1275 516 1317 gentium
542 1281 573 1308 et
602 1276 749 1308 locorum
781 1276 918 1308 existant
942 1276 1107 1319 (calicibus

373 1333 406 1360 et
428 1327 554 1370 pateniS
579 1334 611 1360 et
637 1328 708 1361 aliis
734 1330 823 1361 sacra
847 1329 1001 1361 unctione
1027 1329 1108 1362 deli-

371 1380 457 1413 butis
473 1381 638 1414 dumtaxat
654 1382 826 1425 exceptis),
840 1387 876 1414 ut
892 1383 946 1415 illa
964 1383 1105 1422 conflari,

374 1439 406 1466 et
429 1434 461 1466 in
486 1429 832 1477 nummospraedirto
851 1435 1014 1478 Leopoldo
1040 1436 1107 1478 regi

373 1496 430 1519 seu
462 1486 532 1519 eius
562 1487 718 1519 ministris
749 1488 987 1530 consignandos
1019 1494 1050 1521 et
1075 1489 1107 1521 iu

373 1539 593 1583 supradictam
607 1551 735 1573 eausam
747 1542 910 1573 dumtaxat
922 1543 1108 1584 expenden-

952 224 1132 249 BULLARIUM
1155 224 1306 250 ROMANUM

1149 272 1278 306 nostro¹
1304 278 1336 306 et
1361 273 1564 316 Apostolicae
1590 274 1681 308 Sedis
1706 274 1793 318 apud
1815 284 1883 308 me-

1148 330 1311 358 moratum
1335 326 1535 370 Leopoldum
1564 338 1675 370 regem
1698 328 1818 361 nuncio
1843 328 1882 360 ad

1148 378 1181 411 id
1213 379 1399 422 specialiter
1423 379 1691 422 deputandorum,
1724 381 1884 425 subscrip-

1150 431 1256 472 tione,
1282 432 1408 474 integre
1440 437 1472 465 et
1501 432 1643 466 fideliter
1672 434 1817 467 converti
1850 439 1882 467 et

1149 485 1288 527 erogari.

1192 538 1206 580 ἓ
1231 537 1261 570 2.
1288 537 1357 571 Non
1383 537 1584 571 obstantibus
1614 539 1822 582 apostolicis,
1847 550 1883 573 ac

1148 590 1180 623 iu
1216 590 1452 624 universalibus
1492 591 1814 635 provincialibusque
1851 598 1884 625 et

1149 643 1359 687 synodalibus
1377 644 1522 677 conciliis
1547 644 1650 685 editis,
1675 645 1881 688 generalibus

1148 697 1197 729 vel
1223 696 1438 739 specialibus,
1464 697 1749 730 constitutionibus
1776 703 1809 731 et
1832 708 1883 731 or-

1148 749 1376 789 dinationibus,
1390 760 1519 782 necnon
1538 760 1813 794 quarumcumque
1831 761 1883 784 ee-

1148 802 1320 835 clesiarum
1345 808 1377 835 et
1402 804 1549 835 locorum
1574 803 1711 846 piorum,
1731 814 1767 836 ac
1791 803 1882 837 Ordi-

1148 865 1241 896 num,
1267 856 1573 898 congregationum,
1598 856 1777 897 Societatis,
1801 855 1883 889 mili-

1149 908 1263 940 tiarum
1295 913 1327 941 et
1364 908 1533 951 hospitalis
1565 908 1818 951 praedictorum,
1851 913 1883 942 et

1149 960 1315 1003 quibusvis
1333 960 1416 1000 aliis,
1434 961 1530 993 etiam
1552 961 1746 1001 iuramento,
1768 960 1883 994 confir-

1148 1013 1289 1045 matione
1316 1013 1506 1056 apostolica,
1529 1014 1579 1046 vel
1597 1013 1707 1056 quavis
1731 1013 1882 1047 firmitate

1149 1065 1210 1097 alia
1232 1066 1405 1105 roboratis,
1433 1066 1560 1098 statutis
1586 1071 1618 1098 ct
1641 1066 1884 1099 consuetudini-

1148 1118 1219 1157 bus,
1244 1118 1423 1160 privilegiis
1448 1129 1593 1161 quoque,
1619 1118 1752 1152 indultis
1778 1124 1810 1151 et
1833 1119 1884 1153 lit-

1150 1170 1227 1201 teris
1242 1170 1441 1213 apostolieis,
1458 1170 1582 1203 eisdem
1600 1171 1746 1204 eeclesiis
1760 1175 1792 1203 et
1804 1171 1882 1204 locis

1148 1222 1218 1265 piis,
1238 1233 1274 1254 ac
1293 1222 1473 1263 Ordinibus,
1492 1224 1810 1267 congregationibus,
1830 1224 1885 1257 So-

1149 1275 1274 1315 cietati,
1299 1275 1422 1309 militiis
1449 1281 1480 1308 et
1509 1276 1662 1320 hospitali
1687 1276 1884 1320 praedietis,

1148 1328 1344 1372 illorumque
1369 1330 1588 1372 praesulibus,
1609 1330 1769 1373 capitulis,
1786 1331 1885 1363 abba-

1149 1382 1235 1414 tibus
1260 1388 1291 1415 et
1315 1382 1384 1415 aliis
1411 1383 1643 1426 superioribus,
1670 1394 1706 1416 ae
1730 1384 1883 1427 personis

1150 1435 1362 1478 quibuslibet,
1382 1435 1478 1468 etiam
1495 1436 1528 1468 in
1546 1436 1658 1468 limine
1684 1435 1883 1469 fundationis

1150 1493 1182 1520 et
1204 1488 1399 1529 erectionis,
1427 1489 1487 1521 sub
1513 1489 1769 1532 quibuscumque
1794 1493 1885 1521 teno-

1149 1541 1237 1573 ribus
1256 1546 1287 1573 ct
1308 1541 1427 1581 formis,
1448 1552 1483 1574 ac
1508 1552 1580 1574 cum
1606 1541 1770 1585 quibusvis
1789 1541 1885 1574 etiam

374 1593 443 1632 dos,
469 1593 541 1626 cudi
568 1595 710 1636 possint,
730 1599 824 1627 cauto
844 1600 951 1627 tamen
977 1595 1107 1627 arbitrio
1150 1594 1429 1636 derogatoriarum
1473 1595 1711 1637 derogatoriis,
1747 1594 1884 1638 aliisque

375 1649 428 1677 tuo
447 1646 486 1678 de
503 1646 727 1687 restituendis,
748 1648 984 1691 quamprimum
1011 1648 1109 1680 sacul-

375 1703 422 1730 tas
446 1704 606 1742 suppetet,
633 1700 779 1732 ecelesiis
803 1705 835 1732 et
860 1701 939 1733 loeis
965 1701 1026 1744 piis
1049 1701 1109 1733 hu-

375 1751 514 1784 iusmodi
546 1752 616 1784 aliis
647 1753 843 1786 utensilibus
874 1754 979 1786 aureis
1005 1759 1037 1787 et
1060 1764 1109 1786 ar—

375 1806 501 1847 genteis
538 1806 684 1840 eiusdem
716 1808 894 1850 ponderis,
927 1808 1044 1841 valoris
1078 1812 1107 1840 et

375 1859 546 1900 qualitatis,
572 1861 749 1902 apostoliea
773 1861 963 1893 auctoritate
990 1863 1107 1900 nostra,

375 1911 566 1954 opportunis
590 1912 668 1945 iuris
686 1919 717 1945 et
735 1913 808 1945 sacti
832 1913 994 1953 remediis,
1013 1914 1109 1946 etiam

376 1973 435 2005 per
448 1973 601 1997 censuras
616 1966 864 2007 ecclesiasticas,
885 1966 972 1999 omni
991 1971 1023 1998 et
1036 1977 1111 2009 qua-

377 2025 514 2059 cumque
540 2019 767 2061 appellatione,
794 2029 936 2060 reeursu,
954 2020 1111 2052 reclama-

378 2068 465 2101 tione
491 2075 524 2102 et
554 2071 743 2114 exceptione
775 2072 906 2105 remotis
923 2099 930 2112 ‚
957 2082 1054 2115 cogas
1079 2077 1111 2105 et

377 2123 571 2165 compellas;
588 2134 685 2166 super
705 2125 819 2167 quibus
845 2125 901 2157 tibi
927 2136 1111 2168 quaint-tuu-

378 2185 441 2216 que
460 2176 674 2208 necessariam
692 2183 723 2209 et
746 2183 959 2220 opportunam
983 2179 1112 2211 faculta-

379 2231 444 2259 tem
470 2227 638 2261 tribuimus
664 2235 695 2261 et
719 2230 939 2273 impertimur,
964 2232 1110 2264 volentes

378 2280 590 2322 pecuniarum
602 2292 638 2313 ex
656 2283 840 2324 praemissis
858 2283 1110 2326 redigendarum

378 2331 521 2364 rationes
535 2333 670 2365 seorsim
688 2335 813 2375 haberi,
834 2336 969 2379 illasque
988 2336 1019 2368 in
1036 2347 1111 2368 cau-

378 2394 444 2417 sam
459 2384 536 2417 belli
553 2386 710 2428 praedicti
729 2393 840 2420 eontra
853 2388 981 2429 Tureas,
998 2394 1029 2422 et
1045 2399 1109 2421 non

378 2437 411 2469 in
429 2437 508 2470 alios
527 2439 656 2481 quosvis
672 2450 755 2480 usus,
778 2452 849 2473 cum
867 2443 919 2473 tua
928 2440 949 2482 ²²,
967 2443 1015 2474 vel
1034 2443 1111 2476 alio-

379 2500 467 2529 rum,
499 2501 516 2523 a
548 2497 578 2523 te
611 2502 666 2525 seu
692 2503 749 2535 pro
774 2499 917 2537 tempore
950 2495 1109 2528 existente

412 2561 424 2586 1
443 2560 509 2587 Male
525 2561 590 2588 edit.
607 2561 685 2588 Main.
703 2562 786 2590 habet
801 2564 927 2598 eliyemli
942 2565 1038 2599 (R.T.).

412 2606 427 2631 ⁹2
442 2605 508 2632 Male
523 2604 587 2632 edit.
605 2605 681 2632 Maia.
700 2606 782 2633 habet
798 2610 844 2634 tuo
861 2616 907 2642 pro
924 2611 970 2635 tur]
988 2613 1012 2635 {R
1036 2609 1083 2644 τ.).

1129 1673 1132 1724 l

1151 1647 1399 1688 efficacioribus,
1424 1647 1658 1680 efficacissimis
1683 1653 1715 1680 et
1744 1648 1885 1680 insolitis

1150 1701 1315 1741 clausulis,
1326 1712 1362 1733 ac
1376 1701 1586 1740 irritantibus,
1598 1705 1629 1733 et
1643 1700 1715 1734 aliis
1730 1700 1884 1740 decretis,

1150 1753 1183 1786 in
1208 1764 1329 1796 genere
1355 1755 1405 1787 vel
1427 1754 1460 1786 iu
1482 1755 1600 1797 speeie,
1626 1754 1658 1786 in
1684 1753 1885 1786 contrarium

1151 1807 1409 1850 praemissorum
1435 1807 1686 1850 quomodolibet
1709 1806 1884 1846 concessis,

1152 1859 1349 1892 confirmatis
1376 1865 1407 1892 et
1430 1859 1611 1900 innovatis3
1639 1859 1756 1903 quibus
1782 1859 1887 1892 omni-

1151 1914 1211 1946 bus
1227 1918 1259 1945 et
1271 1913 1418 1956 siugulis,
1436 1912 1562 1945 etiamsi
1577 1923 1636 1955 pro
1651 1912 1782 1946 illorum
1799 1911 1887 1945 suffi-

1152 1966 1250 1999 cienti
1280 1966 1493 2009 derogatione
1530 1967 1569 1999 de
1605 1966 1669 1999 illis
1707 1975 1885 2008 eorumque

1153 2019 1228 2052 totis
1255 2019 1422 2052 tenoribus
1448 2018 1610 2062 specialis,
1637 2017 1804 2062 specifica,
1833 2028 1887 2050 ex-

1152 2082 1266 2114 pressa
1299 2076 1330 2104 et
1363 2071 1553 2111 individua,
1580 2082 1616 2104 ac
1648 2071 1686 2104 de
1720 2071 1821 2103 verbo
1846 2070 1887 2103 ad

1153 2125 1306 2164 verbum,
1334 2135 1399 2157 non
1425 2129 1532 2156 autem
1556 2134 1617 2167 per
1642 2124 1806 2157 clausulas
1832 2134 1887 2166 ge-

1153 2178 1281 2209 nerales
1307 2176 1393 2209 idem
1418 2177 1652 2220 importantes,
1678 2177 1801 2210 mentio
1828 2186 1887 2209 seu

1154 2230 1286 2273 quaevis
1312 2229 1374 2262 alia
1394 2230 1562 2272 expressio
1584 2221 1806 2263 facienda‘aut
1830 2229 1888 2262 ali-

1154 2293 1217 2325 qua
1227 2282 1289 2315 alia
1303 2282 1464 2326 exquisita
1476 2283 1579 2315 forma
1593 2283 1631 2315 ad
1649 2283 1712 2315 hoe
1729 2282 1889 2315 servanda

1154 2336 1260 2376 soret,
1286 2335 1417 2368 illorum
1448 2336 1590 2368 omnium
1624 2341 1656 2369 et
1685 2335 1888 2379 singulorum

1154 2394 1285 2421 tenores
1307 2389 1546 2432 praesentibus,
1562 2400 1598 2422 ac
1615 2389 1641 2422 si
1666 2389 1705 2422 de
1730 2388 1830 2422 verbo
1849 2388 1889 2421 ad

1153 2442 1298 2483 verbum,
1316 2452 1351 2474 ae
1368 2443 1471 2475 forma
1486 2443 1518 2475 in
1536 2442 1600 2475 illis
1619 2442 1736 2475 tradita
1752 2443 1887 2480 servata,

1153 2495 1416 2538 exprimerentur
1433 2501 1465 2529 et
1481 2496 1718 2537 insererentur,
1732 2505 1890 2539 praesen-

1189 2613 1198 2636 1
1217 2610 1286 2638 Male
1299 2611 1341 2638 ed.
1354 2611 1433 2638 Μαίη.
1447 2611 1509 2646 legit
1523 2614 1621 2640 nostra
1633 2619 1680 2646 pro
1693 2613 1788 2639 nostro
1798 2611 1836 2646 (R.
1849 2610 1887 2646 Τ).

1891 224 1940 253 An.
1957 224 1986 252 C.
2004 223 2075 252 1663

1893 548 2003 571 contraria
2014 547 2076 570 tollit.
