2247 3208
199 195 250 222 An.
265 193 293 221 c.
316 193 383 221 1664
428 180 493 217 3⁶26

220 411 361 434 Prooemium.

219 777 336 803 moesiae.

242 1668 343 1692 Prohibet
363 1672 386 1691 ut

202 1698 224 1720 ln
238 1697 329 1719 rubrica.

578 245 741 274 Alexander
768 245 845 277 Papa
873 243 936 275 Vll,

531 303 566 328 ad
586 301 717 327 futuram
736 298 781 326 rei
801 296 979 325 memoriam.

434 397 607 431 Pastoralis
622 395 729 435 officii,
744 395 830 438 quod
847 398 977 426 auctore
990 392 1056 426 Deo
1071 403 1126 435 ge-

390 451 497 489 rimus,
523 449 708 482 sollicitudo
737 457 795 480 nos
819 447 972 480 admonet
994 451 1029 478 ut
1048 455 1126 478 con-

389 503 562 536 servandae
580 502 808 544 religiosorum
823 500 977 533 Ordinum
991 498 1124 531 eximiae

389 555 515 599 pietatis
540 560 572 588 et
606 554 752 587 arctioris
788 553 977 596 disciplinae
1001 551 1124 585 meritis

389 608 639 651 conspicuorum
682 606 930 646 existimationi,
969 610 1124 648 quantum

388 660 481 693 nobis
505 671 543 693 ex
568 660 631 693 alto
657 659 857 699 conceditur,
883 658 1052 692 consulere
1078 667 1125 690 sa-

391 718 544 756 tegamus.

432 765 498 808 §f
536 765 661 808 Exponi
697 764 858 808 siquidem
891 763 985 796 nobis
1021 772 1125 805 nuper

388 818 463 851 fecit
486 818 622 851 dilectus
645 818 729 851 silius
746 821 941 861 procurator
963 815 1124 859 generalis

388 871 516 906 Ordinis
541 872 674 904 fratrum
698 871 857 904 Minorum
881 869 982 902 sancti
998 869 1126 902 Franci-

389 925 433 957 sci
452 924 730 967 Cappuccinorum
746 927 1014 966 nuncupatorum,
1038 921 1125 964 quod

390 978 539 1010 nonnulli
565 987 581 1010 e
607 977 692 1010 dicto
728 976 845 1010 Ordine
878 976 917 1010 ad
949 975 1027 1010 alias
1050 975 1126 1007 reli-

390 1030 502 1073 giones
538 1035 723 1069 transeunt,
756 1033 984 1071 assumptoque
1020 1027 1053 1060 in
1088 1027 1126 1059 il-

389 1083 429 1116 lis
454 1083 565 1116 habitu
590 1083 739 1126 regulari,
759 1082 798 1116 ad
818 1092 871 1116 eas
896 1081 1077 1125 provincias
1093 1080 1125 1113 in

391 1136 507 1179 quibus
540 1136 684 1168 habitum
720 1135 875 1178 praedicti
905 1134 1032 1168 Ordinis
1064 1134 1126 1166 fra-

391 1194 475 1221 trum
510 1189 788 1232 Cappuccinorum
823 1188 951 1231 publice
987 1193 1127 1230 gestave-

390 1246 476 1282 rant,
503 1252 538 1276 ac
562 1241 683 1285 cogniti
708 1247 739 1274 et
762 1241 950 1274 commorati
982 1241 1123 1281 fuerant,

390 1294 477 1328 illico
504 1295 683 1327 habitatum
708 1305 739 1327 se
765 1294 944 1334 conferunt,
964 1299 1003 1334 et,
1025 1294 1065 1326 ad
1086 1299 1127 1327 te-

391 1347 510 1390 gendas
528 1356 583 1380 seu
602 1347 822 1381 defendendas
846 1347 992 1390 proprias
1010 1347 1127 1390 imper-

391 1400 555 1441 fectiones,
575 1400 718 1434 eiusdem
742 1399 869 1434 Ordinis
891 1400 1025 1432 fratrum
1049 1399 1128 1442 Cap-

392 1453 607 1497 puccinorum
646 1454 762 1486 famam
800 1453 908 1486 multis
943 1453 1128 1496 imposturis

392 1504 535 1539 lacerare
560 1516 625 1540 non
649 1511 808 1547 verentur,
832 1516 903 1538 cuin
930 1506 1016 1549 gravi
1040 1516 1130 1539 secu-

393 1558 509 1592 larium
533 1559 683 1592 scandalo
718 1558 860 1602 bonique
890 1559 1029 1592 nominis
1054 1558 1130 1591 dicti

395 1610 522 1645 Ordinis
548 1611 754 1644 detrimento.

441 1664 456 1707 ἓ
480 1664 511 1697 2.
538 1663 640 1702 Quare
658 1664 742 1696 idem
756 1669 947 1706 procurator
971 1663 1131 1706 generalis

397 1716 490 1749 nobis
515 1717 681 1750 humiliter
716 1717 890 1760 supplicari
922 1717 998 1749 fecit
1030 1722 1065 1749 ut
1099 1716 1132 1749 in

397 1770 582 1813 praemissis
619 1775 802 1813 opportune
835 1770 1004 1812 providere
1033 1774 1065 1802 et
1098 1775 1134 1802 ut

397 1821 480 1855 infra
505 1823 673 1866 indulgere
703 1822 741 1856 de
774 1822 974 1865 benignitate
1007 1827 1134 1865 aposto-

397 1875 459 1908 lica
476 1875 694 1918 dignaremur.
718 1875 792 1914 Nos,
821 1875 920 1918 ipsius
945 1880 1134 1918 procurato-

398 1928 441 1960 ris
466 1929 625 1971 generalis
643 1929 724 1961 votis
749 1928 968 1961 favorabiliter
980 1934 1134 1971 quantum

400 1990 473 2013 cum
486 1980 622 2014 Domino
636 1991 806 2024 possumus
821 1991 962 2014 annuere
979 1982 1132 2021 volentes,

401 2044 538 2076 eumque
556 2045 572 2066 a
589 2034 754 2076 quibusvis
780 2034 1133 2073 excommunicationis,

400 2087 625 2129 suspensionis
659 2093 691 2119 et
714 2087 892 2127 interdicti,
921 2087 1059 2130 aliisque
1084 2098 1136 2119 ec-

400 2139 591 2172 clesiasticis
606 2140 787 2180 sententiis,
803 2140 949 2172 censuris
965 2145 996 2173 et
1008 2140 1134 2183 poeniS,

400 2203 417 2224 a
435 2192 502 2225 iure
522 2193 572 2225 vel
597 2193 635 2225 ab
662 2192 804 2233 homine,
824 2193 935 2235 quavis
962 2193 1135 2226 occasione

400 2247 450 2278 vel
477 2248 572 2278 causa
596 2246 677 2286 latis,
697 2246 722 2278 si
749 2246 863 2289 quibus
891 2246 1137 2290 quomodolibet

400 2298 573 2331 innodatus
599 2299 714 2339 existit,
736 2301 775 2332 ad
805 2299 953 2333 effectum
978 2310 1137 2343 praesen-

401 2351 480 2383 tium
513 2352 677 2385 dumtaxat
705 2354 993 2396 consequendum,
1021 2354 1136 2385 liarum

401 2404 487 2437 serie
513 2405 720 2438 absolventes
736 2412 767 2438 et
781 2407 964 2439 absolutum
982 2406 1051 2438 sore
1067 2416 1138 2438 cen-

403 2462 530 2497 sentes,
559 2457 742 2490 huiusmodi
776 2459 1066 2502 supplicationibus
1092 2459 1138 2490 in·
1181 2454 1408 2498 praesentium
1451 2454 1636 2486 litterarum
1675 2453 1976 2525 ti‘ansuniptiS‚'v

403 2530 449 2553 tur
467 2534 501 2553 ne
521 2526 619 2553 fratres
638 2526 799 2562 Cappuccini
819 2528 853 2555 ad
880 2528 1009 2556 laxiorem
1028 2528 1139 2563 religio-

405 2576 466 2595 nem
487 2572 635 2596 transeant.
1122 2588 1133 2603 ἢ

969 184 1148 209 BULLARIUM
1173 182 1325 207 ROMANUM

1905 187 1957 216 An.
1972 188 2002 218 C.
2023 190 2091 218 1664

1170 230 1288 270 clinati,
1304 240 1344 263 ne
1361 230 1400 263 de
1417 236 1524 264 cetero
1538 231 1707 275 quisquam
1721 233 1775 276 qui
1792 232 1820 267 a¹
1837 245 1903 269 me-

1168 287 1292 315 morato
1317 282 1435 316 Ordine
1461 284 1592 317 fratrum
1615 285 1900 329 Cappuccinorum,

1168 341 1242 377 post
1265 336 1413 368 emissam
1429 336 1461 368 in
1479 337 1535 369 illo
1553 338 1788 380 professionem
1810 351 1902 383 regu-

1168 389 1278 428 larem,
1292 389 1330 421 ad
1345 389 1440 421 aliam
1456 398 1690 433 quamcumque
1707 392 1901 435 religionem

1168 442 1415 485 quomodolibet
1434 442 1605 483 transierit,
1624 444 1656 476 in
1673 446 1711 477 ea
1727 446 1900 488 provincia,

1168 495 1200 528 in
1218 506 1280 537 qua
1297 495 1532 538 professionem
1548 496 1733 530 huiusmodi
1762 498 1903 532 emiserit

1168 559 1205 581 ac
1230 549 1376 582 habitum
1397 549 1584 582 eorumdem
1609 550 1742 583 fratrum
1760 550 1902 594 Cappuc-

1168 601 1316 634 cinerum
1354 602 1482 645 publice
1520 603 1718 646 gestaverit,
1755 604 1902 637 habitare

1167 664 1223 687 seu
1247 655 1441 687 commorari
1465 656 1582 688 audeat
1609 655 1721 698 quovis
1737 657 1835 689 modo
1853 657 1903 690 vel

1167 712 1358 750 praesumat,
1378 708 1568 741 auctoritate
1586 709 1772 751 apostolica,
1791 713 1903 742 tenore

1168 760 1393 803 praesentium,
1409 761 1620 803 prohibemus
1636 766 1667 793 et
1681 761 1900 794 inerdicimus.

1212 813 1226 855 ἓ
1250 812 1282 846 3.
1309 813 1531 847 Decernentes
1558 814 1689 847 easdem
1713 820 1904 857 praesentes
1927 829 2053 859 „Decretum
2069 830 2099 854 is<

1167 865 1294 898 litteras
1320 876 1452 909 semper
1467 866 1587 907 firmas,
1607 867 1728 899 validas
1748 872 1781 900 et
1798 858 1989 900 effica-‘¹¹²⁰⁵'

1167 929 1221 951 ecs
1248 919 1388 951 existere
1407 924 1440 951 et
1463 919 1545 960 sore,
1573 929 1714 962 suosque
1736 920 1903 962 plenarios

1168 976 1200 1002 et
1224 970 1370 1013 integros
1397 969 1530 1003 effectus
1556 971 1667 1004 sortiri
1685 977 1718 1004 et
1738 972 1899 1013 obtinere,

1169 1034 1205 1056 ac
1231 1024 1270 1057 ab
1299 1023 1372 1063 illis,
1392 1024 1432 1056 ad
1450 1034 1530 1067 quos
1552 1030 1678 1067 spectat
1695 1029 1727 1057 et
1743 1035 1804 1068 pro
1824 1030 1905 1058 tem-

1169 1086 1250 1119 pore
1277 1077 1450 1120 spectabit,
1469 1077 1705 1110 inviolabiliter
1721 1078 1903 1118 observari,

1168 1127 1282 1171 sicque
1306 1129 1340 1163 in
1364 1129 1554 1172 praemissis
1588 1139 1648 1173 per
1678 1140 1904 1173 quoscumque

1168 1180 1292 1214 iudices
1318 1181 1502 1217 ordinarios
1528 1186 1559 1215 et
1589 1183 1757 1225 delegatos
1773 1209 1781 1224 ‚
1808 1182 1906 1215 etiam

1169 1246 1341 1268 (causarum
1377 1235 1489 1278 palatii
1521 1236 1695 1278 apostolici
1727 1236 1905 1275 auditores,

1169 1288 1306 1327 iudicari
1338 1293 1370 1321 et
1395 1287 1524 1321 definiri
1554 1289 1695 1329 debere,
1717 1300 1753 1322 ac
1777 1288 1908 1321 irritum

1170 1347 1202 1374 et
1226 1341 1322 1374 inane
1348 1341 1374 1373 si
1400 1351 1495 1374 secus
1511 1352 1612 1385 super
1630 1342 1681 1374 his
1697 1352 1714 1374 a
1731 1352 1907 1385 quoquam,

1171 1394 1283 1437 quavis
1305 1384 1513 1436 auctoritate,
1531 1395 1676 1429 scienter
1691 1396 1741 1428 vel
1755 1394 1910 1437 ignoran-

1171 1454 1233 1489 ter,
1253 1449 1430 1491 contigerit
1446 1449 1612 1481 attentari.
2047 1486 2050 1489 ,

1214 1502 1229 1544 ξ
1252 1501 1283 1534 4.
1310 1501 1381 1535 Non
1402 1501 1607 1534 obstantibus
1628 1501 1909 1535 constitutionibus
1941 1514 2057 1535 contrariis
2066 1513 2103 1534 do-

1173 1559 1205 1587 et
1239 1554 1497 1588 ordinationibus
1532 1554 1744 1598 apostolicis,
1778 1543 1987 1588 liecnon'⁰⁸³²‘

1174 1609 1360 1651 quorumvis
1399 1608 1554 1642 Ordinum
1569 1635 1576 1649 ,
1617 1609 1910 1651 congregationum

1175 1669 1204 1696 et
1230 1663 1451 1696 institutorum
1476 1663 1683 1705 regularium,
1710 1662 1805 1695 etiam
1829 1662 1912 1694 iura-

1174 1721 1294 1756 mento,
1310 1715 1553 1749 confirmatione
1570 1715 1756 1758 apostolica,
1771 1715 1822 1748 vel
1840 1725 1913 1758 qua-

1175 1769 1220 1801 vis
1244 1769 1394 1802 firmitate
1429 1769 1491 1802 alia
1517 1768 1697 1809 roboratis,
1723 1767 1847 1800 statutis
1881 1771 1913 1800 et

1176 1821 1482 1862 consuetudinibus,
1507 1821 1685 1864 privilegiis
1710 1831 1850 1863 quoque,
1866 1820 1913 1852 in-

1177 1875 1273 1908 dultis
1302 1880 1334 1908 et
1358 1874 1473 1907 litteris
1506 1873 1693 1917 apostolicis
1730 1873 1762 1905 iu
1787 1878 1913 1906 contra-

1177 1928 1259 1960 rium
1285 1927 1532 1970 praemissorum
1568 1926 1814 1969 quomodolibet
1837 1936 1914 1958 con-

1177 1981 1287 2020 cessis,
1307 1980 1504 2013 confirmatis
1529 1984 1561 2012 et
1583 1980 1764 2019 innovatis,
1799 1979 1914 2022 quibus

1177 2033 1326 2066 omnibus
1366 2038 1397 2065 et
1432 2032 1590 2075 singulis,
1622 2031 1751 2064 illorum
1783 2036 1914 2064 tenores

1177 2085 1404 2129 praesentibus
1439 2095 1497 2128 pro
1528 2085 1625 2127 plene
1657 2089 1689 2116 et
1713 2084 1915 2116 sufficienter

1179 2138 1341 2181 expressis
1368 2143 1400 2170 et
1422 2137 1554 2170 insertis
1573 2136 1744 2177 habentes,
1757 2136 1821 2169 illis
1836 2136 1915 2168 alias

1178 2192 1211 2223 in
1237 2200 1295 2223 suo
1330 2190 1445 2223 robore
1480 2191 1720 2232 permansuri&
1753 2190 1793 2222 ad
1823 2199 1917 2232 prae-

1179 2243 1352 2276 missorum
1377 2242 1538 2281 effectum,
1564 2243 1623 2274 hac
1647 2242 1715 2274 vice
1741 2242 1916 2281 dumtaxat,

1179 2295 1365 2339 specialiter
1389 2301 1421 2327 ct
1445 2305 1599 2338 expresse
1625 2295 1838 2337 derogamus;
1864 2304 1917 2327 ce-

1180 2349 1322 2391 terisque
1348 2348 1515 2381 contrariis
1542 2348 1811 2391 quibuscumque.

1224 2402 1238 2444 g
1263 2401 1294 2433 5.
1329 2401 1484 2434 Volumus
1518 2406 1627 2433 autem
1659 2406 1695 2432 ut
1725 2400 2109 2456 0³¹'¹¹n¹de¹nrunf‘33{}“'⁹¹⁰'

1925 2523 1958 2539 ..³

1220 2570 1230 2595 1
1254 2569 1401 2604 Praeposit.
1418 2578 1435 2597 a
1452 2577 1500 2595 nos
1515 2567 1639 2596 addimus
1653 2569 1693 2603 (R.
1710 2568 1758 2603 T.).

2101 37 2140 109 οὒ
