2247 3208
268 228 314 254 An.
333 227 360 253 c.
384 225 450 253 1662
496 215 537 249 88

293 1818 405 1844 Disciplina
418 1819 446 1839 fa-

266 1846 348 1866 cienda.

284 2605 374 2629 Ieiunia.

464 283 547 306 mus:
563 272 657 311 Dens,
677 269 734 313 qm'
750 267 844 301 corda
857 266 1015 310 fidelium,
1032 270 1094 298 etc.
1111 265 1196 297 Deus

463 328 633 364 virtutum,
658 323 751 356 cuins
775 326 819 355 est
839 325 939 354 totum
955 320 1041 364 quod
1058 323 1100 352 est
1117 319 1196 362 opti·
1211 335 1212 338 ¹

463 389 563 418 inunt,
583 378 686 409 insere
707 375 888 419 pectoribus
913 373 1032 407 nostris
1053 382 1193 405 amorem

464 431 512 464 tui
535 430 684 468 nominis,
712 433 739 461 et
765 430 895 471 praesta
926 426 960 458 in
988 424 1080 457 nobis
1110 424 1191 457 rett-

462 484 568 527 91‘onis
593 485 814 525 auqmentnnz,
834 483 870 512 ut
901 488 984 522 quae
1013 482 1089 510 sunt
1113 477 1194 510 bona

462 537 608 576 nun-ias,
636 546 672 567 ac
700 533 830 577 pietatis
855 531 981 571 studio,
1009 541 1092 574 quae
1116 534 1193 563 sunt

462 589 600 630 nutrita,
633 586 803 619 custodias.
839 583 975 627 Defende
999 593 1193 626 quaesumus

462 641 619 682 Domine,
647 640 682 673 B.
708 638 816 671 Marici
839 646 961 679 semper
989 636 1120 679 Vz'ryt'ne
1143 636 1194 668 in-

463 693 645 733 tercedente,
670 692 765 724 istam
794 690 833 722 ab
869 688 960 722 omni
1000 688 1194 721 adversitate

460 746 643 790 familiam,
671 749 698 777 et
725 748 786 777 toto
811 742 901 775 corde
927 741 986 774 tibi
1012 745 1193 784 postratam

461 801 500 834 ab
529 800 669 833 hostium
702 797 866 842 propitius
903 799 990 828 tuere
1024 795 1194 827 clementer

461 853 603 887 insidiis.
632 852 695 885 Per
727 850 892 885 Christum
923 848 1105 882 Dominum
1138 858 1194 880 no-

461 912 574 940 strum.
588 906 701 940 Amen.
717 903 864 937 Secundo
883 902 980 935 etiam
998 902 1193 935 conveniant

461 966 536 1005 post
549 958 810 1003 completorium,
823 957 975 1000 factoque
990 956 1104 988 saltem
1118 960 1194 998 post

462 1012 626 1047 dimidiam
645 1010 800 1045 orationis
818 1010 935 1042 horam
952 1009 1045 1051 signo
1063 1019 1080 1040 a
1098 1017 1193 1051 prae-

460 1067 549 1108 lato,
583 1062 857 1099 hebdomadarius
884 1062 1017 1105 incipiat
1041 1061 1193 1104 antipho-

460 1131 551 1153 nam:
569 1117 733 1161 Conceptio
753 1122 819 1157 tua,
835 1116 894 1149 Dei
912 1115 1061 1149 Genitrioe
1082 1115 1189 1157 Virqo,

459 1172 618 1216 yaudium
639 1169 852 1204 annunciavit
876 1169 1024 1201 universo
1051 1166 1188 1207 mundo,

460 1237 498 1259 ea:
523 1230 549 1258 te
573 1225 659 1258 enim
683 1228 771 1257 ortus
796 1227 840 1255 est
859 1221 913 1255 Sol
930 1221 1082 1255 Iustitiae
1101 1220 1192 1254 Clari-

459 1283 527 1312 stus
551 1278 635 1311 Deus
659 1281 785 1316 noster,
813 1275 871 1319 qui
901 1275 1023 1307 solvens
1048 1273 1192 1306 maledi-

460 1333 594 1366 ctionem
618 1330 703 1364 dedit
728 1329 987 1368 benedictionem,
1008 1332 1036 1360 et
1060 1328 1192 1370 confun-

460 1386 536 1419 dens
560 1389 693 1418 mortem
717 1382 848 1416 donarit
872 1381 961 1414 nobis
984 1382 1086 1413 vitam
1105 1391 1192 1413 sem—-

456 1440 639 1483 piternom,
667 1441 766 1481 prout
790 1436 823 1468 in
848 1434 956 1468 rituali
980 1434 1109 1467 Ordinis
1135 1444 1193 1466 no-

459 1498 556 1525 tatur.
579 1491 655 1524 Cum
674 1491 736 1523 hoc
760 1489 804 1522 ita
825 1489 992 1522 decretum
1010 1487 1053 1520 sit
1069 1487 1101 1519 in
1120 1486 1191 1520 aliis

460 1544 608 1588 capitulis
627 1543 843 1586 generalibus,
859 1551 978 1585 nempe
994 1540 1190 1581 Bilbilitano‚

460 1597 617 1631 llobtensi
636 1602 667 1630 et
683 1594 888 1636 Burtinensi;
907 1594 995 1627 iuxta
1016 1594 1123 1638 ipsum
1141 1604 1193 1627 or-

462 1651 602 1684 dinanda
638 1656 687 1682 est
722 1649 911 1682 constitutio
949 1648 1004 1681 ubi
1043 1648 1193 1690 designat

462 1709 589 1747 tempus
617 1702 773 1736 orationis
809 1700 997 1734 immediate
1029 1705 1104 1744 post
1131 1699 1193 1732 No-

462 1766 536 1789 nam
561 1757 610 1789 vel
635 1755 815 1788 Matutinas.

504 1820 572 1843 xiil.
600 1809 690 1849 Item,
712 1813 845 1852 praeter
866 1807 1054 1850 disciplinas
1075 1817 1093 1839 a
1117 1816 1194 1839 con-

463 1863 630 1896 stitutione
656 1862 845 1904 assignatas,
865 1866 897 1893 et
921 1871 984 1900 eas,
1004 1870 1087 1903 quae
1113 1859 1194 1892 fiunt

463 1918 577 1959 quarta
595 1921 626 1948 et
646 1917 736 1948 sexta
760 1915 839 1947 seria
856 1924 916 1957 per
934 1918 1036 1946 totum
1054 1913 1193 1956 quadra-

462 1969 617 2011 gesimale
643 1974 794 2012 tempus,
821 1967 966 2000 decrevit
990 1965 1193 2010 praedictum

463 2022 616 2064 generale
656 2021 877 2055 definitorium
918 2021 1005 2064 quod
1042 2019 1192 2053 omnibus

463 2074 552 2107 seriis
578 2075 676 2107 sextis
700 2086 759 2118 per
786 2080 887 2107 totum
912 2075 1098 2114 adventum,
1125 2083 1194 2105 ser-

463 2127 529 2160 vari
547 2127 706 2169 religione
721 2127 909 2167 stabilitum,
924 2137 1060 2169 vespere
1079 2136 1192 2159 omnes

464 2180 579 2212 fratres
605 2181 800 2213 conveniant
824 2181 855 2213 in
881 2181 982 2213 choro
1014 2180 1062 2213 vel
1089 2180 1194 2213 cecle-

465 2232 521 2272 sia,
555 2237 587 2265 et
609 2233 652 2265 ibi
677 2244 884 2265 communem
909 2233 1026 2265 saciant
1051 2232 1194 2276 discipli-

465 2295 562 2325 nam;
590 2285 803 2329 similiterque
829 2286 907 2318 alias
933 2296 1122 2319 communes
1149 2285 1195 2319 di-

466 2337 631 2380 sciplinas,
653 2338 769 2381 quibus
798 2338 830 2370 in
853 2338 1002 2382 pluribus
1029 2338 1195 2372 conventi-

465 2389 526 2422 bus
556 2390 657 2423 nostri
679 2390 806 2423 Ordinis
828 2402 944 2434 magno
970 2396 1131 2434 proventu
1159 2402 1196 2425 ac

466 2441 691 2475 aedificatione
709 2443 854 2486 religiosi
872 2454 905 2475 se
924 2449 1085 2484 exercent,
1100 2454 1195 2487 prae-

467 2495 589 2527 dictum
613 2496 766 2538 generale
801 2495 1020 2529 definitorium
1054 2496 1196 2530 laudavit

467 2551 499 2580 ct
524 2547 727 2591 approbavit.

509 2611 572 2635 xlv.
599 2601 679 2634 Item
705 2601 817 2635 statuit
837 2602 933 2646 quod,
958 2608 1090 2646 praeter
1113 2603 1195 2637 ieiu-

1035 217 1213 242 summurn
1237 216 1389 242 noussen

1212 265 1282 297 *nia
1306 264 1338 297 in
1363 265 1485 298 nostris
1511 266 1798 300 constitutionibus
1824 272 1957 308 statuta,

1228 323 1402 351 teneantur
1430 317 1576 351 ieiunare
1608 330 1722 352 omnes
1759 320 1874 354 fratres
1901 322 1960 363 (ut

1229 375 1278 403 est
1295 370 1467 404 laudabilis
1486 375 1517 403 et
1534 371 1665 415 antiqua
1683 374 1886 406 consuetudo
1909 384 1959 407 re-

1228 423 1384 467 ligionis)
1410 424 1443 456 in
1479 424 1630 457 omnibus
1656 425 1773 468 vigiliis
1803 426 1959 460 festivita-

1228 481 1295 523 tum
1327 477 1362 510 B.
1390 476 1507 509 Mariae
1538 477 1678 519 Virginis
1697 505 1704 518 ,
1739 479 1887 512 dominae
1923 491 1960 512 ac

1227 533 1385 572 patronae
1404 535 1545 569 nostrae,
1565 534 1597 562 et
1614 530 1646 563 in
1662 530 1771 573 vigilia
1787 532 1885 564 sancti
1904 543 1960 565 no-

1227 582 1285 615 stri
1310 583 1397 615 Petri
1421 582 1562 616 Nolasci.

1269 646 1320 669 xv.
1347 635 1426 668 Item
1448 636 1592 669 decrevit
1613 637 1700 680 quod
1717 639 1960 671 commendato-

1227 698 1279 720 res
1305 698 1363 720 seu
1388 688 1525 731 praelati
1550 694 1768 722 conventuum
1793 700 1959 734 nunquam

1227 751 1244 773 a
1268 741 1442 774 refectorio
1467 742 1586 783 absint,
1609 743 1803 786 nullumque
1828 743 1960 786 religio-

1227 806 1306 836 sum,
1326 800 1390 828 tam
1415 806 1452 829 ex
1478 797 1656 839 magistris,
1681 808 1777 840 quam
1803 808 1840 830 ex
1864 808 1960 841 prae-

1227 848 1380 889 sentatis,
1422 850 1536 882 abesse
1562 850 1770 893 permittant3
1810 851 1896 894 quod
1932 850 1958 883 si

1227 903 1474 936 commendator
1505 914 1563 936 seu
1588 905 1754 948 praelatus
1780 909 1958 937 conventus

1226 955 1342 988 crebro
1368 961 1400 988 et
1424 956 1555 999 saepius
1577 967 1594 989 a
1614 957 1789 990 refectorio
1807 957 1957 997 abfuerit,

1227 1007 1333 1041 officio
1359 1013 1391 1041 et
1414 1009 1606 1042 commenda
1630 1009 1788 1052 privetur.

1269 1071 1332 1094 xv1.
1355 1061 1435 1093 Item
1461 1061 1607 1094 decrevit
1626 1062 1713 1105 quod
1736 1067 1845 1105 patres
1872 1073 1960 1096 com-

1226 1114 1436 1147 mendatores
1453 1114 1649 1158 provideant
1666 1115 1830 1157 religiosis
1851 1116 1959 1148 onmia

1226 1167 1413 1200 necessaria
1438 1168 1477 1200 ad
1502 1168 1670 1208 vestitum,
1693 1173 1725 1201 et
1743 1169 1807 1208 ille,
1827 1168 1881 1212 qui
1904 1169 1960 1201 ha-

1226 1220 1329 1253 bitum
1354 1221 1519 1263 integrum
1545 1221 1576 1253 in
1602 1221 1754 1262 triennio,
1781 1227 1814 1255 et
1837 1223 1961 1255 calcea-

1227 1279 1335 1307 menta
1360 1274 1456 1307 toties
1482 1274 1611 1317 quoties
1633 1284 1715 1317 opus
1733 1279 1765 1307 et
1781 1274 1959 1318 requisitus

1227 1328 1344 1368 suerit,
1372 1327 1438 1360 suis
1471 1328 1608 1361 subditis
1634 1338 1699 1361 non
1724 1328 1876 1368 dederit,
1902 1339 1961 1371 pu-

1227 1381 1335 1413 niatur
1359 1380 1392 1413 in
1417 1381 1558 1424 capitulo
1591 1380 1784 1425 provinciali
1810 1381 1849 1413 ad
1874 1380 1960 1413 arbi-

1227 1433 1325 1466 trium
1351 1432 1545 1474 deiinitorii,
1566 1439 1598 1467 et
1622 1434 1664 1467 sit
1686 1433 1814 1466 inabilis
1841 1433 1881 1466 ad
1909 1443 1960 1466 ce-

1227 1492 1313 1520 teras
1337 1488 1554 1531 praelaturas.

1243 1582 1248 1587 ,
1270 1541 1453 1581 Praeterea,
1472 1550 1532 1583 pro
1547 1539 1662 1573 notitia
1676 1550 1748 1583 cap.
1765 1550 1816 1574 xvi
1834 1539 1958 1583 primae

1227 1593 1446 1626 distinctionis
1471 1598 1659 1626 nostrarum
1689 1592 1959 1626 constitutionum

1227 1652 1260 1680 ct
1284 1647 1512 1690 sequentium,
1539 1646 1593 1678 ubi
1620 1646 1658 1679 de
1683 1646 1745 1679 levi
1770 1647 1888 1689 culpa,
1919 1646 1958 1679 de

1227 1699 1325 1743 gravi,
1345 1700 1486 1742 graviori
1505 1705 1536 1732 et
1557 1699 1748 1741 gravissima
1773 1699 1869 1742 culpa
1893 1698 1960 1741 agi-

1228 1760 1289 1794 tur,
1312 1752 1489 1786 declaravit
1512 1752 1714 1795 praedictum
1733 1752 1886 1794 generale
1904 1751 1960 1784 de-

1226 1807 1403 1841 finitorium
1427 1806 1533 1839 notari
1552 1805 1665 1839 deberi
1686 1805 1857 1838 materiam
1875 1804 1960 1837 eius-

1228 1861 1300 1893 dem
1332 1859 1441 1893 delicti
1471 1859 1671 1903 puniendam
1703 1858 1820 1901 poenis
1853 1858 1959 1900 gravis

1228 1915 1277 1947 vel
1302 1914 1382 1946 levis
1407 1914 1544 1956 culpae,
1571 1912 1659 1956 quod
1696 1911 1793 1944 debet
1820 1911 1959 1954 intelligi

1228 1968 1282 2010 (ne
1307 1967 1458 2000 videatur
1482 1965 1753 2008 inconsequentia
1774 1965 1824 1997 vel
1857 1974 1960 2007 oppo-

1228 2018 1319 2053 sitio¹
1345 2018 1625 2061 constitutionum)
1650 2019 1737 2051 iuxta
1768 2017 1959 2060 gravitatem

1227 2074 1277 2106 vel
1302 2073 1468 2105 levitatem
1493 2071 1659 2111 materiae,
1686 2081 1766 2114 quae
1792 2070 1825 2103 in
1852 2079 1960 2102 mora-

1228 2127 1312 2159 libus
1338 2129 1514 2168 aggravant
1538 2125 1588 2157 vel
1613 2123 1798 2157 diminuunt
1814 2124 1956 2166 culpam.

1228 2180 1264 2212 Et
1287 2180 1424 2222 insuper
1449 2177 1593 2211 decrevit
1629 2177 1750 2210 debere
1781 2176 1958 2220 praedictis

1228 2232 1387 2276 capitibus
1413 2231 1487 2264 addi
1511 2241 1654 2275 poenas,
1682 2239 1764 2273 quae
1788 2239 1849 2272 per
1872 2228 1961 2261 varia

1973 220 2022 246 An.
2039 220 2068 247 C.
2092 219 2162 246 1662

2013 650 2105 670 Praetati
2131 656 2158 671 ue

1975 676 2044 696 absint
2062 682 2100 697 nec
2118 678 2157 697 ab·

1975 708 2020 722 esse
2036 704 2158 727 permittant

1975 734 1987 749 a
2002 729 2121 751 refectorio.

2001 1071 2136 1093 Vestiarium.

1997 1546 2081 1576 Poenae
2091 1546 2158 1568 delin-

1974 1575 2091 1600 quentium.

1228 2285 1334 2329 capita
1366 2290 1554 2318 nostrarum
1591 2282 1859 2316 constitutionum
1885 2285 1962 2314 sunt
2001 2288 2003 2290 '

1229 2338 1407 2382 dispersae,
1420 2336 1594 2380 unicuique
1613 2335 1748 2379 propria
1764 2334 1960 2378 adaptando,
1988 2367 1992 2370 ‚

1229 2397 1261 2425 et
1279 2390 1411 2424 insimul
1436 2389 1621 2433 colligendo
1647 2399 1719 2422 cum
1740 2388 1899 2420 relatione
1920 2387 1961 2419 ad

1228 2444 1380 2489 proprias
1402 2448 1434 2477 et
1458 2452 1620 2486 congruas
1646 2440 1908 2480 constitutiones,
1925 2443 1962 2472 ut

1229 2498 1354 2531 facilius
1379 2497 1411 2530 in
1436 2501 1589 2541 promptu
1614 2495 1815 2535 habeantur;
1837 2497 1873 2526 ut
1897 2497 1961 2526 sta-

1264 2570 1275 2596 1
1298 2568 1365 2596 Male
1380 2567 1424 2596 ed.
1439 2567 1519 2596 Main.
1536 2566 1601 2602 legit
1614 2565 1742 2601 opposito
1757 2572 1805 2601 pro
1819 2562 1961 2600 oppositio

1226 2614 1267 2649 (n.
1282 2613 1331 2649 T.).
