2247 3208
498 244 561 280 854
1053 258 1232 282 nummum
1256 259 1336 283 nom
1341 260 1408 283 Nm

454 309 604 342 Ernestus
627 309 815 342 Adalbertus
832 308 870 342 ab
888 310 1026 343 Har-rach
1043 318 1248 356 nuncupatus
1272 313 1438 356 presbyter
1461 312 1634 347 cardinalis
1660 316 1741 349 tituli
1758 316 1788 350 S.
1814 316 1981 360 praxedis,

545 361 603 393 ⁶221
634 361 673 400 b3
699 361 853 395 ecclcsiae
878 362 1045 405 Pragensis
1070 364 1210 406 praesul,
1239 365 1302 398 0230
1328 377 1367 406 α·,
1396 365 1457 409 ipsi
1484 372 1515 399 et
1539 367 1608 400 aliis
1633 367 1710 401 data
1733 371 1916 404 commissio
1936 371 1997 404 im-

543 413 679 456 ponendi
710 414 891 447 subsidium
917 426 974 448 seu
999 417 1274 451 contributione-m
1301 429 1398 462 super
1422 421 1515 454 bonis
1541 423 1766 456 ecclesiasticis
1797 424 1829 456 in
1854 425 1994 459 Statibus

543 467 718 499 creditariis
742 468 834 501 electi
860 469 1082 512 imperatoris,
1105 470 1170 505 223
1191 484 1211 506 α
1235 479 1265 506 ct
1290 484 1366 517 seq.;
1393 475 1452 518 ipsi
1478 475 1696 519 consignanda
1720 477 1869 510 utensilia
1892 480 1996 511 eccle·

544 520 660 553 siarum
680 532 774 555 aurea
791 528 821 555 et
841 530 992 566 argentea
1009 524 1164 558 tradenda
1181 527 1248 570 regi
1270 539 1327 572 pro
1344 529 1488 562 nummis
1505 531 1713 564 conficiendis
1730 531 1765 564 in
1781 532 1864 566 hello
1883 537 1996 566 contra

544 574 674 615 Turcas,
701 574 765 609 930
790 588 828 617 α’,
852 577 952 620 ipsius
976 588 1083 622 preces
1103 579 1247 614 Pontifici
1273 593 1331 625 pro
1356 583 1516 616 erectione
1540 583 1741 629 episcopatus
1758 585 1997 629 Reginohrade-

545 628 664 669 censis,
691 628 757 662 314
781 641 799 662 a
824 636 854 663 et
880 631 909 663 b.

455 681 702 722 Excommissae,
727 683 821 726 vulgo
848 683 962 725 dictae,
987 686 1157 720 occasione
1182 688 1359 722 sortitionis
1386 690 1531 724 annualis
1558 690 1742 725 officialium
1767 693 1902 727 civitatis
1924 695 1997 728 Bar-

544 736 748 770 chinonensis
774 744 801 770 et
828 737 1025 781 principatus
1050 739 1234 773 Cataloniae
1260 741 1327 775 fieri
1353 743 1468 776 solitae
1497 744 1562 777 ’113
1587 755 1624 785 α),
1651 746 1762 780 stricte
1786 747 1997 790 prohibentur

542 790 764 824 ecclesiasticis
789 791 947 824 dictorum
972 792 1106 825 civitatis
1131 799 1162 826 et
1188 795 1395 839 principatus,
1421 796 1485 830 113
1511 797 1526 830 b
1551 803 1582 830 et
1605 809 1667 842 seq.

456 840 681 885 Exemptiones
713 854 730 875 a
761 844 973 886 vectigalibus
1006 846 1142 891 aliisque
1174 849 1311 891 publicis
1337 850 1489 884 oneribus
1524 859 1713 886 revocantur
1744 853 1880 888 subditis
1906 854 1997 888 Sedis

543 896 756 938 Apostolicae,
772 897 846 930 -616
872 899 888 930 b
912 905 942 932 et
965 910 1026 943 seq.

456 947 600 983 Extensio
625 950 734 983 statuti
760 951 902 995 Gregorii
919 953 972 985 -XV
990 954 1073 986 circa
1091 954 1314 998 canonicatus,
1334 958 1543 1000 praehendas,
1561 960 1687 1004 aliaque
1711 961 1924 995 ecclesiastica
1941 962 1997 995 be-

541 1003 656 1037 neficia
681 1004 713 1037 in
738 1004 963 1048 Hispaniarum
989 1007 1108 1050 regnis⁷
1131 1008 1173 1041 12
1197 1010 1224 1042 b.

1213 1125 1236 1158 F

455 1216 623 1263 Fagnanus
654 1217 794 1263 Prosper
824 1221 1015 1255 secretarius
1041 1223 1299 1266 congregationis
1324 1225 1547 1268 episcoporum
1573 1226 1762 1262 visitationis
1791 1229 1996 1272 apostolicae,

543 1272 585 1306 93
609 1284 645 1310 αι
669 1273 745 1307 item
770 1275 1036 1318 congregationis
1060 1277 1240 1320 specialiter
1265 1278 1433 1322 deputatae
1457 1290 1553 1323 super
1583 1282 1717 1324 negotiis
1743 1282 1872 1316 Ordinis
1902 1283 1997 1317 Prae-

544 1328 823 1367 mcnstatensium‚
847 1329 889 1361 45
913 1341 943 1361 α.

457 1380 678 1413 Familiarium
704 1381 871 1414 Pontificis
895 1383 1070 1426 privilegia,
1099 1395 1179 1427 qnae
1204 1384 1279 1425 sint,
1305 1385 1364 1419 Offl
1393 1398 1412 1419 ct
1438 1393 1467 1420 et
1492 1399 1555 1432 seq.

456 1433 625 1467 Farnesius
651 1434 816 1478 presbyter
840 1435 925 1468 card.
955 1437 1180 1480 Hieronymus,
1206 1438 1277 1470 ride
1303 1439 1525 1484 Hieronymus.

456 1485 566 1518 Farfae
590 1487 821 1520 monasterium
848 1488 975 1521 Ordinis
1001 1490 1031 1522 S.
1056 1490 1219 1524 Benedicti
1244 1491 1314 1523 vide
1337 1491 1422 1526 Ordo
1447 1494 1477 1527 S.
1506 1496 1684 1530 Benedicti.

456 1539 676 1573 Ferdinandus
702 1541 871 1584 episcopus
896 1543 1159 1583 paderbonensis,
1185 1543 1250 1577 373
1274 1545 1290 1576 b
1315 1551 1343 1577 et
1369 1561 1430 1594 seq,

456 1591 677 1625 Ferdinandus
702 1593 847 1627 Etruriae
872 1605 1006 1638 magnus
1030 1596 1184 1635 dux‚385
1208 1609 1239 1630 α.

456 1645 677 1679 Ferdinandus
702 1648 859 1690 gloriosae
891 1650 1065 1682 memoriae
1097 1651 1318 1685 Romanorum
1353 1658 1384 1684 et
1415 1649 1586 1683 Bohemiae
1619 1659 1673 1682 rex
1706 1648 1738 1681 in
1769 1648 1996 1692 imperatorem

545 1700 664 1733 electus
691 1701 879 1743 pensionem
906 1713 1043 1735 annuam
1070 1705 1178 1738 statuit
1203 1715 1260 1748 pro
1286 1704 1445 1748 erigendis
1471 1703 1503 1736 in
1528 1701 1627 1746 regno
1658 1701 1829 1735 Bohemiae
1854 1701 1996 1736 ecclesiis

543 1754 793 1795 cathedralibus,
816 1756 880 1789 313
905 1768 924 1789 α
948 1763 978 1790 et
1002 1768 1065 1800 seq.

456 1806 680 1841 Ferdinaudus
705 1809 801 1841 Maria
827 1810 976 1844 Bavariae
1000 1810 1075 1847 dux,
1103 1811 1162 1844 541
1183 1823 1223 1846 a:
1251 1811 1383 1845 facultas
1407 1811 1451 1844 illi
1477 1820 1626 1845 concessa
1644 1809 1835 1843 restituendi
1860 1814 1933 1843 octo
1958 1819 1995 1842 ex

542 1861 651 1893 decem
678 1863 881 1897 monasteriis
898 1863 1092 1897 Palatinatus
1111 1864 1301 1907 superioris⁷
1328 1865 1390 1897 iam
1408 1875 1465 1908 per
1480 1863 1658 1896 haereticos
1683 1867 1850 1905 occupata⁷
1869 1862 1996 1905 religio-

545 1914 590 1946 sis
615 1925 726 1948 eorum
753 1917 925 1960 respective
951 1916 1116 1957 Ordinum‚
1144 1924 1175 1951 et
1198 1919 1321 1962 reliqua
1346 1919 1410 1951 duo
1434 1916 1620 1950 monialium
1648 1916 1679 1948 in
1704 1915 1897 1949 erectionem
1923 1915 1995 1948 novi

523 1960 731 2002 ⁴monasterii
758 1970 946 2003 monialium
971 1970 1002 2003 in
1028 1971 1146 2014 oppido
1167 1971 1375 2014 Bamhergae,
1403 1970 1462 2003 541
1491 1970 1508 2002 b
1533 1976 1560 2003 et
1586 1980 1649 2012 seq.
1891 2021 1896 2026 Π

454 2018 542 2054 Fidei
571 2021 631 2063 (S.)
656 2023 955 2067 archiepiscopatus
980 2024 1012 2056 in
1038 2025 1135 2057 lndiis
1168 2023 1421 2058 occidentalibus
1454 2023 1518 2056 192
1542 2034 1579 2064 α’,
1604 2023 1664 2066 ipsi
1697 2022 1865 2056 subiicitur
1889 2022 1994 2055 insula

543 2075 717 2112 Trinitatis,
744 2076 806 2109 '19⁶2
831 2077 858 2109 b.

454 2127 579 2161 Flavius
601 2128 727 2162 Chisius
745 2131 910 2174 presbyter
930 2131 1101 2165 cardinalis
1117 2132 1197 2165 tituli
1220 2132 1249 2165 S.
1267 2133 1382 2166 Mariae
1400 2132 1438 2164 de
1452 2132 1570 2176 populo
1587 2130 1858 2175 procamerarius‚
1879 2128 1941 2162 448
1959 2140 1990 2169 a;

544 2182 749 2215 constituitur
785 2185 933 2226 specialis
968 2191 1158 2229 procurator
1194 2192 1222 2218 et
1260 2185 1498 2219 commissarius
1531 2185 1725 2228 apostolicus
1750 2195 1806 2227 pro
1831 2183 1991 2227 exigendo

543 2234 686 2269 subsidio
711 2242 929 2271 tercentorum
961 2239 1096 2271 millium
1133 2245 1299 2272 scutorum
1332 2240 1481 2283 imposito
1510 2238 1659 2272 undecim
1691 2237 1992 2280 congregationibus

543 2289 741 2331 regularibus
767 2301 824 2333 pro
848 2291 1091 2325 necessitatibus
1116 2292 1205 2325 Sedis
1231 2293 1441 2336 Apostolicae,
1466 2292 1552 2329 ibicis,
1577 2298 1751 2336 potestates
1777 2291 1822 2324 illi
1841 2291 1993 2332 tributae,

544 2341 603 2374 ’151
625 2353 663 2378 a:
682 2353 781 2386 nepos
799 2344 983 2378 Sanctitatis
1003 2345 1085 2379 Suae
1109 2345 1273 2389 delegatur
1290 2348 1328 2380 ad
1345 2346 1539 2379 Ludovicum
1556 2355 1661 2388 regem
1681 2345 1993 2386 christianissimum,

543 2393 607 2426 264
631 2395 666 2434 [ις
692 2396 794 2428 eidem
820 2398 864 2430 uti
890 2399 993 2441 legato
1019 2399 1234 2432 Avenionensi
1260 2400 1447 2433 conceditur
1472 2399 1603 2432 facultas
1627 2399 1810 2432 absolvendi
1836 2397 1992 2442 quosdam

544 2447 750 2487 facinorosos,
775 2449 838 2482 317
865 2462 894 2483 a.
1216 2483 1222 2486 .

456 2499 547 2533 Flore
571 2501 637 2543 (de)
663 2502 870 2545 Augustinus,
896 2506 968 2538 ‘ride
993 2505 1191 2548 Augustinus
1217 2506 1256 2539 de
1282 2506 1386 2541 Flore.

456 2552 691 2587 Formularium
727 2557 958 2599 praescriptum
991 2558 1030 2590 ab
1067 2558 1247 2592 Alexandro
1280 2559 1331 2592 *itt
1362 2566 1472 2593 contra
1498 2559 1655 2592 haeresim
1679 2558 1815 2592 Cornelii
1840 2556 1988 2599 Iansenii,

544 2605 609 2640 3:3ss
634 2607 673 2647 bss,
700 2609 927 2643 mandamenta
957 2616 1096 2653 quatuor
1128 2613 1351 2655 cpiscoporum
1389 2612 1560 2646 occasione
1583 2612 1678 2645 huius
1703 2611 1879 2645 formularii
1907 2611 1992 2645 edita

545 2659 739 2694 damnantur
763 2668 794 2695 et
818 2663 1072 2706 supprimuntur⁷
1101 2663 1162 2697 509
1189 2664 1214 2698 h.

2050 807 2052 809 ¹
2059 795 2079 805 e
