2247 3208
194 213 245 241 An.
261 212 291 241 c.
313 212 379 252 1663
425 202 489 237 158

264 2226 377 2248 Confirmat

191 2256 278 2275 statuta.

963 203 1144 235 n‘mJiARruM

390 260 494 294 nister
518 259 722 304 provincialis
747 263 779 291 et
802 257 989 293 definitores
1012 258 1045 290 in
1077 264 1143 290 ca—=

391 315 493 357 pitulo
514 312 701 356 provinciali
721 311 943 345 reformationi
962 316 1054 355 aptos
1078 322 1126 344 as-

391 368 519 409 signare
545 366 748 398 tenebuntur.

434 431 475 453 ix.
503 418 661 457 Quantum
686 419 725 452 ad
751 418 942 451 novitiorum
967 418 1126 461 receptio-

390 484 464 506 nem
498 478 530 505 et
562 472 788 505 educationem
813 477 845 505 et
868 472 1123 516 professionem,

390 526 602 558 servabuntur
627 530 745 558 statuta
770 525 963 569 provinciae,
991 530 1123 567 excepto

392 579 488 622 quod,
500 579 524 611 si
539 583 612 611 ante
630 578 866 622 professionem
884 577 1023 611 novitius
1042 577 1124 610 exie-

390 633 441 673 rit,
466 633 645 665 reddentur
671 632 709 671 ei,
736 637 767 665 et
791 632 815 664 si
839 631 991 671 voluerit,
1017 631 1124 664 omnia

391 684 637 728 suppellectilia,
654 685 749 717 etiam
774 684 916 717 habitus.

442 748 471 770 x.
513 738 690 770 Inhibitum
728 743 777 770 est
819 748 859 770 ne
895 737 1124 770 continuentur

392 790 558 834 guardiani
582 791 666 823 ultra
682 790 870 830 triennium,
896 790 982 822 iuxta
1006 789 1125 822 eonsti-

392 843 533 876 tutiones
551 843 745 885 apostolicas
762 848 793 875 et
810 847 926 875 statuta
947 842 1121 884 generalia.

435 906 477 929 xl.
504 895 693 929 Definitores
719 897 857 928 actuales
886 905 951 928 non
975 894 1044 927 fieri
1070 905 1125 937 po-

391 954 501 982 terunt
520 949 687 992 guardiam
709 949 842 981 durante
863 948 909 980 sui
931 947 1126 980 definitoria-

392 1007 441 1034 tus
466 1008 622 1044 tempore,
648 1011 753 1043 neque
779 1000 853 1042 eligi
879 1001 911 1032 in
940 999 1124 1042 superiores

391 1055 439 1088 vel
472 1054 637 1097 praesides
671 1053 803 1085 alicuius
833 1057 1008 1085 conventus
1039 1053 1125 1084 ultra

392 1112 458 1140 tres
483 1117 622 1140 menses.

435 1170 490 1194 ΧΠ.
524 1159 748 1192 Definitorium
784 1168 849 1191 non
885 1157 1006 1201 poterit
1038 1167 1127 1190 assu-

392 1224 481 1246 mere
506 1213 675 1256 religiosos
699 1213 899 1251 reformatos,
924 1211 1061 1254 illosque
1079 1210 1126 1242 in-

392 1266 528 1298 stituere
557 1266 590 1298 in
609 1265 797 1298 monialium
814 1264 1034 1303 confessarios,
1053 1263 1123 1306 qni¹

392 1318 456 1351 sint
480 1319 519 1351 ad
536 1318 641 1350 minus
668 1316 924 1361 quadragenarii,
945 1316 1059 1358 quibus
1077 1326 1125 1347 so-

392 1371 432 1403 cii
451 1370 617 1403 reformati
636 1370 896 1412 assignabuntur,
917 1369 969 1412 qui
995 1368 1125 1412 quidem

393 1423 580 1457 confessarii
612 1424 696 1456 ultra
728 1423 905 1455 triennium
935 1432 1001 1454 non
1024 1421 1126 1455 conti-

392 1477 599 1518 nuabuntur,
627 1477 819 1518 expletoque
851 1474 989 1507 triennio
1019 1484 1125 1506 rever-

393 1534 503 1562 tentur
516 1530 556 1562 ad
572 1530 763 1562 reformatos
777 1533 957 1568 conventus,
972 1527 1004 1559 in
1014 1528 1124 1570 eisque

393 1583 562 1625 guardiani
586 1582 655 1615 fieri
673 1587 836 1625 poterunt.

436 1646 504 1669 xm.
532 1635 567 1667 In
593 1635 653 1667 hac
673 1634 835 1678 provincia
855 1644 935 1666 unus
956 1633 994 1665 ad
1020 1632 1124 1664 minus

393 1688 435 1721 sit
451 1699 576 1732 semper
601 1687 752 1721 definitor
770 1698 805 1719 ex
824 1686 1033 1719 conventibus
1054 1685 1125 1718 stri-

392 1742 502 1774 ctioris
525 1741 761 1774 observantiae.

436 1805 498 1828 xlv.
526 1795 559 1827 In
585 1794 732 1837 capitulis
764 1798 795 1826 et
818 1792 1124 1836 congregationibus

391 1848 599 1881 instituantur
630 1847 776 1889 magistri
809 1846 1001 1879 novitiorum
1026 1850 1057 1878 et
1081 1845 1126 1877 iu-

391 1911 519 1942 venum,
544 1901 597 1944 qui
623 1900 687 1933 sint
710 1900 769 1932 viri
795 1910 917 1942 graves,
942 1899 1046 1943 probi,
1073 1900 1126 1931 de-

392 1954 475 1995 voti,
506 1955 587 1987 vitae
621 1953 799 1997 spiritualis
833 1958 864 1985 et
901 1953 1125 1985 exercitiorum

392 2006 520 2039 Ordinis
541 2007 656 2049 periti,
683 2008 820 2039 lectores
841 2011 946 2039 autem
967 2006 1126 2048 eligantur

393 2060 566 2102 peritiores
593 2066 624 2093 ct
648 2060 868 2102 religiosores⁴

394 2116 583 2156 (Sequuntur
604 2117 832 2156 subscriptiones
855 2121 969 2156 patrum
984 2117 1125 2146 vocalium

432 2165 550 2205 capituli
570 2166 756 2205 provincialis
775 2166 940 2204 provinciae
955 2165 1123 2202 Turoniae).

436 2221 451 2263 ξ
477 2220 507 2252 2.
536 2220 611 2253 Cum
636 2225 758 2259 autem,
784 2220 866 2252 sicut
895 2221 1005 2253 eadem
1031 2231 1127 2263 expo-

393 2273 467 2306 sitio
484 2273 706 2315 subiungebat,
727 2273 800 2305 dicti
819 2278 1018 2316 exponentes
1035 2239 1143 2316 prae-i

392 2327 516 2359 inserta
534 2331 662 2363 statuta,
682 2336 739 2368 pro
757 2325 888 2358 firmiori
907 2325 1035 2358 illorum
1055 2300 1143 2384 sub-i

392 2379 536 2411 sistentia
550 2384 580 2411 et
593 2379 827 2417 observatione,
838 2378 1036 2421 apostolicae
1051 2386 1143 2438 (3οΠ-ἶ

1167 209 1319 234 ΒοΜΑΝυΜ

1160 261 1219 297 tes,
1237 261 1269 290 et
1285 256 1403 290 eortun'
1416 257 1595 301 singulares
1612 269 1767 302 personas
1786 269 1803 292 a
1824 246 1894 303 qui-

1158 312 1269 348 busvis
1288 311 1649 352 excommunicationis,
1663 312 1892 355 suspensionis

1159 369 1191 397 et
1207 364 1388 404 interdicti,
1409 363 1548 407 aliisque
1568 365 1800 398 ecclesiasticis
1820 375 1894 398 sen-

1159 417 1282 457 tentiis,
1310 417 1459 449 censuris
1493 421 1525 449 et
1548 417 1677 460 poenis,
1704 429 1721 450 a
1745 418 1816 451 iure
1842 419 1893 451 vel

1157 472 1196 503 ab
1220 470 1362 510 homine,
1383 469 1495 512 quavis
1521 470 1694 503 occasione
1720 472 1772 504 vel
1797 473 1895 503 causa

1157 523 1243 563 latis,
1270 523 1295 555 si
1322 523 1439 566 quibus
1474 523 1725 566 quomodolibet
1756 524 1893 556 innoda-

1157 581 1207 608 tae
1244 576 1394 614 existunt‚
1421 576 1460 608 ad
1494 574 1644 608 effectum
1669 577 1893 619 praesentium

1157 630 1323 662 dumtaxat
1348 629 1631 671 consequendum,
1668 629 1783 661 harum
1806 628 1892 662 serie

1156 683 1365 715 absolventes
1391 687 1422 714 et
1447 682 1614 714 absolutas
1651 682 1720 715 fore
1756 692 1894 715 censen-

1158 740 1218 775 tes,
1245 735 1543 778 supplicationibus
1557 745 1667 767 eorum
1684 736 1816 768 nomine
1835 745 1894 768 no-

1157 789 1205 820 bis
1231 798 1332 831 super
1358 788 1420 820 hoc
1453 787 1624 820 humiliter
1656 789 1819 831 porrectis
1845 789 1894 820 in-

1157 842 1277 879 clinati,
1315 842 1354 874 de
1388 842 1625 874 venerabilium
1663 842 1799 874 fratrum
1836 852 1894 875 no-

1158 898 1301 925 strorum
1327 894 1357 925 S.
1379 893 1414 925 R.
1442 893 1476 925 Ε.
1509 894 1724 927 cardinalium
1750 895 1891 937 negotiis

1157 951 1189 978 et
1212 946 1499 978 consultationibus
1531 947 1754 989 episcop61·um
1785 953 1815 979 et
1845 958 1894 980 re-

1158 999 1314 1040 gularium
1338 999 1604 1042 praepositorum,
1633 1001 1686 1042 qni
1713 1005 1780 1032 acta
1809 1001 1895 1043 capi-

1158 1051 1272 1083 tularia
1307 1061 1363 1083 seu
1395 1057 1512 1083 statuta
1542 1057 1734 1084 memoratae
1766 1052 1895 1095 provin-

1158 1103 1224 1135 ciae
1251 1104 1289 1136 ad
1315 1104 1554 1146 praeinsertum
1574 1110 1718 1138 tenorem
1743 1116 1895 1148 expressa

1158 1156 1324 1196 viderunt,
1359 1157 1495 1189 consilio
1516 1183 1523 1197 ‚
1559 1158 1670 1190 eadem
1703 1158 1894 1192 auctoritate

1158 1208 1344 1252 apostolica,
1362 1214 1474 1241 tenore
1492 1210 1720 1252 praesentium,
1737 1211 1895 1254 approba-

1158 1272 1228 1294 mus
1254 1267 1285 1294 et
1308 1261 1547 1301 confirmamus,
1568 1263 1678 1306 eisque
1696 1264 1892 1306 apostolicae

1158 1314 1356 1347 auctoritatis
1382 1315 1481 1347 robur
1506 1315 1683 1356 adiicimus,
1701 1322 1732 1349 et
1752 1316 1839 1349 iuxta
1856 1317 1894 1349 il-

1158 1369 1260 1401 lorum
1286 1368 1533 1411 dispositionem
1568 1369 1600 1401 in
1633 1375 1796 1412 posterum
1828 1381 1894 1403 ser-

1157 1422 1222 1454 vari
1247 1423 1435 1455 mandamus
1460 1428 1492 1455 et
1515 1423 1742 1466 praecipimus.

1201 1476 1215 1517 g
1239 1475 1270 1508 3.
1297 1475 1518 1508 Decernentes
1543 1476 1675 1508 easdem
1700 1481 1892 1518 praesentes

1158 1529 1284 1562 litteras
1306 1528 1428 1570 firmas,
1453 1529 1574 1562 validas
1596 1535 1628 1562 et
1653 1529 1801 1562 efficaces
1828 1531 1893 1562 exi-

1158 1587 1245 1615 stere
1271 1588 1303 1615 et
1328 1583 1410 1623 fore,
1437 1593 1581 1626 suosque
1607 1584 1774 1627 plenarios
1793 1589 1824 1616 et
1848 1584 1895 1616 in-

1158 1641 1268 1679 tegros
1294 1635 1428 1668 effeetus
1461 1636 1572 1669 sortiri
1599 1641 1631 1668 et
1655 1637 1827 1676 obtinere,
1855 1647 1891 1669 ac

1158 1688 1242 1729 illis,
1270 1689 1309 1721 ad
1340 1699 1421 1732 quos
1448 1694 1575 1732 spectat
1600 1694 1632 1721 et
1656 1700 1716 1732 pro
1742 1695 1891 1733 tempore

1158 1743 1332 1785 spectabit,
1354 1742 1545 1785 plenissime
1564 1741 1752 1785 suffragari,
1781 1743 1892 1786 sicque

1157 1794 1190 1826 in
1218 1794 1408 1837 praemissis
1434 1805 1494 1838 per
1521 1805 1746 1838 quoscumque
1768 1795 1893 1827 iudices

1158 1848 1344 1880 ordinarios
1385 1852 1416 1880 et
1448 1848 1626 1890 delegatos,
1654 1848 1750 1880 etiam
1781 1858 1894 1880 causa-

1159 1912 1230 1933 rum
1244 1902 1356 1944 palatii
1375 1901 1548 1944 apostolici
1566 1900 1893 1941 auditores,iudicari

1159 1960 1191 1986 et
1216 1954 1343 1987 definiri
1370 1955 1503 1994 debere,
1531 1965 1568 1987 ac
1589 1954 1718 1986 irritum
1740 1959 1772 1986 et
1796 1955 1892 1986 inane

1160 2007 1185 2039 si
1211 2017 1306 2040 secus
1332 2018 1433 2050 super
1458 2007 1508 2039 his
1534 2018 1551 2039 a
1577 2017 1753 2049 quoquam,
1781 2005 1893 2049 quavis

1159 2061 1366 2100 auctoritate,
1383 2060 1585 2092 scientervel
1599 2059 1801 2102 ignoranter,
1817 2069 1894 2091 con-

1160 2113 1270 2155 tigerit
1294 2112 1459 2145 attentari.

1202 2166 1216 2209 g
1240 2166 1270 2197 li.
1292 2165 1361 2198 Non
1383 2166 1590 2198 obstantibus
1612 2164 1894 2198 constitutionibus

1160 2225 1191 2251 et
1221 2219 1478 2252 ordinationibus
1511 2218 1714 2261 apostolicis,
1748 2228 1893 2257 necnon,

1160 2277 1320 2315 quatenus
1347 2282 1428 2314 opus
1453 2271 1502 2309 sit,
1521 2271 1741 2314 praefatorum
1766 2270 1893 2303 Ordinis

1160 2336 1194 2357 ac
1220 2324 1404 2368 provinciae
1430 2329 1462 2356 et
1486 2329 1709 2363 conventuum,
1733 2324 1829 2356 etiam
1849 2323 1895 2355 iu-

1160 2384 1323 2417 ramento,
1348 2378 1591 2410 confirmatione
1622 2377 1795 2420 apostolica
1811 2404 1818 2416 ‚
1844 2377 1893 2408 vel

392 2432 584 2465 firmationis
604 2438 731 2465 nostrae
742 2433 920 2475 patrocinio
935 2432 1124 2465 communiri
1141 2440 1143 2443 ·
1161 2432 1269 2474 quavis
1295 2432 1443 2463 firmitate
1478 2430 1539 2463 alia
1571 2431 1741 2467 roboratis,
1766 2430 1892 2461 statutis

392 2495 597 2528 summopere
624 2485 823 2517 desiderent:
851 2496 920 2524 nos,
951 2485 1124 2528 specialem
1141 2479 1143 2516 !
1159 2489 1191 2515 ‹t
1214 2483 1517 2517 consuetudinibus,
1541 2482 1717 2526 privilegiis
1750 2492 1890 2524 qnoque,

391 2538 468 2581 ipsis
487 2538 718 2581 exponentibus
736 2538 871 2580 gratiani
892 2540 996 2570 facere
1014 2539 1125 2570 volen-
1159 2537 1290 2568 indultis
1316 2542 1346 2569 et
1371 2536 1487 2568 litteris
1510 2535 1698 2578 apostolicis
1719 2535 1751 2566 in
1770 2539 1893 2566 contra-

426 2599 687 2634 1Videturteg‚quz
700 2607 767 2634 non,
780 2599 820 2625 vel
833 2600 901 2631 nvz'sz',
914 2608 960 2633 pro
973 2600 1122 2633 (initam).
1159 2590 1240 2622 tium
1266 2590 1513 2633 praemissorum
1539 2588 1784 2632 quomodolibet
1817 2598 1891 2619 con-

1899 208 1950 257 dn.
1971 210 2000 238 C.
2021 210 2089 238 1663

1938 1481 2049 1502 Decretum
2064 1481 2089 1501 ir-

1909 1510 1980 1529 ritaus.

1978 2168 2092 2199 Derogatio

1910 2198 2070 2216 contrariorum-
