2247 3208
143 165 190 191 An.
213 166 240 190 μ’.
262 163 326 190 14:67

959 163 1101 186 CLEMENS
1125 164 1154 187 lx
1179 165 1226 188 PP.

339 222 436 255 quam
471 212 509 244 ad
543 210 687 243 habiturn
720 221 796 245 suae
822 210 990 253 religionis
1023 215 1079 243 aut

339 265 552 307 imposterum
576 269 687 297 contra
713 264 900 297 huiusmodi
919 263 1079 306 probitio-

338 327 412 350 nem
438 317 545 350 forsan
563 316 768 359 recipiendos
783 317 821 349 ad
840 317 1076 360 professionem

339 369 558 409 admitterent,
572 370 675 402 donec
689 370 931 411 designationes
947 379 1005 412 pro
1020 379 1077 401 no-

337 422 500 455 vitiatihus
516 428 548 455 et
560 423 768 466 professoriis
783 423 814 455 in
828 422 971 465 capitulo
985 432 1076 464 gene-

340 475 409 515 rali,
425 476 457 508 in
474 476 537 508 vim
555 476 712 509 dictarum
732 476 913 508 litterarum
932 474 1075 508 Cistercii

339 529 549 568 celebrando,
575 529 686 569 sactae,
712 535 742 561 et
767 529 806 561 ad
831 533 1076 572 procuratorem

339 583 523 624 generalem
547 582 675 615 Ordinis
701 581 888 614 huiusmodi
914 581 1077 613 transmis-

338 645 402 673 sae,
422 645 458 667 ac
476 635 551 667 huic
568 640 698 668 sanctae
713 634 786 667 Sedi
804 634 936 667 realiter
953 638 985 666 et
1001 644 1074 666 cum

338 685 454 720 ell‘cct'u
479 687 643 720 exhibitae
673 693 767 730 atque
800 687 839 720 ab
872 687 926 719 ill-a
959 697 1077 729 appro-

338 740 431 773 batae
457 740 604 780 fuissent;
631 740 807 783 capitulum
825 741 977 782 generale
1000 740 1075 772 dicti

337 792 465 826 Ordinis
490 793 541 825 die
566 802 597 825 lx
622 792 696 825 maii
726 792 872 836 proxime
904 792 1075 835 praeteriti

338 852 369 879 et
393 845 603 889 sequentibus
619 873 626 887 ‚
653 846 741 878 iuxta
765 846 901 878 sormam
930 846 1077 889 supradi-

337 904 460 932 ctarum
484 899 663 932 litterarum
689 900 896 939 celebratum,
915 900 948 931 in
973 910 1075 943 eoque

337 952 440 985 sactae
465 952 596 985 fuerunt
620 952 862 996 designationes
888 958 1074 996 sequentes,

337 1005 509 1038 videlicet:

383 1058 417 1090 In
442 1058 629 1101 Burgundia
653 1064 683 1091 et
704 1058 807 1091 insula
826 1058 992 1099 Franciae,
1017 1069 1075 1101 pro

339 1111 493 1144 novitiatu
520 1117 550 1144 et
576 1111 782 1154 prosessorio,
809 1111 1012 1144 Cistercium.

382 1164 416 1196 In
441 1164 650 1206 Delphinatu‚
678 1164 869 1196 Bituricensi
895 1169 924 1197 et
949 1165 1077 1206 Lugdu-

339 1216 431 1249 nensi
449 1216 633 1259 provinciis,
653 1226 712 1259 pro
730 1216 888 1249 novitiatu
908 1222 939 1249 et
955 1218 1078 1259 profes-

338 1269 438 1309 sorio,
465 1269 699 1301 monasterium
724 1269 762 1302 de
783 1269 963 1302 Firmitate.

383 1322 443 1355 Pro
477 1321 682 1355 monasteriis
707 1321 812 1355 Caroli
838 1321 942 1362 loci¹‚
968 1321 1075 1363 Noae,

339 1373 514 1415 Quinciaci,
526 1374 700 1415 Boniradii‚
710 1374 915 1417 sigillarium,
927 1375 1075 1419 Rupium,

339 1428 450 1461 Fontis
474 1428 611 1468 Ioannis,
637 1428 760 1461 Stratae
786 1434 817 1462 et
841 1429 988 1470 Calivoii,
1016 1440 1076 1473 pro

339 1481 497 1514 novitiatu
511 1487 543 1514 et
558 1482 768 1525 professorio,
784 1483 1018 1516 monasterium
1037 1483 1075 1516 de

339 1534 563 1577 pontigniaco.

383 1587 418 1620 In
443 1587 615 1631 Campania
639 1592 672 1620 et
699 1587 862 1627 picardia,
898 1599 957 1632 pro
988 1589 1078 1622 novi-

339 1640 419 1673 tiatu
434 1645 465 1673 et
478 1640 685 1683 professorio‚
705 1641 937 1674 monasterium
956 1641 994 1674 de
1013 1641 1078 1674 Cla-

339 1694 472 1726 ravalle.

384 1748 418 1780 In
443 1747 661 1790 Lotharingia,
688 1759 747 1792 pro
769 1748 924 1782 novitiatu
950 1755 980 1782 et
1003 1760 1078 1793 pro-

340 1800 493 1841 sessorio,
519 1801 751 1834 monasterium
775 1802 814 1835 de
840 1803 1052 1836 MorimundO.

384 1853 419 1886 In
443 1853 616 1894 Occitania,
638 1865 697 1897 pro
723 1855 879 1888 novitiatu
905 1862 934 1889 et
959 1857 1079 1899 profes-

341 1907 443 1947 sorio,
470 1907 703 1940 monasterium
728 1908 766 1940 de
790 1907 1021 1942 Grandi-Silva.

385 1960 419 1993 In
435 1960 603 2004 provincia
615 1961 818 1994 Ruthenensi
837 1962 1079 2003 etri-ovinum,

341 2024 401 2057 pro
433 2014 587 2046 novitiatu
609 2019 640 2047 et
669 2015 886 2057 professorio,
910 2021 1076 2049 monaste·
1100 2022 1101 2025 ’

342 2067 427 2100 rium
452 2067 491 2100 de
515 2067 735 2100 Bonacumba.

386 2120 420 2152 ln
445 2120 591 2161 Arvenia,
613 2132 672 2164 pro
690 2120 844 2154 novitiatu
867 2127 897 2155 et
917 2122 1080 2165 professo-

343 2171 403 2211 rio,
428 2173 663 2206 monasterium
690 2174 728 2206 de
745 2174 938 2207 'Bonavalle.

387 2224 422 2256 In
453 2225 686 2268 Burdegalensi
719 2232 751 2260 et
781 2227 971 2261 pictaviensi
1004 2239 1081 2271 pro-

343 2277 467 2319 vinciis,
485 2289 544 2321 pro
565 2280 721 2312 novitiatu
739 2286 771 2313 et
786 2281 997 2324 profeswrio,
1017 2292 1080 2315 mo-

344 2331 522 2364 nasterium
549 2331 587 2364 de
612 2331 759 2365 Obatina.

388 2384 449 2417 Pro
483 2385 707 2427 Andegavensi
724 2413 731 2426 ‚
765 2386 942 2420 Turonensi
970 2394 1001 2420 ct
1025 2387 1081 2421 Ce-

345 2490 552 2532 prosessorio,
577 2492 809 2525 monasterium
835 2493 874 2526 de
899 2493 1063 2526 Claritate.

384 2554 391 2576 t
416 2551 453 2578 Fit
477 2552 541 2578 edit.
562 2552 640 2580 Main.
659 2555 697 2587 (R.
715 2554 762 2589 T.).

1166 211 1199 243 In
1217 211 1420 251 Normannia,
1435 222 1494 255 pro
1514 214 1669 247 novitiatu
1687 220 1717 248 et
1734 217 1859 259 profes-

1122 264 1214 302 sorio‚
1242 265 1474 298 monasterium
1500 266 1539 299 de
1566 267 1767 311 Bonoportu.

1165 317 1197 349 ln
1224 317 1386 358 Brittania,
1412 329 1470 361 pro
1496 320 1651 353 novitiatu
1678 326 1708 354 et
1733 322 1858 365 profes-

1120 370 1220 409 sorio,
1247 371 1478 404 monasterium
1503 373 1541 406 de
1567 373 1735 418 Reliquiis.

1164 422 1224 455 Pro
1239 422 1386 456 Calabria
1401 424 1605 467 designatum
1625 426 1683 459 snit
1696 433 1857 461 monaste-

1120 475 1202 507 rium
1220 475 1258 507 de
1280 475 1437 508 Succursu
1460 487 1518 519 pro
1540 479 1707 519 novitiatu,
1729 486 1761 514 et
1781 481 1856 524 pro¹

1120 527 1316 569 professorio
1342 530 1574 563 monasterium
1608 532 1646 564 de
1678 532 1709 565 S.
1737 533 1854 567 Ioanne

1119 580 1151 612 in
1178 581 1284 614 Flore.

1163 633 1222 666 Pro
1249 633 1356 667 Sicilia
1381 635 1582 678 designatum
1608 637 1667 671 snit
1694 645 1856 673 monaste-

1119 687 1202 719 rium
1217 687 1255 719 de
1269 687 1482 721 Raccomadia
1496 699 1555 732 pro
1570 691 1733 732 novitiatu,
1749 698 1780 725 et
1797 704 1855 737 pro

1120 740 1317 782 prosessorio
1334 743 1567 776 monasterium
1588 745 1627 777 de
1649 745 1822 778 Altofonte.

1163 792 1224 825 Pro
1249 793 1361 827 Silesia
1387 795 1592 838 designatum
1615 797 1674 830 suit
1697 805 1857 832 monaste-

1119 845 1201 879 rium
1227 847 1447 881 Grissoviense
1471 859 1529 892 pro
1551 850 1716 891 novitiatu,
1740 857 1771 884 et
1795 863 1855 895 pro

1119 900 1318 942 professorio
1339 901 1499 935 Lubense.
1537 905 1539 907 ’

1163 952 1178 995 ξ
1202 952 1232 985 Ξ.
1260 952 1337 986 Cum
1363 959 1487 994 autem,
1513 955 1594 988 sicut
1618 957 1733 990 eadem
1759 967 1857 1001 expo·

1119 1005 1192 1038 sitio
1218 1006 1458 1049 subiungebat,
1493 1008 1601 1041 dilecti
1638 1009 1693 1042 filii
1721 1010 1855 1044 abbates

1119 1060 1387 1093 monasteriorum
1412 1060 1623 1103 Germaniae,
1652 1063 1775 1106 Belgii,
1800 1064 1857 1097 Po-

1119 1112 1240 1151 loniae,
1268 1113 1466 1155 Aragofflae,
1488 1115 1650 1148 Valentiae
1677 1122 1707 1149 et
1732 1116 1857 1150 Catalo-

1119 1165 1191 1198 niae
1210 1165 1283 1198 dicti
1302 1166 1429 1199 Ordinis
1444 1167 1475 1199 in
1493 1168 1635 1211 propriis
1650 1170 1855 1203 monasteriis

1119 1218 1292 1251 novitiatus
1319 1225 1349 1252 et
1373 1220 1572 1262 professoria
1603 1222 1780 1255 secundum
1810 1233 1858 1256 re-

1120 1272 1227 1313 gulam
1251 1271 1311 1304 sibi
1336 1272 1517 1305 continuari
1535 1273 1711 1316 plurimum
1730 1275 1857 1308 deside-

1119 1329 1214 1356 rent:
1241 1324 1334 1357 nobis
1359 1330 1534 1368 propterea
1555 1327 1718 1369 praefatus
1742 1338 1857 1371 procu-

1120 1382 1209 1410 rator
1254 1377 1416 1420 generalis
1457 1378 1554 1411 etiam
1594 1379 1656 1412 iam
1696 1380 1855 1413 dictorum

1120 1430 1271 1463 abbatum
1311 1430 1443 1463 nomine
1481 1431 1649 1464 humiliter
1682 1433 1858 1476 supplicari

1120 1484 1197 1516 fecit
1213 1489 1249 1516 ut
1264 1484 1454 1527 praemissis
1475 1490 1659 1529 opportune
1685 1487 1858 1530 providere

1121 1541 1153 1569 et
1176 1542 1211 1569 ut
1234 1536 1317 1570 infra
1342 1538 1511 1581 indulgere
1538 1539 1576 1572 de
1603 1539 1803 1582 benignitate
1829 1550 1860 1573 a-

1120 1590 1276 1633 postolica
1297 1590 1516 1633 dignaremur.

1165 1643 1179 1686 g
1197 1642 1227 1676 3.
1247 1642 1311 1676 Nos
1331 1643 1439 1686 igitur,
1461 1645 1593 1678 eosdem
1613 1651 1858 1688 procuratorem

1121 1696 1307 1738 generalem
1332 1702 1364 1729 et
1388 1698 1520 1730 abbates
1551 1698 1744 1741 specialibus
1774 1700 1855 1733 savo-

1120 1748 1209 1781 ribus
1236 1754 1267 1782 et
1291 1749 1401 1792 gratiis
1437 1751 1593 1794 prosequi
1625 1753 1792 1794 volentes,
1829 1758 1860 1786 et

1121 1813 1234 1836 eorum
1267 1803 1447 1846 singulares
1476 1815 1630 1848 personas
1655 1816 1671 1838 a
1697 1807 1859 1849 quibusvis

1121 1857 1471 1898 excommunicationis,
1497 1858 1723 1902 suspensionis
1756 1865 1787 1892 et
1811 1860 1860 1893 in-

1122 1909 1257 1950 terdicti,
1284 1910 1418 1954 aliisque
1439 1911 1662 1944 ecclesiasticis
1680 1913 1857 1953 sententiis,

1122 1964 1265 1996 censuris
1292 1969 1322 1996 et
1346 1964 1480 2006 poenis,
1508 1975 1525 1997 a
1550 1964 1617 1998 iure
1649 1967 1698 1998 vel
1729 1967 1768 1998 ab
1800 1967 1859 1999 ho-

1121 2017 1223 2057 mine,
1256 2017 1364 2060 quavis
1390 2017 1559 2051 occasione
1584 2019 1635 2052 vel
1659 2022 1753 2052 causa
1774 2020 1858 2059 latis,

1122 2069 1147 2102 si
1175 2069 1292 2112 quibus
1316 2071 1566 2113 quomodolibet
1591 2071 1763 2106 innodatae
1794 2073 1860 2105 exi-

1121 2128 1216 2163 stunt,
1235 2123 1273 2155 ad
1293 2122 1441 2156 effectum
1459 2124 1680 2166 praesentium
1699 2125 1862 2158 dumtaxat

1123 2176 1395 2218 consequendum,
1422 2177 1536 2209 harum
1557 2177 1639 2210 serie
1657 2178 1860 2212 absolventes

1123 2233 1154 2261 et
1178 2229 1340 2262 absolutas
1369 2230 1435 2262 sore
1459 2236 1648 2269 censentes,
1675 2231 1860 2265 huiusmodi

1122 2279 1411 2326 supplicationibus
1436 2283 1590 2322 inclinati,
1617 2284 1656 2316 de
1682 2295 1861 2328 congrega-

1124 2335 1218 2367 tionis
1231 2336 1459 2368 nonnullorum
1478 2336 1711 2369 venerabilium
1727 2337 1861 2370 fratrum

1101 2394 1305 2426 mostrorum
1331 2388 1361 2420 S.
1390 2388 1426 2420 P..
1453 2388 1487 2420 E.
1516 2389 1729 2423 cardinalium
1754 2396 1786 2423 et
1810 2391 1859 2424 di-

344 2438 537 2470 nomanensi
568 2439 753 2481 provinciis
779 2450 838 2482 pro
870 2441 1025 2473 novitiatu
1051 2436 1102 2474 et¹

1123 2442 1280 2474 lectorum
1305 2431 1445 2474 aliorum
1464 2442 1754 2476 Romanaecuriae
1771 2455 1861 2487 prae-

1160 2512 1169 2536 1
1194 2511 1422 2546 Praepositionem
1444 2520 1500 2547 pro
1528 2521 1576 2540 nos
1603 2513 1729 2540 addimus
1752 2514 1812 2541 heic
1834 2518 1861 2542 et

1122 2559 1183 2591 post
1201 2556 1242 2591 (a.
1258 2555 1306 2590 r.).

1757 159 1821 193 015
1868 171 1915 195 Au.
1938 171 1964 195 u.
1984 170 2049 198 ino?

1895 969 2038 997 Supplicatio.

1909 1659 1985 1679 Annuit
2000 1659 2053 1684 peti·

1869 1686 1895 1706 tis
1911 1686 2012 1706 Pontifex.
