2247 3208
156 216 208 244 Αιι.
226 215 255 243 C.
277 214 345 244 1663

945 216 1132 240 ALEXANDER
1154 217 1198 240 vn
1224 218 1271 240 PP.

355 264 542 307 gularibus,
569 264 664 297 etiam
689 264 722 297 in
747 275 873 298 carcere
910 271 964 298 aut
988 266 1089 309 capti-

353 317 450 350 vitate
475 317 706 359 existentibus,
731 320 779 352 vel
805 319 911 362 aliqua
943 319 1105 362 corporis¹

352 369 549 410 infirmitate,
567 382 621 404 seu
639 372 701 405 alio
728 383 931 416 quocumque
952 372 1089 415 impedi-

351 429 461 456 mento
486 424 636 465 detentis,
661 425 716 469 qui
742 436 840 469 supra
860 435 1013 468 expressa
1037 426 1085 458 vel

352 487 464 510 eorum
490 477 598 521 aliqua
622 484 786 522 praestare
811 478 1026 522 nequiverint,
1052 483 1086 510 ut

351 529 407 563 illa
431 531 647 565 confessarius
667 542 702 565 ex
721 532 783 564 iam
800 531 986 575 approbatis
1007 542 1024 564 a
1041 532 1087 564 lo-

352 593 462 616 corum
487 583 665 617 Ordinariis
690 589 762 618 ante
787 584 1005 627 praesentium
1030 595 1087 628 pu-

351 635 570 676 blicationem,
587 648 642 670 seu
662 637 892 680 approbandis,
911 637 957 670 eis
974 637 1007 670 in
1024 637 1086 670 alia

350 688 479 731 pietatis
503 699 602 732 opera
626 695 842 730 commutare,
867 691 916 723 vel
941 690 973 722 in
999 690 1085 723 aliud

350 741 531 784 proximum
557 748 681 785 tempus
704 753 882 786 prorogare
906 743 1018 786 possit,
1036 754 1087 776 ea-

351 805 412 837 que
436 793 618 838 iniungere,
637 806 718 839 quae
740 796 802 840 ipsi
820 797 1022 840 poenitentes
1043 798 1087 830 ef-

350 845 448 880 ficere
473 853 649 891 poterunt,
676 849 799 892 pariter
823 850 1030 883 concedimus
1055 856 1086 883 et

349 898 568 943 indulgemus.
584 901 718 945 Insuper
735 903 885 936 omnibus
900 909 931 936 et
948 903 1084 946 singulis

350 951 612 988 christifidelibus
636 955 803 1000 utriusque
828 967 931 997 sexus,
949 962 1012 989 tam
1030 956 1086 990 lai-

349 1006 395 1039 cis
424 1017 520 1050 quam
546 1008 793 1050 ecclesiasticis,
826 1010 1026 1043 secularibus
1055 1016 1086 1043 et

347 1060 552 1103 regularibus
578 1060 806 1106 cuiuscumque
838 1062 985 1104 Ordinis,
1011 1075 1086 1097 con-

349 1114 548 1156 gregationis
588 1121 620 1148 et
653 1113 792 1149 instituti
828 1122 891 1150 tam
927 1117 960 1150 in
999 1118 1084 1151 Urbe

348 1167 512 1208 praedicta
537 1178 632 1210 quam
657 1173 746 1201 extra
767 1180 837 1202 eam
856 1170 975 1214 ubique
1000 1172 1086 1204 loco-

348 1228 431 1259 rum,
444 1224 479 1251 ut
493 1220 684 1263 praefertur,
703 1222 903 1264 degentibus,
920 1223 1083 1256 licentiam

348 1272 556 1306 concedimus
592 1279 623 1307 et
658 1275 841 1308 facultatem
877 1282 912 1308 ut
946 1276 1007 1309 sibi
1045 1278 1083 1311 ad

348 1324 435 1358 hunc
452 1325 600 1358 effectum
618 1327 739 1369 eligere
756 1328 881 1370 possint
902 1339 1084 1372 quemcum-

348 1387 410 1420 que
434 1379 662 1422 presbyterum
687 1381 931 1422 confessarium,
948 1387 1011 1415 tarn
1037 1394 1084 1416 se-

348 1431 490 1463 cularem
516 1442 612 1474 quam
637 1433 775 1466 cuiusvis
800 1433 930 1467 Ordinis
947 1441 978 1468 et
994 1436 1084 1469 insti-

348 1484 406 1517 tuti
421 1486 612 1527 regularem,
625 1496 662 1518 ex
678 1487 875 1530 approbatis,
885 1494 920 1521 ut
932 1490 1084 1532 praemit-

348 1537 435 1577 titur,
460 1548 477 1570 a
501 1539 645 1571 locorum
662 1539 858 1581 Ordinariis,
885 1542 938 1585 qui
964 1553 1018 1575 eos
1043 1543 1082 1575 ab

347 1590 497 1623 omnibus
521 1593 876 1633 excommunicationis,
901 1595 1083 1637 suspensio-

347 1641 396 1674 nis
422 1648 453 1675 et
484 1643 555 1676 aliis
590 1645 818 1678 ecclesiasticis
852 1648 1021 1680 sententiis
1052 1654 1083 1681 et

347 1696 504 1736 censuris,
529 1707 547 1728 a
571 1697 638 1730 iure
663 1699 711 1731 vel
737 1699 776 1731 ab
802 1699 944 1739 homine,
971 1701 1081 1744 quavis

348 1750 445 1781 causa
468 1750 541 1782 latis
567 1761 622 1783 seu
646 1751 787 1791 inflictis,
805 1755 932 1786 necno'n
953 1754 991 1786 ab
1016 1765 1083 1787 om-

347 1801 441 1834 nibus
466 1803 625 1845 peccatis,
656 1805 860 1845 excessibus,
894 1806 1082 1840 criminibus

348 1860 380 1887 et
399 1855 536 1895 delictis,
555 1859 760 1899 quantumvis
777 1859 925 1900 gravibus
943 1866 975 1892 et
991 1871 1083 1894 enor-

347 1907 462 1947 mibus,
487 1908 583 1940 etiam
609 1909 756 1941 locorum
788 1910 989 1952 Ordinariis,
1015 1913 1081 1946 sive

347 1960 440 1993 nobis
466 1966 497 1993 et
522 1961 595 1994 Sedi
621 1963 835 2006 Apostolicae,
862 1965 958 1997 etiam
982 1966 1016 1998 in
1033 1967 1083 1999 lit-

348 2013 425 2045 teris
449 2014 500 2046 die
517 2014 641 2048 Coenae
658 2016 782 2048 Domini
805 2017 867 2059 legi
887 2018 989 2050 solitis
1009 2029 1083 2052 con-

347 2066 455 2106 tentis,
481 2072 513 2099 et
536 2067 615 2100 alias
636 2079 694 2111 per
711 2080 930 2113 quascumque
956 2077 1081 2104 nostras

348 2124 401 2151 aut
424 2119 642 2153 Romanorum
675 2121 864 2155 Pontificum
888 2124 1082 2166 praedeces-

349 2182 459 2204 sorum
476 2179 658 2206 nostrorum
674 2175 929 2214 constitutiones,
947 2187 1081 2219 quarum

348 2229 476 2257 tenores
495 2227 717 2268 praesentibus
735 2228 845 2260 haberi
859 2230 1004 2262 volumus
1022 2241 1081 2273 pro

350 2278 521 2320 expressis,
534 2280 835 2324 quomodocumque
852 2283 1036 2323 reservatis,
1047 2284 1080 2316 in

348 2330 417 2362 foro
451 2332 669 2365 conscientiae
703 2339 734 2366 et
769 2334 828 2366 bac
858 2335 926 2368 vice
959 2341 1081 2369 tantum

347 2384 515 2417 absolvere
534 2391 565 2417 et
581 2386 721 2419 liberare
746 2388 883 2428 valeant,
901 2393 933 2421 et
949 2388 1081 2432 insuper

347 2442 419 2470 vota
436 2448 658 2482 quaecumque
677 2440 859 2483 (religionis
877 2448 909 2474 et
925 2443 1079 2476 castitatis

347 2490 503 2533 exceptis)
528 2491 561 2523 in
586 2492 648 2525 alia
675 2492 728 2536 pia
752 2499 784 2526 et
807 2495 956 2527 salutaria
980 2505 1081 2538 opera

348 2549 563 2584 commutare,
588 2544 732 2578 iniuncta
760 2551 867 2579 tamen
896 2547 941 2579 eis
972 2553 1003 2580 et
1030 2559 1081 2582 eo-

348 2606 419 2630 rum
435 2596 568 2632 cuilibet
588 2597 622 2631 in
647 2599 843 2642 supradictis
866 2600 1014 2633 omnibus
1032 2611 1082 2634 ca—

1123 265 1210 297 sibus
1235 265 1434 310 poenitentia
1459 267 1602 307 salutari,
1620 267 1755 312 aliisque
1773 269 1857 302 eius-

1123 318 1195 350 dem
1234 318 1421 351 confessarii
1458 320 1592 353 arbitrio
1633 321 1852 364 iniungendis.

1123 370 1334 414 Quapropter,
1361 378 1470 406 tenore
1488 375 1719 417 praesentium,
1737 375 1769 408 in
1795 376 1857 408 vir-

1123 429 1187 456 tute
1212 430 1337 457 sanctae
1362 425 1565 460 obedientiae
1594 428 1740 462 districte
1766 440 1856 472 prae-

1122 476 1257 518 cipimus
1283 483 1314 510 et
1337 479 1525 512 mandamus
1556 482 1704 513 omnibus
1728 488 1760 515 et
1783 483 1855 526 qui-

1121 529 1319 574 buscumque
1350 532 1589 565 venerabilibus
1618 534 1770 567 fratribus
1802 547 1856 578 pa-

1121 581 1273 615 triarchis
1291 609 1298 623 ,
1335 584 1611 628 archiepiscopis,
1638 587 1797 630 episcopis
1823 594 1856 621 et

1120 635 1191 667 aliis
1217 636 1428 671 ecclesiarum
1461 639 1632 681 praelatis,
1658 651 1694 672 ac
1725 641 1855 683 quibus-

1103 698 1257 731 lcumque
1282 688 1463 723 Ordinariis
1488 692 1631 725 locorum
1655 693 1853 737 ubicumque

1119 740 1348 782 existentibus,
1373 753 1548 787 eorumque
1578 745 1705 778 vicariis
1731 751 1762 778 et
1785 746 1855 778 offi-

1120 793 1269 833 cialibus,
1294 796 1353 835 vel,
1378 795 1433 828 iis¹
1453 796 1686 839 deficientibus,
1712 799 1776 831 illis
1800 799 1852 843 qui

1119 856 1227 879 curam
1245 847 1423 881 animarum
1437 855 1600 890 exercent,
1613 856 1658 892 ut,
1673 861 1744 884 cum
1761 862 1855 895 prae-

1120 900 1258 932 sentium
1271 900 1452 934 litterarum
1466 907 1668 947 transumpta
1682 910 1735 937 aut
1750 914 1855 938 exem-

1118 953 1171 995 pla
1196 953 1292 986 etiam
1316 954 1475 997 impressa
1500 956 1694 999 acceperint,
1719 957 1775 990 illa
1792 963 1854 990 sta-

1119 1005 1184 1046 tim,
1210 1006 1331 1050 absque
1353 1008 1419 1040 ulla
1436 1011 1534 1049 mora,
1551 1010 1780 1049 retardatione,
1804 1011 1853 1044 vel

1118 1058 1361 1102 impedimento,
1378 1071 1437 1104 per
1455 1072 1528 1095 suas
1547 1062 1700 1096 ecclesias
1719 1068 1750 1096 et
1766 1063 1854 1097 dioe-

1119 1123 1219 1153 ceses,
1244 1114 1437 1156 provincias,
1463 1115 1620 1157 civitates,
1644 1117 1774 1161 oppida,
1792 1123 1854 1150 ter-

1118 1176 1170 1198 ras
1194 1172 1225 1198 et
1248 1167 1318 1200 loca
1339 1168 1499 1210 publicari
1520 1169 1646 1210 faciant,
1667 1171 1854 1204 ecclesiam-

1119 1215 1179 1263 que
1205 1230 1261 1253 seu
1285 1221 1438 1254 ecclesias
1461 1222 1638 1256 visitandas
1668 1223 1853 1266 designent,

1118 1283 1157 1306 ne
1183 1273 1420 1315 alias,111terius
1436 1275 1654 1318 praesentium
1672 1276 1852 1310 litterarum

1118 1325 1264 1358 executio
1295 1327 1518 1370 protrahatur.
1553 1327 1622 1361 Non
1653 1328 1852 1363 intendimus

1117 1383 1225 1411 autem
1248 1389 1307 1422 per
1331 1386 1522 1423 praesentes
1556 1392 1655 1425 super
1679 1382 1787 1426 aliqua
1811 1383 1854 1415 ir-

1117 1432 1325 1474 regularitate
1351 1433 1479 1476 publica
1509 1435 1559 1467 vel
1592 1436 1733 1475 occulta,
1760 1438 1851 1476 nota,

1118 1485 1267 1526 defectu,
1305 1486 1519 1530 incapacitate
1555 1498 1612 1521 seu
1646 1487 1853 1522 inhabilitate

1117 1539 1350 1581 quoquomodo
1375 1542 1543 1572 contracta
1573 1541 1776 1584 dispensare,
1803 1542 1853 1574 vel

1117 1591 1259 1634 aliquam
1272 1592 1457 1625 facultatem
1472 1593 1617 1626 tribuere
1630 1593 1852 1636 dispensandi,

1117 1654 1175 1676 seu
1200 1644 1395 1678 habilitandi
1421 1650 1453 1678 et
1477 1645 1508 1677 in
1534 1645 1706 1689 pristinum
1735 1652 1853 1679 statum

1117 1697 1324 1738 restituendi,
1351 1698 1447 1731 etiam
1472 1699 1503 1731 in
1530 1700 1601 1732 foro
1620 1699 1850 1739 conscientiae,

1118 1760 1223 1794 neque
1248 1751 1345 1783 etiam
1371 1751 1501 1784 easdem
1522 1758 1722 1795 praesentes,
1737 1753 1776 1785 iis
1798 1752 1852 1796 qui

1117 1813 1133 1835 a
1151 1803 1245 1836 nobis
1264 1808 1294 1836 et
1309 1804 1497 1847 Apostolica
1515 1804 1595 1838 Sede
1615 1806 1662 1838 vel
1683 1806 1723 1838 ab
1741 1806 1851 1848 aliquo

1116 1858 1262 1899 praelato
1281 1868 1336 1890 seu
1355 1858 1460 1891 iudice
1479 1859 1701 1891 ecclesiastico
1724 1869 1852 1892 excom-

1117 1910 1284 1950 municati,
1301 1911 1450 1954 suspensi
1465 1916 1496 1943 et
1509 1911 1687 1951 interdicti,
1699 1922 1757 1944 seu
1771 1911 1851 1944 alias

1116 1963 1148 1995 in
1175 1963 1351 1995 sententias
1377 1969 1408 1996 et
1431 1975 1585 1996 censuras
1618 1964 1772 1998 incidisse
1797 1965 1852 1997 de-

1116 2016 1241 2055 clarati,
1267 2017 1318 2049 vel
1343 2017 1472 2059 publice
1499 2017 1683 2049 denunciati
1710 2017 1849 2058 fuerint,

1116 2069 1178 2101 nisi
1197 2069 1281 2101 infra
1297 2074 1425 2112 tempus
1443 2069 1603 2102 dictarum
1621 2070 1758 2102 duarum
1772 2070 1852 2102 heb-

1117 2122 1329 2154 domadarum
1354 2122 1571 2155 satisfecerint
1596 2128 1649 2155 aut
1674 2134 1746 2156 cum
1776 2133 1851 2166 par-

1116 2175 1200 2207 tibus
1226 2174 1513 2215 concordaverint,
1535 2177 1604 2208 ullo
1624 2176 1721 2208 modo
1740 2175 1852 2208 suffra-

1116 2227 1183 2269 gari
1208 2238 1307 2270 posse
1332 2233 1388 2260 aut
1412 2228 1546 2261 debere.

1158 2281 1173 2324 g
1192 2280 1223 2313 3.
1242 2281 1311 2313 Non
1333 2281 1540 2313 obstantibus
1559 2281 1849 2315 constitutionibus

1116 2340 1147 2367 et
1173 2334 1435 2367 ordinationibus
1460 2335 1650 2377 apostolicis
1666 2362 1674 2375 ,
1701 2346 1850 2378 praeser-

1116 2388 1171 2419 tim
1196 2387 1312 2430 quibus
1338 2388 1472 2420 facultas
1494 2388 1682 2421 absolvendi
1702 2389 1734 2421 in
1752 2389 1848 2423 certis

1115 2446 1191 2473 tunc
1209 2441 1373 2484 expressis
1395 2440 1523 2473 casibus
1541 2441 1584 2473 ita
1601 2441 1747 2474 Romano
1768 2442 1850 2474 Pon-

1114 2495 1190 2527 tifici
1216 2505 1276 2538 pro
1302 2501 1448 2538 tempore
1475 2495 1626 2528 existenti
1651 2501 1848 2536 reservatur,

1114 2554 1149 2580 ut
1171 2558 1232 2580 nec
1258 2548 1355 2580 etiam
1380 2549 1503 2581 similes
1531 2549 1580 2581 vel
1607 2549 1781 2582 dissimiles
1802 2548 1850 2580 in-

1151 2610 1161 2636 1
1185 2608 1234 2636 Ed.
1255 2608 1335 2636 Main.
1356 2609 1421 2646 legit
1440 2611 1510 2638 aliis
1528 2619 1577 2646 pro
1597 2610 1637 2638 iis
1657 2611 1692 2646 (R.
1707 2610 1758 2645 Τ.).

1872 220 1921 247 An.
1938 220 1967 248 C.
1986 220 2055 248 1663

1933 2291 2049 2313 Contrariis

1866 2317 1961 2343 derogat.
