2247 3208
194 213 243 238 An.
263 212 290 240 c,
316 212 382 240 1604
426 204 489 238 248

236 2063 390 2083 [ιι-0101011153-

206 2096 224 2109 rt
231 2096 240 2109 :i
247 2096 256 2108 e
278 2095 391 2116 congreg&

207 2118 236 2136 ’,Ιυ

239 2122 277 2139 nis,

393 263 495 305 eaque
530 261 653 293 ratione
689 259 796 293 multis
825 257 1123 291 inconvenientibus

392 315 515 348 obviam
541 314 619 346 itum
643 312 819 356 optimique
844 310 975 344 effectus
1003 311 1041 343 ad
1067 310 1123 344 Dei

392 366 526 409 gloriani
552 369 583 397 et
606 364 772 407 religionis
791 364 1023 397 incrementum
1049 363 1122 396 inde

392 418 578 460 consequuti
593 417 730 457 fuerant,
744 416 824 449 sicut
834 416 1031 461 experientia
1042 426 1124 450 com-

392 476 517 514 pertum
542 474 625 511 erat;

434 524 471 556 Et
501 524 533 556 in
558 523 670 556 eadem
702 523 901 566 expositione
933 522 1123 562 suhiuncto,

390 577 476 620 quod
501 576 561 620 ipsi
587 580 783 619 exponentes
811 581 985 619 propterea
1013 586 1124 608 eorum

391 634 565 663 conventus
589 629 622 662 in
652 629 761 672 regnis
793 629 984 672 supradictis
1009 629 1125 662 consti-

393 687 476 716 tutos
500 682 538 715 ab
563 682 650 715 omni
682 682 902 714 iurisdictione
928 682 1035 715 dilecti
1067 681 1123 715 filii

391 735 527 767 ministri
556 734 759 778 provincialis
794 734 976 777 provinciae
1014 734 1045 767 S.
1079 734 1124 767 Ia-

392 787 465 820 cobi
490 787 565 819 dicti
593 786 720 820 Ordinis
750 786 907 819 Minorum
940 787 978 820 de
1010 786 1125 819 Obser-

391 841 497 873 vantia
522 840 616 873 eximi
642 844 673 872 et
690 840 840 880 liberari,
858 840 984 882 sibique
1008 844 1051 880 ut,
1079 839 1125 871 di-

393 895 475 926 lecto
514 892 580 926 filio
619 893 765 925 ministro
805 892 948 935 generali
982 892 1125 924 eiusdem

392 945 519 979 Ordinis
544 946 701 978 Minorum
726 946 763 978 de
785 945 992 978 Observantia
1016 945 1127 977 imme-

394 999 478 1032 diate
503 999 637 1031 subiecti
660 1004 874 1038 remanentes,
893 998 931 1029 ab
949 1008 1013 1030 uno
1034 998 1127 1030 mini-

393 1057 459 1086 stro
484 1051 672 1095 provinciali
690 1050 722 1083 et
745 1056 882 1094 quatuor
904 1049 1126 1082 definitoribus

394 1115 450 1138 seu
475 1105 619 1137 discretis
644 1103 778 1147 praefati
804 1103 888 1136 tertii
912 1102 1051 1142 Ordinis,
1072 1102 1125 1145 qui

395 1158 426 1190 in
452 1157 608 1200 capitulis,
628 1156 773 1200 quolibet
790 1156 929 1189 triennio
955 1156 1013 1188 sub
1036 1166 1127 1198 prae-

394 1209 531 1243 sidentia
549 1209 623 1242 dicti
637 1209 773 1242 ministri
799 1209 959 1251 generalis
978 1209 1027 1241 vel
1042 1219 1128 1241 coni-

393 1263 530 1296 missarii
556 1263 693 1295 familiae
721 1263 976 1295 ultramontanae
1002 1262 1128 1295 Ordinis

394 1316 553 1348 Minorum
577 1315 615 1348 de
635 1315 842 1348 Observantia
860 1315 1055 1353 huiusmodi,
1076 1319 1129 1347 aut

395 1369 527 1402 alterius
551 1379 610 1412 per
634 1379 688 1401 eos
706 1368 894 1411 deputandi,
914 1367 1001 1400 iuxta
1022 1368 1130 1410 dispo-

395 1422 543 1455 sitionem
568 1422 832 1455 constitutionum
862 1422 937 1454 dicti
965 1422 1050 1454 tertii
1075 1421 1130 1454 Or-

396 1475 479 1508 dinis
496 1475 708 1515 celebrandis,
731 1475 806 1517 eligi
832 1475 999 1514 deberent,
1019 1475 1058 1507 ad
1083 1475 1130 1507 in-

396 1532 460 1561 star
483 1528 719 1572 provinciarum
732 1527 912 1561 Lusitaniae
927 1532 958 1560 et
971 1528 1130 1568 Boeticae,

397 1591 460 1614 non
495 1581 695 1614 obstantibus
730 1581 924 1614 recolendae
954 1580 1130 1613 memoriae

396 1634 443 1667 Pii
467 1635 570 1678 Papae
595 1635 618 1666 V
642 1634 900 1678 praedecessoris
928 1634 1049 1677 pariter
1076 1645 1132 1668 no-

397 1687 453 1720 stri
477 1687 604 1727 litteris,
630 1698 649 1720 v
670 1698 772 1720 nonas
797 1687 865 1721 iulii
889 1697 1034 1720 MDvassl
1052 1697 1132 1720 ema-

398 1740 498 1779 natis,
524 1750 658 1783 quarum
682 1740 807 1772 initium
832 1744 880 1772 est
904 1740 951 1772 Ea
971 1743 1015 1772 est
1032 1739 1133 1782 officii

397 1792 502 1825 nostri
524 1794 619 1832 ratio,
647 1796 717 1831 ele„
744 1793 782 1825 de
808 1796 915 1825 cetero
944 1797 1134 1835 regerentur

399 1851 430 1879 et
459 1846 732 1889 gubernarentur,
767 1846 899 1879 concedi
927 1857 1133 1889 summopere

400 1898 643 1932 desiderabant:
670 1899 828 1932 emanavit
860 1898 898 1931 ab
923 1899 1036 1932 eadem
1060 1909 1135 1931 eon-

401 1951 589 1994 gregatione
615 1952 778 1985 decretum
804 1952 925 1984 tenoris
949 1951 1004 1994 qui
1029 1951 1135 1994 sequi-

401 2010 470 2045 tur,
497 2005 666 2037 videlicet:

445 2057 460 2100 g
485 2056 515 2091 ⁶2.
550 2069 562 2088 α
580 2056 674 2090 Sacra
694 2057 902 2100 congregatio
921 2056 1136 2089 eminentissi-

402 2120 527 2142 morum
552 2110 583 2142 S.
604 2110 640 2142 R.
660 2110 694 2143 E.
722 2110 931 2143 cardinalium
950 2109 1088 2152 negotiis
1105 2114 1136 2141 01

403 2163 694 2195 consultationibus
720 2163 946 2206 episcoporum
964 2167 995 2194 et
1011 2163 1137 2204 regula—

404 2215 485 2248 rium
511 2215 708 2258 praeposita,
735 2216 773 2247 ad
799 2226 894 2258 quam
919 2214 1136 2247 sanctissimus

404 2268 552 2300 dominus
589 2273 698 2300 noster
734 2268 916 2300 instantiam
954 2266 1137 2299 huiusmodi

404 2319 536 2358 remisit,
564 2318 692 2351 attentis
718 2319 871 2358 narratis,
899 2329 935 2351 ac
959 2318 1066 2351 audita
1091 2328 1139 2350 re-

404 2372 525 2405 latione
550 2372 687 2404 ministri
713 2372 872 2415 generalis
901 2372 1038 2412 Ordinis,
1066 2382 1138 2414 pre-

405 2425 495 2458 cibus
520 2430 683 2458 oratorum
713 2425 853 2467 benigne
887 2435 1048 2463 annuens,
1084 2424 1139 2456 de-

406 2478 504 2511 crevit
528 2482 559 2511 et
582 2478 742 2510 mandavit.
766 2478 897 2510 eosdem
914 2482 1068 2517 oratores,
1083 2488 1138 2509 seu

408 2531 550 2574 ipsorum
574 2535 759 2569 conventus,
782 2530 813 2562 in
834 2535 997 2573 posterum
1015 2541 1032 2562 a
1048 2529 1141 2561 iuris-

973 211 1152 236 Butmmmi
1176 210 1326 235 ROMANUM

1142 291 1145 315 Ι
1165 257 1195 290 S.
1223 257 1326 291 Iacobi
1351 258 1390 291 de
1415 257 1621 293 Observantia
1653 265 1838 303 exemptos,
1866 265 1898 292 et

1166 311 1385 345 tantummodo
1409 311 1515 343 eidem
1539 312 1685 345 ministro
1706 313 1849 355 generali
1867 317 1898 345 et

1165 363 1382 397 commissario
1401 364 1543 406 generali
1561 365 1700 398 Familiae
1723 366 1898 398 ultramon-

1166 421 1257 449 tanae
1283 416 1465 449 immediate
1489 417 1651 450 subiectos
1684 418 1752 451 sore
1768 444 1776 458 ,
1802 423 1899 461 prout

1166 470 1281 503 harum
1305 469 1387 502 serie
1412 469 1521 502 eximit
1545 480 1580 502 110
1604 471 1780 513 respective
1801 471 1899 503 subii-

1166 522 1216 562 cit,
1239 522 1408 565 eidemque
1424 522 1571 555 ministro
1588 523 1777 565 provincia-li
1795 523 1899 556 iniun-

1166 575 1212 617 git
1236 585 1275 607 ne
1300 575 1460 607 ullatenus
1485 575 1517 607 in
1546 586 1658 608 eorum
1682 575 1874 618 gubernium
1889 604 1896 617 ,

1167 638 1275 660 curam
1307 632 1360 660 aut
1389 638 1623 670 quamcumque
1648 627 1900 663 iurisdictionem

1166 691 1199 712 se
1223 680 1422 713 intromittat.
1443 680 1576 723 Insuper
1593 680 1705 714 eadem
1722 691 1810 714 sacra
1827 692 1901 714 con-

1167 733 1311 775 gregatio
1345 733 1454 765 statuit
1489 738 1523 765 ut
1558 733 1710 776 deinceps
1745 734 1900 777 praedicti

1168 790 1331 818 oratorum
1356 790 1532 818 conventus
1556 790 1709 828 regantur
1725 795 1783 829 per
1798 786 1902 819 visita-

1168 843 1269 871 torem
1291 838 1531 881 provincialem,
1552 839 1736 872 definitores
1756 840 1902 882 aliosque

1167 892 1320 924 officiales
1345 902 1382 924 ex
1412 902 1522 924 eorum
1546 892 1668 935 gremio
1694 894 1902 926 assumendos

1169 949 1200 977 et
1223 945 1402 986 eligendos,
1431 945 1518 977 iuxta
1542 945 1789 978 constitutiones
1813 945 1904 978 Ordi-

1169 996 1227 1036 nis,
1245 1002 1276 1028 et
1292 996 1324 1028 in
1341 996 1474 1039 reliquis
1499 996 1646 1029 omnibus
1664 997 1702 1029 ad
1720 998 1818 1029 instar
1832 1008 1905 1040 pro-

1168 1048 1343 1081 vinciarum
1363 1048 1544 1081 Lusitaniae
1558 1054 1589 1081 et
1606 1049 1798 1082 Andalusiae
1813 1060 1904 1092 prae-

1170 1102 1316 1134 fatarum.
1358 1102 1418 1134 Pro
1457 1102 1517 1134 hac
1555 1106 1660 1134 autem
1697 1102 1801 1145 prima
1838 1104 1904 1137 vice

1170 1155 1286 1189 electio
1304 1155 1521 1199 praefatorum
1537 1155 1708 1188 visitatoris
1728 1156 1906 1198 provincia-

1170 1209 1219 1249 lis,
1245 1208 1449 1241 definitorum
1463 1213 1495 1241 et
1511 1208 1696 1242 officialium
1721 1208 1775 1241 fiat
1788 1220 1805 1241 a
1822 1209 1905 1242 dicto

1170 1262 1317 1294 ministro
1342 1262 1485 1304 generali
1502 1264 1565 1294 una
1582 1272 1654 1295 cum
1679 1273 1737 1295 suo
1764 1263 1906 1305 generali

1172 1314 1367 1347 definitorio.
1384 1315 1421 1347 Et
1437 1315 1480 1347 ita
1493 1325 1583 1347 sacra
1596 1315 1805 1358 congregatio
1820 1326 1907 1358 prae-

1171 1368 1309 1401 sentium
1332 1368 1443 1410 vigore
1469 1368 1623 1408 decernit,
1650 1368 1780 1401 mandat
1799 1373 1830 1401 et
1846 1374 1907 1401 sta-

1172 1421 1247 1461 tuit,
1273 1426 1304 1453 et
1327 1420 1445 1453 nuncio
1471 1421 1647 1463 apostolico
1681 1421 1765 1464 apud
1797 1432 1907 1464 regem

1171 1474 1397 1517 Hispaniarum
1415 1484 1473 1517 pro
1496 1479 1640 1517 tempore
1667 1473 1796 1516 degenti
1821 1484 1907 1507 com-

1172 1527 1268 1559 mittit
1284 1553 1291 1567 ,
1318 1531 1371 1567 ut,
1400 1531 1557 1569 quatenus
1583 1537 1664 1569 opus
1688 1526 1748 1567 sit,
1780 1527 1907 1560 easdem

1173 1584 1358 1623 praesentes
1384 1579 1533 1612 omnibus
1559 1580 1637 1612 iuris
1663 1584 1694 1612 et
1718 1580 1791 1612 sacti
1811 1590 1909 1612 101110-

1174 1633 1234 1665 diis
1259 1632 1467 1675 exequutioni
1485 1632 1670 1665 demandari
1689 1632 1793 1665 saciat.
1817 1632 1910 1665 Prae-

1174 1685 1266 1718 dictis
1291 1684 1406 1717 litteris
1431 1685 1617 1727 apostolicis
1635 1689 1762 1718 sanctae
1787 1695 1908 1717 memo-

1174 1738 1239 1771 riae
1265 1738 1311 1770 Pii
1336 1738 1358 1769 V
1384 1738 1562 1780 ceterisque
1583 1738 1762 1777 contrariis,
1782 1738 1859 1770 alias
1877 1738 1908 1770 in

1175 1802 1233 1824 suo
1257 1791 1375 1824 robore
1389 1791 1616 1834 permansuris,
1635 1791 1765 1824 minime
1783 1791 1912 1824 obstan-

1177 1845 1271 1877 tibus.

1220 1897 1351 1937 Romae,
1375 1907 1406 1930 v1
1431 1895 1537 1929 martii
1562 1906 1715 1930 MDCLXIV.

1395 1950 1434 1982 M.
1455 1949 1628 1982 cardinalis
1649 1949 1810 1982 G1NETTus
1834 1962 1864 1982 n.

1221 2004 1235 2046 ἓ
1260 2003 1291 2036 3.
1319 2002 1395 2036 Cum
1419 2007 1535 2042 autem,
1553 2002 1636 2034 sieut
1659 2002 1795 2045 praefati
1814 2013 1912 2044 expo-

1178 2109 1240 2152 ipsi
1259 2109 1425 2141 decretum
1440 2107 1635 2147 huiusmodi,
1650 2118 1708 2150 pro
1726 2108 1858 2140 firmiori
1877 2096 1934 2141 il-g

1179 2162 1241 2194 lius
1264 2159 1472 2192 subsistentia
1492 2165 1523 2192 et
1547 2159 1695 2199 efficacia,
1715 2161 1913 2203 apostolicae

1179 2212 1434 2247 confirmationis
1460 2217 1588 2245 nostrae
1624 2212 1805 2255 patrocinio
1830 2224 1915 2246 com-

1179 2265 1297 2298 muniri
1315 2275 1518 2308 summopere
1540 2265 1741 2297 desiderent:
1760 2276 1828 2305 1103,
1846 2277 1917 2309 spe-

1180 2318 1293 2350 cialem
1326 2317 1404 2360 ipsis
1441 2317 1676 2360 exponentibus
1714 2318 1847 2360 gratiam
1873 2319 1917 2352 sa-

1181 2380 1253 2403 eere
1277 2370 1433 2409 volentes,
1451 2374 1613 2402 eteorum
1638 2370 1816 2413 singulares
1843 2382 1916 2414 per-

1181 2433 1276 2455 sonas
1309 2433 1326 2454 a
1357 2422 1520 2465 quibusvis
1553 2424 1916 2465 exeomnulnicationis,

1181 2475 1403 2519 suspensionis
1432 2480 1463 2508 et
1496 2476 1680 2517 interdicti,
1708 2477 1843 2520 aliisque
1869 2488 1918 2510 ec—

1181 2527 1365 2561 clesiasticis
1386 2528 1574 2569 sententiis,
1607 2529 1750 2561 censuris
1781 2535 1811 2561 et
1842 2541 1920 2573 poe-

409 2584 547 2616 dietione
573 2583 707 2616 ministri
733 2583 936 2626 provincialis
957 2582 1139 2626 provinciae
1182 2581 1241 2621 nis,
1267 2592 1284 2613 a
1308 2581 1375 2614 iure
1400 2583 1449 2614 vel
1471 2582 1509 2614 ab
1528 2582 1671 2621 homine,
1694 2583 1804 2625 quavis
1829 2594 1920 2617 ocea-

1901 211 1950 237 An.
1971 211 1999 238 C.
2025 211 2088 238 1661

1979 2037 1982 2040 ἢ
1992 2006 2105 2031 Continuat

1177 2061 1291 2089 nentes
1321 2055 1414 2088 nobis
1446 2055 1582 2087 subinde
1607 2055 1725 2097 exponi
1755 2037 2108 2095 1000111111,ἓῖιῖιὲἑοοῗεῖθῖἑῗι·

1937 2090 2062 2115 regarium.
