2247 3208
120 197 170 222 An.
191 195 220 222 C.
240 195 305 222 1664

145 940 255 961 nmmum
275 946 300 960 ir-

119 970 192 988 mans.

905 188 1093 213 Atssxvtxnnn
1115 189 1159 213 vu
1185 190 1232 213 pr.

312 241 404 274 sione
440 239 489 273 vel
515 238 607 271 causa
632 238 714 275 latis,
733 238 757 270 si
777 238 892 281 quibus
917 238 1073 280 quomo-5

314 293 439 327 delibet
461 292 635 325 innodatae
663 291 799 323 existunt
817 318 823 330 ‚
840 291 878 322 ad
905 289 1051 321 olibetum

311 345 530 391 praesentium
568 345 731 377 dumtaxat
764 343 1048 387 consequendum,

311 400 428 432 harum
464 398 545 431 serie
578 397 780 430 absolventes
822 402 852 429 et
887 396 1049 428 absolutas

313 453 382 485 sore
407 455 596 491 censentes,
623 450 913 494 supplicationibus
939 458 1049 481 corum

313 504 446 538 nomine
464 503 558 537 nobis
576 513 674 547 super
699 503 761 535 hoc
787 501 953 534 humiliter
976 510 1051 543 por·
1070 513 1071 532 ι

312 557 409 591 rectis
435 556 592 597 inclinati,
618 557 781 589 decretum
807 554 1049 597 praeinsertum,

313 611 502 645 auctoritate
528 609 727 653 apostolica,
760 613 872 640 tenore
901 616 1049 650 praescn-

314 664 404 705 tium,
418 663 635 707 approbamus
645 666 676 694 et
689 660 927 699 confirmamus,
938 658 1050 702 illique

313 716 512 758 inviolabilis
536 713 733 758 apostolicae
759 711 919 745 firmitatis
950 712 1072 744 robur:

313 769 501 809 adiicimus;
520 768 728 803 salvatamen
753 773 879 809 semper
903 764 936 806 in
962 774 1053 808 prae-

312 823 417 856 missis
431 821 620 855 auctoritate
638 819 801 864 praefatae
826 817 1051 862 congregatio-

312 876 362 910 nis
380 874 604 909 cardinalium.

356 927 427 972 §4.
462 927 678 960 Decernentes
708 925 836 959 easdem
866 929 1051 968 praesentes

311 982 434 1015 litteras
460 989 587 1023 semper
610 978 726 1019 firmas,
751 978 872 1023 validas
891 981 924 1010 et
948 975 1052 1009 effica-

313 1045 365 1067 ces
390 1034 527 1067 existere
553 1038 584 1066 et
608 1032 688 1072 sore,
715 1041 854 1075 suosque
886 1030 1051 1075 plenarios

313 1092 345 1120 et
357 1087 501 1130 integros
519 1084 651 1119 effeetus
660 1085 767 1118 sortiri
785 1090 817 1117 et
840 1083 997 1123 obtinere,
1016 1093 1052 1115 ac

313 1139 408 1173 dictis
423 1138 658 1183 exponentibus
672 1137 859 1181 plenissime
874 1135 1051 1179 suffragari,
1071 1157 1073 1162 x

314 1198 345 1226 et
369 1192 407 1225 ab
431 1192 507 1231 illis,
532 1192 571 1225 ad
597 1201 679 1235 quos
698 1195 819 1234 spectat
844 1195 875 1222 et
892 1199 950 1233 pro
976 1194 1053 1221 tem-

314 1255 393 1290 pore
418 1244 688 1289 quandocumque
720 1242 887 1287 spectabit,
919 1241 1054 1274 inviola-

314 1299 423 1333 biliter
447 1297 628 1336 observari,
662 1296 772 1340 sicque
803 1296 836 1328 in
869 1294 1075 1341 praemissis¹

314 1362 372 1396 per
405 1359 627 1395 quoscumque
655 1349 779 1382 iudices
812 1347 993 1382 ordinarios
1023 1345 1075 1395 et}

1094 236 1243 269 omnibus
1279 242 1311 269 et
1345 237 1496 281 singulis,
1533 238 1664 272 illorum
1702 244 1833 273 tenores

1093 289 1318 332 praesentibus
1342 300 1401 334 pro
1438 292 1533 334 plene
1570 297 1601 324 ct.
1636 291 1834 326 sufficienter

1093 343 1252 386 expressis
1278 343 1447 384 habentes,
1475 345 1539 378 illis
1556 346 1634 378 alias
1652 346 1684 379 in
1703 358 1760 380 suo
1783 358 1835 380 ro-

1093 397 1171 429 bore
1189 398 1418 439 permansuris,
1454 399 1493 430 ad
1518 400 1770 442 praemissorum
1789 401 1833 435 es-

1094 448 1229 489 fectum,
1256 450 1316 482 hac
1340 450 1407 482 vice
1444 452 1621 492 dumtaxat,
1651 454 1833 496 specialiter

1093 507 1125 533 et
1150 511 1299 545 expresse
1317 503 1526 546 derogamus;
1552 506 1730 549 ceterisque
1756 518 1833 540 con-

1094 554 1199 587 trariis
1226 554 1493 599 quibuscumque.

1136 607 1153 649 g
1183 606 1214 639 6.
1251 606 1403 640 Volumus
1439 614 1543 641 autem
1576 614 1609 641 ut
1647 612 1831 644 earumdem
1884 626 1947 646 rma,
1970 628 2029 646 ‹ran-

1842 656 1981 679 sumptorum.

1093 659 1312 702 praesentium
1320 660 1499 693 litterarum
1509 663 1728 705 transumptis,
1736 664 1832 697 etiam

1092 712 1268 755 impressis,
1289 723 1384 745 manu
1406 713 1538 746 alicuius
1565 715 1682 747 notarii
1708 716 1829 759 publici

1093 764 1296 808 subscriptis,
1325 769 1358 798 et
1381 765 1489 808 sigillo
1526 777 1686 810 personae
1717 769 1749 801 in
1781 779 1830 802 ec-

1092 817 1271 851 clesiastica
1297 817 1454 861 dignitate
1470 820 1666 854 constitutae
1685 822 1830 863 munitis,

1092 870 1204 904 eadem
1229 881 1362 914 prorsus
1386 870 1466 904 fides
1498 873 1699 914 adhibeatur,
1733 874 1764 907 in
1788 875 1833 908 iu-

1093 923 1176 957 dicio
1202 928 1234 957 et
1258 929 1348 956 extra
1373 923 1461 965 illud,
1491 936 1571 969 quae
1603 927 1831 970 praesentibus

1092 976 1174 1021 ipsis
1192 977 1413 1018 adhiberetur,
1430 978 1455 1010 si
1472 978 1578 1012 forent
1592 979 1755 1013 exhibitae
1781 981 1831 1014 vel

1093 1036 1256 1064 ostensae.

1136 1084 1249 1117 Datum
1274 1083 1405 1125 Rornae,
1437 1085 1522 1128 apud
1548 1085 1578 1118 S.
1606 1085 1735 1120 Mariam
1770 1087 1831 1120 Ma-

1093 1138 1211 1178 iorem,
1237 1138 1296 1170 sub
1322 1139 1441 1172 annulo
1467 1139 1652 1181 piscatoris,
1678 1140 1729 1173 die
1760 1151 1832 1174 xxvr

1093 1191 1198 1225 martii
1223 1200 1384 1231 MDCLxui,
1410 1191 1615 1234 pontificatus
1650 1193 1752 1226 nostri
1776 1204 1832 1227 an-

1094 1254 1136 1276 no
1162 1254 1205 1277 lx.

1128 1305 1189 1333 Dat.
1210 1305 1254 1334 die
1273 1304 1307 1333 26
1327 1306 1416 1333 martii
1437 1306 1504 1333 1664
1520 1309 1538 1341 ⁴,
1560 1306 1657 1342 pontis.
1674 1314 1743 1335 anno
1759 1312 1795 1335 tx.

1725 182 1789 217 249
1835 194 1886 222 An.
1905 193 1933 221 c.
1950 191 2010 222 inei

314 1405 489 1447 delegatos
515 1403 610 1437 etiam
635 1412 800 1435 causarum
825 1401 935 1444 palatii
960 1411 1053 1444 apos·
1073 1402 1075 1440 ξ

317 1456 404 1491 tolici
430 1456 605 1497 auditores,
630 1455 764 1488 iudicari
783 1460 815 1488 et
839 1453 966 1487 definiri
999 1443 1075 1498 (ᾖε-ἢ
1395 1447 1535 1481 CDLXX.

315 1511 403 1551 bere,
428 1520 463 1543 ²10
487 1509 615 1542 il'l'ifflm
639 1513 671 1541 θῑ
693 1508 788 1566 {nane
805 1507 830 1540 Si
849 1517 938 1565 &³01¹ss
959 1516 1054 1565 Sllpffl'
1074 1522 1075 1551 ξ
1094 1519 1282 1553 Declaratio
1307 1519 1425 1553 mentis
1449 1529 1527 1552 suae
1551 1529 1648 1563 super
1671 1518 1832 1553 solutione

318 1563 367 1597 his
386 1573 403 1596 3
421 1572 593 1607 quoquam,
613 1572 721 1605 qums
735 1565 936 1619 ἃῑξςῐθῑζηῖῑῑθν
953 1569 1056 1618 smen-
1074 1587 1076 1617 Ι
1138 1571 1340 1605 decimarum
1352 1582 1411 1616 per
1420 1572 1647 1616 pensionarios
1660 1570 1833 1615 faciendtff.

317 1622 366 1650 ter
388 1617 438 1649 vel
463 1616 662 1658 ignoranter,
688 1618 861 1657 contigcmt
889 1617 1051 1646 attentari.

125 1677 307 1726 oonifssffiftfss¹¹⁰
362 1669 377 1713 ξ
408 1669 439 1702 5.
472 1668 544 1701 Non
580 1667 783 1701 obstantibus
820 1665 976 1710 praefatis
1008 1665 1054 1698 Pii
1289 1652 1455 1679 A¹⁰x³¹¹d⁶f
1480 1652 1558 1686 Papa
1577 1651 1639 1679 VH·

318 1721 578 1767 praedecessoris
595 1720 722 1759 litteris,
737 1716 773 1752 ac
790 1720 863 1763 piae
880 1719 1055 1752 memoriae
1315 1705 1397 1732 ”⁰⁰¹
1412 1711 1542 1739 ΡΓΟΡΠΟ)
1559 1707 1616 1732 ⁶¹²⁰·

319 1774 475 1809 Bonifacii
500 1775 603 1817 Papae
620 1773 695 1813 vul,
716 1773 811 1806 etiam
831 1773 1058 1816 praedecesso·
1141 1778 1157 1822 g
1181 1777 1212 1811 1,
1239 1776 1316 1810 Cum
1340 1786 1398 1810 nos
1423 1775 1533 1816 alias⁸‚
1560 1786 1620 1820 pro
1644 1776 1835 1820 urgentibus

319 1828 364 1861 ris
387 1828 499 1869 nostri,
526 1828 565 1860 dc
589 1829 664 1867 unii,
689 1831 721 1859 et
741 1826 869 1859 concilii
895 1825 1056 1869 gssnffl'alis
1098 1831 1295 1875 reipublicae
1316 1830 1510 1863 christianae
1528 1829 1786 1869 necessitatibus,
1805 1834 1837 1862 et

322 1882 361 1914 de
387 1881 509 1914 duabus
535 1880 645 1920 diem,
672 1880 848 1913 dummodo
882 1879 967 1911 ultra
992 1883 1057 1911 tl'eS
1078 1897 1079 1901 ¹
1098 1883 1288 1927 praesertim
1302 1883 1341 1915 ad
1356 1882 1579 1926 reprimendos
1592 1882 1771 1916 infidelium
1785 1892 1835 1915 co-

323 1934 424 1968 dietas
443 1933 560 1977 aliquis
578 1933 767 1966 auctoritate
786 1931 1007 1975 praesentium
1025 1931 1058 1963 in
1077 1913 1082 1976 i
1099 1936 1254 1976 natus,de
1266 1935 1498 1969 venerabilium
1511 1936 1643 1969 fratrum
1654 1940 1837 1968 nostrorum

322 1987 476 2020 iudicium
499 1996 566 2020 non
591 1986 755 2025 trahatur,
781 1985 916 2029 aliisque
943 1985 1061 2017 COHSti·
1079 1982 1080 1988 ¹
1100 1990 1130 2023 S.
1151 1989 1188 2022 R.
1205 1989 1239 2022 E.
1260 1989 1471 2022 cardinalium
1489 1988 1624 2022 consilio
1642 1993 1674 2021 et
1690 1999 1833 2029 assensu,

324 2039 502 2074 tutionibus
525 2045 557 2073 et
581 2039 840 2073 ordinationibus
864 2038 1060 2082 apostolicis,
1100 2043 1186 2075 inter
1210 2042 1272 2074 alia
1296 2042 1507 2075 indixerimus
1532 2046 1563 2074 ct
1586 2033 1852 2084 imposuerimus

324 2099 462 2134 necnon,
481 2098 639 2137 quatenus
660 2103 741 2136 opus
759 2093 809 2133 sit,
828 2092 987 2125 dictorum
1004 2092 1061 2125 Or-
1080 2096 1083 2131 ξ
1101 2105 1154 2129 sex
1178 2095 1320 2139 integras
1352 2095 1492 2128 decimas
1526 2095 1669 2128 omnium
1698 2100 1730 2128 et
1761 2105 1824 2139 quo
1845 2100 1849 2101 ⁷

324 2146 454 2184 dinum¹
480 2157 515 2180 ac
534 2146 720 2190 provinciae
745 2145 775 2179 S.
795 2145 901 2179 Iacobi
927 2151 959 2178 et
983 2155 1061 2178 con·
1100 2158 1312 2192 rumcumque
1338 2147 1507 2188 fructuum,
1531 2147 1739 2188 reddituum,
1765 2157 1839 2191 pro-

324 2205 491 2240 ventuum,
518 2199 628 2232 aliisve
650 2199 869 2242 quibuslibet,
889 2199 986 2232 etiam
1015 2199 1062 2231 iu·
1101 2207 1263 2243 ventuum,
1289 2201 1417 2242 iurium,
1438 2201 1668 2235 obventionum
1685 2206 1716 2234 et
1733 2200 1831 2235 distri-

324 2258 469 2285 ramento
484 2279 492 2293 2
525 2251 770 2286 confirmatione
796 2252 987 2297 apostolica,
1011 2252 1060 2285 vel
1842 2251 1845 2253 ’

325 2305 434 2349 quavis
458 2304 608 2337 firmitate
640 2305 702 2338 alia
725 2305 901 2345 roboratis,
933 2306 1059 2339 statutis

324 2364 357 2391 et
373 2357 671 2398 consuetudinibus,
700 2358 877 2402 privilegiis
908 2369 1036 2403 quoque
1051 2386 1059 2401 ‚

325 2411 460 2444 indultis
485 2416 516 2444 et
539 2410 655 2444 litteris
678 2411 865 2455 apostolicis
890 2411 922 2444 in
936 2417 1062 2445 contra-

325 2463 410 2496 rium
432 2463 684 2507 praemissorum
714 2465 963 2507 quomodolibet
987 2476 1063 2498 con-

328 2518 433 2558 cessis,
460 2517 658 2551 confirmatis
683 2523 715 2551 et
738 2518 919 2560 innovatis,
947 2519 1062 2563 quibus

364 2580 377 2606 1
401 2579 492 2606 Potius
507 2579 566 2615 lege
583 2579 703 2607 Ordinis
718 2580 755 2614 (n.
771 2581 819 2610 τ.).

416 2633 496 2661 Bull.
516 2633 601 2661 Rom.
621 2648 656 2654 —
678 2634 737 2660 Vol.
759 2628 849 2661 XVII.
995 2633 1029 2661 32

1873 1785 2012 1806 Prooemium.

1139 2318 1149 2344 1
1171 2315 1238 2344 Male
1253 2316 1297 2343 ed.
1312 2314 1392 2344 main.
1409 2315 1443 2344 ad
1457 2323 1542 2352 marg.
1558 2315 1623 2351 legit
1639 2315 1706 2344 1665
1720 2316 1759 2350 (u.
1775 2315 1825 2350 T.).

1136 2361 1152 2389 Ξ
1172 2361 1236 2388 Vide
1256 2360 1289 2388 ad
1309 2359 1421 2388 Constit.
1441 2367 1488 2387 Lui
1506 2360 1654 2387 Innocentii
1674 2359 1710 2394 X,
1730 2359 1839 2395 Nuper,

1102 2408 1167 2433 tom.
1182 2411 1229 2439 XV,
1249 2413 1311 2441 pag.
1327 2405 1389 2437 453,
1406 2408 1433 2432 et
1447 2404 1481 2432 ad
1496 2404 1606 2432 Constit.
1623 2410 1750 2435 cccxxxv,
1768 2404 1840 2431 Cum

1102 2449 1213 2484 divina,
1234 2449 1315 2476 huius
1334 2449 1483 2481 Pontificis,
1499 2452 1564 2476 tom.
1579 2454 1634 2482 xvt,
1651 2456 1713 2483 pag.
1731 2447 1794 2475 673.

1137 2494 1154 2521 3
1173 2494 1395 2521 Constitutionem
1411 2493 1479 2520 hanc
1493 2492 1565 2519 edid.
1587 2491 1666 2519 Maia.
1688 2491 1770 2520 habet
1790 2492 1841 2520 sub

1103 2546 1173 2566 anno
1197 2537 1336 2574 praeced,
1365 2546 1414 2565 nos
1442 2536 1494 2564 huc
1523 2536 1708 2564 transtulimus
1735 2537 1841 2566 ratione

1103 2591 1183 2619 quam
1202 2582 1323 2610 dicemus
1342 2581 1376 2609 ad
1395 2580 1620 2617 subscriptionem
1640 2581 1679 2617 (R.
1695 2581 1744 2617 τ.).
