2247 3208
221 231 263 256 An
293 229 320 254 0.
338 228 406 254 1662
450 219 492 251 ⁶2⁶2

419 277 541 309 rendus
574 280 668 318 pater
698 274 850 307 dominus
885 273 1029 305 Pincllus
1055 272 1152 303 iudex

419 328 589 369 delegatus
615 338 632 359 a
655 327 761 359 bonae
784 324 962 357 memoriae
994 323 1151 356 cardinali

418 380 573 412 Montalto
587 379 690 422 ipsius
706 378 871 411 societatis
893 381 1080 420 protectore
1096 386 1152 408 an-

417 442 459 464 no
476 441 580 464 MDCxx
604 430 768 463 definitive
797 428 1046 463 sententiaverit
1064 427 1150 460 dicto

417 483 597 516 marchioni
623 483 722 515 Paulo
749 483 880 515 licuisse
913 492 949 513 30
980 481 1081 513 licere
1104 481 1151 513 di-

417 540 484 568 ctas
510 540 584 568 octo
609 536 737 578 puellas
762 535 800 567 ad
831 533 1014 566 subsidium
1040 533 1148 565 dotale

417 598 435 620 a
459 588 545 621 dicto
567 588 758 620 marchione
775 586 905 619 Octavio
921 585 953 618 in
974 596 1033 618 suo
1052 590 1150 617 testa—

416 646 527 673 mento
562 640 712 673 relictum
744 640 866 681 eligere
910 650 946 671 30
978 638 1148 671 nominare

417 703 454 725 ex
478 693 517 725 iis
546 703 627 735 quae
649 692 710 724 sihi
735 692 934 724 videbuntur
959 695 991 723 01
1015 701 1052 723 ex
1079 690 1149 733 qui-

415 745 526 777 busvis
551 744 645 776 Urbis
670 743 860 786 regionibus
895 743 1017 774 suerint
1046 742 1149 775 indis-

416 798 526 837 tincte,
558 802 590 829 et
613 798 703 829 nulla
728 797 838 828 habita
864 796 991 828 ratione
1018 795 1082 828 loci
1115 800 1147 827 et

414 850 592 893 parochiae
615 850 670 882 ubi
693 850 796 882 dictae
822 850 951 892 puellae
970 849 1091 891 degant
1115 853 1147 881 et

415 903 582 942 habitent;
610 913 748 945 cumque
767 902 931 935 sententia
956 901 1145 934 huiusmodi

415 956 480 987 lata
496 955 595 987 suerit
608 955 762 987 inauditis
781 959 812 987 et
829 954 1010 987 indefensis
1025 955 1144 997 puellis

413 1007 590 1050 parochiae
621 1007 808 1050 praedictae
838 1007 997 1039 ecclesiae
1026 1006 1056 1039 S.
1082 1008 1145 1039 An-

414 1061 512 1093 dreae
535 1071 571 1093 ac
584 1060 727 1102 regionis
742 1060 931 1100 Columnae,
949 1070 1031 1103 quae
1048 1070 1145 1103 prae-

413 1113 553 1145 tendunt
584 1113 642 1145 has
676 1118 750 1146 octo
780 1114 907 1156 puellas
939 1113 1050 1154 vigore
1077 1123 1144 1145 310-

412 1166 531 1198 morati
556 1166 744 1198 testamenti
775 1166 882 1209 primo
913 1166 990 1208 eligi
1021 1166 1141 1198 debere

413 1228 451 1250 ex
475 1218 539 1250 illis
572 1229 654 1261 quae
679 1229 739 1261 pro
772 1223 920 1261 tempore
954 1223 1050 1250 erunt
1082 1219 1142 1251 sub

413 1270 498 1302 dicta
520 1270 689 1313 parochia,
709 1275 752 1311 et,
772 1271 798 1303 si
823 1271 856 1302 in
882 1272 919 1303 03
943 1281 1009 1303 303
1026 1271 1090 1303 sint
1110 1271 1142 1303 in

411 1333 548 1355 numero
561 1323 746 1363 sufficienti,
762 1323 837 1365 eligi
857 1324 977 1356 debere
999 1334 1036 1356 ex
1050 1325 1143 1367 puel-

411 1375 451 1408 lis
482 1375 625 1417 regionis
657 1375 853 1408 Columnae:
881 1387 973 1409 sacra
1005 1387 1142 1419 congre-

412 1428 499 1471 gatio
529 1428 723 1461 visitationis
753 1430 974 1472 apostolicae,
1000 1440 1041 1462 ne
1071 1430 1142 1462 iura

411 1492 594 1524 pauperum
619 1483 804 1524 puellarum
829 1483 1011 1525 depereant
1028 1493 1065 1515 ex
1091 1494 1142 1515 ca-

411 1535 517 1566 rentia
535 1535 670 1577 legitimi
697 1535 894 1575 defensoris,
917 1536 1046 1568 censuit
1064 1536 1142 1568 dan-

411 1588 487 1619 dum
513 1598 584 1620 esse
621 1599 658 1621 ex
690 1589 797 1621 officio
829 1594 1015 1621 curatorem
1047 1600 1142 1632 prae-

411 1640 505 1672 dictis
530 1641 649 1684 puellis
674 1642 851 1684 parochiae
876 1642 906 1674 S.
934 1642 1083 1674 Andreae
1109 1647 1141 1674 ct

411 1693 555 1736 regionis
570 1693 757 1735 Columnae,
770 1700 869 1738 prout
883 1695 952 1727 dari
966 1695 1138 1734 mandavit,

411 1746 451 1778 ad
475 1746 538 1779 hoc
555 1752 598 1787 ut,
617 1747 688 1790 ipso
709 1754 860 1781 curatore
881 1748 1011 1781 illarum
1030 1748 1141 1780 desen-

411 1797 538 1831 sionem
563 1800 737 1840 subeunte,
753 1801 941 1834 huiusmodi
966 1811 1063 1833 causa
1087 1811 1141 1833 co-

412 1851 524 1893 gnosci
549 1857 581 1884 01
604 1863 664 1895 pro
684 1852 809 1886 iustitia
833 1853 1003 1886 terminari
1020 1854 1138 1897 possit.

410 1900 524 1934 Datum
550 1902 601 1935 die
625 1914 669 1937 xn
693 1903 831 1936 ianuarii
856 1914 1000 1937 MDCan.

454 1954 468 1996 ἓ
492 1953 523 1986 2.
542 1954 640 1992 Quam
659 1956 922 1999 congregationis
943 1956 1140 1989 sententiam

412 2005 463 2038 die
479 2017 556 2040 xvn1
577 2008 723 2040 eiusdem
745 2009 970 2042 sanctissimus
989 2010 1139 2042 dominus

411 2064 526 2091 noster
542 2060 629 2092 adse
646 2062 782 2093 relatam
807 2063 1012 2105 approbavit,
1031 2063 1141 2095 iussit-

413 2122 475 2154 que
486 2112 685 2154 praedictam
699 2125 827 2147 causam
843 2115 1038 2158 simpliciter
1055 2116 1139 2148 etde

412 2164 510 2206 plano
532 2175 569 2196 30
590 2165 659 2197 sine
678 2167 816 2209 strepitu
841 2173 873 2199 et
901 2167 1005 2211 figura
1028 2169 1140 2201 iudicii

413 2220 477 2247 tam
502 2216 534 2248 in
567 2217 722 2259 petitorio
748 2230 842 2262 quam
872 2221 905 2252 111
933 2222 1140 2264 possessorio

413 2278 450 2300 cx
467 2268 595 2311 integro
613 2272 765 2313 cognosci
790 2283 826 2304 ac
850 2272 913 2305 fine
940 2274 1050 2307 debito
1076 2279 1141 2307 ter·

412 2321 528 2353 minari
554 2321 586 2353 in
616 2323 728 2355 cadem
757 2326 1010 2368 congregatione
1031 2327 1141 2359 visita-

414 2372 510 2405 tionis
529 2375 740 2417 apostolicac‚
756 2377 806 2409 cui
821 2379 859 2410 ad
878 2378 1028 2411 effectum
1046 2390 1141 2423 prae-

413 2426 547 2458 missum
568 2426 725 2461 Sanctitas
745 2429 807 2461 Sua
832 2430 945 2463 tribuit
971 2432 1139 2466 facultates

413 2488 526 2510 omnes
536 2481 737 2512 necessarias
750 2487 782 2513 et
792 2488 1001 2524 opportunas,
1016 2490 1056 2523 et,
1068 2497 1141 2529 qua-

415 2534 507 2563 tenus
526 2542 607 2574 opus
629 2533 681 2573 sit,
707 2535 910 2576 supradictas
934 2539 1060 2578 puellas
1086 2539 1141 2571 ad-

414 2594 525 2616 versus
537 2594 759 2628 quaecumque
773 2587 973 2629 praeiudicia
983 2590 1137 2623 restituit.

986 225 1165 249 nt'LLAntUM
1189 223 1342 247 ROMANUM

1230 273 1245 312 ς’
1269 270 1300 303 3.
1323 270 1466 302 Subinde
1485 270 1517 302 in
1537 272 1763 304 executionem
1788 271 1919 314 praein-

1186 322 1265 354 serti
1294 322 1417 354 decreti
1442 327 1593 355 curatore
1607 323 1726 366 puellis
1745 324 1915 367 deputato,

1185 379 1217 406 et
1234 374 1370 406 servatis
1396 374 1474 406 alias
1493 376 1672 415 servandis,
1692 377 1807 409 eadem
1825 387 1917 409 sacra

1184 426 1396 469 congregatio
1423 427 1795 461 emininentissimorum
1812 439 1848 461 ac
1865 439 1917 461 re-

1183 479 1498 512 verendissimorum
1523 479 1553 512 S.
1575 480 1611 512 R.
1635 480 1669 512 E.
1701 481 1916 515 cardinalium

1184 531 1391 564 dominorum
1416 533 1642 575 praelatorum
1662 533 1858 567 visitationis
1879 545 1916 567 30

1182 584 1392 626 apostolicae,
1419 585 1561 627 partium
1586 586 1858 628 procuratoribus
1884 591 1916 619 et

1182 637 1346 669 advocatis
1365 637 1495 680 saepius
1517 638 1649 678 auditis,
1674 638 1915 681 scripturisque

1182 699 1219 721 ac
1251 689 1377 722 iuribus
1410 690 1565 733 utrinque
1603 691 1756 723 exhibitis
1787 696 1914 724 mature

1180 742 1367 784 perpensis,
1390 745 1553 786 causaque
1576 749 1727 776 accurate
1754 744 1913 785 discussa,

1180 799 1387 837 proponente
1418 786 1678 829 eminentissimo
1704 802 1736 829 01
1760 807 1915 830 reveren-

1180 847 1315 879 dissimo
1341 848 1473 881 domino
1499 849 1654 881 cardinali
1686 849 1849 892 Imperiali
1876 861 1913 883 ex

1180 900 1325 932 unanimi
1349 906 1478 943 patrum
1500 902 1663 934 sententia
1687 902 1828 943 censuit,
1847 908 1912 936 13111

1179 956 1252 984 octo
1277 963 1442 995 pauperes
1466 954 1593 996 puellas
1619 964 1636 986 3
1660 955 1911 996 praenominato

1179 1005 1369 1037 marchione
1391 1005 1490 1038 Paulo
1513 1006 1694 1047 eligendas,
1714 1017 1811 1050 quam
1831 1007 1910 1041 alias

1178 1057 1348 1099 eligendas
1364 1068 1380 1089 a
1400 1058 1578 1100 praedictis
1596 1059 1789 1091 custodibus
1806 1064 1839 1092 ct
1855 1071 1912 1103 pa·

1178 1110 1280 1142 rocho
1306 1110 1409 1143 dictae
1437 1111 1595 1143 ecclesiae
1614 1111 1644 1144 S.
1665 1112 1827 1153 Andreae,
1844 1113 1911 1155 pri-

1177 1174 1265 1195 mum
1295 1163 1371 1206 eligi
1406 1164 1527 1196 debere
1564 1174 1602 1196 ex
1635 1163 1699 1197 illis
1733 1175 1815 1207 quae
1848 1176 1910 1208 pro

1177 1221 1327 1259 tempore
1353 1221 1451 1248 crunt
1475 1217 1535 1249 sub
1554 1217 1638 1249 (11013
1663 1217 1821 1260 parochia
1837 1228 1911 1250 san-

1177 1268 1219 1300 cti
1237 1268 1399 1308 Andreae,
1420 1274 1451 1300 et
1465 1279 1548 1311 quae
1567 1269 1599 1301 in
1621 1271 1659 1302 03
1679 1269 1834 1302 continue
1852 1270 1909 1302 ha-

1175 1321 1352 1353 bitaverint
1376 1322 1492 1354 saltem
1518 1321 1623 1364 spatio
1642 1322 1782 1355 duorum
1808 1333 1910 1356 anno-

1176 1384 1261 1414 rum,
1277 1379 1321 1414 et,
1348 1374 1374 1406 si
1399 1384 1464 1406 non
1490 1374 1554 1406 sint
1584 1374 1617 1406 in
1643 1375 1728 1407 (11013
1751 1375 1910 1418 parochia

1175 1427 1208 1459 in
1232 1437 1370 1460 numero
1396 1427 1588 1468 sufficienti,
1616 1428 1692 1470 eligi
1724 1429 1845 1462 debere
1871 1440 1909 1462 ex

1175 1481 1294 1523 puellis
1309 1480 1454 1523 regionis
1471 1480 1673 1521 Columniac,
1692 1482 1780 1524 quod
1801 1482 1828 1514 si
1848 1493 1910 1515 1100

1175 1534 1240 1565 sint
1264 1533 1297 1565 in
1315 1533 1400 1566 dicta
1418 1533 1566 1575 regione,
1587 1538 1665 1567 111110
1682 1535 1814 1567 demum
1832 1535 1908 1578 eligi

1174 1596 1272 1628 posse
1298 1597 1335 1618 ac
1367 1586 1488 1618 debere
1520 1596 1557 1618 ex
1590 1586 1661 1619 aliis
1692 1587 1906 1629 regionibus,

1174 1643 1273 1682 prout
1311 1638 1477 1671 videbitur
1512 1639 1682 1681 praedicto
1723 1640 1906 1673 marchioni

1175 1692 1273 1724 Paulo
1292 1696 1323 1723 et
1341 1691 1494 1724 omnibus
1512 1692 1761 1725 successoribus
1778 1692 1811 1724 in
1829 1693 1908 1725 hae-

1174 1744 1312 1776 reditate
1347 1744 1548 1776 marchionis
1580 1744 1701 1777 Octavii
1738 1745 1906 1778 testatoris

1175 1802 1205 1830 ct
1223 1797 1406 1840 respective
1431 1798 1623 1830 custodibus
1642 1802 1674 1830 et
1688 1798 1835 1841 parocho
1853 1809 1907 1830 su-

1173 1851 1340 1894 pradictiS,
1366 1851 1630 1894 sententiamque
1647 1851 1791 1894 desuper
1807 1852 1905 1884 latam

1174 1908 1207 1935 et
1222 1902 1383 1936 assertas¹
1404 1904 1687 1937 renunciationem
1704 1904 1770 1936 litis
1788 1908 1821 1937 et
1834 1914 1905 1937 rem

1173 1955 1349 1989 iudicatam
1382 1957 1515 1989 minime
1548 1957 1677 1990 afficere
1706 1962 1904 1990 memoratas

1174 2010 1301 2052 puellas
1319 2009 1496 2052 parochiae
1517 2009 1547 2042 S.
1565 2009 1715 2042 Andreae
1736 2020 1773 2042 30
1797 2009 1905 2052 regio—

1174 2062 1222 2094 nis
1248 2061 1438 2101 Columnae,
1453 2072 1514 2094 nec
1531 2062 1577 2094 eis
1604 2062 1714 2104 aliquo
1739 2063 1836 2095 modo
1858 2062 1905 2095 of-

1174 2114 1284 2147 ficere.
1310 2114 1348 2146 Et
1376 2115 1420 2146 ita
1445 2125 1538 2147 sacra
1562 2115 1775 2157 congregatio
1796 2115 1905 2148 decla-

1174 2167 1257 2200 ravit
1275 2172 1306 2200 et
1325 2167 1562 2210 pronunciavit,
1584 2177 1649 2200 non
1667 2172 1794 2200 tantum
1809 2179 1904 2212 prae-

1174 2221 1272 2261 dicto,
1300 2221 1357 2253 sed
1383 2225 1415 2253 et
1439 2220 1527 2253 omni
1553 2220 1616 2253 alio
1641 2221 1771 2253 meliori
1791 2221 1902 2261 modo,

1173 2273 1285 2316 sicque
1307 2274 1346 2306 ab
1368 2273 1627 2306 eminentissimo
1646 2278 1678 2306 et
1698 2274 1904 2306 reverendis-

1174 2327 1258 2359 simo
1290 2326 1422 2360 domino
1459 2327 1615 2359 cardinali
1654 2337 1714 2369 pro
1754 2331 1902 2370 tempore

1173 2384 1362 2423 protectore
1377 2379 1542 2412 societatis
1554 2380 1741 2422 praedictae
1765 2380 1902 2423 eiusque

1174 2432 1282 2466 iudice
1307 2433 1476 2476 deputato,
1495 2437 1592 2476 atque
1619 2433 1658 2465 ab
1679 2432 1844 2473 omnibus,
1863 2432 1902 2464 ad

1175 2496 1255 2528 quos
1273 2486 1418 2529 pertinet
1435 2486 1510 2517 etin
1526 2490 1697 2529 posterum
1709 2484 1902 2528 pertinebit,

1174 2539 1306 2571 omniuo
1338 2539 1461 2572 servari
1492 2538 1684 2582 praecepit;
1710 2538 1743 2569 in
1774 2542 1904 2570 contra-

1210 2601 1218 2626 1
1239 2599 1268 2626 Ni
1285 2600 1399 2627 maveris
1414 2601 1505 2635 legere
1519 2602 1659 2626 asserlam
1677 2600 1714 2634 (n.
1730 2598 1778 2633 T.).

1937 221 1987 248 An.
2005 221 2034 248 C.
2053 221 2121 250 1062
