2247 3208
203 254 251 280 λη.
269 252 297 280 C.
318 252 388 279 160⁸

433 242 497 275 ltltlt

972 246 1151 270 BULLARIUM
1175 245 1326 270 ROMANUM

388 306 482 333 antur
499 304 529 331 et
544 296 760 330 destituantur
776 304 880 339 usque
894 294 933 328 ad
948 294 1124 338 capitulum
1144 296 1149 328 l
1167 293 1412 336 definitionibus
1435 298 1464 326 et
1493 293 1681 337 praeceptis,
1707 290 1905 334 conformari

1170 349 1330 378 tenentur.
1354 345 1394 378 Ut
1414 350 1518 378 autem
1543 345 1624 377 haec
1647 343 1850 377 uniformitas
1870 342 1904 375 in
1938 354 1941 357 ·

387 352 538 396 generale
564 352 614 384 vel
638 349 877 389 intermedium,
904 348 969 381 sive
995 347 1060 380 sint
1084 357 1121 380 ex

388 405 549 439 communi
575 403 787 442 observantia,
810 402 875 434 sive
897 412 934 434 ex
955 400 1120 434 strictiori.

429 467 493 490 xxv.
521 456 687 496 Similiter,
707 454 863 488 consultis
887 453 1123 498 provinciarum

386 508 605 542 visitatoribus
634 518 732 551 super
756 506 871 540 merita
893 507 943 539 vel
969 505 1125 539 demerita

386 563 622 605 religiosorum,
641 561 853 594 instituantur
870 560 1124 593 etdestituantur

387 627 404 649 a
429 616 514 649 dicto
539 616 654 648 abbate
677 614 821 657 generali
847 619 878 646 ct
904 618 1041 656 quatuor
1061 612 1124 655 pri-

386 668 493 701 mariis
519 667 690 700 abbatibus
709 672 741 700 et
764 666 835 700 aliis
859 665 1047 699 filiationem
1069 665 1124 697 ha-

385 721 537 755 bentibus
563 719 741 764 respective
773 719 900 762 priores
933 718 1122 750 claustrales

387 780 418 807 et
442 775 644 807 confessores
660 773 692 806 in
713 771 916 806 monasteriis
934 770 1122 803 monialium

387 827 425 860 ad
450 832 563 859 nutum
587 826 789 865 amovibiles,
817 825 986 858 observato
1012 824 1123 856 mode-

386 880 509 913 ramine
539 884 572 912 ut
606 879 636 911 in
662 878 868 911 monasteriis
893 877 1122 910 commendatis

387 932 559 966 strictioris
584 931 807 965 observantiae
833 931 975 963 virorum
993 940 1028 963 ac
1054 939 1123 962 mo-

386 985 519 1019 nialium
555 986 677 1018 nullum
707 985 876 1017 instituere
913 983 1038 1026 possint
1068 982 1123 1025 qui

386 1050 451 1072 non
483 1038 675 1082 profiteatur
707 1037 951 1070 abstinentiam:
985 1041 1017 1069 et
1049 1035 1124 1069 licet

386 1102 497 1125 omnes
524 1091 652 1124 Ordinis
679 1090 834 1124 officiales
860 1094 891 1122 et
913 1089 1123 1122 monasterio-

386 1156 456 1178 rum
480 1144 606 1188 priores
632 1144 697 1176 sint
721 1144 759 1176 ad
787 1150 899 1176 nutum
923 1143 1121 1181 amovibiles,

386 1203 527 1230 attamen
553 1197 699 1240 quolibet
725 1196 867 1229 triennio
901 1206 1030 1228 suorum
1055 1194 1124 1227 offi-

385 1250 506 1282 ciorum
524 1255 555 1282 et
572 1250 773 1292 prioratuum
792 1248 1004 1281 voluntariam
1018 1248 1124 1280 dimis-

385 1304 509 1336 sionem
543 1303 575 1335 in
608 1302 736 1345 scriptis
763 1302 880 1336 faciant
904 1301 1044 1344 capitulo
1070 1311 1123 1343 ge-

385 1356 496 1394 nerali,
528 1355 633 1387 abbati
664 1354 820 1393 cistercii,
847 1358 984 1397 quatuor
1008 1352 1122 1396 primis

385 1408 566 1447 abhatibus,
584 1414 614 1441 et
631 1408 700 1440 aliis
719 1407 951 1451 superioribus,
972 1417 989 1439 a
1009 1406 1123 1449 quibus

385 1461 562 1504 respective
582 1460 700 1492 fuerint
717 1459 865 1499 instituti,
886 1470 957 1491 cum
976 1458 1123 1491 facultate

384 1518 492 1545 tamen
510 1523 564 1545 eos
583 1512 795 1545 continuandi
816 1512 847 1544 in
866 1511 979 1544 officiis
993 1516 1024 1543 et
1041 1511 1124 1554 prio-

384 1566 507 1598 ratibus
534 1565 686 1608 quamdiu
710 1565 796 1607 ipsos
821 1564 1004 1608 repererint
1021 1568 1052 1596 et
1076 1564 1124 1596 iu-

386 1618 562 1652 dicaverint
587 1618 735 1651 idoneos.

485 1677 572 1705 Circa
594 1679 682 1713 caput
703 1676 744 1703 VI
768 1675 807 1705 De
829 1675 1024 1704 taciturnitate.

429 1734 479 1757 xv.
508 1724 716 1757 Laudabilem
747 1733 871 1757 morem
902 1723 1049 1757 servandi
1086 1723 1122 1755 si-

385 1778 522 1810 lentium
548 1788 565 1809 a
590 1777 803 1820 completorio
820 1787 920 1820 usque
939 1776 977 1809 ad
996 1781 1121 1819 tempus

385 1830 517 1873 capituli
544 1830 607 1863 dici
633 1830 797 1873 sequentis
823 1830 855 1862 in
881 1830 968 1862 omni
994 1830 1065 1862 loco
1092 1835 1123 1861 et

385 1894 516 1926 semper
547 1883 579 1916 in
616 1883 695 1916 locis
726 1882 950 1925 regularibus,
982 1887 1056 1925 puta
1091 1881 1122 1914 in

385 1937 523 1968 claustro
549 1935 704 1977 regulari,
724 1934 755 1967 in
782 1935 929 1973 ecclesia,
946 1934 977 1966 in
1003 1934 1123 1967 dormi-

385 1988 478 2028 torio,
502 1989 533 2020 in
552 1988 721 2021 refectorio
739 1993 769 2020 ct
783 1988 815 2019 in
825 1987 1040 2027 calefactorio,
1056 1997 1123 2019 om·

385 2051 443 2074 nes
455 2046 595 2082 teneant,
611 2052 681 2073 cum
696 2041 847 2073 facultate
868 2045 973 2073 tamen
991 2039 1121 2083 petendi

385 2094 570 2127 necessaria
605 2093 762 2126 submissa
788 2103 865 2126 voce
895 2093 1015 2135 absque
1048 2102 1124 2125 con-

387 2147 539 2180 scientiae
566 2147 732 2190 scrupulo.

400 2209 484 2238 Circa
508 2212 595 2246 caput
618 2209 693 2236 vm
716 2217 807 2245 usque
830 2208 868 2236 ad
890 2208 949 2236 XX
968 2207 1112 2236 inclusive

426 2256 464 2286 De
479 2258 569 2294 sormd
585 2257 672 2285 divini
690 2256 776 2295 officii
797 2260 822 2284 et
843 2256 919 2284 morlo
934 2254 1082 2294 psallendi.

430 2315 494 2337 ΧΠ.
522 2305 639 2337 Forma
664 2305 724 2337 ista
756 2304 954 2337 exactissime
980 2304 1124 2337 observe-

387 2363 446 2398 tur,
463 2363 493 2390 et.
507 2358 640 2390 materia
652 2358 690 2390 ab
706 2357 868 2390 Ecclesiae
884 2357 1045 2390 Romanae
1062 2366 1123 2388 usu

388 2411 427 2443 ad
444 2411 498 2443 Dei
517 2410 651 2452 gloriam
666 2416 697 2442 et
714 2409 850 2453 proximi
867 2408 1122 2442 aedificationem

388 2470 552 2500 sumatur,
579 2468 674 2506 prout
698 2463 853 2495 hactenus
884 2461 1049 2494 consuevit
1073 2471 1123 2493 ec-

388 2517 489 2549 clesia
505 2515 735 2554 Cistercicnsis,
752 2525 824 2546 cum
844 2519 1008 2557 tamquam
1023 2513 1124 2545 matri

1167 399 1278 432 divino
1304 399 1410 432 officio
1444 398 1662 441 persolvendo
1692 402 1839 431 teneatur
1870 396 1903 428 in

1168 451 1320 484 omnibus
1346 450 1472 484 Ordinis
1497 449 1713 489 monasteriis,
1735 449 1849 481 iisdem
1865 448 1904 481 ri-

1166 504 1251 536 tibus
1271 508 1302 535 et
1318 508 1412 535 cantu
1431 508 1463 535 et
1480 503 1573 535 libris
1594 501 1746 535 omnibus
1765 501 1804 533 ad
1822 500 1904 533 diur-

1165 565 1223 588 nas
1247 561 1279 588 et
1303 561 1477 588 nocturnas
1505 555 1602 588 horas
1615 559 1647 587 et
1662 554 1774 587 missas
1798 563 1904 587 neces-

1166 608 1268 648 sartis,
1288 608 1465 641 secundum
1490 607 1686 651 praedictam
1710 607 1846 639 formam
1860 604 1903 639 Ci-

1166 660 1352 694 sterciensis
1370 660 1571 698 monasterii,
1594 669 1705 693 omnes
1731 664 1873 692 utantur.

1208 723 1285 746 xvn.
1312 713 1407 746 Horis
1433 712 1616 753 canonicis,
1647 711 1750 745 officio
1786 712 1903 744 Beatae

1165 765 1304 808 Virginis
1337 771 1369 798 et
1396 766 1622 799 defunctorum
1654 765 1740 797 iuxta
1768 775 1845 797 usus
1872 769 1904 797 et

1166 818 1417 850 consuetudines
1443 818 1625 851 laudabiles
1651 818 1749 850 huius
1775 816 1902 850 Ordinis

1165 870 1197 902 in
1223 871 1326 903 choro
1352 870 1526 903 recitandis
1552 875 1584 903 ct
1609 869 1819 903 decantandis
1837 880 1904 902 om-

1167 933 1224 956 nes
1249 928 1281 956 et
1305 923 1423 966 singuli
1449 934 1520 956 cum
1546 923 1681 956 cucullis
1696 923 1854 963 intersint,
1874 928 1905 955 ct

1166 976 1261 1009 horas
1287 975 1456 1009 canonicas
1483 987 1554 1009 cum
1585 981 1681 1008 cantu
1705 975 1903 1018 Gregoriano

1166 1029 1252 1061 iuxta
1275 1029 1419 1071 regulam
1438 1029 1638 1071 persolvant.

1208 1082 1428 1116 xv111.Diebus
1442 1081 1563 1114 festivis
1577 1080 1827 1114 solemnioribus
1839 1090 1905 1113 sur·

1166 1140 1242 1179 gent
1259 1135 1341 1167 bora
1360 1135 1504 1167 secunda
1518 1139 1592 1178 post
1609 1133 1749 1167 mediam
1761 1138 1903 1173 noctem,

1166 1187 1236 1220 aliis
1260 1197 1336 1220 vero
1362 1187 1475 1219 diebus
1514 1186 1738 1230 temperatius,
1768 1191 1864 1230 prout
1886 1197 1904 1219 a

1165 1241 1305 1284 capitulo
1331 1240 1475 1284 generali
1501 1239 1782 1273 determinabitur.
1810 1238 1904 1272 Horis

1165 1293 1329 1326 matutinis
1359 1298 1434 1336 post
1466 1292 1607 1325 officium
1632 1292 1666 1325 B.
1695 1291 1812 1324 Mariae
1836 1291 1904 1324 Vir-

1166 1346 1266 1389 ginis,
1293 1352 1324 1379 et
1347 1351 1421 1389 post
1444 1345 1715 1388 completorium,
1751 1350 1806 1378 aut
1831 1344 1902 1377 aliis

1167 1399 1255 1432 horis
1269 1399 1541 1442 competentibus,
1556 1403 1670 1431 vacent
1687 1408 1747 1441 per
1763 1396 1902 1430 mediam

1166 1463 1255 1485 oram
1281 1452 1425 1495 qualibet
1448 1451 1516 1484 vice
1540 1450 1764 1490 meditationi,
1788 1456 1820 1483 et
1844 1461 1904 1494 per

1166 1505 1278 1537 decem
1306 1505 1374 1538 dies
1406 1504 1568 1537 exercitiis
1602 1503 1824 1547 spiritualibus
1856 1513 1905 1536 se-

1166 1558 1229 1591 mel
1254 1558 1287 1590 in
1313 1568 1408 1591 anno.

1166 1616 1252 1646 cirea
1267 1618 1355 1654 caput
1367 1615 1459 1643 XXII
1473 1613 1607 1650 Quomodo
1618 1613 1755 1644 dormiant
1766 1613 1902 1643 maachi.

1208 1675 1271 1698 xlx.
1298 1663 1435 1703 Omnes,
1456 1668 1520 1696 tam
1545 1663 1690 1701 abbates,
1716 1672 1810 1705 quam
1834 1672 1905 1695 mo-

1166 1717 1271 1757 nachi,
1299 1722 1361 1749 tam
1386 1716 1579 1755 abbatissae,
1610 1725 1706 1758 quam
1729 1714 1902 1755 moniales,

1166 1771 1197 1803 in
1223 1769 1352 1813 capituli
1379 1768 1570 1802 dormitorio
1599 1767 1810 1807 recumbant,
1840 1765 1904 1800 illis

1167 1823 1324 1866 exceptis,
1345 1832 1426 1865 quos
1455 1826 1508 1854 aut
1528 1831 1605 1864 quas
1630 1820 1755 1853 ratione
1781 1819 1904 1853 officio-

1165 1887 1234 1908 rum
1259 1885 1414 1915 suorum,
1446 1880 1500 1907 aut
1528 1874 1733 1916 negotiorum
1749 1900 1756 1914 ‚
1782 1877 1838 1905 aut
1862 1872 1903 1906 ob

1166 1929 1243 1961 alias
1268 1928 1365 1961 iustas
1386 1937 1510 1966 causas,
1528 1927 1566 1958 ab
1584 1936 1621 1959 eo
1642 1924 1790 1959 excusari
1811 1935 1904 1968 opor-

1167 1987 1232 2014 teat
1256 1980 1343 2013 iuxta
1373 1980 1498 2013 abbatis
1531 1984 1584 2012 aut
1620 1978 1757 2011 aliorum
1784 1977 1903 2011 officia-

1166 2035 1243 2067 lium
1276 2033 1440 2066 iudicium.
1467 2031 1613 2070 Quamvis
1647 2036 1752 2064 autem
1789 2031 1902 2073 regula

1165 2088 1292 2128 iubeat,
1320 2092 1351 2119 et
1386 2086 1482 2119 etiam
1517 2084 1684 2118 Benedicti
1721 2084 1825 2127 Papae
1850 2083 1902 2116 ΧΠ

1166 2141 1353 2175 constitutio
1378 2139 1568 2184 praecipiat,
1594 2143 1629 2171 ut
1653 2148 1766 2170 omnes
1787 2138 1818 2169 in
1837 2146 1902 2169 uno

1165 2195 1236 2228 loco
1263 2194 1423 2227 dormiant
1446 2192 1515 2225 sine
1541 2192 1631 2225 cellis
1656 2190 1834 2234 separatis;
1856 2195 1902 2222 ta-

1165 2257 1249 2286 men,
1275 2246 1316 2279 ob
1342 2245 1497 2279 maiorem
1523 2244 1743 2283 modestiam,
1763 2248 1796 2276 et
1819 2242 1902 2275 vitae

1166 2301 1379 2339 honestatem,
1396 2299 1480 2331 sicut.
1496 2299 1589 2340 longa
1606 2295 1807 2340 experientia
1819 2305 1903 2328 com-

1166 2353 1337 2396 probatum
1371 2357 1439 2392 est,
1466 2357 1498 2383 et
1522 2351 1560 2383 ad
1587 2348 1823 2382 consulendum
1848 2357 1901 2379 cu-

1165 2405 1295 2439 iuslibet
1327 2403 1589 2443 infirmitatibus,
1615 2402 1772 2435 dictarum
1806 2400 1901 2432 cella—

1166 2470 1235 2491 rum
1259 2468 1336 2491 nsus
1362 2457 1447 2490 venit
1472 2455 1682 2494 tolerandus,
1709 2452 1899 2491 dummodo,

1166 2512 1252 2544 iuxta
1277 2510 1452 2544 Clementis
1477 2509 1580 2551 Papae
1598 2507 1661 2539 VlIl
1681 2506 1822 2545 decreta,
1843 2505 1901 2537 ha-

387 2580 493 2602 omnes
513 2569 598 2601 atine
630 2567 777 2600 ecclesiae
805 2567 884 2598 dicti
910 2566 1060 2606 Ordinis,
1086 2575 1124 2597 ea:
1166 2565 1241 2597 beat
1264 2563 1411 2606 superior
1427 2563 1559 2599 clavem,
1577 2565 1622 2599 ut,
1640 2568 1710 2591 cum
1735 2557 1795 2590 sibi
1815 2557 1901 2590 vide-

387 2623 501 2656 charttt
525 2621 704 2660 cliro-itatis,
733 2620 872 2663 Enyeus?
899 2619 954 2651 III
975 2624 1002 2651 el
1023 2617 1076 2650 Pii
1100 2618 1126 2650 V
1166 2616 1262 2656 bitur,
1281 2616 1378 2648 cellas
1399 2623 1508 2647 omnes
1526 2621 1672 2645 reserare
1690 2610 1804 2654 possit.
1824 2609 1900 2643 Nul-

1913 241 1962 266 λῇ.
1973 237 2006 265 Ὠ.
2027 230 2105 265 'tecit
