2247 3208
107 254 146 280 An
171 253 199 278 C.
225 250 289 277 ¹062

886 239 1074 264 ALEXANDEn
1099 241 1142 264 vu
1169 240 1216 264 Pr.

303 297 388 336 tatis,
415 292 560 333 sacrista,
583 293 799 335 procuratore
818 293 850 321 et
873 288 1040 331 deposita-

300 349 378 382 riis:
404 344 611 380 baccalaurei
637 354 715 376 vero
741 347 832 376 extra
856 341 1037 381 licentiam,

301 401 357 445 qui
384 405 533 443 tempore
569 395 803 442 publicationis
838 395 957 427 horum
983 393 1039 426 de-

299 458 467 488 cretorum
492 452 531 486 ad
557 450 696 485 consilia
720 453 901 482 conventus
920 447 1039 480 01001-

298 507 376 551 legii
401 517 467 539 non
494 505 617 539 suerint
641 502 795 542 admissi,
822 501 913 534 nullo
938 500 1037 533 modo

298 562 330 594 in
357 565 528 605 posterum
554 559 593 591 ad
618 558 674 590 illa
698 555 924 588 admittantur.

342 624 411 647 vul.
448 612 542 645 Prior
573 609 742 651 ceterique
782 607 939 640 officiales
980 607 1037 640 eli-

299 671 418 709 gentur
451 675 512 709 per
547 669 679 695 turnum
714 660 959 703 provinciarum
996 660 1035 693 de

299 718 441 752 triennio
466 718 499 750 in
524 717 703 750 triennium
729 718 818 749 iuxta
836 716 959 750 ordinis
978 726 1036 748 no-

299 771 358 804 stri
376 770 640 811 constitutiones,
658 770 813 803 videlicet
829 774 924 813 pater
943 769 1036 812 prior

299 823 331 856 in
356 823 465 866 vigilia
485 823 720 863 Pentecostes;
743 823 845 856 ceteri
871 833 949 856 vero
968 833 1036 855 0111-

298 887 356 909 nes
388 877 440 909 vel
466 876 583 909 eodem
616 876 685 915 die,
717 880 773 908 aut
805 877 920 909 saltem
951 876 1036 909 infra

299 930 446 963 eiusdem
472 929 691 962 solemnitatis
718 934 876 970 octavam,
904 930 1034 973 quando

298 983 424 1016 scilicet
438 982 635 1026 paterprior
649 983 688 1015 de
702 992 786 1015 novo
801 984 924 1016 clectus
940 994 1035 1026 prae—

299 1046 374 1069 sens
401 1035 518 1075 suc1·it;
555 1035 581 1068 si
613 1045 691 1067 vero
725 1036 844 1068 absens
878 1036 1032 1077 eligatur,

300 1096 376 1122 tune
400 1089 489 1122 iuxta
513 1089 683 1132 antiquum
709 1100 835 1122 morem
866 1088 1036 1122 differatur

301 1141 489 1174 huiusmodi
514 1141 702 1175 officialium
728 1142 846 1175 electio
871 1153 977 1185 usque
995 1143 1035 1175 ad

300 1195 442 1238 vigiliam
467 1195 517 1227 vel
543 1194 764 1237 antevigiliam
786 1195 877 1228 divae
907 1196 1034 1238 Magda-

300 1249 404 1287 lenae,
423 1253 456 1280 et
472 1257 538 1280 non
564 1247 663 1287 ultra3
681 1246 813 1280 interim
830 1254 925 1291 pater
941 1248 1035 1291 prior

300 1301 479 1340 absolutus,
505 1305 541 1332 ut
564 1300 704 1333 vicarius
725 1305 839 1333 noster
857 1301 1031 1343 generalis,

300 1358 392 1396 regat
416 1358 614 1386 conventum
640 1363 745 1396 usque
764 1353 802 1386 ad
820 1353 941 1396 prioris
968 1355 1033 1387 ele-

299 1407 341 1440 cti
367 1407 563 1446 adventurm
591 1416 731 1450 quorum
761 1411 922 1450 uterque,
949 1407 1034 1440 sicut

300 1465 332 1493 et
356 1460 457 1493 ceteri
483 1459 638 1493 officiales
665 1460 796 1493 triennii
821 1460 969 1503 proxime
1002 1471 1033 1493 e-

299 1513 398 1556 lapsi,
425 1513 546 1556 gaudet
577 1511 732 1555 suffragio
757 1513 789 1545 iu
815 1513 1033 1546 electionibus

299 1566 546 1609 praedictorum
566 1565 767 1598 officialium.

343 1629 384 1652 lx.
411 1618 572 1651 Electioni
595 1618 697 1661 patris
723 1618 844 1662 prioris
865 1617 1034 1662 praeside-

299 1673 346 1705 bit
362 1677 456 1715 pater
473 1672 600 1716 aliquis,
619 1683 718 1716 quem
736 1673 1033 1705 reverendissimus

299 1730 394 1768 pater
418 1725 582 1768 generalis
617 1736 677 1768 pro
711 1731 861 1768 tempore
895 1726 935 1758 ad
971 1726 1032 1759 hoc

300 1789 417 1811 munus
444 1778 634 1822 specialiter
666 1779 855 1822 deputabit,
889 1779 943 1822 qui
980 1780 1033 1812 tali

301 1831 455 1864 electioni
473 1841 587 1864 vocem
605 1832 742 1864 activam
762 1832 858 1864 etiam
884 1832 1032 1873 habebit,

301 1885 389 1927 quod
413 1884 440 1917 Si
465 1884 549 1916 sorte
574 1883 703 1917 litterae
729 1884 952 1927 deputationis
974 1885 1035 1917 hu-

300 1937 442 1970 iusmodi
480 1936 699 1981 praesidentis
735 1941 883 1980 tempore
923 1937 1034 1971 debito

300 2000 365 2024 non
390 1990 612 2034 pervenerint,
640 2000 678 2022 eo
704 2001 781 2023 casu
807 1990 961 2023 electioni
979 2002 1035 2034 pa-

301 2043 359 2076 tris
384 2042 504 2088 prioris
530 2043 735 2087 praesidebit
759 2047 854 2086 pater
878 2044 1036 2086 magister

300 2097 426 2141 primus
451 2096 591 2130 familiae
617 2096 683 2129 sive
709 2096 851 2136 consilii,
879 2101 911 2129 et
935 2097 1036 2140 magi-

301 2151 378 2184 stris
397 2150 549 2183 omnibus
570 2155 626 2183 aut
648 2150 841 2183 absentibus
861 2155 916 2182 aut
933 2150 1036 2193 impe-

302 2203 390 2245 ditis,
408 2203 612 2247 praesidebit
625 2203 678 2246 qui
693 2203 836 2246 primum
850 2203 883 2235 in
897 2203 1035 2235 consilio

302 2258 411 2290 locum
428 2256 582 2289 habuerit
606 2261 682 2300 post
698 2256 861 2299 priorem;
881 2256 1035 2289 electioni

302 2314 412 2342 autem
436 2309 623 2342 officialium
652 2308 856 2352 praesidebit.
879 2308 972 2352 prior
996 2309 1035 2342 de

302 2373 387 2395 novo
414 2363 538 2395 electus
561 2362 675 2405 quovis
693 2367 842 2406 tempore
868 2361 947 2394 fiant
971 2363 1037 2395 ele-

302 2417 429 2450 ctiones
455 2421 530 2449 ante
555 2416 697 2459 vigiliam
723 2416 945 2458 Magdalenae.

345 2480 374 2503 x.
401 2469 496 2502 Prior
520 2469 547 2501 si
572 2479 729 2513 praesens
756 2469 905 2511 eligatur,
928 2469 1037 2502 statim

303 2527 401 2566 atque
425 2522 525 2555 suerit
548 2533 566 2555 a
589 2527 684 2566 patre
713 2522 924 2566 praesidente
959 2532 1038 2554 con-

302 2575 463 2615 firmatus,
491 2576 517 2608 si
542 2586 620 2608 vero
645 2576 776 2616 absens,
804 2585 868 2618 quo
893 2575 1037 2618 primum

304 2630 443 2669 advenit,
465 2628 515 2661 sui
540 2628 705 2672 prioratus
731 2628 916 2661 functiones
946 2638 1038 2660 exer-

370 2690 448 2718 Buzl.
469 2690 552 2717 Rom.
576 2705 605 2708 —-
630 2690 686 2718 Vol.
708 2689 799 2716 XVII.
944 2689 960 2715 5

1073 288 1180 327 cebit;
1216 292 1441 321 verumtamen
1472 298 1532 333 pro
1566 298 1601 322 se
1634 293 1666 323 et
1690 291 1810 323 ceteris

1072 342 1266 376 officialibus
1302 342 1341 374 de
1372 352 1457 376 novo
1494 343 1607 376 electis
1640 344 1705 376 una
1736 353 1810 376 cum

1071 399 1220 442 patribus
1246 397 1375 431 consilii
1401 397 1525 440 absque
1557 396 1666 429 mora¹
1692 395 1811 429 confir-

1070 451 1248 484 mationem
1273 461 1291 483 a
1315 449 1594 483 reverendissimo
1609 454 1702 492 patre
1721 450 1811 493 prio-

1070 514 1106 537 re
1122 503 1269 546 generali
1283 513 1344 546 pro
1362 507 1512 545 tempore
1531 502 1721 545 postulabit,
1736 503 1810 536 mit-

1070 557 1171 590 tendo
1197 557 1226 589 ei
1252 561 1323 589 acta
1347 556 1456 588 onmia
1481 555 1725 598 praedictarum
1743 556 1809 588 ele-

1070 611 1231 651 ctionum,
1257 619 1323 643 non
1349 614 1457 641 tamen
1484 608 1651 648 diminuta,
1679 608 1736 640 scd
1760 609 1809 640 in-

1070 670 1171 707 tegra,
1198 674 1271 697 cum
1297 672 1434 695 numero
1460 661 1630 699 vocalium,
1658 665 1689 693 et
1713 668 1808 704 quot-

1070 722 1151 761 quot
1182 716 1237 748 11111
1268 716 1319 748 vel
1356 714 1451 748 alteri
1485 713 1651 756 suffragati
1686 713 1809 745 suerint

1069 771 1182 815 (tacito
1208 778 1347 803 numero
1373 767 1645 810 suffiagatttittiii),
1665 767 1709 799 ita
1723 771 1758 798 ut
1775 767 1807 798 in

1068 824 1245 868 praedictis
1264 823 1343 856 actis
1360 821 1639 854 reverendissimo
1653 820 1738 863 patri
1753 830 1808 861 ge-

1068 877 1172 910 nerali
1198 876 1323 920 liquido
1348 880 1477 907 constet
1497 879 1577 917 quot
1594 878 1668 906 vota
1687 873 1807 915 singuli

1069 934 1306 963 concurrentes
1332 927 1517 966 habuerint,
1544 936 1584 958 ne
1611 925 1737 958 scilicet
1756 935 1808 957 ca-

1068 983 1187 1016 noniea
1223 981 1340 1015 electio
1377 986 1516 1024 propter
1540 977 1806 1019 incertitudinem

1069 1036 1142 1069 sacti
1170 1035 1347 1079 aliquando
1372 1034 1404 1066 in
1429 1033 1564 1066 dubium
1591 1036 1748 1075 ponatur,
1776 1036 1808 1063 et

1068 1095 1103 1122 111
1126 1089 1210 1129 lites,
1237 1098 1320 1131 quae
1340 1087 1455 1119 exinde
1478 1084 1708 1129 utplurimum
1730 1094 1807 1116 exo-

1068 1142 1123 1175 riri
1146 1143 1262 1181 solent,
1289 1139 1422 1173 omniuo
1443 1139 1670 1177 eradicentur,
1686 1142 1719 1169 et
1742 1137 1806 1169 hoe

1067 1196 1127 1228 sul)
1153 1195 1261 1238 poena
1285 1192 1443 1225 nullitatis
1469 1191 1616 1234 ipsoruan
1642 1196 1803 1223 actorum.

1066 1248 1211 1286 Quorum
1233 1246 1352 1280 deiude
1378 1244 1660 1278 confirmationem
1686 1244 1736 1276 vel
1758 1243 1806 1274 in-

1066 1300 1295 1339 firmationem,
1323 1297 1565 1331 restrictionem
1591 1298 1641 1329 vel
1670 1296 1806 1339 amplia-

1067 1355 1200 1394 tionem,
1227 1364 1325 1397 quam
1350 1351 1446 1385 saciet
1477 1351 1563 1383 idem
1589 1355 1683 1394 pater
1707 1359 1806 1392 gene-

1067 1408 1153 1447 ralis,
1169 1407 1276 1439 statim
1295 1411 1391 1448 atque
1409 1409 1503 1447 pater
1520 1403 1612 1446 prior
1630 1401 1803 1445 receperit,

1067 1461 1127 1493 sub
1153 1461 1259 1503 poena
1285 1457 1513 1501 suspensionis
1535 1457 1574 1489 ab
1592 1454 1806 1494 0111ρί01001-

1068 1518 1203 1546 teratam
1222 1516 1254 1544 et
1275 1511 1437 1543 sinceram
1455 1520 1566 1542 coram
1583 1507 1734 1540 omnibus
1749 1517 1806 1550 pa-

1068 1567 1170 1599 tribus
1190 1571 1221 1598 et
1245 1565 1398 1597 fratribus
1417 1564 1449 1595 in
1467 1562 1610 1605 capitulo
1628 1561 1667 1594 ad
1686 1570 1803 1593 sonum

1067 1619 1301 1663 campanellae,
1328 1623 1364 1649 ut
1389 1616 1488 1649 moris
1514 1620 1571 1655 est,
1595 1612 1803 1657 congregatis

1068 1673 1198 1717 publice
1224 1671 1397 1714 legendam
1430 1667 1659 1705 demandabit,
1690 1671 1804 1709 quate-

1067 1737 1128 1759 nus
1155 1726 1193 1758 de
1219 1725 1385 1757 voluntate
1411 1721 1512 1766 patris
1539 1719 1712 1764 generalis,
1736 1729 1805 1751 om-

1067 1779 1162 1812 nibus
1188 1777 1313 1820 liquido
1339 1781 1489 1809 constare
1526 1773 1642 1817 possit.
1669 1772 1700 1805 Si
1726 1782 1803 1804 vero

1068 1832 1184 1876 aliquis
1204 1831 1296 1874 prior
1313 1830 1355 1862 ita
1374 1828 1543 1871 negligens
1561 1831 1713 1870 repertus
1737 1826 1804 1857 sue—

1068 1886 1109 1918 rit
1134 1890 1168 1917 ut
1192 1895 1227 1917 se
1253 1889 1285 1916 et
1309 1893 1385 1916 suos
1405 1881 1561 1915 officiales
1583 1890 1679 1923 quam
1709 1878 1803 1911 citius

1068 1937 1320 1975 confirmandos,
1348 1941 1383 1967 ut
1406 1934 1601 1978 praefertur,
1620 1942 1686 1965 non
1711 1942 1804 1964 cura-

1070 1991 1169 2029 verit,
1196 1991 1235 2023 ab
1261 1989 1377 2022 eodem
1411 1985 1686 2020 reverendissimo
1711 1990 1803 2028 patre.

1069 2043 1215 2087 generali
1236 2041 1392 2085 puniatur
1408 2039 1503 2072 etiam
1522 2049 1627 2082 usque
1649 2038 1689 2070 ad
1707 2036 1803 2069 officii

1069 2096 1294 2141 privationem,
1321 2094 1347 2126 si
1372 2094 1415 2126 ita
1441 2092 1501 2125 sibi
1522 2091 1686 2124 videbitur
1707 2102 1805 2134 expe-

1069 2149 1149 2188 dire,
1175 2152 1275 2191 prout
1291 2145 1445 2179 definitur
1462 2145 1493 2177 in
1515 2143 1804 2177 constitutionibus

1070 2203 1108 2235 de
1133 2199 1327 2245 provinciali
1353 2200 1458 2232 electo
1477 2198 1577 2242 (part.
1598 2208 1636 2230 111
1659 2208 1730 2240 cap.
1749 2207 1803 2236 vu,

1069 2265 1160 2288 num.
1189 2254 1218 2293 li,
1245 2254 1259 2296 g
1283 2252 1329 2286 ⁹2).

1111 2318 1154 2342 xl.
1182 2306 1240 2345 Qui
1266 2317 1283 2339 a
1308 2305 1483 2349 praedictis
1504 2303 1651 2347 patribus
1676 2302 1804 2336 consilii

1070 2361 1109 2395 ad
1135 2360 1242 2404 aliqua
1268 2358 1372 2391 officia
1387 2357 1481 2391 electi
1508 2357 1636 2395 suerint,
1656 2357 1694 2389 de
1716 2355 1805 2399 ipso-

1070 2424 1142 2447 rum
1162 2412 1321 2446 electione
1341 2422 1358 2443 a
1375 2415 1467 2454 patre
1488 2409 1599 2453 priore
1614 2408 1721 2441 statim
1737 2418 1805 2440 mo-

1069 2465 1221 2507 meatur&
1253 2471 1285 2499 et
1309 2466 1378 2510 ipse
1405 2463 1448 2497 si³
1469 2464 1587 2496 absens
1614 2462 1761 2504 eligatur,
1788 2470 1805 2492 a

1107 2550 1118 2574 t
1132 2547 1199 2574 Male
1211 2545 1274 2573 edit.
1287 2545 1366 2572 main.
1378 2544 1460 2571 hahet
1470 2551 1548 2571 more
1559 2550 1607 2577 pro
1620 2542 1699 2568 mord
1711 2539 1805 2575 (nm).

1105 2592 1121 2618 ⁹2
1142 2590 1230 2617 Potius
1250 2589 1393 2624 legendum
1412 2589 1588 2615 moneantur
1605 2586 1643 2620 (R.
1662 2585 1712 2619 Τ.).

1106 2635 1121 2663 3
1141 2634 1234 2662 Potius
1253 2633 1312 2668 lege
1332 2635 1368 2666 et,
1388 2632 1414 2660 si
1433 2631 1494 2666 ipse
1509 2632 1547 2665 (11,
1567 2630 1615 2665 1.).

1734 232 1776 265 33
1823 243 1873 271 An.
1888 243 1916 270 c.
1938 242 2008 270 1662
