2247 3208
219 221 267 246 Αι1.
285 219 312 245 C.
338 219 404 245 teet

451 210 485 242 :u
502 202 519 241 t·

410 267 468 299 luti
495 265 654 305 sacrisque
674 263 799 305 operari
825 263 939 301 solent,
955 273 989 293 ae
1009 260 1145 303 proinde

410 320 521 351 eadem
545 316 753 358 fongia-gano
789 314 914 347 eeusuit.
947 314 1065 346 dictum
1091 324 1146 355 op—

410 371 519 413 pidum
545 381 616 400 eum
644 373 709 400 toto
735 368 802 400 eius
828 367 973 399 districtu
1000 371 1030 398 et
1055 376 1146 408 prae-

409 423 524 456 dictam
550 421 772 464 parochialem
787 432 803 452 a
821 419 904 452 dicta
919 419 1057 452 dioecesi
1073 419 1145 451 Pra-

408 475 496 517 pensi
523 484 615 517 posse
641 473 732 506 avelli
751 472 1030 512 etdismemlnari,
1050 471 1144 504 idem-

407 539 467 570 que
493 528 648 570 oppidum
666 527 697 559 in
718 527 886 566 civitatem,
905 530 938 557 et
954 525 1024 557 eius
1043 524 1144 557 distri-

407 587 493 613 ctum
518 581 549 612 in
576 579 755 619 dioecesim,
782 590 817 611 ac
841 578 1038 621 praedictam
1056 588 1143 620 paro-

407 634 546 666 chialem
573 633 741 665 ecelesiam
758 632 790 664 in
812 631 1031 664 cathedralem
1049 630 1143 672 Regi-

408 686 688 718 nohradeeensem
712 683 961 727 nuncupandam
982 683 1021 715 ad
1048 682 1142 715 maio—

406 749 474 770 rem
489 738 543 770 Dei
563 737 699 779 gloriam
713 742 744 769 et
757 736 923 778 religionis
941 736 1141 768 orthodoxae

408 790 675 833 propagationem
701 788 780 831 erigi
807 793 838 821 et
863 788 994 827 institui,
1009 793 1040 820 et
1056 798 1142 830 prae-

405 843 518 875 sertim
534 843 629 885 quod,
648 842 681 874 in
695 842 839 874 eiusdem
854 840 1007 873 ecclesiae
1022 841 1138 879 dotem,

406 896 584 929 dominium
609 896 648 930 de
674 894 787 927 Chrast
810 899 1026 936 nuncupatum
1051 898 1142 925 octo-

405 949 493 990 ginta
511 953 582 980 octo
598 949 793 980 florenorum
810 945 1055 979 bohemicorum
1073 945 1142 979 mil-

404 1001 488 1033 libus
513 1011 548 1032 ex
576 993 659 1032 dieta
678 999 833 1041 pensione
854 998 886 1031 in
904 1009 1061 1031 summam
1080 999 1141 1031 col-

404 1054 498 1086 lectis
509 1053 572 1086 illis
586 1054 618 1084 in
633 1053 777 1095 partibus
792 1052 831 1084 sit
847 1056 998 1094 emptum,
1010 1057 1041 1084 et
1055 1052 1140 1094 quod

406 1106 591 1145 carissimus
616 1107 648 1138 in
673 1106 799 1138 Christo
821 1105 904 1138 tilius
927 1111 1037 1138 noster
1064 1105 1142 1138 Leo-

404 1160 519 1202 poldus
543 1160 683 1201 Ignatius
707 1159 739 1191 in
764 1159 990 1202 imperatorem
1008 1160 1141 1198 electus,

405 1213 496 1245 cuius
523 1212 695 1254 temporali
721 1212 864 1244 dominio
881 1212 967 1244 idern
986 1212 1141 1255 oppidum

405 1271 437 1298 ct
462 1266 628 1298 districtus
654 1270 756 1308 paret⁷
773 1265 805 1297 in
822 1266 1081 1308 supplementum
1100 1265 1141 1298 di-

405 1324 473 1351 ctae
499 1318 582 1350 dotis
607 1318 669 1350 alia
693 1318 893 1350 florenorum
919 1317 1072 1350 similium
1091 1318 1141 1350 tri-

405 1372 493 1414 ginta
529 1371 629 1403 millia
655 1371 694 1403 de
718 1373 773 1403 sua
799 1371 991 1403 liberalitate
1024 1371 1141 1404 donata

405 1425 443 1457 ad
459 1424 674 1466 siq‘uadietam
691 1423 863 1463 adiecerit,
890 1434 926 1456 ex
944 1424 1061 1466 quibus
1082 1435 1140 1467 pro

405 1477 549 1519 episcopi
576 1476 777 1509 habitatione
802 1476 915 1508 domus
939 1476 1030 1508 valde
1055 1487 1141 1509 com-

404 1530 508 1567 moda,
535 1529 662 1570 aliaque
688 1533 870 1571 opportuna
888 1531 1034 1571 coempta
1051 1535 1139 1561 sunt:

404 1591 472 1619 nos,
499 1581 550 1623 qui
576 1580 836 1623 congregationis
861 1581 1043 1613 huiusmodi
1069 1592 1141 1613 sen-

406 1632 538 1664 tentiam
576 1632 838 1675 approbavimuS,
864 1637 895 1665 et
920 1633 959 1665 ad
986 1633 1140 1666 ulteriora

404 1686 436 1717 in
463 1685 546 1717 dicta
571 1685 732 1718 erectione
748 1685 881 1728 procedi
907 1685 1067 1727 iussimus,
1085 1696 1140 1719 vo-

404 1739 507 1770 lentes
533 1739 662 1785 tandem
688 1739 749 1771 hoc
767 1739 886 1771 honum
904 1744 936 1771 et
955 1739 1041 1782 pium
1059 1750 1139 1782 opus

404 1791 585 1823 executioni
605 1791 812 1831 demandare,
828 1792 921 1834 eique
939 1802 1069 1824 manum
1083 1792 1140 1824 im-

404 1854 525 1886 ponere
552 1855 757 1886 siq‘iremam,
785 1844 893 1877 hahita
923 1844 1020 1886 igitur
1044 1855 1140 1887 super

404 1896 454 1928 his
479 1907 549 1928 eum
571 1896 743 1939 praedictis
763 1902 794 1928 et
811 1897 882 1929 aliis
900 1897 930 1929 S.
955 1897 991 1929 R.
1012 1897 1045 1929 E.
1071 1908 1140 1929 ear-

404 1949 567 1982 dinalihus
592 1949 830 1982 venerabilibus
853 1950 1004 1982 fratribus
1021 1950 1138 1982 nostris

403 2004 528 2035 matura
554 2001 810 2041 deliberatione,
836 2003 876 2035 de
901 2002 1031 2035 illorum
1063 2013 1140 2036 con-

404 2055 476 2087 silio
501 2060 532 2087 et
558 2066 703 2096 assensu,
730 2065 765 2087 ac
790 2055 985 2098 apostolicae
1002 2061 1139 2099 potesta-

405 2107 444 2139 tis
469 2108 685 2149 plenitmline,
711 2108 799 2140 iuxta
824 2109 989 2141 decretum
1014 2119 1140 2141 eorum-

405 2161 477 2192 dem
502 2160 533 2193 S.
554 2160 590 2192 R.
614 2161 647 2193 Ε.
675 2161 886 2194 cardinalium
911 2161 1074 2204 rebusque
1099 2162 1137 2194 de

405 2214 614 2255 propaganda
638 2213 699 2245 lide
726 2214 984 2256 praepositorum
1009 2214 1137 2253 sactum,

406 2264 633 2297 accedentibus
659 2266 697 2297 ad
724 2266 804 2298 haec
828 2267 936 2298 omnia
960 2277 1024 2298 non
1042 2267 1138 2298 modo

406 2318 565 2360 expressis
602 2318 800 2359 assensibus,
827 2320 883 2351 sed
911 2319 1006 2352 etiam
1038 2319 1140 2361 preci-

405 2369 464 2401 bus
486 2370 613 2412 saepius
638 2370 838 2413 interpositis
863 2376 926 2403 tum
946 2370 1140 2403 venerabilis

406 2422 511 2454 fratris
537 2422 656 2454 nostri¹
682 2423 806 2455 Ernesti
843 2423 925 2456 tituli
957 2422 988 2455 S.
1023 2423 1140 2456 Praxe-

442 2502 453 2527 1
479 2498 593 2527 Pessime
609 2501 672 2527 edit.
691 2501 769 2528 Maia.
793 2502 855 2537 legit
879 2511 944 2528 cum
964 2502 1139 2529 venerabili-

407 2546 456 2572 bus
471 2546 612 2579 fralri'bus
629 2546 734 2573 nostris
750 2555 797 2581 pro
813 2550 873 2574 tum
889 2546 1062 2574 venerabilis
1076 2547 1139 2580 fra-

407 2590 461 2617 tris
476 2591 566 2617 noso-1
583 2595 618 2624 tn.
637 2592 683 2625 T.).

993 213 1171 237 nt'tLAtnt'n
1196 212 1346 235 injustum

1189 259 1236 292 dis
1260 258 1291 291 S.
1321 259 1357 290 R.
1380 259 1414 290 E.
1441 260 1620 302 presbyteri
1646 259 1817 292 cardinalis
1842 260 1922 292 Ilar-

1188 313 1265 344 rach
1291 312 1480 355 nuncupati,
1505 313 1661 346 ecelesiae
1686 313 1857 355 Pragensis
1883 324 1921 346 ex

1187 365 1430 407 dispensatione
1456 365 1631 407 apostolica
1654 366 1828 408 praesulis,
1853 368 1922 398 t'um

1187 416 1259 449 dicti
1286 416 1439 459 Leopoldi
1465 417 1578 459 Ignatii
1596 417 1689 459 regis,
1705 423 1815 451 tenore
1832 428 1919 461 prae-

1186 470 1324 501 sentium
1351 469 1469 502 dictum
1496 469 1652 512 oppidum
1680 469 1922 512 Reginohrade-

1185 532 1288 563 censo,
1314 526 1346 554 et
1370 522 1437 554 eius
1462 516 1650 563 districtum,
1676 527 1707 554 et
1730 523 1846 555 dictam
1870 534 1922 566 pa-

1184 574 1363 606 rochialem
1387 574 1556 606 ecelesiam
1573 574 1612 606 ab
1629 574 1699 617 ipsa
1714 574 1833 607 diocesi
1850 575 1921 608 Pra-

1184 612 1273 669 gffnsi
1299 632 1458 669 perpetuo
1483 627 1751 659 dismembramus
1776 632 1808 660 et
1831 638 1920 671 sepa-

1183 690 1310 719 ramus,
1336 679 1485 722 idemque
1511 679 1668 722 oppidum
1692 680 1724 711 in
1748 680 1917 721 civitatem,

1184 736 1215 764 et
1239 732 1306 764 eius
1331 732 1511 764 districtum
1536 732 1569 764 in
1584 732 1766 771 dioecesim,
1786 732 1920 765 dictam-

1183 795 1244 827 que
1259 777 1328 817 eius
1342 785 1562 827 parochialem
1577 784 1746 818 ecelesiam
1761 785 1792 817 in
1814 786 1920 819 cathe-

1183 838 1305 870 dralem
1336 838 1697 880 Reginohradeeensem
1729 848 1919 881 nuncupan-

1183 891 1263 930 dam,
1279 901 1352 923 euin
1369 891 1510 933 capitulo
1526 901 1579 923 sex
1594 890 1829 930 canonicorum,
1846 901 1919 924 eum

1182 943 1280 983 clero,
1305 944 1427 985 populo
1452 948 1484 975 et
1508 943 1658 983 vassallis,
1684 953 1819 985 eumque
1847 943 1918 976 aliis

1183 994 1359 1037 privilegiis
1392 1000 1423 1028 et
1457 995 1693 1038 praerogativis
1712 995 1783 1028 aliis
1809 997 1919 1029 cathe-

1183 1048 1325 1082 dralibus
1351 1049 1494 1080 ecclesiis
1513 1048 1698 1081 huiusmodi
1718 1049 1854 1081 concedi
1872 1060 1918 1082 so-

1183 1100 1256 1141 litis,
1271 1101 1465 1133 auctoritate
1491 1106 1523 1133 ct
1539 1106 1653 1133 tenore
1671 1100 1842 1144 praedictis
1860 1101 1919 1134 eri-

1183 1154 1285 1197 gimus
1304 1158 1336 1186 et
1359 1154 1572 1194 instituimus;
1598 1158 1693 1197 atque
1719 1153 1751 1186 in
1776 1154 1918 1187 eiusdem

1183 1207 1378 1239 cathedralis
1389 1207 1497 1239 dotem
1510 1206 1641 1249 eiusque
1655 1216 1787 1238 mensae
1800 1206 1918 1250 episco-

1183 1260 1263 1302 palis
1281 1259 1499 1302 supradictum
1525 1259 1703 1291 dominium
1726 1259 1764 1291 dc
1789 1259 1915 1300 Chrast,

1183 1313 1239 1352 sic,
1263 1317 1297 1344 ut
1320 1312 1515 1355 praefertur,
1540 1317 1693 1355 emptum,
1719 1317 1751 1344 et
1775 1311 1837 1344 alia
1860 1312 1918 1344 sso-

1183 1376 1335 1400 renorum
1359 1365 1606 1398 bohemicorum
1631 1365 1762 1407 triginta
1783 1365 1884 1398 millia
1901 1376 1918 1398 a

1183 1419 1268 1452 dieto
1293 1419 1458 1461 Leopoldo
1483 1418 1605 1461 ignatio
1632 1428 1707 1461 rege
1732 1418 1764 1450 in
1790 1419 1919 1462 supple-

1182 1478 1325 1505 mentum
1350 1472 1453 1505 dictae
1487 1471 1569 1504 dotis
1596 1472 1775 1504 liberaliter
1800 1472 1917 1505 donata

1181 1525 1389 1569 applicamus,
1409 1525 1619 1558 adscribimus
1644 1529 1675 1557 et
1699 1525 1915 1568 assignamus;

1183 1579 1363 1622 futurisque
1379 1579 1531 1621 deinceps
1551 1578 1655 1611 dictae
1671 1578 1826 1611 ecclesiae
1844 1579 1917 1611 Pra-

1933 211 1979 236 Αη.
1997 210 2024 237 C.
2048 211 2115 239 {1‘04

1970 1587 2110 1611 Suffrazanea

1926 1615 1996 1634 tamon
2005 1615 2110 1635 ecelesiae

1182 1631 1289 1673 gensis
1314 1630 1464 1673 legitimis
1496 1631 1700 1673 praesulibus
1725 1630 1775 1663 ius
1799 1636 1917 1664 metro·
1927 1641 2037 1665 magt-nais
2053 1641 2109 1662 suaa

1936 1667 2099 1688 [inminationem

1182 1683 1350 1727 politicum
1374 1683 1407 1715 in
1431 1682 1631 1726 praedictam
1662 1683 1831 1716 eeclesiam
1855 1683 1917 1716 Re·
1927 1692 2110 1720 Buhenuaeregus.

1182 1737 1496 1779 ginohradeeensem
1511 1736 1649 1768 suturam
1669 1736 1853 1778 praedictae
1867 1747 1919 1769 ec-

1182 1789 1298 1822 clesiae
1323 1788 1492 1831 Pragensis
1509 1787 1754 1831 suffraganeam,
1770 1799 1807 1821 ac
1827 1799 1917 1832 prae-

1182 1841 1267 1874 dicto
1299 1841 1466 1884 Leopoldo
1498 1841 1622 1883 Ignatio
1657 1841 1748 1884 regi,
1780 1841 1917 1884 aliisque

1182 1894 1324 1926 venturis
1348 1894 1524 1927 Bohemiae
1549 1893 1688 1936 regibus,
1714 1894 1784 1937 ipso
1810 1900 1917 1927 tamen

1183 1953 1214 1980 et
1237 1947 1314 1990 ipsis
1339 1947 1371 1979 in
1395 1947 1537 1990 puritate
1562 1947 1637 1980 [idei
1662 1948 1862 1980 orthodoxae
1884 1952 1917 1980 et

1181 2001 1304 2033 sincera
1328 2011 1404 2043 erga
1430 2001 1609 2033 Romanum
1645 2000 1832 2033 Pontificem
1856 2011 1915 2043 pro

1182 2058 1327 2096 tempore
1352 2053 1544 2086 existentem
1566 2058 1599 2085 et
1621 2053 1736 2086 Sedem
1755 2053 1916 2095 Apostoli-

1181 2116 1249 2138 cam
1274 2105 1452 2145 devotione,
1479 2104 1665 2137 obedientia
1689 2109 1784 2148 atque
1809 2105 1916 2137 obser-

1181 2158 1286 2190 vantia
1309 2158 1569 2201 persistentibus,
1591 2157 1795 2200 privilegium
1813 2158 1917 2190 nomi-

1182 2210 1277 2243 nandi
1303 2216 1334 2243 et
1358 2210 1502 2243 Romano
1528 2210 1672 2242 Pontifici
1691 2221 1750 2252 pro
1768 2216 1916 2253 tempore

1182 2262 1347 2297 existenti¹
1373 2274 1546 2306 personam
1569 2263 1719 2296 idoneam
1740 2264 1779 2296 ad
1797 2263 1916 2296 dictam

1182 2317 1350 2349 ecclesiam
1378 2316 1749 2358 Reginohradaeensem,
1771 2316 1917 2359 quando-

1182 2379 1318 2411 cumque
1340 2369 1426 2401 illam
1452 2369 1549 2401 etiam
1574 2369 1613 2401 ab
1639 2369 1697 2400 hac
1722 2369 1826 2411 prima
1848 2369 1917 2401 eius

1182 2421 1384 2454 institutione
1410 2432 1521 2455 vacare
1554 2422 1748 2464 contigerit,
1776 2421 1917 2454 auctori-

1184 2480 1247 2507 tate
1274 2480 1306 2508 et
1331 2481 1445 2507 tenore
1460 2474 1645 2517 praemissis
1664 2473 1872 2506 concedimus
1886 2478 1919 2506 et

1183 2529 1397 2571 impertimur.

1219 2591 1230 2616 1
1250 2590 1349 2617 Forsan
1368 2590 1442 2617 deest.
1460 2597 1505 2616 vox
1517 2588 1728 2629 praesentandi
1742 2589 1781 2623 (n.
1798 2589 1847 2621 T.).
