2247 3208
54 223 103 250 An.
126 224 152 248 Γ,Δ
175 222 240 250 ἱΓΟἹ

838 220 1027 245 ΑιΕΧΑΝΒΕΒ
1049 221 1095 246 vn
1120 221 1169 246 pp,
1189 227 1191 231 ¹
1661 212 1726 246 497
1772 220 1822 246 An.
1839 219 1867 246 c.
1892 218 1968 245 160¹!

247 271 364 310 miana,
382 270 580 303 marchionis
605 269 824 307 planitiarum,
844 268 985 307 Liburni,
1032 269 1183 311 gnoriae,
1210 275 1242 303 et
1266 270 1335 303 iure
1359 271 1498 311 levandi,
1528 271 1716 314 imponendi
1743 274 1775 302 et

245 323 431 363 Castrinovi‚
458 323 570 356 Rovati
596 328 626 356 et
651 322 769 362 Mareti,
797 322 913 365 equitis
940 332 990 354 sa-
1031 321 1181 364 exigendi
1206 323 1372 366 praedicta
1398 328 1430 356 et
1455 324 1622 367 quodlibet
1647 324 1776 367 praedi-

246 377 290 409 cri
307 382 337 409 ct
350 376 491 419 supremi
511 376 634 409 ordinis
649 376 701 409 SS.
718 373 988 408 Annumiationis
1031 379 1165 415 ctorum,
1185 385 1221 408 ac
1246 376 1394 409 omnibus
1415 376 1486 409 aliis
1516 377 1774 421 quilmscumque

246 429 436 467 sabaudiae,
456 428 617 471 generalis
643 426 805 470 magistri¹
833 427 988 470 peditum,
1031 426 1154 458 iuribus
1181 433 1213 459 et
1237 428 1445 470 pertinentiis
1470 429 1542 467 suis,
1563 435 1624 461 tam
1645 430 1683 462 de
1704 430 1774 462 iure

247 489 279 516 et
313 482 422 525 magni
459 482 694 514 chiamberlani
731 490 842 513 sacrae
879 479 988 521 regiae
1031 489 1127 521 quam
1153 479 1191 511 de
1217 480 1453 515 consuetudine
1471 492 1507 513 ac
1533 485 1658 520 natura,
1686 482 1772 516 dicto

247 534 449 567 celsitudinis
476 535 586 578 (prout
616 534 710 566 fidem
741 532 814 564 facit
839 532 877 564 de
902 541 990 563 man-
1033 531 1127 564 scudo
1142 532 1418 575 competentibus,
1440 533 1576 576 aliisque
1595 535 1724 576 rog-aliis
1743 539 1775 568 et

248 587 322 620 dato
347 587 381 620 in
405 598 479 620 cuin
495 588 576 619 sacto
595 586 653 619 sub
672 584 788 617 herino
814 584 864 617 die
884 583 988 626 rogito
1031 585 1299 627 praeeminemus
1317 584 1393 624 suis,
1412 596 1493 627 quw
1513 586 1653 625 omnino,
1676 592 1710 619 ut
1726 598 1775 619 su-

248 640 364 673 notarii
390 646 421 673 et
438 639 604 672 secretarii
616 638 802 680 subsignato
828 636 989 669 insrascri·
1030 647 1097 678 pra,
1113 642 1323 669 semoventur
1341 637 1378 670 de
1393 638 1478 670 dicto
1493 639 1589 670 sendo
1605 644 1636 671 et
1650 639 1772 672 directo

247 698 311 735 pto,
326 693 409 736 pede
434 691 616 735 praesentis
640 689 845 722 instrumenti
872 689 989 722 tenori·
1031 689 1174 722 dominio
1201 695 1233 722 et
1257 690 1486 732 superioritate
1513 691 1615 723 dictae
1642 702 1774 725 mensae

247 745 342 787 zato),
378 753 544 791 exponens
558 769 565 782 ,
599 742 823 786 procuratorio
858 741 987 774 nomine
1008 753 1010 776 ,1
1030 742 1319 785 archiepiscopalis
1338 748 1369 775 et
1390 743 1544 776 ecclesiae
1566 743 1774 777 Taurinensis

247 797 424 841 praedicto,⁴
435 796 541 829 eidem
558 795 776 828 illustrissimo
791 799 823 827 et
837 805 988 827 reveren·
1029 795 1088 827 sub
1114 805 1238 828 canone
1264 806 1372 828 annuo
1397 801 1558 839 perpetuo
1584 797 1774 830 ducatorum

247 849 379 883 dissimo
418 849 550 882 domino
582 848 830 890 archiepiscopo
867 848 987 880 dictum
1030 848 1143 881 decem
1167 848 1238 880 auri
1255 848 1287 880 in
1305 859 1384 881 auro
1411 849 1643 882 solvendorum
1668 850 1773 892 singu-

247 900 551 936 excellentissimum
569 901 735 934 dominum
763 899 987 933 marchionem
1028 902 1067 934 lis
1092 901 1185 934 annis
1211 901 1242 934 in
1267 902 1348 935 sesto
1374 901 1404 935 S.
1433 902 1570 943 Martini,
1594 908 1690 945 prout
1713 913 1771 946 pro

246 947 451 999 acquisivisse
469 954 509 988 ab
526 953 745 987 illustrissimo
771 958 803 986 et
826 954 987 986 excellen-
1029 955 1148 988 talibus
1175 966 1212 988 ea
1237 956 1345 988 onmia
1369 956 1540 998 consignat
1566 962 1596 989 et
1621 967 1773 999 recogno-

247 1009 368 1042 tissimo
395 1008 526 1041 domino
552 1006 738 1040 marchione
763 1007 893 1039 domino
914 1006 988 1039 Phi·
1028 1009 1095 1048 scit,
1121 1009 1241 1041 instans
1266 1014 1441 1052 propterea
1466 1010 1585 1042 dictum
1610 1011 1772 1043 excellen-

249 1063 336 1105 lippo
346 1061 518 1094 Ssondrato
534 1060 794 1093 marchionatum
809 1066 839 1092 et
855 1060 987 1093 feudum
1029 1062 1186 1094 tissimum
1212 1062 1379 1095 dominum
1414 1063 1633 1096 marchionem
1666 1063 1772 1096 Plani-

248 1114 433 1153 Mont'afiae,
461 1114 546 1156 quod
573 1119 717 1146 removet
741 1123 758 1145 a
783 1113 904 1145 directo
930 1113 987 1146 do·
1029 1115 1144 1147 tiarum
1169 1115 1201 1146 in
1227 1115 1442 1148 feudatarium
1469 1120 1501 1148 et
1531 1116 1702 1148 vassallum
1722 1126 1772 1148 ar-

248 1167 346 1200 minio
384 1166 540 1199 ecclesiae
578 1166 783 1199 Taurinensis
819 1171 850 1198 et
890 1165 985 1199 huius
1029 1167 1292 1211 chiepiscopatns
1317 1173 1349 1201 et
1373 1168 1530 1201 ecclesiae
1561 1168 1769 1201 Taurinensis

246 1229 377 1252 mensae
419 1217 728 1261 archiepiscopalis,
769 1218 985 1260 praecedente
1029 1225 1061 1253 et
1085 1220 1152 1252 eius
1177 1231 1309 1253 mensae
1336 1221 1438 1264 recipi
1464 1226 1495 1254 et
1520 1221 1647 1253 admitti
1669 1231 1704 1252 ac
1721 1231 1771 1254 re-

248 1272 357 1305 debito
376 1281 520 1310 assensu,
537 1276 572 1303 ut
588 1270 621 1302 in
637 1270 753 1303 litteris
773 1270 925 1309 obtentis,
947 1271 985 1303 ab
1027 1273 1132 1311 tineri,
1160 1278 1192 1305 et
1215 1281 1273 1316 per
1292 1273 1491 1316 praedictum
1518 1273 1771 1306 illustrissimum

246 1325 360 1358 eodem
395 1322 612 1356 illustrissimo
647 1328 678 1355 et
712 1323 984 1356 reverendissimo
1030 1331 1062 1359 et
1086 1326 1393 1359 reverendissimum
1418 1327 1584 1359 dominum
1610 1326 1772 1369 archiepi-

246 1377 374 1411 domino
392 1376 640 1419 archiepiscopo
659 1376 718 1409 sub
737 1376 787 1409 die
804 1386 842 1409 xx
860 1377 987 1409 februa·
1028 1389 1162 1422 scopum
1187 1379 1409 1413 venditionem
1431 1384 1463 1412 et
1486 1379 1685 1422 emptionem
1711 1380 1772 1412 col-

245 1431 283 1463 rii
308 1430 455 1474 proxime
476 1429 576 1472 elapsi
602 1429 756 1473 praestito
783 1430 820 1462 ad
846 1435 985 1462 mentem
1027 1433 1152 1466 laudari
1178 1438 1210 1466 et
1234 1433 1418 1476 approbari,
1444 1443 1581 1476 eumque
1609 1433 1771 1466 excellen-

245 1484 458 1527 chirographi
493 1482 687 1516 sanctissimi
723 1482 847 1516 domini
883 1483 984 1516 nostri
1027 1485 1187 1518 tissimum
1212 1485 1379 1518 dominum
1403 1485 1625 1518 marchionem
1651 1495 1710 1528 pro
1735 1495 1770 1518 se

246 1537 420 1570 Alexandri
459 1536 563 1580 Papae
596 1536 646 1568 VII
678 1536 737 1569 sub
776 1546 808 1570 v1
841 1536 986 1569 eiusdem
1029 1538 1161 1581 suisque
1180 1538 1378 1571 haeredibus
1392 1544 1423 1571 et
1446 1539 1685 1572 successoribus
1704 1549 1771 1570 ma·

245 1591 363 1624 mensis
389 1590 559 1631 februarii,
586 1600 721 1633 quarum
751 1589 932 1622 litterarum
956 1595 987 1622 et
1029 1591 1126 1624 sculis
1151 1591 1303 1634 legitimis
1328 1601 1364 1623 ac
1382 1592 1420 1624 de
1447 1591 1593 1634 legitimo
1611 1591 1770 1624 matrimo-

245 1643 457 1686 chirographi
479 1647 573 1676 tenor
592 1643 625 1675 in
645 1643 728 1686 pede
746 1643 925 1685 praesentis
943 1642 985 1675 in-
1028 1644 1083 1677 nio
1110 1644 1384 1677 descendentibus
1417 1655 1453 1678 ex
1477 1645 1564 1677 linea
1592 1644 1771 1677 masculina

245 1696 414 1729 strumenti
436 1696 598 1739 reperitur
615 1696 653 1728 de
679 1696 778 1728 verbo
797 1696 835 1728 ad
853 1695 985 1728 verbum
1029 1697 1061 1730 in
1076 1703 1268 1740 perpetuum
1293 1698 1331 1730 de
1358 1697 1443 1730 dicto
1461 1702 1574 1736 castro,
1595 1698 1676 1736 loco,
1696 1697 1772 1730 villa

246 1749 395 1788 insertus,
411 1755 443 1781 et
460 1748 579 1781 dictum
599 1748 859 1781 marchionatum
884 1748 985 1791 acqui·
1030 1756 1062 1784 et
1086 1750 1306 1783 iurisdictione
1328 1760 1364 1782 ac
1381 1750 1503 1783 iuribus
1520 1750 1559 1783 ad
1584 1750 1690 1793 ipsum
1708 1750 1771 1783 seu·

247 1802 354 1835 sivisse
381 1813 453 1834 cum
479 1807 593 1842 castro,
619 1803 712 1842 loco,
738 1802 812 1834 villa
838 1807 869 1834 et
893 1802 986 1834 iuris-
1030 1804 1104 1837 dum
1130 1803 1376 1847 quomodolibet
1400 1803 1617 1847 spectantibus
1644 1809 1675 1836 et
1699 1814 1772 1846 per-

249 1854 399 1894 dictione,
421 1865 492 1887 cum
509 1865 600 1887 mero
616 1860 648 1887 et
665 1855 763 1887 mixto
789 1854 936 1897 imperio,
955 1861 987 1887 et
1029 1857 1208 1890 tinentibus
1235 1857 1403 1896 infeudari,
1431 1862 1462 1889 et
1485 1856 1517 1889 in
1543 1857 1674 1889 sendum
1699 1867 1772 1899 per-

247 1908 433 1942 omnimoda
465 1908 692 1941 iurisdictione
723 1913 754 1941 et
778 1908 875 1951 gladii
900 1913 986 1951 pote-
1030 1914 1172 1953 petuum,
1195 1914 1328 1949 rectum,
1347 1909 1456 1942 nobile
1486 1914 1517 1941 et
1545 1909 1666 1952 gentile
1690 1909 1772 1941 anti-

247 1967 337 2001 state,
364 1973 435 1993 cum
462 1961 576 2001 furnis,
600 1961 768 2004 pedagiis,
794 1961 863 2001 viis,
891 1962 988 1994 anda·
1030 1973 1150 2006 quum,
1180 1963 1300 1995 avitum
1331 1967 1362 1995 et
1386 1968 1557 2006 paternum
1586 1973 1622 1995 ac
1646 1972 1778 2003 maseng-

246 2015 363 2048 mentis
395 2020 427 2048 et
459 2015 587 2047 fossatis
612 2015 713 2058 ipsius
739 2015 834 2047 castri
850 2041 856 2055 ,
888 2014 962 2048 villa
977 2042 984 2056 ‚
1030 2015 1131 2048 linum
1148 2020 1180 2047 et
1196 2025 1269 2047 cum
1287 2016 1356 2047 iure
1375 2015 1661 2058 primogeniturae,
1676 2015 1719 2047 ita
1735 2019 1771 2047 ut

246 2069 454 2107 molendinis,
468 2069 705 2109 venationibus,
715 2068 985 2112 possessionibus,
1031 2068 1069 2101 de
1087 2068 1306 2111 primogenito
1324 2068 1356 2100 in
1375 2068 1626 2111 primogenitum
1641 2077 1771 2109 semper

247 2121 343 2155 terris
368 2127 399 2155 et
418 2121 526 2165 pratiS,
552 2122 674 2162 vineis,
700 2121 858 2164 gerbidis,
886 2121 988 2164 pisca·
1030 2121 1099 2164 ipso
1124 2121 1192 2154 inre
1225 2126 1367 2153 transeat
1391 2132 1493 2163 usque
1525 2121 1557 2152 in
1590 2120 1769 2160 infinitum,

248 2174 324 2214 riis,
350 2174 476 2206 fictihus
513 2184 586 2206 cum
618 2174 716 2206 curiis
753 2174 921 2206 feudorum
957 2179 988 2206 et
1030 2173 1334 2213 investiri,otl'erens
1349 2173 1772 2216 separatumdebitumlau-

248 2227 444 2259 allodiorum
461 2226 493 2258 in
521 2226 718 2266 hominibus,
735 2227 893 2266 vassalliS,
915 2226 988 2260 fide·
1007 2243 1010 2278 j
1031 2226 1172 2259 demium
1189 2232 1220 2259 et
1236 2237 1395 2259 canonem
1412 2226 1613 2269 praedictum
1634 2227 1770 2266 solvere,

249 2279 402 2318 litatibus,
417 2279 569 2322 poderiis,
584 2279 708 2319 bannis,
721 2279 987 2319 successionibus,
1030 2280 1161 2314 solitum
1179 2279 1342 2313 fidelitatis
1359 2280 1576 2312 iuran'ientum
1594 2284 1770 2322 praestare,

249 2332 370 2375 guartis
402 2338 433 2364 et
464 2331 696 2374 scaraguartis,
725 2342 760 2364 ac
783 2332 851 2364 iure
877 2337 988 2375 patro-
1008 2349 1009 2356 κ
1030 2338 1062 2366 et
1086 2333 1148 2365 alia
1172 2333 1290 2372 facere,
1313 2332 1352 2365 ad
1377 2342 1459 2375 quae
1475 2332 1513 2365 de
1538 2332 1605 2364 iure
1632 2337 1768 2371 tenetur,

249 2390 359 2423 natus,
386 2384 502 2417 debitis
538 2390 569 2417 et
595 2384 771 2424 debituris,
798 2385 926 2417 directis
958 2390 990 2417 ct
1008 2361 1010 2414 i
1031 2392 1063 2419 et
1087 2397 1124 2418 ex
1155 2387 1258 2419 forma
1291 2385 1549 2418 investitutarum
1576 2395 1635 2428 per
1664 2385 1770 2417 bonae

250 2438 414 2478 districtis,
440 2437 629 2480 albergariis
657 2442 688 2469 et
712 2437 891 2477 cavalcatis,
918 2448 989 2470 suc-
1030 2439 1207 2473 memoriae
1233 2439 1466 2472 illustrissimos
1487 2446 1517 2472 et
1542 2437 1772 2471 reverendissi-

250 2492 406 2532 cursibus,
433 2491 601 2530 advocatis,
629 2490 822 2523 exercitibus
847 2491 878 2523 in
910 2501 987 2533 pace
1030 2503 1100 2525 mos
1115 2491 1380 2535 archiepiscopos
1393 2491 1607 2524 Tanrinenses
1624 2495 1771 2523 anteces-

249 2551 281 2578 et
306 2546 441 2587 guerra,
467 2544 580 2588 poenis
610 2549 640 2576 et
676 2543 802 2576 mulctis
830 2543 921 2576 titulo
948 2544 989 2575 si·
1031 2545 1159 2577 sorihus
1176 2545 1251 2577 dicti
1274 2545 1535 2577 excellentissimi
1555 2543 1675 2576 domini
1691 2553 1770 2574 niar-

287 2609 296 2633 1
321 2606 370 2633 Ed.
387 2606 466 2633 Main.
484 2605 548 2641 legit
564 2606 676 2640 nzayztstt
691 2615 703 2633 r
720 2612 755 2639 tn.
773 2607 825 2640 vr.).
1031 2597 1157 2631 chionis
1175 2597 1318 2641 Philippi
1336 2597 1498 2631 Ssondrati
1513 2597 1551 2630 de
1567 2596 1651 2629 dicto
1671 2596 1767 2628 feudo

337 2660 414 2686 Ball.
437 2660 519 2686 Rom.
541 2673 574 2679 -
600 2659 656 2687 Vol.
679 2658 771 2687 A'VJI.
915 2659 948 2687 03
