2247 3208
206 247 257 272 An.
277 244 304 271 c.
330 244 395 270 16118
441 234 505 267 690

233 358 330 379 Defectus
341 363 388 383 sup·

206 386 255 411 pict.

400 290 595 334 apostolicae
617 287 774 320 firmitatis
798 287 870 324 vim,
897 285 995 317 robur
1013 288 1044 315 et
1068 282 1133 315 effi-

401 345 521 377 caciam
536 341 748 382 adiungimus,
766 350 801 371 ac
816 348 928 371 omnes
943 342 974 369 et
988 337 1132 377 singulos

400 403 463 429 tam
497 395 571 426 iuris
606 403 702 436 quam
735 391 806 424 sacti
836 396 868 423 et
894 388 1134 422 solemnitatum

401 456 696 491 quarumcumque,
723 455 759 476 ex
792 443 871 476 iuris
896 441 1078 474 communis
1104 445 1135 473 et

401 499 664 533 constitutionum
679 494 929 539 apostolicarum
948 499 980 526 et
994 494 1135 526 decreto-

400 563 470 584 rum
499 551 594 583 etiam
627 549 836 581 cameralium
870 552 901 580 et
929 546 1136 579 consistoria-

400 605 489 644 lium,
512 613 638 635 necnon
657 601 759 640 Urbis,
779 600 979 642 aliorumque
1002 604 1136 631 statuto-

401 668 471 689 rum
486 655 679 699 quorumvis,
694 653 790 686 etiam
813 653 1006 692 iuramento,
1021 651 1136 684 contir-

400 710 540 743 matione
563 707 749 750 apostolica,
773 707 823 739 vel
849 705 960 748 quavis
985 705 1135 737 firmitate

401 762 462 795 alia
475 758 727 799 roboratm’um',
744 768 920 800 eorumque
939 757 1137 790 resormatio-

401 825 479 848 num
498 819 529 846 et
552 824 709 846 novarum
734 811 945 850 additionum,
970 821 1086 842 usuum
1107 814 1137 842 et

403 866 674 900 consuetudinum
708 864 803 897 ctiam
833 862 1137 896 immemorabilium

404 918 612 962 praescripto,
631 927 685 949 seu
701 917 739 949 de
754 917 849 959 stylo,
866 920 920 947 aut
933 915 1011 947 alias
1026 915 1138 958 quovis

403 972 500 1003 modo
526 971 558 1002 111
583 969 741 1002 similibus
767 968 863 1001 etiam
882 969 920 1000 de
947 967 1137 1000 necessitate

405 1023 691 1061 observandarum,
710 1027 742 1054 ct
758 1021 838 1053 alios
854 1020 1026 1063 quoslibet,
1041 1019 1138 1052 etiam

405 1075 608 1119 quantumvis
622 1085 763 1116 magnos,
781 1074 931 1106 formales
947 1077 979 1104 ct
996 1072 1139 1104 substan-

406 1130 496 1162 tiales
522 1139 558 1161 ac
582 1127 815 1169 inexcogitatos
849 1131 880 1158 et
912 1124 1139 1167 inexcogitabi-

405 1183 452 1215 les
480 1182 638 1220 desectus,
665 1180 691 1212 si
718 1180 771 1222 qui
804 1179 836 1211 111
871 1178 1055 1222 praemissis
1089 1178 1139 1210 vel

405 1245 516 1267 eorum
534 1233 640 1276 aliquo
660 1232 881 1275 principaliter
894 1233 942 1264 vel
959 1231 1139 1264 accessorie

406 1287 637 1320 antecedenter
662 1287 711 1318 vel
737 1290 974 1327 conseguenter
994 1289 1048 1316 aut
1065 1294 1141 1316 con-

406 1340 597 1372 comitanter
626 1349 682 1371 seu
713 1339 790 1371 alias
817 1337 1062 1381 quomodolibet
1094 1337 1141 1369 in-

407 1392 616 1431 tervenerint,
642 1393 693 1424 vel
719 1390 934 1423 intervenisse
956 1389 1038 1429 dici,
1066 1400 1141 1422 cen—

407 1445 491 1483 seri,
527 1444 663 1486 intelligi
700 1445 750 1476 vel
790 1442 958 1486 praetendi
999 1453 1140 1485 unquam

407 1503 552 1541 possent,
573 1497 759 1540 plenissime
785 1501 817 1528 et
845 1494 1040 1537 amplissime
1069 1505 1142 1538 sup-

408 1553 540 1594 plemus,
568 1561 603 1582 ac
629 1560 792 1588 sanamus,
812 1553 844 1580 et
863 1548 993 1591 penitus
1020 1553 1052 1580 et
1077 1558 1142 1580 om-

408 1603 484 1635 nino
511 1602 660 1641 tollimus,
682 1601 870 1644 perimimus
897 1606 929 1633 et
945 1600 1122 1632 abolemus.

453 1657 466 1698 g
491 1656 522 1689 3.
550 1656 722 1688 Praeterea
748 1658 944 1687 memoratos
963 1653 1143 1685 cardinales

236 1703 252 1741 i<
290 1703 310 1713 ''
336 1703 344 1712 ι’
358 1702 486 1742 ὟΪ111011
511 1708 641 1750 collegii
667 1712 889 1751 protectores,
916 1717 1002 1739 nunc
1026 1711 1059 1739 et
1086 1717 1143 1749 pro

300 1755 554 1805 .‘'','1;3it-tempo1·e
581 1762 852 1804 quandocumque
878 1760 1061 1799 existentes,
1081 1770 1144 1792 0111-

373 1807 388 1819 ,,

408 1826 482 1847 116111
501 1814 773 1857 superioritatem,
799 1822 994 1855 omnemque
1014 1811 1144 1844 iurisdi-

408 1868 558 1907 etionem,
579 1866 634 1906 eis,
661 1866 743 1898 sicut
767 1864 996 1908 praemittitur,
1015 1874 1144 1896 conces-

407 1931 475 1953 sam
495 1925 524 1952 et
539 1919 733 1958 attributam,
751 1919 782 1951 in
796 1917 961 1961 quibusvis
980 1916 1093 1957 causis,
1111 1916 1144 1949 li-

408 1973 492 2005 tibus·
507 1978 538 2005 et
556 1971 784 2005 controversiis
803 1976 866 2003 tam
884 1970 1031 2003 civilibus
1050 1981 1144 2013 quam

409 2026 640 2065 criminalibus,
658 2025 754 2057 meris
775 2030 805 2057 et
826 2024 942 2064 mixtis,
960 2024 1057 2056 etiam
1082 2024 1145 2066 pri—

410 2079 510 2111 vative
528 2079 633 2122 quoad
659 2089 772 2110 omncs
797 2082 828 2110 et
851 2077 997 2119 singulos
1022 2076 1144 2109 iudices

411 2132 627 2175 supradictos,
656 2137 688 2163 et
711 2131 789 2164 alias
815 2131 848 2162 in
873 2129 1021 2162 omuibus
1041 2135 1073 2162 et
1088 2140 1146 2172 per

410 2185 517 2218 onmia
542 2191 637 2227 prout
654 2185 685 2216 in
700 2183 910 2227 praeinsertis
929 2183 1075 2225 Gregorii
1097 2183 1146 2215 XV

409 2237 667 2281 praedecessoris
682 2246 867 2278 expressum
886 2241 942 2276 est,
958 2236 1041 2268 circa
1059 2236 1089 2268 S.
1108 2237 1147 2267 A·
1167 2236 1169 2243 ’

411 2290 581 2333 pollinaris
608 2290 646 2322 de
680 2289 763 2322 Urbe
795 2296 827 2322 et
857 2290 999 2321 ruralem
1030 2288 1059 2321 S.
1085 2289 1147 2321 Ma-

410 2343 475 2375 riae
518 2344 550 2375 in
587 2343 720 2375 Celsano
768 2342 953 2376 Portuensis
988 2342 1146 2375 dioecesis

413 2395 580 2435 ecclesias,
607 2406 643 2428 ac
669 2395 717 2428 Ss.
745 2395 844 2428 Sabae
871 2400 902 2427 et
926 2395 1072 2427 Andreae
1093 2394 1148 2427 Ur-

412 2450 472 2490 bis,
501 2449 577 2481 olim
603 2449 872 2489 Cisterciensium,
892 2449 922 2482 S.
943 2448 1028 2481 Petri
1049 2447 1147 2481 Laudi

412 2501 529 2535 veteris
556 2502 743 2543 Laudein.',
768 2507 800 2535 et
823 2502 854 2535 S.
882 2501 1061 2535 Cliristinae
1085 2512 1149 2534 mo-

450 2574 461 2599 1
484 2572 550 2599 Male
565 2571 629 2598 edit.
647 2572 725 2599 Main.
742 2572 805 2606 legit
819 2572 962 2600 roboratis
978 2572 1016 2605 (a.
1032 2571 1081 2606 ⁶12).

447 2617 462 2644 2
476 2616 516 2644 lta
532 2617 598 2645 edit.
615 2616 706 2651 Main.;
723 2616 786 2654 quid
801 2617 836 2643 sit
850 2617 940 2644 nescio
955 2616 1053 2657 (rigi.)-

1165 2179 1169 2233 i

1167 2357 1170 2370 t

1168 2416 1170 2430 t

982 236 1161 260 BULLARIUM
1185 234 1336 258 ROMANUM

1177 281 1318 314 nasteria
1355 280 1386 313 S.
1428 280 1592 313 Benedicti
1613 307 1620 319 ,
1662 278 1910 312 Mediolanensis

1177 334 1244 366 sive
1268 333 1435 376 Papiensis
1461 343 1515 365 seu
1536 333 1655 366 nullius
1680 332 1847 372 dioecesis,
1875 343 1911 364 ac

1178 386 1338 419 abbatiam
1370 386 1549 418 secularem
1585 385 1649 417 sive
1677 385 1911 418 monasterium

1178 439 1208 471 S.
1236 439 1344 471 Crucis
1368 437 1478 470 Fontis
1503 438 1675 469 Avellanae
1707 437 1849 469 eiusdem
1878 437 1909 469 S.

1180 491 1343 524 Benedicti
1368 489 1630 533 congregationis
1656 489 1765 521 Fontis
1790 490 1913 522 Avella-

1178 556 1237 578 nae
1253 572 1260 585 ‚
1288 544 1408 577 nullius
1433 554 1486 576 seu
1512 542 1701 584 Eugubinae
1730 542 1886 575 dioecesis
1903 570 1910 583 ‚

1179 603 1211 630 et
1235 596 1467 630 monasterium
1500 595 1531 628 S.
1563 594 1719 638 Stephani
1745 594 1774 626 in
1803 600 1912 627 monte

1180 651 1286 685 Caelio
1313 650 1427 691 Urbis,
1460 650 1491 683 S.
1519 649 1607 683 Pauli
1641 649 1733 692 primi
1759 649 1912 682 eremitae

1180 704 1334 737 Ordinum
1347 702 1536 746 respective,
1552 712 1732 744 eorumque
1747 701 1911 741 ecclesias,

1180 758 1355 799 cappellam,
1382 755 1602 798 cappellanias
1627 760 1658 787 et
1681 754 1852 793 beneficia,
1879 764 1914 786 ae

1181 809 1335 848 membra,
1361 807 1613 851 dependentias,
1639 807 1741 845 bona,
1763 806 1912 849 praedia,

1181 861 1335 901 redditus,
1360 866 1544 904 proventus,
1560 860 1639 901 iura,
1658 859 1869 893 obventiones
1883 863 1915 892 et

1182 914 1399 947 emolumenta
1424 923 1644 956 quaecumque
1671 912 1758 945 dicto
1775 911 1915 954 collegio

1182 967 1302 999 dudum
1335 965 1512 1008 apostolica
1543 966 1730 997 auctoritate
1759 969 1914 1007 perpetuo

1181 1019 1280 1059 unita,
1308 1028 1431 1050 annexa
1456 1023 1488 1050 et
1512 1018 1729 1059 incorporata,
1757 1022 1789 1049 et
1812 1017 1851 1049 ab
1877 1027 1915 1049 eo

1183 1071 1430 1115 quomodolibet
1454 1069 1693 1113 dependentia,
1729 1080 1764 1102 ac
1796 1069 1828 1101 in
1854 1069 1916 1102 alia

1183 1134 1404 1168 quaecumque
1430 1123 1634 1163 monasteria,
1659 1122 1838 1166 prioratus,
1866 1133 1917 1156 60-

1183 1178 1298 1211 clesias
1324 1182 1356 1210 et
1380 1176 1554 1216 beneficia,
1581 1187 1663 1219 quae
1688 1176 1793 1227 eidem
1818 1177 1918 1209 colle-

1184 1230 1236 1273 gio
1260 1229 1331 1273 pari
1355 1228 1545 1262 auctoritate
1563 1228 1595 1260 in
1613 1229 1756 1260 futurum
1775 1229 1919 1272 quando-

1184 1293 1322 1325 cumque
1355 1281 1461 1322 uniri,
1499 1281 1624 1314 annecti
1654 1286 1686 1314 et
1716 1281 1918 1324 incorporari

1185 1335 1372 1378 contigerit,
1399 1345 1576 1377 eorumque
1600 1334 1777 1377 respective
1809 1345 1920 1377 perso-

1185 1398 1251 1428 nas,
1278 1387 1483 1430 presbyteros
1499 1413 1506 1426 ‚
1533 1387 1756 1429 cappellan0s‚
1783 1386 1918 1419 vicarios

1185 1446 1216 1474 et
1239 1440 1405 1473 ministros
1432 1439 1615 1482 quoslibet,
1647 1439 1749 1471 libere
1781 1450 1817 1471 ac
1849 1439 1919 1472 sine

1185 1494 1252 1526 ullo
1278 1503 1411 1536 prorsus
1435 1491 1666 1534 impedimento
1692 1502 1856 1531 exercere,
1874 1502 1920 1525 66-

1187 1542 1317 1589 teraque
1342 1545 1449 1578 omnia
1474 1545 1519 1577 eis
1544 1555 1604 1587 per
1629 1544 1846 1587 praeinsertas
1872 1544 1920 1578 lit-

1187 1604 1272 1632 teras
1298 1597 1408 1641 quovis
1442 1598 1538 1630 modo
1571 1607 1727 1629 concessa
1758 1597 1864 1630 facere
1890 1603 1922 1630 et

1186 1650 1300 1694 exequi
1326 1661 1420 1693 posse
1446 1661 1481 1682 ac
1505 1649 1635 1689 debere,
1661 1655 1761 1690 motu,
1788 1648 1921 1682 scientia

1187 1710 1219 1737 et
1247 1704 1417 1748 potestatis
1447 1702 1648 1746 plenitudine
1685 1702 1838 1746 paribus,
1869 1703 1922 1736 de-

1187 1757 1348 1790 cernimus
1374 1762 1405 1789 et
1429 1757 1646 1789 declaramus.

1231 1809 1289 1853 gli.
1316 1810 1537 1842 Decernentes
1550 1809 1672 1852 pariter
1688 1809 1817 1841 easdem
1835 1819 1920 1851 prae-

1186 1869 1295 1897 sentes
1320 1863 1442 1896 litteras
1466 1868 1497 1895 61
1520 1862 1553 1894 in
1579 1862 1625 1895 eis
1651 1867 1804 1895 contenta
1823 1872 1922 1905 quae-

1187 1927 1333 1959 cumque,
1361 1915 1456 1948 ctiam
1481 1926 1518 1948 ex
1544 1925 1582 1948 eo
1613 1915 1696 1958 quod
1727 1914 1922 1958 quicumque

1165 1994 1167 2002 .
1187 1969 1219 2001 in
1240 1968 1424 2012 praemissis
1441 1967 1598 2000 interesse
1617 1967 1775 2000 habentes
1794 1978 1852 2000 seu
1869 1967 1925 2000 ha-

1187 2023 1265 2055 bere
1287 2021 1531 2065 quomodolibet
1546 2020 1807 2064 praetendentes,
1822 2020 1925 2053 cuius-

1187 2076 1233 2108 vis
1259 2080 1373 2115 status,
1400 2075 1525 2117 gradus,
1547 2073 1680 2114 ordinis,
1702 2073 1924 2116 praeeminen-

1189 2129 1249 2162 tiae
1275 2134 1306 2162 et
1330 2127 1506 2170 dignitatis,
1533 2137 1589 2159 seu
1614 2127 1692 2158 alias
1715 2125 1867 2169 specifica
1891 2130 1923 2158 et

1189 2181 1353 2214 individua
1377 2179 1541 2212 mentione
1563 2184 1594 2212 et
1610 2178 1819 2222 expressione
1835 2178 1924 2220 digni

1190 2235 1338 2274 existant,
1363 2234 1426 2267 illis
1451 2244 1517 2266 non
1542 2232 1777 2272 consenserint,
1803 2241 1863 2264 nec
1884 2231 1924 2264 ad

1191 2299 1228 2320 ca
1253 2287 1375 2327 vocati,
1408 2286 1494 2320 citati
1521 2290 1552 2318 et
1576 2285 1689 2325 auditi,
1716 2294 1772 2317 seu
1798 2295 1924 2322 causae,

1190 2346 1324 2384 propter
1349 2349 1425 2383 quas
1458 2339 1546 2382 ipsae
1578 2338 1766 2381 praesentes
1800 2347 1926 2370 emana-

1191 2393 1263 2433 rint,
1290 2393 1454 2432 adductae,
1482 2391 1663 2424 verisicatae
1682 2396 1714 2423 et
1737 2390 1925 2423 iustificatae

1191 2448 1351 2480 ullatenus
1378 2445 1519 2484 suerint,
1544 2449 1599 2477 aut
1625 2455 1663 2477 ex
1687 2443 1749 2476 alia
1775 2453 1926 2486 quaeum-

1193 2511 1254 2544 que
1279 2499 1480 2542 quantumvis
1506 2498 1602 2538 iusta,
1627 2497 1695 2540 pia,
1727 2495 1871 2538 legitima
1896 2500 1928 2528 et

1192 2553 1392 2598 privilegiata
1416 2554 1525 2591 causa,
1553 2552 1675 2591 colore,
1701 2554 1869 2593 praetextu
1895 2554 1927 2582 et

1192 2606 1312 2651 capite,
1339 2605 1433 2639 etiam
1458 2605 1491 2638 in
1522 2614 1655 2649 corpore
1687 2602 1765 2636 iuris
1797 2603 1925 2644 clauso,

1922 230 1971 255 An.
1987 228 2015 255 C.
2038 228 2104 255 1568

1958 1817 2070 1839 Dect-ctum
2088 1818 2115 1838 ir·

1932 1847 2005 1866 vitans.
