2247 3208
207 194 260 220 An,
279 196 306 221 c.
326 195 392 223 1665
438 186 501 220 386

243 2261 337 2283 Absolvit
352 2265 400 2280 ora-

214 2289 282 2308 torem
297 2294 310 2308 a
326 2293 399 2308 cousu-

215 2321 252 2336 rii.

399 245 549 280 modum,
575 244 740 276 videlicet:
768 246 801 274 ut
825 241 855 274 S.
883 241 1045 273 Eustachii
1072 240 1131 273 Bo-

398 296 567 330 noniensis
592 295 715 337 viginti,
741 296 779 328 de
806 294 993 327 Mascarella
1018 293 1130 326 itidem

399 348 611 382 Bononiensis
630 353 777 390 quatuor,
798 346 829 379 S.
849 346 1036 389 Hieronymi
1056 346 1132 378 Fer-

398 400 550 433 rariensis
574 400 777 442 quindecim,
808 399 839 431 S.
864 399 981 432 Mariae
1007 398 1133 441 Magda-

398 455 490 486 lenae
508 451 703 484 Faventinus
722 451 800 492 tria,
822 451 874 483 SS.
892 450 1058 483 Trinitatis
1076 450 1133 483 t'r-

398 505 578 538 binatensis
597 505 666 543 tria,
685 504 716 536 S.
737 504 852 537 Mariae
870 503 956 536 della
973 503 1133 536 Pctlomba

401 558 611 590 Viterbiensis
637 557 707 597 tria,
728 556 758 589 S.
780 556 907 589 loannis
924 556 1132 588 Florentinus

400 611 555 654 quinque⁷
583 610 613 642 S.
645 609 832 652 Hieronymi
861 609 1014 642 Senensis
1044 609 1135 652 quin—

400 675 476 707 que,
503 663 534 695 S.
562 662 750 705 Hieronymi
775 661 969 694 Pistorensis
996 666 1132 704 septem,

400 717 431 750 S.
451 716 637 758 Hieronymi
653 715 851 747 Lucanensis
865 714 987 757 viginti,
1014 714 1044 746 S.
1065 714 1134 747 Hie-

400 769 526 812 ronymi
551 768 684 800 Pisanus
703 778 776 807 sex,
794 767 824 800 S.
845 767 961 800 Mariae
988 767 1026 799 de
1052 767 1135 799 Mon-

401 828 514 855 tenero
540 832 639 863 super
663 821 837 853 Liburnum
863 820 1066 863 quindecim,
1101 820 1132 853 S.

400 875 516 908 Mariae
543 875 582 906 de
607 874 763 906 Sambuea
789 874 943 916 quinque,
961 873 991 906 S.
1019 873 1135 905 Mariae

402 928 582 960 Gratiarum
610 927 811 959 Arctinensis
838 926 921 965 tria,
955 926 986 958 S.
1025 926 1137 959 Hiero-

403 980 488 1023 nymi
514 978 764 1011 illediolanensis
791 978 914 1020 viginti,
940 978 971 1011 S.
1006 978 1137 1011 Antonii

402 1032 570 1076 papiensis
597 1037 755 1074 quatuor,
788 1031 818 1063 S.
852 1031 937 1063 Petri
963 1031 1138 1063 Laudensis

403 1091 551 1129 quatuor,
564 1084 594 1116 S.
612 1084 800 1127 Hieronymi
816 1084 1052 1116 Alexandrinus
1066 1094 1138 1126 qua-

402 1143 486 1176 tuor,
512 1138 542 1170 S.
570 1136 809 1169 Bartholomaei
834 1136 1037 1169 Placentinus
1062 1147 1139 1179 qua-

402 1197 492 1230 tuor,
521 1191 551 1223 S.
579 1190 744 1223 Benedicti
770 1190 952 1223 Parmensis
979 1195 1136 1233 quatuor,

402 1244 433 1277 S.
463 1244 574 1276 Hilarii
600 1243 829 1276 Cremonensis
860 1253 932 1281 sex,
965 1242 995 1275 S.
1023 1242 1138 1276 Mariae

403 1297 435 1329 in
460 1298 557 1329 Portu
581 1296 817 1328 Mantuanensis
843 1300 997 1339 quatuor,
1024 1295 1054 1328 S.
1076 1296 1140 1329 Eli-

403 1350 559 1382 sabethae
585 1349 791 1381 Venetiarum
823 1349 956 1387 decem,
987 1348 1140 1391 Corporis

402 1402 527 1435 Domini
542 1401 718 1434 Brixiensis
732 1401 887 1444 quinque,
903 1401 934 1434 S.
951 1401 1139 1445 Hieronymi

405 1454 640 1488 Tarvisinensis
659 1459 794 1497 septem,
816 1454 846 1486 S.
867 1454 1005 1497 Spiritus
1020 1455 1141 1487 Padua-

405 1520 464 1541 nus
491 1514 638 1551 quatuor,
660 1507 691 1540 S.
712 1508 951 1540 Barlliolomaei
978 1508 1009 1540 in
1034 1508 1140 1541 Monte

404 1561 602 1594 Veronensis
621 1566 769 1603 quatuor,
788 1565 819 1592 et
836 1560 866 1593 S.
888 1560 1074 1604 Hieronymi
1091 1561 1141 1593 vi-

406 1615 565 1655 centinus,
577 1619 752 1646 conventus
769 1613 953 1656 praedictae
968 1624 1142 1657 congrega-

407 1669 512 1707 tionis,
541 1679 594 1700 sex
620 1672 711 1700 scuta
732 1671 880 1699 monetae
901 1667 1074 1710 quotannis
1095 1678 1144 1700 re-

407 1721 551 1764 spective
577 1725 743 1762 praestare
770 1724 958 1759 tcneantur3
992 1719 1142 1762 imposita

408 1773 633 1817 superioribus
643 1777 859 1806 conventuum
873 1772 1072 1812 huiusmodi,
1089 1773 1142 1816 qui

406 1832 491 1859 ratas
517 1826 619 1858 dictae
647 1831 735 1857 taxac
762 1835 830 1857 sese
856 1825 1081 1867 contingentes
1099 1836 1143 1858 re-

407 1879 549 1922 spective
576 1878 668 1910 annis
695 1877 830 1919 singulis
857 1888 917 1920 per
942 1882 1043 1910 totum
1059 1888 1144 1910 men-

406 1943 473 1965 sem
497 1931 614 1964 maium
640 1930 679 1963 ad
708 1935 922 1962 memoratum
950 1936 1144 1964 conventum

407 1986 456 2019 Ss.
484 1984 611 2018 Ioannis
637 1989 669 2016 et
692 1983 780 2016 Pauli
804 1983 842 2015 de
860 1983 944 2016 Urbe
959 1994 1024 2016 non
1042 1989 1145 2025 trans-

408 2038 568 2077 miserint⁷
596 2038 702 2080 poena
726 2036 948 2079 suspensionis
974 2037 1013 2070 ab
1039 2036 1144 2071 officio

408 2102 443 2124 ac
469 2102 485 2123 a
510 2101 588 2123 voce
615 2090 720 2122 activa
744 2093 775 2121 et
799 2089 926 2132 passiva
950 2089 982 2121 in
1001 2089 1096 2122 dietis
1115 2096 1146 2123 et

409 2144 558 2187 capitulis
595 2142 800 2185 generalibus
832 2142 935 2174 dietae
969 2153 1145 2186 congrega-

410 2197 506 2229 tionis
533 2197 605 2239 ipso
632 2196 715 2228 sacto
742 2195 950 2228 incurrendi«.

455 2251 469 2292 g
494 2249 525 2281 02.
553 2249 629 2282 Cum
656 2253 774 2288 autem,
802 2247 884 2280 sicut
908 2248 1022 2281 eadem
1049 2259 1146 2292 expo-

411 2303 483 2335 sitio
509 2302 747 2344 subiungcbat,
785 2301 967 2344 praedictus
998 2302 1146 2344 superior

411 2355 573 2398 generalis
606 2354 803 2396 praemissa,
831 2364 891 2396 pro
917 2352 1049 2386 firmiori
1075 2354 1146 2386 illo-

411 2419 482 2440 rum
509 2406 732 2447 subsistentia,
754 2406 951 2449 apostolicae
976 2405 1146 2439 confirma-

411 2461 509 2493 tionis
523 2465 650 2492 nostrae
664 2460 784 2491 robore
799 2458 991 2491 communiri
1006 2469 1147 2492 summo-

413 2524 491 2558 pere
514 2512 693 2544 desideret:
716 2522 783 2549 nos,
810 2512 915 2554 ipsum
941 2512 1144 2554 superiorem

414 2566 600 2610 generalem
626 2564 821 2607 sl‘iecialibus
846 2565 1007 2598 favoribus
1026 2571 1057 2598 et
1074 2576 1145 2609 gra-

978 193 1156 218 ni'LLAIiiUM
1180 193 1329 217 ROMANLM

1917 191 1964 218 An.
1983 191 2000 216 C
2033 192 2099 219 tf65

1172 239 1224 271 tiis
1249 240 1406 283 prosequi
1431 241 1600 281 volentes,
1629 246 1661 274 et
1690 253 1707 274 a
1740 240 1906 284 quibusvis

1174 292 1525 333 excommunicationis,
1552 293 1778 336 suspensionis
1808 298 1840 326 et
1860 293 1906 326 in-

1174 343 1311 384 terdicti,
1330 344 1463 387 aliisque
1482 345 1708 378 ecclesiasticis
1724 345 1905 385 sententiis,

1174 397 1319 429 censuris
1345 401 1377 429 et
1400 397 1534 440 poenis,
1568 408 1586 430 a
1618 397 1686 430 iure
1711 399 1760 430 vel
1785 398 1824 429 ab
1850 398 1907 430 ho-

1174 449 1271 489 mine,
1296 449 1408 492 quavis
1433 449 1603 482 occasione
1629 450 1679 482 vel
1704 451 1799 482 cansa
1825 449 1905 489 latis,

1175 501 1201 533 si
1227 502 1344 545 quibus
1368 502 1612 545 quomodolibet
1640 502 1813 535 innodatus
1844 503 1908 535 exi-

1176 554 1239 595 stit,
1265 555 1304 588 ad
1321 554 1470 588 effectum
1494 555 1716 598 praesentium
1745 556 1909 588 dumtaxat

1176 609 1449 651 consequendum,
1473 609 1588 641 barum
1606 609 1688 641 serie
1707 609 1909 642 absolventes

1177 666 1209 694 et
1232 661 1412 693 absolutum
1438 662 1507 694 sore
1533 666 1724 701 censentes,
1752 662 1911 705 supplica-

1178 713 1320 746 tionibus
1346 714 1413 746 eius
1438 714 1569 747 nomine
1600 714 1694 747 nobis
1727 725 1824 758 super
1848 715 1910 747 hoc

1178 767 1342 800 humiliter
1366 767 1521 810 porrectis
1545 766 1703 807 inclinati,

1222 819 1292 862 §3
1330 819 1570 862 Impositionem
1602 825 1692 852 taxae
1728 819 1909 862 praedictae
1948 831 2057 851 c00nrm21
2074 833 2104 849 ¹:1-

1178 883 1275 916 super
1299 873 1510 905 conventibus
1528 873 1631 905 dictae
1652 859 2056 915 congregationisFssl't'lffl‘Tffl*
2084 863 2104 877 ¹¹¹

1179 937 1236 969 pro
1260 925 1492 959 sustentatione
1510 926 1676 958 memorati
1694 926 1912 968 procuratoris

1180 978 1340 1021 generalis
1366 988 1402 1010 ac
1427 988 1551 1020 poenae
1573 978 1756 1010 huiusmodi
1781 989 1799 1010 a
1823 988 1914 1020 prae-

1180 1030 1263 1062 dicta
1287 1030 1370 1063 dieta
1397 1030 1519 1069 saetam,
1535 1034 1571 1061 ut
1588 1030 1780 1072 praefertur,
1807 1036 1915 1063 aucto-

1180 1083 1273 1116 ritate
1309 1082 1506 1126 apostolica,
1535 1087 1645 1115 tenore
1677 1083 1914 1125 praesentium,

1181 1135 1405 1169 confirmamus
1430 1140 1461 1168 et
1486 1134 1714 1178 approbamus,
1735 1134 1847 1178 illique
1871 1135 1917 1167 in-

1179 1189 1340 1222 violabilis
1380 1188 1577 1232 apostolicae
1612 1187 1771 1221 firmitatis
1815 1188 1916 1221 robur

1182 1241 1368 1281 adiit-imus,
1402 1252 1439 1274 ac
1475 1251 1587 1274 omnes
1611 1245 1643 1275 et
1667 1240 1811 1284 singulos
1836 1240 1916 1273 iuris

1181 1299 1213 1327 et
1238 1295 1309 1327 sacti
1335 1295 1495 1334 desectus,
1530 1294 1555 1326 si
1587 1294 1640 1337 qui
1673 1294 1812 1337 desuper
1836 1305 1915 1338 quo-

1181 1348 1359 1381 modolibet
1381 1347 1625 1388 intervenerint,
1652 1348 1851 1391 supplemus.

1225 1402 1240 1445 g
1264 1401 1295 1433 4.
1322 1401 1541 1433 Decernentes
1568 1401 1698 1433 easdem
1723 1405 1914 1444 praesentes
1939 1409 2110 1440 *net-remmit-

1183 1454 1307 1487 litteras
1331 1454 1447 1493 sirmas,
1474 1453 1596 1486 validas
1621 1458 1653 1486 et
1681 1454 1826 1486 efficaces
1854 1439 2001 1486 exi-‘¹²³m'

1183 1512 1269 1540 stere
1288 1511 1320 1540 et
1341 1507 1418 1547 sore,
1440 1516 1581 1549 suosque
1607 1506 1772 1550 plenarios
1790 1512 1822 1539 et
1838 1506 1919 1539 inte-

1183 1570 1259 1602 gros
1284 1558 1416 1592 effectus
1440 1558 1548 1592 sortiri
1575 1563 1607 1592 et
1631 1559 1791 1599 obtinere,
1818 1569 1854 1591 ac
1878 1559 1918 1592 ab

1184 1613 1259 1653 illis,
1285 1613 1324 1646 ad
1357 1623 1437 1656 quos
1469 1617 1595 1655 spectat
1625 1618 1657 1645 et
1687 1623 1747 1656 pro
1773 1617 1920 1655 tempore

1185 1666 1451 1709 quandocumque
1477 1664 1655 1708 spectabit,
1686 1665 1921 1698 inviolabiliter

1185 1719 1363 1759 observari,
1388 1724 1420 1752 et
1444 1718 1507 1751 illis
1531 1718 1711 1761 respective
1733 1718 1920 1762 plenissime

1185 1771 1353 1814 suffragari
1374 1799 1381 1812 ,
1419 1771 1529 1815 sieque
1566 1771 1599 1804 in
1635 1771 1825 1815 praemissis
1862 1782 1922 1814 per

1186 1835 1408 1869 quoscumque
1442 1824 1567 1858 iudices
1593 1824 1775 1858 ordinarios
1804 1829 1837 1858 et
1868 1825 1923 1857 de-

1186 1879 1322 1921 legatos,
1343 1878 1440 1910 etiam
1465 1888 1631 1910 causarum
1656 1877 1767 1921 palatii
1792 1882 1921 1920 aposto-

1186 1931 1238 1963 lici
1271 1931 1458 1969 auditores,
1489 1930 1623 1963 iudicari
1648 1936 1681 1963 et
1709 1929 1837 1963 definiri
1870 1930 1925 1963 de-

1187 1985 1278 2025 bere,
1297 1994 1332 2016 ae
1347 1983 1472 2016 irritum
1498 1988 1531 2015 et
1554 1983 1650 2016 inane
1672 1983 1697 2016 si
1714 1993 1806 2016 secus
1827 1993 1926 2026 super

1188 2037 1238 2069 his
1279 2048 1296 2069 a
1336 2047 1519 2079 quoquam,
1556 2036 1667 2079 quavis
1710 2035 1921 2074 auctoritate,

1187 2090 1330 2123 scienter
1354 2091 1405 2122 vel
1434 2089 1650 2131 ignoranter,
1677 2088 1853 2131 contigerit
1877 2093 1924 2121 at-

1188 2142 1318 2176 tentari.

1231 2197 1245 2239 ἓ
1271 2195 1301 2228 5.
1329 2195 1396 2228 Non
1418 2194 1619 2228 obstantibus
1636 2194 1921 2228 constitutionibus
1935 2200 2065 2253 &ffatim
2081 2200 2118 2219 du-

1188 2253 1218 2281 et
1243 2247 1501 2281 ordinationibus
1526 2248 1733 2291 apostolicis,
1769 2258 1898 2281 necnon
1914 2274 1921 2288 ,
1997 2243 2002 2248 ”

1188 2306 1347 2345 quatenus
1373 2312 1454 2344 opus
1479 2301 1530 2341 sit,
1563 2301 1666 2333 dictae
1695 2301 1923 2343 congregatio-

1188 2354 1237 2387 nis
1280 2353 1414 2396 eiusque
1453 2358 1671 2386 conventuum
1713 2353 1921 2394 huiusmodi,

1188 2405 1283 2439 etiam
1308 2406 1498 2445 iuramento,
1525 2405 1768 2438 confirmatione
1794 2412 1923 2449 aposto-

1188 2459 1256 2497 lica,
1284 2460 1333 2491 vel
1360 2458 1471 2502 quavis
1489 2457 1638 2491 firmitate
1659 2458 1721 2491 alia
1745 2458 1919 2499 roboratis,

1188 2513 1312 2545 statutis
1346 2517 1377 2545 et
1410 2511 1716 2551 consuetudinibus,
1742 2511 1921 2554 privilegiis

1188 2577 1337 2611 quoque,
1372 2565 1504 2599 indultis
1530 2571 1562 2600 et
1586 2565 1699 2598 litteris
1735 2565 1921 2610 apostolicis
