2247 3208
174 222 226 250 λη.
241 223 271 250 C.
295 223 362 251 ¹568

180 2443 274 2470 Derogai.
289 2449 339 2465 con·

154 2471 234 2492 trariis.

994 220 1136 245 CLEMENS
1161 221 1190 244 IX
1216 221 1262 244 ΡΙ).

368 272 462 305 etiam
488 272 644 312 enormis,
672 271 915 305 enormissimae
942 275 973 303 et
998 270 1104 302 totalis

368 325 528 365 laesionis,
548 326 636 358 nullo
655 335 795 368 nuquam
816 330 958 367 tempore
977 323 1015 355 de
1033 323 1104 355 sub-

366 378 529 420 reptionis
559 379 608 411 vel
638 378 839 421 obreptionis
868 382 923 409 aut
949 375 1103 409 nullitatis

365 430 460 470 vitio,
486 441 541 463 seu
566 431 753 464 intentionis
779 435 909 463 nostrae
942 435 994 461 ant
1022 429 1103 460 inte-

366 493 454 514 resse
481 483 669 516 habentium
695 494 883 521 consensus,
909 482 1011 514 aliove
1029 491 1102 522 qno-

365 535 444 568 libet
460 536 555 568 etiam
571 537 776 579 quantumvis
795 546 910 577 magno
929 540 959 567 et
976 533 1099 566 formali

365 594 396 620 et
421 589 626 621 substantiali
652 590 778 621 defertu
796 587 912 627 notari,
930 587 1101 630 impugna-

365 641 414 680 ri,
451 641 636 682 invalidari,
662 641 811 683 infringi,
846 639 1011 672 retraetari
1028 666 1035 679 ‚
1060 639 1099 671 ad

363 694 518 728 terminos
542 694 619 727 iuris
644 694 765 732 reduci,
784 704 840 725 sen
860 693 1009 725 adversus
1027 692 1098 724 illas

362 747 550 790 aperitionis
566 748 640 788 oris,
652 747 865 780 restitutionis
880 746 911 778 in
927 747 1096 788 integrum,

363 800 489 832 aliudve
515 800 743 843 quodcumque
768 799 856 838 iuris,
874 798 947 831 sacti
965 799 1013 831 vel
1027 809 1099 840 gra-

365 852 427 884 tiae
452 852 630 885 rernedinm
665 851 817 884 intentari
847 852 895 884 vel
920 850 1095 895 impetrari,

362 909 415 936 aut
438 904 618 948 impetrato,
635 916 689 938 sen
714 904 810 937 etiam
835 910 936 944 motu,
964 903 1098 937 scientia

361 962 393 989 et
416 958 586 1000 potestatis
616 957 821 1001 plenitudine
857 957 988 1001 paribus
1022 967 1097 990 con-

360 1020 451 1042 cesso
471 1012 518 1042 vel
538 1016 698 1050 emanato,
720 1010 903 1053 qnempiam
921 1010 952 1042 in
980 1009 1096 1042 iudicio

358 1065 407 1096 vel
433 1070 521 1096 extra
546 1064 625 1097 illud
648 1064 692 1096 uti
707 1074 761 1096 seu
778 1074 811 1096 se
829 1063 936 1095 iuvare
962 1073 1095 1106 quoquo

358 1118 454 1149 modo
480 1128 589 1160 posse,
617 1117 671 1149 sed
698 1117 826 1149 easdem
847 1122 1035 1159 praesentes
1050 1117 1096 1148 lit-

358 1174 441 1201 teras
466 1180 596 1212 semper
619 1169 725 1202 sirmas
742 1196 749 1209 ,
776 1169 914 1209 validas,
949 1169 1093 1201 efficaces

358 1221 496 1254 existere
523 1228 554 1254 et
579 1223 664 1261 sore,
690 1232 831 1264 suosque
865 1222 1033 1264 plenarios
1063 1227 1095 1254 et

358 1274 503 1316 integros
530 1274 663 1307 effectus
689 1274 798 1307 sortiri
821 1280 852 1306 et
877 1274 1039 1314 obtinere,
1059 1285 1094 1306 ae

356 1327 420 1360 illis
437 1355 444 1368 ,
477 1328 515 1359 ad
549 1339 629 1370 qnos
655 1333 773 1370 spectat
800 1333 828 1360 et
855 1338 912 1371 pro
947 1334 1092 1371 tempore

357 1381 624 1424 quandocumque
644 1381 815 1424 spectabit,
836 1381 866 1412 in
887 1381 1038 1413 omnibns
1062 1387 1093 1413 et

354 1443 413 1476 per
438 1434 546 1466 onmia
570 1434 760 1476 plenissime
778 1434 955 1477 sutl'ragari,
983 1435 1090 1477 sicque.

355 1493 383 1519 et
410 1497 474 1520 non
500 1487 592 1520 aliter
616 1487 648 1520 in
674 1487 859 1530 praemissis
886 1488 1034 1520 omnibns
1061 1494 1092 1520 et

354 1540 488 1582 singulis
514 1540 649 1580 censeri,
676 1545 772 1583 atque
792 1540 833 1572 ita
852 1551 910 1582 per
927 1551 1091 1583 quoscum-

355 1603 416 1635 que
427 1592 549 1625 iudices
563 1593 743 1625 ordinarios
761 1598 791 1625 et
806 1593 983 1635 delegatos,
995 1593 1089 1626 etiam

354 1655 524 1677 causarum
548 1645 657 1688 palatii
684 1645 851 1688 apostolici
875 1651 903 1678 et
923 1645 1026 1678 curiae
1046 1656 1091 1678 ea-

355 1709 460 1731 nwrae
476 1698 670 1741 apostolieae¹
687 1699 872 1740 generalem
889 1698 1088 1739 auditorem¹,

354 1761 389 1783 ae
415 1750 445 1783 S.
474 1751 511 1782 R.
539 1751 572 1783 E.
601 1751 784 1793 praedictae
806 1751 1015 1784 eam-aurium
1034 1762 1089 1784 seu

354 1804 642 1846 proeamerarium,
655 1809 685 1835 et
703 1804 782 1835 alios
793 1804 982 1843 cardinales,
994 1804 1089 1836 etiam

355 1857 393 1889 de
416 1859 513 1890 latere
532 1859 664 1900 legatos,
681 1867 808 1889 necnon
831 1857 933 1889 dietae
945 1868 1088 1890 camerae

352 1910 575 1953 praesidentes
602 1910 752 1947 elericos,
780 1910 899 1943 aliosve
926 1910 1090 1953 quoslibet

353 1963 505 1995 officiales
532 1969 564 1996 et
593 1963 777 2002 ministros,
806 1969 971 1995 ceterosve
994 1973 1090 2006 qnos-

352 2026 489 2059 enmque
515 2016 660 2059 qualibet
684 2016 939 2059 praeeminentia
972 2021 1003 2048 et
1033 2026 1089 2058 po-

352 2073 468 2101 testate.
484 2068 653 2111 fungentes
668 2074 699 2101 et
714 2069 892 2107 sancturus,
903 2068 1028 2101 sublata
1042 2069 1087 2101 eis

352 2127 383 2154 et.
408 2132 518 2154 eorum
535 2122 667 2155 cuilibet
685 2122 794 2165 quavis
813 2121 905 2154 aliter
925 2121 1087 2154 iudicandi

351 2179 383 2205 et
407 2174 640 2217 interpretandi
666 2175 816 2207 facultate
840 2179 869 2206 et
885 2175 1087 2213 auctoritate,

352 2226 486 2259 iudicari
507 2233 539 2259 et
563 2226 687 2260 deliniri
708 2227 837 2265 debere,
857 2238 892 2259 atr
911 2227 1035 2259 irritum
1057 2233 1089 2260 et

351 2278 448 2311 inane
482 2279 508 2311 si
541 2290 632 2312 secus
662 2290 758 2322 snper
789 2279 838 2311 his
864 2290 880 2311 a
905 2290 1085 2322 quoquam,

352 2331 464 2374 quavis
490 2332 690 2370 auctoritate,
717 2332 857 2364 scienter
873 2333 922 2364 vel
944 2331 1087 2373 ignoran—

352 2389 411 2423 ter,
432 2383 605 2416 continerit
629 2384 792 2416 attentari.

394 2438 408 2480 ἓ
435 2437 465 2469 5.
494 2437 563 2470 Non
588 2437 799 2476 obstantibus,
826 2444 983 2480 quatenus
1006 2448 1086 2480 opus

352 2491 403 2529 sit,
429 2491 500 2533 piae
518 2490 691 2523 memoriae
713 2490 759 2522 Pii
780 2489 882 2532 Papae
900 2489 935 2521 Π
953 2490 1087 2531 praede-

351 2544 492 2576 cessoris
519 2544 642 2587 pariter
667 2543 767 2576 nostri
795 2543 834 2575 de
866 2543 976 2586 gratiis
1009 2554 1088 2586 qua-

387 2605 398 2630 1
417 2605 486 2632 Edit.
504 2605 581 2632 nain.
598 2605 663 2640 legit
678 2606 824 2632 auditores
844 2609 880 2638 tn.
898 2605 934 2631 Τ.)

928 2632 932 2639 r

1783 209 1841 243 (3¹31

1124 270 1125 275 ’
1149 270 1317 312 leeumqne
1344 268 1499 301 interesse
1525 279 1669 301 camerae
1696 268 1882 311 praedictae

1146 322 1417 355 concernentibus
1453 322 1484 354 in
1515 322 1627 355 eadem
1652 323 1777 354 camera
1802 320 1884 353 intra

1145 380 1269 407 certum
1295 381 1369 407 tune
1405 386 1593 418 expressum
1627 380 1750 418 tempus
1789 385 1883 418 prae-

1122 428 1123 437 *
1145 427 1308 459 sentandis
1334 433 1364 459 et
1389 428 1615 470 registi-andi&
1635 428 1677 460 ita
1694 433 1728 460 nt
1754 428 1881 461 easdem

1145 484 1333 520 praesentes
1351 479 1472 512 litteras
1497 480 1615 512 ibidem
1633 481 1831 523 praesentari
1851 487 1881 512 et

1144 531 1307 573 registrari
1334 542 1495 574 nunquam
1522 542 1653 564 necesse
1673 533 1724 568 sit,
1744 533 1879 575 aliisque

1143 584 1428 617 constitutionibus
1457 591 1489 617 et
1516 586 1776 618 ordinationibus
1804 597 1880 629 apo-

1142 636 1275 675 stolicis,
1292 647 1418 668 necnon
1435 637 1583 669 omnibns
1599 643 1629 670 et
1646 638 1779 680 sing-ntis
1799 649 1879 681 qnae

1142 688 1244 720 dictus
1270 688 1443 731 Gregorius
1479 690 1713 732 praedeeessor
1745 691 1776 722 in
1814 691 1878 722 suis

1140 741 1256 773 litteris
1280 741 1490 784 praeinsertis
1517 743 1615 774 volnit
1641 754 1704 775 non
1724 745 1874 783 obstare;

1140 795 1324 837 ceterisque
1349 795 1517 826 contrariis
1544 795 1812 839 qnilmseumqne.

1184 846 1253 890 gs).
1287 847 1441 880 Volumus
1476 853 1581 881 antem
1620 854 1651 880 ut
1690 850 1876 883 earumdem

1139 901 1356 943 praesentium
1375 901 1557 934 litterarum
1576 903 1800 946 transumptis,
1822 914 1876 935 sen

1139 953 1304 995 exemplis,
1324 953 1419 986 etiam
1438 953 1614 996 impressis,
1630 965 1723 987 mann
1743 955 1877 988 alieuius

1140 1005 1254 1038 notarii
1280 1005 1401 1048 publici
1420 1006 1620 1050 subscriptis,
1641 1013 1671 1039 et
1685 1007 1789 1050 sigillo
1804 1018 1877 1051 per-

1139 1068 1238 1091 sonae
1264 1058 1295 1090 in
1321 1059 1535 1092 ecclesiastiea
1568 1060 1723 1102 dignitate
1757 1061 1876 1093 eonsti-

1139 1117 1224 1144 tutae
1250 1111 1393 1151 munitis,
1419 1113 1531 1145 eadem
1557 1123 1690 1156 prorsus
1708 1113 1786 1146 fides
1809 1114 1876 1146 ubi-

1138 1175 1198 1208 que
1225 1169 1288 1197 tam
1320 1164 1351 1197 in
1385 1165 1504 1198 indicio
1537 1177 1633 1208 qnam
1669 1172 1757 1199 extra
1783 1167 1875 1199 adhi-

1137 1218 1260 1257 beatur,
1280 1216 1368 1261 vquae
1393 1219 1618 1261 praesentibus
1641 1220 1872 1260 adhiberetur,

1137 1269 1163 1301 si
1188 1270 1294 1302 forent
1319 1270 1482 1303 exhibitae
1508 1273 1556 1303 vel
1575 1277 1738 1304 ostensae.

1179 1323 1291 1356 Datum
1313 1324 1443 1361 Romae,
1463 1325 1549 1366 apud
1575 1324 1605 1356 S.
1626 1325 1754 1357 Mariam
1780 1326 1875 1358 Maio-

1135 1388 1212 1417 rem,
1238 1378 1297 1410 sub
1324 1379 1443 1410 annulo
1462 1378 1644 1416 piscatoris,
1664 1378 1714 1411 die
1732 1390 1784 1411 xiv
1803 1379 1872 1411 iulii

1134 1441 1311 1470 noctxvln,
1326 1430 1533 1474 pontificatus
1547 1431 1648 1464 nostri
1664 1443 1749 1464 anno
1765 1443 1798 1464 ιι.

1170 1491 1229 1518 Dat.
1247 1492 1289 1518 die
1307 1493 1339 1519 14
1355 1492 1411 1518 iulii
1432 1493 1507 1525 ¹608,
1526 1492 1620 1527 pontis.
1639 1501 1708 1519 anno
1724 1499 1752 1519 11.

1439 1634 1567 1666 vattt.

1134 1714 1317 1753 Inclullum,
1344 1714 1451 1756 priori
1473 1714 1621 1756 yeneralz'
1644 1715 1783 1757 (rutrum
1805 1715 1867 1748 Or-

1176 1767 1264 1799 dinis
1290 1767 1409 1799 Beatae
1434 1767 1560 1799 Mariae
1585 1767 1622 1799 de
1650 1768 1757 1799 illonlt·
1787 1769 1866 1801 Car-

1176 1820 1258 1852 melo
1283 1830 1481 1858 concessum,
1513 1820 1698 1862 conferendi
1723 1821 1870 1853 lauream

1176 1872 1358 1904 domm—atus
1374 1874 1408 1904 in
1421 1873 1555 1915 rollesyio
1570 1872 1601 1905 S.
1612 1873 1737 1904 illarz'ae
1756 1873 1870 1904 Trans-

1173 1927 1330 1968 paulinae
1362 1925 1399 1957 tle
1426 1925 1505 1957 Urbe
1543 1926 1701 1967 fratribus
1726 1925 1869 1957 eiusdem

1177 1977 1312 2011 Ordinis
1347 1979 1406 2021 qui
1442 1979 1537 2012 tilulo
1574 1979 1758 2021 magisterii
1792 1984 1868 2010 „stent

1175 2032 1341 2075 2'nsiytzz'cz'.

1350 2112 1482 2139 clemens
1503 2113 1582 2146 Papa
1604 2113 1652 2143 lx,

1272 2157 1308 2183 ad
1328 2157 1460 2184 futuram
1479 2159 1522 2184 rei
1543 2158 1725 2184 memoriam.

1174 2228 1299 2260 Dudum
1331 2227 1434 2260 felicis
1470 2228 1704 2260 recordationis
1737 2227 1867 2261 Urbano

1131 2280 1234 2324 Papae
1245 2281 1307 2312 Vlll
1322 2280 1564 2323 praedecessori
1580 2286 1692 2313 nostro
1706 2291 1765 2324 pro
1776 2287 1866 2324 parte

1130 2333 1292 2376 quondam
1327 2332 1501 2365 Theodorii
1530 2332 1637 2365 Stratii
1674 2339 1747 2366 tune
1789 2339 1867 2365 tem-

1130 2385 1218 2428 poris
1256 2385 1375 2428 prioris
1401 2385 1564 2427 generalis
1602 2386 1735 2417 fratrum
1775 2385 1868 2418 Ordi-

1131 2438 1180 2470 nis
1207 2438 1323 2470 Beatae
1354 2437 1469 2470 Mariae
1502 2438 1544 2470 >de
1578 2438 1683 2470 Monte
1720 2438 1867 2472 Carmelo

1132 2492 1286 2533 exposito,
1308 2492 1392 2533 qnod.
1413 2491 1490 2533 ipse,
1510 2491 1594 2524 iuxta
1613 2492 1773 2533 regularia
1792 2491 1868 2524 dieti

1130 2543 1257 2575 Ordinis
1283 2543 1426 2575 instituta
1466 2545 1643 2586 apostoliea
1680 2545 1866 2577 auctoritate

1130 2595 1337 2636 confirmata,
1370 2596 1497 2628 Ordinis
1534 2597 1718 2630 huiusmodi
1744 2596 1866 2640 profes-

1892 218 1942 245 An.
1960 218 1988 245 C.
2010 218 2078 246 ¹66³ss

1922 859 2074 886 'transumpto-

1889 893 1933 907 rum
1948 886 2008 907 fides.

1906 2235 2046 2254 Prooemium.
