2247 3208
462 214 525 246 ssot)

506 275 701 317 gregationis
711 262 943 307 canonicorum
959 274 1155 316 regularium

506 328 536 360 S.
565 327 736 361 Salvatoris
761 326 888 360 Ordinis
913 326 1013 360 sancti
1038 328 1158 365 Auens-

507 380 576 419 tini,
604 379 679 413 4137.

416 433 501 466 DLll.
529 432 737 466 Confirmatio
753 432 872 466 decreti
898 433 1157 476 congregationis

508 486 638 526 rituum,
659 496 723 519 non
742 486 838 519 licere
861 487 984 526 mediis,
1002 492 1036 519 ut
1054 487 1155 527 aiunt,

506 539 668 572 canonicis
685 549 790 583 neque
805 540 987 573 terzenariis
1007 541 1160 574 ecclesiae

506 592 753 636 Colymbriensis
775 592 805 625 in
827 603 927 635 regno
946 593 1160 635 Portugalliae

508 646 552 679 uti
589 646 620 678 iu
653 646 753 679 choro
785 653 812 679 ct
845 646 915 679 aliis
942 647 1160 680 functionibus

506 699 730 732 ecclesiasticis
748 699 873 742 aequali
889 699 999 733 habitu
1018 711 1090 732 cum
1110 711 1161 733 ca-

507 752 632 785 nonicis
646 757 676 785 et
689 751 910 794 dignitatibus,
940 753 1001 786 lioc
1015 759 1061 786 est
1082 764 1162 786 mo:-

506 809 587 838 :etta
612 816 685 838 cum
712 806 899 849 cappncci0‚
934 806 1001 840 sine
1035 807 1160 841 indulto

507 859 697 902 apostolico,
726 858 801 891 litis.

417 911 518 944 DLIll.
548 912 693 945 Diversae
718 912 942 945 ordinationes
963 923 1022 956 pro
1048 919 1161 947 metro-

508 965 657 1008 politanis
682 965 825 998 ecclesiis
850 966 882 998 B.
905 966 1021 1000 Mariae
1046 967 1085 1000 de
1110 967 1160 1000 Pi-

509 1018 566 1051 lari
592 1023 624 1051 et
647 1018 676 1051 S.
702 1018 875 1052 Salvatoris
901 1019 1036 1053 civitatis
1053 1020 1163 1054 Caesa-

418 1098 435 1112 ,
509 1077 734 1113 raugustanae,
763 1071 838 1105 470.

420 1125 517 1158 DLIV.
559 1125 749 1158 Commissio
781 1126 900 1159 nuncio
935 1126 1159 1170 Hispaniarum

509 1184 542 1211 ut
562 1178 704 1211 absolvat
730 1189 747 1211 a
772 1179 915 1212 censuris
936 1180 1112 1223 capitulum
1132 1187 1161 1214 et

510 1232 681 1264 canonicos
708 1233 976 1276 metropolitanae
1007 1234 1161 1266 ecclesiae

507 1286 538 1317 S.
580 1285 749 1318 Salvatoris
786 1285 920 1319 civitatis
950 1286 1162 1327 Caesaraugu-

508 1343 637 1377 stanae,
673 1339 702 1370 in
736 1349 814 1382 quas
841 1339 993 1372 declarati
1030 1340 1158 1373 suerunt

510 1390 658 1423 incidisse
685 1402 722 1424 eo
753 1392 840 1435 quod
875 1392 988 1425 litteris
1018 1399 1162 1426 executo-

510 1443 642 1476 rialibus
670 1450 758 1477 rotae
783 1451 814 1477 et
836 1445 994 1478 mandatis
1017 1445 1160 1478 eiusdem

510 1496 617 1529 nuncii
644 1507 707 1530 non
734 1498 911 1540 paruerint,
939 1498 1015 1532 475.

422 1548 506 1581 DLV.
535 1549 576 1582 De
602 1559 667 1582 non
693 1550 894 1583 celebrandis
926 1551 1028 1584 missis
1054 1552 1091 1584 de
1116 1562 1163 1584 re-

510 1602 620 1645 quiem
646 1602 677 1635 in
703 1603 906 1646 duplicibus,
935 1604 1075 1648 exceptis
1102 1615 1160 1637 an-

512 1655 736 1689 niversariisex
748 1656 957 1700 dispositione
975 1663 1162 1690 testatorum

512 1708 640 1749 relictis,
668 1708 743 1742 478.

423 1761 519 1793 DLvl.
547 1761 755 1795 Confirmatio
782 1762 913 1803 decreti,
934 1774 999 1806 quo
1021 1763 1165 1806 indulge-

514 1820 574 1855 tur,
607 1821 641 1848 ut
673 1815 704 1847 in
731 1822 913 1859 posterum,
942 1817 974 1849 in
1000 1818 1165 1860 provincia

513 1869 728 1912 Portugalliae
758 1870 885 1903 Ordinis
918 1871 970 1904 SS.
1002 1871 1165 1904 Trinitatis

512 1923 743 1966 redemptionis
769 1924 985 1967 captivorum,
1014 1934 1165 1967 procura-

515 1981 563 2008 tor
580 1975 777 2019 captivorum
805 1987 932 2010 necnon
974 1977 1166 2011 secretarius

513 2029 697 2071 provinciae
734 2036 764 2063 et
801 2031 936 2064 vicarius
972 2032 1163 2065 commissa-

515 2082 553 2114 rii
575 2082 830 2127 U13·ssipoite1]sis
848 2084 950 2117 dictae
972 2084 1167 2128 provinciae,

516 2145 575 2177 pro
609 2141 754 2180 tempore
787 2137 976 2178 existentes,
1005 2138 1167 2179 gaudeant

515 2194 588 2221 voto
613 2196 769 2233 perpetuo
796 2190 826 2223 in
853 2190 1002 2234 capitulis
1031 2192 1163 2234 provin-

515 2241 648 2275 cialibus
674 2242 772 2285 ipsius
797 2243 993 2286 provinciae,
1021 2243 1095 2276 472».

427 2293 537 2327 oLvu.
565 2294 712 2328 Dccernit
738 2302 929 2329 conventum
954 2296 984 2330 S.
1007 2297 1165 2330 Francisci

516 2346 648 2380 civitatis
672 2348 847 2391 Targovisti
880 2349 1065 2392 provinciae
1092 2350 1165 2382 Val-

515 2400 636 2433 lacliiac
649 2407 794 2444 spectare
815 2402 853 2434 ad
875 2402 987 2435 fratres
1002 2403 1167 2436 custodiae

516 2453 695 2487 Vallacliiae
720 2455 846 2488 Ordinis
880 2455 1037 2488 Minorum
1066 2456 1167 2489 sancti

516 2506 676 2540 Francisci
700 2508 738 2540 de
760 2509 969 2541 Observantia
995 2519 1164 2552 nuncupa--

517 2565 635 2595 torum;
659 2570 717 2593 nee
738 2562 838 2594 ullum
862 2562 909 2594 ius
928 2562 958 2594 iu
985 2572 1022 2595 eo
1048 2562 1168 2596 habere

519 2612 630 2647 fratres
644 2613 779 2647 Minores
793 2616 1020 2649 conventuales
1031 2615 1168 2657 Congre-

1013 222 1160 246 muiLARttt
1167 222 1187 245 M
1213 222 1362 246 ROMANUM

1297 274 1432 316 gationis
1442 276 1482 307 de
1494 276 1703 319 Propaganda
1718 278 1794 311 Fide
1811 278 1842 311 in
1857 278 1942 312 dicta

1301 327 1466 370 provincia
1493 327 1724 370 missionarios,
1752 330 1828 364 480.

1212 380 1337 414 DLVllI.
1366 380 1549 413 Subsidium
1577 387 1705 414 centum
1728 383 1864 417 millium
1886 395 1953 418 scu-

1301 438 1407 466 torum
1443 434 1511 467 auri
1540 444 1638 478 super
1669 435 1823 469 fiuctibus
1856 438 1954 471 eccle·
2004 447 2007 449 ’

1299 486 1432 520 siasticis
1458 486 1663 530 Reipublicae
1681 488 1874 522 Venetorum
1893 501 1953 534 pro

1302 539 1367 582 ipsa
1402 539 1577 582 Republica
1612 541 1812 582 erogandum
1842 548 1959 582 contra.

1300 593 1430 631 Turcas,
1453 592 1531 625 4811.

1213 645 1310 678 [1th.
1328 645 1474 678 Facultas
1493 645 1558 687 regi
1578 646 1739 680 catholico
1760 647 1952 691 disponendi

1302 699 1341 732 de
1365 699 1515 732 omnibus
1541 699 1618 733 locis
1644 705 1740 744 atque
1764 700 1879 734 officiis
1905 711 1954 734 01·-

1301 752 1385 785 dinis
1410 752 1505 785 Aurei
1521 752 1665 793 Veneris,
1691 753 1741 786 del
1768 754 1866 787 Toson
1891 754 1954 787 vul-

1301 805 1420 848 gariter
1444 806 1633 849 nuncupati,
1652 812 1715 838 tam
1733 816 1819 839 nunc
1840 817 1954 840 vacan-

1304 857 1386 890 tibus
1421 868 1517 901 quam
1551 858 1762 902 imposterum
1796 859 1954 893 vacaturis

1303 910 1398 943 etiam
1414 916 1501 944 extra
1515 910 1692 954 capitulum
1714 913 1863 954 generale
1879 912 1954 946 dieti

1302 963 1440 1004 Ordinis,
1470 963 1545 998 485.

1215 1017 1297 1050 DLX.
1333 1017 1543 1051 Confirmatio
1576 1018 1704 1052 unionis
1735 1020 1954 1061 congregatio-

1303 1081 1379 1103 num
1398 1071 1567 1104 Doctrinae
1587 1071 1785 1104 Christianae
1809 1071 1955 1115 Neapoli-

1304 1130 1395 1156 tanae
1429 1129 1458 1156 et
1489 1124 1582 1157 Urbis
1616 1124 1716 1157 factae
1749 1135 1806 1167 per
1831 1124 1952 1158 instru-

1304 1183 1448 1210 mentum
1486 1177 1663 1220 publicum,
1703 1183 1731 1210 et
1772 1188 1789 1210 a
1822 1178 1955 1211 domino

1303 1229 1457 1263 cardinali
1501 1235 1682 1273 protectore
1723 1230 1952 1271 confirmatae,

1303 1283 1377 1317 488.

1215 1337 1313 1370 DLXl.
1347 1337 1544 1376 Quibusdam
1578 1337 1656 1370 locis
1690 1338 1955 1380 Congregationis

1302 1390 1496 1423 Somascliae
1509 1391 1589 1423 t'acta
1604 1391 1768 1424 concessio
1778 1391 1955 1434 sepeliendi

1302 1444 1507 1477 alumnorum
1520 1445 1673 1477 cadavera
1686 1445 1755 1477 sine
1775 1444 1955 1478 interventu

1304 1497 1535 1539 parochorum,
1563 1498 1637 1530 492.

1215 1549 1328 1582 DLXll.
1356 1550 1563 1582 (Iontirmatio
1586 1550 1694 1582 statuti
1721 1550 1856 1583 civitatis
1880 1551 1955 1583 Ave-

1303 1602 1467 1635 nionensis
1485 1613 1519 1635 ac
1538 1603 1775 1635 constitutionis
1789 1603 1903 1635 Leonis
1918 1603 1954 1642 X,

1304 1655 1420 1698 quibus
1446 1661 1586 1693 cavetur,
1611 1661 1645 1687 ut
1662 1665 1772 1688 causas
1799 1661 1957 1688 mercato—

1305 1718 1387 1748 rum,
1405 1718 1515 1741 eorum
1534 1715 1635 1741 artem
1655 1714 1897 1749 concernentes,
1914 1709 1959 1742 iu-

1306 1762 1364 1794 dex
1409 1762 1551 1794 remittat
1595 1762 1720 1795 duobus
1765 1762 1958 1795 relatoribus

1307 1815 1416 1848 electis
1441 1826 1458 1848 a
1483 1815 1658 1855 vicelegato
1674 1825 1708 1848 ex
1723 1820 1863 1858 quatuor
1879 1825 1960 1847 mer-

1304 1868 1478 1907 catoribus,
1507 1878 1587 1912 quos
1613 1868 1782 1901 consilium
1811 1868 1956 1901 eiusdem

1307 1921 1441 1954 civitatis
1467 1921 1639 1964 quotannis
1665 1921 1821 1964 deputare
1853 1921 1955 1961 solet,

1306 1980 1336 2007 et
1359 1975 1496 2015 subinde
1528 1975 1704 2007 secundum
1737 1985 1847 2007 eorum
1881 1974 1960 2016 rela-

1307 2028 1425 2061 tionem
1458 2028 1600 2068 iudicet,
1634 2034 1732 2072 utque
1768 2028 1801 2060 in
1838 2028 1958 2061 eisdem

1306 2082 1408 2114 causis
1433 2082 1472 2114 de
1497 2082 1581 2114 bono
1614 2088 1644 2114 et
1677 2091 1780 2124 aequo
1808 2081 1960 2124 proceda-

1308 2140 1368 2174 tur,
1396 2140 1492 2177 atque
1509 2134 1605 2166 etiam
1627 2134 1657 2166 in
1677 2134 1890 2166 tribunalibus
1907 2143 1959 2177 pa-

1308 2187 1482 2220 risormiter
1493 2186 1625 2230 procedi
1637 2193 1667 2220 et
1682 2186 1815 2219 iudicari
1829 2186 1955 2225 debeat,

1309 2240 1384 2274 484,

1218 2295 1346 2329 DLXlll.
1391 2294 1596 2328 Confirmatio
1640 2294 1833 2327 venditionis
1873 2294 1958 2327 leudi

1307 2347 1485 2387 Montal'iatg
1514 2348 1645 2390 eiusspte
1671 2346 1877 2380 investiturae
1906 2346 1961 2379 Ca-

1308 2402 1375 2434 rolo
1401 2400 1566 2434 Emanueli
1588 2400 1762 2433 Pliiliberto
1783 2399 1960 2444 Hyacinthe

1309 2455 1345 2487 de
1370 2454 1523 2493 Simiaua,
1544 2454 1719 2486 marchioni
1739 2452 1960 2493 Planitiarum‚

1309 2507 1515 2540 'l'aurinensis
1560 2517 1613 2539 seu
1658 2507 1787 2546 alterius
1823 2504 1959 2539 civitatis

1309 2562 1353 2594 vel
1380 2560 1545 2599 dioecesis,
1573 2570 1756 2597 concessae,
1781 2558 1856 2591 495.

1221 2615 1346 2647 Dthv.
1376 2614 1561 2647 t‘lon‘nnissio
1581 2613 1730 2656 episcopo
1766 2612 1960 2646 Feri-artensi
