2247 3208
192 211 241 238 An.
260 210 289 238 c.
313 208 379 237 ¹667
426 198 490 233 578

205 689 307 710 Concedit
317 688 371 710 Pon-

187 717 247 737 tifex»

382 267 511 291 necnon
536 256 576 289 ad
600 255 798 298 spiritualem
827 253 1063 287 catholicorum
1087 253 1120 285 in

385 310 449 343 illis
466 308 611 352 partibus
638 307 825 349 degentium
850 316 954 348 eoque
977 305 1122 338 devotio-

383 363 432 395 nis
450 363 545 393 causa
559 359 837 403 peregrinantium
861 358 1121 391 consolationem

386 420 419 448 et
444 414 631 457 profectum,
658 412 766 445 omnia
784 418 815 444 et
835 411 963 454 singula
989 411 1118 454 gratias,

383 466 552 510 privilegia
576 472 607 498 et
631 465 860 507 indulgentias,
881 465 1049 507 hucusque
1074 474 1121 496 sa-

384 520 446 553 cris
471 519 616 552 eiusdem
642 518 756 551 Terrae
781 517 915 550 Sanctae
933 516 1026 550 locis¹
1044 527 1120 560 apo-

383 572 496 606 stolica
528 571 718 605 auctoritate
751 571 847 603 etiam
880 569 1059 603 confirmari
1090 574 1121 602 et

383 626 559 670 approbari
584 624 759 668 plurimum
785 624 965 657 desideret:

427 680 442 722 g
466 678 497 711 2.
512 678 588 718 Nos,
615 677 777 711 desiderio
799 676 981 710 huiusmodi
1001 686 1121 709 annue-

382 742 426 771 re,
446 732 618 775 ipsumque
642 729 841 763 Ludovicum
866 728 1060 772 specialibus
1078 728 1122 760 sa-

383 785 514 817 voribus
551 789 583 817 et
615 783 725 826 gratiis
757 782 910 826 prosequi
949 782 1118 822 volentes,

384 843 417 870 et
439 848 456 870 a
482 836 646 880 quibusvis
672 834 1027 874 excommunicationis,
1053 843 1122 865 sus-

383 889 548 934 pensionis
582 894 613 922 et
637 888 820 927 interdicti,
853 887 986 930 aliisque
1023 887 1123 920 eccle-

384 942 519 976 siasticis
544 941 710 975 sententiis
730 968 737 981 ,
764 940 905 973 censuris
931 945 962 972 et
986 938 1120 982 poenis,

384 1007 401 1029 a
425 996 493 1028 iure
528 996 577 1028 vel
603 994 641 1026 ab
667 992 933 1036 homine,quavis
951 991 1121 1025 occasione

383 1049 431 1081 vel
453 1050 551 1080 causa
570 1047 655 1084 latis,
675 1046 700 1079 si
730 1046 844 1089 quibus
877 1044 1123 1088 quomodolibet

383 1102 556 1135 innodatus
580 1100 706 1138 existit,
725 1100 763 1132 ad
801 1099 947 1132 ellectum
973 1109 1123 1142 praesen-

384 1155 463 1187 tium
497 1155 663 1187 dumtaxat
698 1152 983 1195 consequendum,
1009 1152 1122 1184 harum

384 1207 466 1240 serie
481 1207 688 1240 absolventes
714 1211 745 1238 et
769 1205 951 1237 ahsolutum
967 1204 1033 1237 soi-e
1051 1214 1125 1237 cen—

385 1265 514 1299 sentes,
550 1258 840 1303 supplicationibus
874 1257 960 1291 illius
993 1257 1122 1290 nomine

384 1313 480 1346 nobis
501 1323 598 1356 super
621 1313 682 1344 boc
708 1311 875 1343 humiliter
898 1310 1059 1353 porrectis
1076 1310 1124 1342 in-

385 1365 504 1405 clinati,
524 1364 632 1398 omnia
653 1370 684 1396 et
701 1365 827 1405 singula
853 1363 1033 1406 privilegia,
1053 1374 1124 1396 con-

365 1420 559 1457 cessiones,
586 1418 765 1456 facultates,
794 1417 929 1454 indulta,
956 1416 1124 1458 indulgen-

385 1473 465 1510 tias,
498 1477 686 1513 ceterasque
726 1469 843 1512 gratias
875 1468 1059 1512 spirituales
1093 1475 1125 1501 et

385 1526 581 1567 temporales
606 1524 736 1556 eisdemv
756 1522 834 1556 locis
859 1528 891 1555 et
914 1522 969 1554 illa
994 1522 1124 1554 visitan-

387 1579 495 1615 tibus,
521 1587 646 1609 necnon
672 1576 765 1609 dictis
791 1575 919 1608 Ordinis
944 1575 1123 1617 guardiano

385 1638 417 1664 ct
443 1631 593 1663 fratribus
618 1630 650 1663 in
677 1629 769 1661 dictis
801 1628 948 1672 partibus
979 1628 1125 1670 degenti-

384 1685 444 1717 bus
474 1694 532 1726 per
565 1692 786 1726 quoscumque
821 1681 983 1714 Romanos
1018 1681 1125 1714 Ponti-

385 1747 439 1770 ccs
478 1737 747 1779 praedecessores
784 1741 913 1767 nostros
947 1744 982 1766 ac
1007 1734 1123 1767 Sedem

386 1789 621 1833 ,apostotici-im,
656 1789 687 1821 in
715 1785 837 1830 genere
861 1790 909 1820 vel
936 1787 967 1819 in
993 1788 1099 1830 specie
1116 1814 1123 1827 ,

387 1848 440 1875 aut
464 1842 541 1875 alias
567 1841 812 1885 quomodolibet
836 1851 998 1880 concessa,
1013 1846 1125 1883 quate-

386 1907 445 1929 nus
478 1897 541 1928 sint
572 1897 604 1928 in
639 1906 697 1927 usu
723 1901 754 1927 et
778 1905 843 1927 non
869 1894 932 1926 sint
956 1900 1122 1933 revocata,

387 1957 442 1982 aut
467 1951 526 1982 sub
548 1949 709 1992 aliquibus
746 1947 1006 1981 revocationibus
1040 1958 1125 1979 ccm-

387 2005 551 2048 prehensa
577 2004 724 2040 existant,
746 2002 910 2044 sacrisque
935 2000 1123 2037 canonibus,

389 2057 674 2090 constitutionibus
700 2054 904 2099 apostolicis,
931 2065 966 2086 ac
989 2054 1122 2086 Concilii

388 2110 565 2142 Tridentini
582 2109 720 2141 ‹lcrretis
739 2119 803 2140 non
822 2109 1125 2149 adversenturfflpo-

388 2163 501 2195 stilic-a
521 2162 725 2201 auctoritate,
750 2167 862 2193 tenore
887 2159 1121 2202 praesentium,

389 2216 617 2248 confirmamus
643 2220 674 2247 et
697 2214 925 2257 approbamus,
952 2223 987 2244 ac
1010 2223 1126 2256 perpe-

389 2274 464 2301 tuae
501 2269 696 2301 inviolabilis
734 2267 931 2311 apostolicae
967 2265 1125 2298 firmitatis

389 2322 508 2354 robore
534 2322 786 2359 communimus,
812 2331 847 2353 ac
871 2330 981 2353 omnes
1007 2325 1039 2352 et
1062 2319 1126 2352 sin-

391 2376 483 2418 gulos
509 2380 572 2407 tam
598 2374 674 2407 iuris
700 2385 795 2418 quam
816 2374 888 2406 sacti
920 2374 1076 2413 desectus,
1099 2372 1124 2404 si

391 2429 445 2472 qui
471 2429 610 2471 desuper
634 2428 666 2459 in
693 2428 738 2460 eis
763 2427 1007 2470 quomodolibet
1030 2426 1126 2459 inter-

390 2482 548 2522 venerint,
574 2483 772 2524 supplemus.

428 2598 438 2624 1
462 2595 573 2623 Videtur
593 2593 687 2620 deesse
707 2601 846 2626 concessa,
867 2596 918 2619 etc.
939 2594 976 2626 (R.
992 2591 1041 2623 Τ.).

954 206 1134 231 BULLARIUM
1158 206 1309 231 ROMANUM

1207 254 1222 297 ς
1246 252 1278 287 3.
1304 253 1437 287 Necnon
1461 255 1596 298 insuper
1616 256 1766 288 omnibus
1784 261 1816 289 et
1835 256 1899 288 sin-

1164 305 1247 348 gulis
1280 307 1469 339 eorumdem
1501 306 1634 339 fratrum
1666 307 1899 352 interpretibus

1163 368 1250 390 nunc
1273 358 1514 402 Hierosolymis,
1541 359 1708 392 Betlehem
1742 365 1773 393 et
1801 360 1899 393 Naza-

1164 411 1236 443 reth
1263 410 1476 444 existentibus
1502 416 1535 444 et
1558 411 1752 453 viventibus,
1778 413 1811 445 in
1844 424 1899 446 cu·

1163 463 1295 498 iuslibet
1315 473 1427 496 eorum
1451 463 1563 496 mortis
1588 463 1746 504 articulo,
1773 465 1799 497 si
1824 475 1900 498 vere

1164 516 1368 558 poenitentes
1407 521 1438 549 et
1463 516 1601 549 confessi
1638 526 1673 549 ac
1697 519 1787 549 sacra
1812 515 1900 550 com-

1163 569 1317 602 munione
1339 569 1460 609 resecti,
1485 570 1547 610 vel,
1565 575 1722 612 quatenus
1739 569 1772 602 id
1791 570 1898 603 facere

1163 622 1374 666 nequiverint,
1400 624 1515 655 saltem
1541 622 1670 655 contriti
1691 632 1809 656 nomen
1829 623 1900 656 Iesu

1164 685 1234 715 ore,
1261 675 1288 707 si
1313 675 1491 718 potuerint,
1520 674 1570 707 sin
1595 674 1702 707 minus
1727 675 1825 708 corde
1846 675 1901 708 de-

1163 732 1236 761 vote
1268 727 1507 767 invocaverint,
1544 727 1723 770 plenariam
1756 727 1901 761 omnium

1164 787 1371 824 peccatorum
1396 791 1530 814 suorum
1555 781 1790 824 indulgentiam
1808 786 1840 815 et
1856 791 1903 815 re-

1164 833 1352 867 missionem
1365 833 1619 867 misericorditer
1631 834 1665 866 in
1679 833 1816 867 Domino
1831 844 1900 867 con-

1164 887 1307 920 cedimus
1332 892 1364 920 et
1387 888 1573 930 elargimur.

1208 941 1222 983 ἓ
1247 940 1278 973 4.
1306 940 1376 973 Non
1398 940 1601 973 obstantibus
1617 940 1900 973 constitutionibus

1165 998 1196 1025 et
1221 993 1480 1026 ordinationibus
1505 993 1701 1035 apostolicis,
1720 993 1902 1037 ceterisque

1165 1045 1338 1078 contrariis
1360 1045 1631 1089 quibuscumque.

1208 1099 1319 1132 Datum
1352 1098 1490 1138 Romae,
1517 1098 1601 1141 apud
1627 1097 1657 1131 S.
1685 1097 1815 1130 Mariam
1840 1097 1902 1131 Ma-

1165 1153 1282 1192 iorem,
1309 1152 1366 1184 sub
1397 1153 1517 1185 annulo
1552 1151 1741 1191 piscatoris,
1768 1151 1819 1184 die
1845 1162 1904 1185 xxx

1165 1205 1357 1248 septembris
1374 1213 1536 1244 ninctxvn,
1563 1203 1768 1247 pontificatus
1799 1204 1901 1236 nostri

1166 1268 1251 1291 anno
1266 1268 1288 1291 1.

1202 1320 1258 1348 Dat.
1276 1320 1319 1348 die
1334 1320 1368 1348 30
1382 1319 1549 1355 septembris
1566 1319 1641 1354 1667,
1653 1318 1749 1354 pontif.
1763 1326 1832 1346 anno
1847 1323 1865 1346 1.

1491 1461 1569 1495 XXI.

1169 1541 1260 1581 Quod
1285 1541 1422 1584 officium
1447 1541 1476 1573 5.
1502 1540 1627 1583 thzalii
1644 1539 1811 1573 societatis
1830 1539 1904 1573 Iesu

1210 1595 1396 1637 fundatoris
1421 1594 1475 1626 sub
1500 1595 1568 1626 ritu
1593 1593 1718 1636 duplici
1743 1593 1779 1624 in
1802 1597 1902 1635 yios'e-

1210 1658 1285 1680 ruzu
1310 1647 1462 1678 recitetur
1485 1646 1522 1678 ab
1547 1645 1694 1678 omnihus
1718 1646 1777 1688 qui
1791 1644 1833 1677 ad
1853 1645 1906 1677 Ιιο-

1210 1711 1265 1732 ras
1289 1694 1461 1732 canonicas
1485 1696 1659 1731 tenenlur¹.

1380 1779 1512 1806 Clemens
1533 1778 1612 1812 Papa
1638 1778 1692 1809 IX,

1288 1824 1324 1851 ad
1343 1827 1518 1858 perpetuam
1537 1823 1581 1850 rei
1602 1822 1785 1849 memoriam.

1212 1894 1357 1927 Creditae
1382 1893 1476 1926 nobis
1501 1893 1652 1925 divinitus
1688 1892 1904 1936 dispensatio-

1168 1947 1216 1980 nis
1240 1947 1322 1979 ratio
1348 1947 1490 1989 postulat
1514 1951 1550 1978 ut
1572 1950 1756 1978 sanctorum
1782 1945 1814 1976 in
1834 1955 1904 1977 cae-

1168 2000 1206 2033 lis
1231 1999 1460 2042 regnantium,
1495 2009 1633 2042 quorum
1666 1997 1797 2040 egregia
1827 2008 1904 2031 con-

1168 2059 1254 2086 stant
1277 2053 1308 2086 in
1333 2052 1507 2086 Ecclesiam
1532 2052 1732 2085 Catltolicam
1757 2051 1872 2084 merita
1893 2077 1900 2090 ,

1168 2108 1285 2139 cultum
1311 2111 1340 2137 et
1365 2105 1605 2138 venerationem
1624 2104 1656 2136 in
1681 2104 1774 2137 terris
1793 2103 1904 2137 condi-

1169 2159 1239 2202 gnis
1256 2160 1418 2191 honorum
1436 2157 1644 2190 incrementis
1666 2157 1821 2200 ampliare
1838 2161 1904 2188 stu-

1169 2214 1311 2245 deamus.

1211 2266 1225 2308 ἓ
1251 2264 1281 2296 1.
1308 2264 1416 2306 ltaque
1447 2264 1569 2296 cultum
1600 2267 1632 2295 et
1660 2261 1903 2295 venerationem

1910 207 1958 233 An.
1975 207 1994 234 C
2028 207 2094 234 1667

1911 295 1914 298 ξ
1949 268 2092 293 indulgentias

1911 300 1929 314 tn
1946 297 2017 314 mortis
2039 296 2094 314 arti-

1911 321 1956 341 vnto
1973 320 2079 341 concedit.

1982 950 2096 976 Dor-igauna

1913 977 2074 997 contrariorum.

1942 1897 2060 1918 Exordium.

1941 2268 2026 2289 Mandat
2041 2268 2098 2288 eelo-

1914 2295 1969 2315 braii
1980 2295 2053 2315 festum
2060 2294 2097 2315 mh

1168 2318 1198 2350 S.
1226 2317 1337 2360 Ignatii
1364 2316 1534 2349 Societatis
1558 2316 1627 2348 lesu
1646 2314 1836 2355 fundatoris,
1863 2315 2052 2348 deruudupum-

1168 2370 1343 2403 universali
1368 2369 1509 2402 Ecclesia
1522 2369 1603 2401 adeo
1615 2367 1819 2407 benemeriti,
1833 2367 1904 2399 ubi-

1169 2434 1231 2467 que
1257 2429 1418 2456 tcrrarum
1444 2432 1564 2464 augere
1589 2422 1745 2460 volentes,
1766 2420 1903 2452 auctori-

1169 2481 1232 2509 tate
1247 2474 1436 2519 apostolica,
1448 2479 1560 2507 tenore
1574 2472 1804 2517 praesentium,
1816 2482 1901 2504 man-

1204 2593 1215 2617 1
1234 2590 1270 2617 Ex
1286 2590 1391 2625 Regest.
1409 2589 1436 2616 in
1456 2589 1560 2616 Secrct.
1579 2587 1656 2616 Brev-
