2247 3208
183 259 236 287 An.
255 258 282 286 c.
305 260 372 287 letis
418 251 482 284 684

376 308 581 352 pontificatus
595 306 686 340 annis
702 310 731 338 et
744 305 945 347 temporibus
957 302 1113 346 expeditis

376 363 574 399 continetur·⁷
594 366 635 399 et,
664 359 821 391 stantibus
839 356 1036 401 praemissis,
1056 355 1115 387 mi-

377 416 461 448 nime
488 413 627 446 dubitari
654 416 765 455 posset
783 416 836 443 aut
856 411 1000 448 deberet,
1027 409 1113 452 quod

374 469 482 500 nullus
499 467 580 499 alius
600 466 705 506 iudex,
729 474 930 507 quacumque
956 467 1113 506 potestate

376 526 405 553 et
431 520 621 553 auctoritate
646 517 803 557 munitus,
830 523 893 549 tam
918 515 1114 549 ecclesiasti-

374 584 428 605 cus
453 583 546 615 quam
583 570 759 610 secularis,
790 575 820 602 et
844 575 907 601 tam
932 568 1113 601 ordinarius

373 637 468 668 quam
495 626 674 667 delegatus,
691 628 754 655 tam
769 623 799 655 iu
815 622 899 655 dicta
917 620 1000 653 Urbe
1019 631 1113 663 quam

374 683 464 710 extra
489 688 579 717 eam,
606 677 637 709 in
663 676 765 709 eausis
802 680 834 707 et
870 673 1008 717 negotiis
1034 673 1111 706 dieti

374 731 505 773 collegii
532 730 711 763 Germanici
737 735 768 761 et
791 727 940 770 Ungariei
966 738 999 760 se
1018 727 1113 759 intro-

373 784 500 816 mittere
526 787 656 826 posset,
680 781 893 814 nihilominus
928 781 966 812 ab
999 779 1112 823 aliqui-

372 838 432 869 bus
458 837 488 869 id
504 863 511 875 ‚
536 842 571 869 ut
594 836 679 868 idem
705 835 854 868 Clemens
879 833 1113 877 praedecessor

374 891 470 923 etiam
495 894 671 932 acceperat,
698 888 729 920 in
756 887 888 920 dubium
913 887 1109 925 vertebatur,

375 954 410 976 ac
435 942 600 975 nonnullis
634 942 666 974 in
700 941 804 973 causis
838 938 1133 972 concernentibus·

374 995 547 1037 collegium
588 1000 618 1026 et
652 993 738 1026 illius
774 1002 955 1036 personas,
992 1001 1044 1023 res
1081 995 1112 1022 et

373 1048 459 1081 bona
499 1057 718 1091 quaecumque
756 1045 963 1084 huiusmodi,
1000 1048 1112 1077 contra

373 1106 513 1133 mentem
529 1106 561 1133 et
577 1099 792 1132 intentionem
807 1099 965 1130 dictorum
979 1097 1111 1140 praede-

373 1165 548 1193 cessorum,
564 1163 632 1186 sese
646 1153 862 1185 intromittere
876 1151 1110 1195 procurabant:

374 1207 477 1240 dietus
496 1207 642 1239 Clemens
668 1206 912 1248 ltiraedeeessor,
933 1214 1061 1236 omnem
1079 1202 1111 1234 in

373 1258 557 1302 praemissis
583 1258 749 1291 dubitandi
773 1257 977 1290 occasionem
995 1257 1111 1288 tollere

374 1313 497 1351 voleus,
519 1324 554 1345 ae
573 1312 714 1345 omnium
734 1317 766 1343 et
786 1311 986 1353 singulorum
1012 1309 1111 1342 dieto-

374 1375 446 1397 rum
463 1365 748 1407 praedeeessorum
769 1364 946 1396 litterarum
972 1368 1004 1395 et
1030 1373 1111 1395 com-

373 1418 563 1451 missionum
586 1429 622 1450 ae
647 1418 902 1455 concessionum,
927 1421 957 1448 et
977 1426 1034 1459 per
1058 1426 1110 1448 eas

374 1471 548 1514 praedictis
582 1470 721 1513 collegio
755 1476 783 1502 et
821 1469 1024 1502 scholaribus
1057 1479 1111 1501 eo-

374 1535 510 1568 rumque
548 1524 700 1557 ministris
739 1529 769 1556 et
805 1523 953 1566 personis
984 1532 1110 1555 necnon

374 1575 469 1609 bonis
486 1602 493 1615 ,
519 1576 642 1607 iuribus
668 1581 699 1607 et
724 1576 819 1607 relius
857 1575 1110 1618 quibuscumque

376 1639 605 1661 concessorum
623 1628 872 1671 privilegiorum,
901 1628 1110 1666 indultorum,

375 1682 614 1724 exemptionum
640 1687 670 1713 et
702 1681 947 1713 comessionum
984 1685 1110 1713 tenores

375 1744 411 1766 ac
435 1735 624 1777 compendia
645 1734 704 1766 sub
730 1733 983 1776 quibuscumque
1004 1733 1111 1765 verbo-

376 1797 447 1819 rum
472 1786 736 1829 expressionibus
761 1791 792 1818 et
818 1786 938 1825 formis,
960 1796 995 1817 ac
1020 1785 1046 1818 si
1073 1785 1112 1817 de

375 1840 474 1871 verbo
492 1840 530 1871 ad
552 1839 684 1871 verbum
709 1839 821 1871 inserti
847 1838 963 1877 forent,
982 1849 1040 1881 pro
1058 1848 1111 1870 ex-
1131 1861 1133 1878 ἱ

375 1892 496 1934 pressis
534 1891 666 1931 liabens,
695 1901 819 1924 necnon
857 1891 952 1923 etiam
979 1892 1049 1924 illas
1081 1896 1112 1923 et

375 1943 431 1976 illa
456 1949 612 1987 perpetuo
633 1944 818 1987 approbans
845 1949 877 1976 et
901 1944 1108 1983 confirmans,

376 2003 462 2029 motu
488 1998 581 2029 simili
609 2003 635 2029 et
664 2009 698 2029 ex
725 1999 813 2029 certa
839 1997 973 2029 scientia
999 1999 1055 2028 sua
1076 2007 1111 2028 ae

377 2050 414 2081 de
445 2050 642 2093 apostolicae
679 2049 849 2092 potestatis
886 2049 1109 2092 plenitudine,

377 2102 460 2134 dieta
481 2103 680 2141 auctoritate,
701 2103 809 2134 statuit
835 2108 864 2134 et
890 2102 1057 2141 ordinavit,
1081 2107 1112 2134 et

377 2155 418 2187 ita
460 2156 553 2187 etiam
594 2156 780 2187 eorumdem
820 2155 1111 2197 praedecessorum

376 2214 517 2241 mentem
536 2214 566 2240 et
579 2209 793 2241 intentionem
812 2209 907 2241 fuisse
926 2210 1109 2247 declaravit,

378 2261 485 2303 quod,
511 2266 640 2303 praeter
674 2262 855 2304 praedictos
882 2262 1010 2304 collegii
1036 2261 1112 2294 Ger-

377 2313 492 2344 manici
518 2319 548 2345 et
571 2304 719 2356 Ungariei
741 2315 925 2347 huiusmodi
951 2319 1112 2357 protecto-

377 2375 442 2404 res,
472 2367 577 2398 nullus
602 2367 681 2399 alius
706 2368 810 2407 iudex,
838 2378 1041 2411 quacumque
1067 2367 1113 2400 di-

378 2418 510 2460 gnitate,
538 2419 738 2459 auctoritate,
769 2421 938 2463 privilegio
959 2425 991 2452 et
1015 2420 1113 2452 sacul-

378 2476 440 2503 tate
466 2472 630 2510 munitus,
659 2478 721 2506 tam
757 2474 992 2506 ee‹··lesiastieus
1017 2484 1111 2517 quam

376 2525 548 2563 secularis,
576 2536 610 2557 ac
636 2531 696 2557 tam
730 2527 912 2559 ordinarius
938 2538 1030 2569 quam
1058 2527 1112 2558 de-

376 2579 515 2620 legatus,
540 2583 600 2610 tam
628 2579 658 2609 in
685 2579 765 2611 dieta
792 2580 875 2611 Urbe
901 2591 996 2622 quam
1024 2586 1111 2611 ex'ra

376 2642 455 2671 eam,
474 2631 506 2663 in
530 2632 632 2664 causis
658 2637 689 2664 et
713 2633 852 2675 negotiis
876 2634 914 2665 ad
936 2634 1109 2674 collegium

959 241 1139 280 nummum
1162 253 1314 278 Romanuin

1156 302 1358 344 praefatum,
1390 300 1543 343 illiusque
1578 294 1752 344 personas,
1778 292 1829 333 res
1859 305 1891 333 et

1156 354 1241 386 bona
1267 364 1303 386 ae
1334 353 1402 385 iura
1429 354 1672 395 quomodolibet
1705 365 1741 386 ex
1776 353 1888 396 quovis

1157 406 1260 449 eapite
1276 406 1496 449 spectantibus
1514 410 1545 437 et
1563 406 1807 448 pertinentibus,
1825 410 1888 438 tani

1155 459 1382 502 praesentibus
1407 469 1501 501 quam
1537 458 1672 497 suturis,
1706 463 1767 491 tam
1793 469 1890 502 super

1156 512 1356 554 obligatione
1381 511 1414 543 in
1439 512 1542 544 forma
1567 521 1711 543 camerae
1737 512 1891 554 apostoli-

1155 576 1220 605 eae,
1240 570 1271 598 et
1289 566 1360 598 iure
1385 564 1529 607 congrui,
1549 575 1644 607 quam
1669 565 1748 597 alias
1763 575 1890 607 quomo-

1156 618 1294 658 dolibet,
1322 623 1353 651 et
1379 629 1413 651 ex
1441 617 1549 660 quavis
1574 618 1671 649 causa
1697 617 1888 660 terminique

1155 671 1314 703 iudicialis
1336 676 1367 703 et
1390 680 1601 703 censurarum
1621 669 1833 712 susceptione,
1856 679 1891 702 ae

1155 735 1191 756 ac
1205 724 1316 766 quavis
1331 724 1392 756 alia
1411 724 1448 755 de
1466 723 1660 755 necessitate
1681 722 1891 765 exprimenda

1155 779 1263 815 eausa,
1289 776 1353 808 sive
1380 775 1480 808 active
1503 776 1567 808 sive
1592 776 1740 818 passive,
1766 778 1832 807 tam
1857 775 1890 806 in

1154 829 1258 872 prima
1297 840 1393 872 quam
1429 829 1568 861 secunda
1603 834 1634 861 et
1669 828 1818 861 ulteriori
1843 828 1891 860 in-

1154 882 1282 921 stantia,
1302 892 1337 914 ae
1355 882 1387 913 in
1409 891 1608 925 quacumque
1634 881 1742 914 iudicii
1769 886 1800 914 et
1824 881 1889 914 litis

1154 939 1257 977 parte,
1277 940 1340 966 tam
1367 935 1450 966 cirea
1467 945 1527 973 res⁷
1545 934 1629 967 bona
1647 939 1680 967 et
1698 934 1767 967 iura
1791 934 1890 977 ipsius

1154 987 1293 1029 collegii,
1312 998 1407 1030 quam
1429 987 1514 1020 illius
1535 997 1699 1030 personas,
1719 988 1891 1030 quomodo-

1154 1040 1235 1077 libet
1259 1051 1423 1080 exercere,
1445 1041 1501 1073 sed
1528 1041 1612 1083 quod
1638 1041 1741 1073 omnis
1765 1040 1891 1073 iurisdi-

1154 1094 1216 1126 ctio
1243 1098 1274 1126 et
1299 1093 1511 1136 superioritas
1541 1093 1573 1125 in
1599 1094 1747 1126 omnibus
1773 1097 1805 1126 et
1829 1093 1891 1125 sin-

1155 1147 1237 1190 gulis
1263 1146 1366 1179 causis
1393 1146 1598 1189 supradictis,
1621 1157 1657 1179 ae
1682 1146 1891 1190 quibuscum—

1154 1210 1215 1243 que
1241 1200 1311 1232 ¹aliis
1336 1199 1482 1232 civilibus
1497 1204 1529 1231 et
1543 1199 1775 1239 criminalibus,
1791 1198 1889 1232 meris

1154 1258 1186 1285 et
1199 1253 1314 1293 mixtis,
1333 1253 1439 1296 ipsum
1457 1253 1630 1295 collegium
1646 1258 1678 1285 et
1695 1252 1781 1285 illius
1802 1253 1891 1285 seho-

1154 1307 1237 1338 lares
1265 1306 1483 1338 et·ministros
1517 1316 1552 1337 ae
1578 1305 1732 1338 officiales
1759 1310 1791 1338 et
1822 1315 1890 1348 per-

1154 1369 1248 1391 sonas
1275 1368 1452 1400 eorumque
1472 1359 1569 1397 bona,
1586 1368 1638 1390 res
1654 1363 1685 1391 et
1705 1358 1775 1390 iura
1793 1368 1891 1401 quae—

1154 1421 1294 1454 cumque
1319 1416 1371 1443 aut
1395 1411 1455 1443 alia
1487 1411 1734 1453 quomodolibet
1759 1421 1891 1444 concer-

1154 1465 1316 1504 nentibus,
1335 1465 1373 1497 ad
1399 1464 1582 1507 praedictos
1608 1469 1639 1496 et
1658 1475 1715 1507 pro
1742 1470 1888 1508 tempore

1154 1519 1325 1550 existentes
1355 1518 1499 1550 eiusdem
1524 1517 1652 1559 collegii
1676 1522 1887 1560 protectores,

1154 1571 1204 1603 vel
1231 1581 1342 1603 eorum
1374 1571 1513 1602 iudicem
1545 1581 1601 1602 seu
1637 1569 1760 1603 iudices
1792 1570 1891 1612 depu-

1154 1628 1252 1656 tatum
1286 1634 1340 1656 seu
1371 1624 1541 1666 deputatos
1558 1650 1565 1662 ,
1591 1624 1641 1655 vel
1667 1623 1890 1666 deputandum

1155 1687 1211 1709 seu
1237 1677 1455 1719 deputandos,
1483 1678 1581 1719 pleno
1606 1677 1675 1709 iure
1702 1682 1733 1709 et
1756 1676 1789 1708 in
1814 1687 1891 1719 qua-

1154 1740 1289 1772 cumque
1311 1729 1476 1769 instantia,
1497 1729 1593 1762 etiam
1611 1729 1763 1772 privative
1782 1729 1889 1772 quoad

1155 1793 1267 1815 omnes
1293 1783 1372 1815 alios
1398 1793 1619 1825 quoscumque
1640 1782 1772 1822 iudices,
1794 1781 1890 1814 etiam

1155 1836 1261 1879 quoad
1286 1835 1414 1868 illarum
1447 1835 1576 1868 finalem
1605 1840 1635 1868 et
1660 1836 1792 1868 totalem
1817 1845 1890 1867 exe-

1154 1889 1363 1931 quutionem,
1391 1899 1462 1920 euin
1495 1889 1643 1920 facultate
1679 1888 1752 1921 illas
1777 1896 1888 1921 omnes

1155 1941 1400 1984 quomodolibet
1420 1951 1526 1973 coram
1543 1941 1613 1973 aliis
1630 1940 1888 1983 quibuscumque

1154 1994 1313 2027 iudicibus
1342 1994 1540 2026 introductas
1563 1998 1594 2026 et
1610 1993 1792 2037 pendentes
1808 2002 1890 2025 reas-

1154 2047 1312 2087 sumendi,
1343 2053 1373 2080 et
1394 2047 1467 2087 illis,
1489 2047 1547 2078 sub
1572 2046 1795 2079 ecelesiasticis
1820 2055 1889 2078 sen·

1154 2100 1274 2139 tentiis,
1301 2099 1444 2133 censuris
1469 2104 1500 2131 et
1524 2098 1638 2142 poenis
1668 2099 1801 2131 arbitrio
1831 2107 1888 2130 suo

1155 2153 1359 2197 imponendis
1385 2157 1416 2184 et
1440 2151 1658 2191 moderandis,
1693 2150 1888 2189 inhibendi,

1154 2218 1206 2245 ac,
1231 2206 1263 2238 in
1289 2210 1441 2238 eventum
1464 2215 1528 2237 non
1553 2204 1739 2248 paritionis,
1767 2207 1889 2236 eontra-

1155 2260 1295 2292 dictores
1316 2258 1508 2296 sententias,
1536 2267 1690 2290 censuras
1716 2262 1747 2289 et
1763 2266 1887 2300 poenas

1155 2313 1336 2356 praedictas
1355 2311 1535 2349 incurrisse,
1556 2313 1680 2343 servata
1699 2310 1798 2343 forma
1813 2309 1890 2342 Con-

1155 2366 1220 2398 eilii
1246 2364 1433 2404 Tridentini,
1460 2363 1664 2406 aggravaudi,
1692 2361 1886 2402 declarandi,

1154 2418 1396 2462 reaggravandi,
1422 2417 1644 2455 interdicendi,
1670 2415 1888 2458 auxiliumque

1154 2472 1277 2505 brachii
1314 2470 1470 2504 secularis
1508 2471 1547 2502 ad
1582 2470 1612 2502 id
1638 2469 1663 2501 si
1688 2479 1769 2512 opus
1806 2468 1889 2501 foret

1154 2525 1344 2564 invocandi,
1371 2528 1527 2556 attentata
1552 2526 1583 2553 et
1607 2522 1757 2554 innovata
1792 2529 1888 2563 quae-

1155 2588 1290 2621 cumque
1316 2576 1494 2615 revocandi,
1516 2586 1552 2607 ac
1578 2574 1684 2607 omnia
1708 2578 1737 2605 et
1761 2573 1888 2614 singula

1155 2633 1188 2664 in
1213 2631 1396 2675 praemissis
1430 2634 1458 2662 et
1486 2630 1569 2662 circa
1595 2638 1631 2660 ea
1657 2627 1838 2659 necessaria
1858 2630 1889 2658 et

1897 249 1948 277 An.
1965 248 1994 277 C.
2017 249 2084 276 1668
