2247 3208
120 203 172 229 An.
190 202 218 229 C.
245 205 264 230 lt
276 205 310 231 65

903 204 1090 227 ALExxNDER

1736 194 1795 207 :tlr‘

1114 205 1157 227 Vll
1186 205 1232 226 PP.

280 282 284 285 .
315 252 464 284 cedamus
483 252 515 283 in
532 261 629 293 pace:
650 252 698 282 eui
719 251 849 283 fratres:
871 251 907 283 [11
928 252 1057 283 ›eoinine
1098 261 1168 283 cum
1195 251 1443 293 superpelliceis
1459 251 1621 288 assistunt,
1643 251 1836 292 missamquer

147 844 215 865 Cart-i·
231 843 264 864 lX.

114 871 144 891 De
160 871 234 890 «helius
243 875 297 890 com-

114 897 217 917 munionis
235 902 298 921 gene-

113 924 164 943 ralis
176 923 260 947 etquid
277 922 296 942 in

112 950 145 970 lus
155 949 288 970 observetur.

312 305 468 343 Domim';
496 310 679 346 terrzunque
699 306 888 342 osculantes,
908 310 940 335 et
957 304 1055 347 pallia

312 363 527 396 resumentes,
547 366 617 389 cum
645 357 805 389 modestia
825 357 857 388 in
885 356 1054 388 ecclesiam

313 415 441 451 exeunt,
459 416 554 452 atque
580 421 702 442 sarram
724 409 959 442 Eucliaristian'i
977 409 1054 441 ado-

312 469 392 501 rant,
411 464 450 496 de
477 474 515 496 eo
542 465 627 506 quod
658 469 720 496 tam
746 463 862 496 sanctis
889 461 1052 494 exercitiis

312 515 522 548 interfuerint
546 516 664 558 granas
690 516 755 548 Deo
776 520 919 560 agentes,
940 513 1053 556 Deipa-

310 579 378 601 ram
402 569 566 611 Virginem
601 568 748 602 oratione
786 567 932 609 angelica
965 567 1052 599 salu-

311 626 390 659 tant,
408 628 439 654 et
455 632 526 654 cum
543 622 658 654 eodem
685 620 814 653 silentio
839 625 871 652 et
891 620 1051 652 modestia

310 673 342 706 in
360 674 519 717 principio
538 674 622 706 dicta
640 673 896 716 proficiscuntur,
913 672 1049 705 interius

310 726 442 770 aliquod
460 724 625 759 atl'eetuin¹
643 736 774 759 suorum
792 725 954 758 silentium
973 735 1049 758 con-

309 779 400 822 sequi
426 784 649 821 procurantes.

352 831 402 863 IX.
418 831 550 863 Praeter
564 830 810 863 communiones
823 831 1045 873 particulares,

309 884 347 916 de
366 883 480 926 quibus
503 889 616 926 agetur
640 883 673 916 in
698 883 803 926 capite
830 883 889 923 xiv,
908 883 943 915 fit,
965 893 1048 917 eom-

308 937 420 970 munio
452 936 613 979 generalis
641 936 777 979 singulis
803 937 973 969 dominicis
998 947 1047 969 se-

308 989 424 1022 cundis
444 989 700 1032 uniuscuiusque
719 989 852 1029 mensis,
871 989 975 1032 primo
995 989 1045 1022 die

308 1042 526 1083 pentecostes,
547 1042 599 1075 die
624 1042 769 1075 Nominis
795 1042 922 1082 Mariae,
940 1054 976 1075 ac
994 1043 1044 1075 die

308 1095 410 1127 sancti
442 1095 584 1138 Philippi
614 1095 701 1127 Nerii
730 1095 830 1138 patris
859 1095 983 1136 nostri,
1014 1100 1045 1128 et

309 1149 439 1191 quando
462 1148 582 1192 ¹aliquis
608 1159 644 1181 ex
671 1149 821 1181 fratribus
844 1149 928 1181 diem
954 1160 1045 1182 suum

307 1201 435 1234 obierit.

351 1253 596 1296 Congregantur
621 1254 735 1287 fratres
760 1254 792 1286 in
819 1255 974 1295 oratorio,
1001 1256 1046 1288 di-

308 1306 421 1349 ligenti
440 1300 656 1339 conscientiae
678 1308 835 1347 examine,
859 1308 1044 1351 prolixiore,

308 1370 404 1403 quam
433 1360 529 1401 alias,
557 1360 727 1401 oratione,
755 1362 1045 1405 sacramentalique

308 1413 515 1446 consessione
544 1413 607 1446 iam
639 1414 834 1457 praeparati.
861 1414 1044 1454 Silentium,

307 1465 465 1498 modestia
486 1470 518 1497 et
540 1466 732 1507 reverentia,
751 1471 840 1500 tanto
860 1467 962 1510 magis
980 1468 1043 1510 his,

307 1528 403 1560 quam
427 1518 460 1550 in
484 1518 617 1551 scholae
639 1518 764 1559 diebus,
786 1520 897 1562 augeri
916 1521 1063 1561 debent‚‘

307 1575 427 1613 quanto
453 1571 662 1604 excellentius
685 1576 735 1604 est
759 1572 859 1605 Deum
885 1573 917 1605 in
942 1573 1047 1607 Sacra-

308 1629 418 1656 mento
444 1624 581 1656 adorare
602 1629 633 1656 et
650 1624 809 1668 recipere,
826 1625 1046 1660 ineffabiliter-

308 1688 369 1720 que
387 1682 483 1720 atque
508 1677 622 1710 intime
643 1677 672 1710 ei
702 1678 807 1718 uni1=i3
834 1679 1046 1713 consideratis

307 1730 394 1765 inter
417 1730 536 1763 motiva
561 1729 623 1762 alia
649 1731 829 1763 devotionis
864 1737 896 1764 et
928 1733 1048 1765 teneri-

309 1782 428 1815 tudinis
449 1782 566 1815 Christi
595 1783 831 1826 discipulortnn
861 1785 992 1817 nomine
1017 1790 1049 1817 et.

308 1835 526 1878 professione.

348 1880 522 1931 'Tantisper
546 1888 579 1920 in
608 1888 756 1921 oratione
778 1894 909 1922 manent
931 1901 1048 1933 quous-

309 1951 372 1983 que
390 1941 520 1983 signum
546 1941 600 1973 dat
623 1940 815 1974 Obedientia
839 1947 874 1974 ut
899 1943 1045 1975 sedeant.

309 1994 396 2026 Tunc
417 1993 472 2027 ille
497 1994 638 2027 breviter
655 2000 751 2038 atque
777 1995 859 2038 aptis
887 1995 950 2028 diei
978 2007 1049 2028 ver-

309 2047 358 2079 bis
395 2047 545 2080 accendit
580 2058 634 2080 eos
671 2053 704 2080 et
739 2049 947 2089 exhortatum
982 2054 1050 2081 tan-

310 2101 448 2143 demque
473 2104 616 2133 mutuam
642 2101 834 2134 charitatem
864 2102 999 2141 suadet,
1023 2102 1049 2134 si

311 2153 392 2186 sorte
417 2153 502 2186 inter
527 2164 640 2186 eorum
658 2153 782 2197 aliquos
807 2154 1050 2187 disconvenien-

312 2205 374 2238 tiae
399 2216 495 2238 causa
519 2206 577 2238 sit:
611 2205 691 2238 lade
722 2207 818 2249 prius
841 2207 1051 2240 reconciliari

310 2258 409 2300 fratri
435 2262 487 2290 tuo
513 2258 649 2300 (MATTH.
673 2259 714 2301 v),
736 2259 769 2290 in
787 2269 894 2301 genua
918 2261 1047 2300 eadunt,

311 2311 494 2354 singulique
522 2312 636 2344 ordine
661 2313 786 2345 alterne
812 2313 938 2345 dicunt:
959 2313 995 2346 Sa·
1014 2314 1050 2345 ἰἠ

311 2363 426 2407 aliqud
461 2374 494 2395 re
517 2364 635 2406 fratres
660 2374 743 2397 meos
774 2364 913 2406 offendi,
938 2375 1051 2407 precor

311 2416 397 2449 milti
418 2421 566 2460 parcant,
590 2421 687 2459 atque
711 2427 765 2459 eqo
791 2417 875 2449 idem
899 2418 992 2459 lucio,
1019 2423 1052 2451 et

312 2480 384 2502 cum
409 2469 557 2510 dixerint,
578 2475 697 2502 terram
721 2471 919 2503 osculantur.

355 2523 455 2556 Vestit
476 2534 509 2556 se
528 2523 731 2563 Obedientia,
751 2524 802 2556 cui
820 2523 924 2556 nuntii
943 2524 1050 2557 altaris

349 2585 361 2613 1
383 2584 484 2611 Forsan
504 2585 657 2619 affectuum
678 2588 714 2620 (a.
732 2587 781 2619 T.).

419 2639 497 2669 Butb.
513 2639 593 2671 Rom.
610 2654 644 2661 -
663 2640 720 2668 Voc.
738 2640 829 2668 XVII.
974 2641 1008 2668 44

1098 304 1241 335 celebrat
1278 303 1434 346 privatam
1459 305 1495 335 ea
1521 304 1714 343 devotione,
1741 314 1835 346 quani

1098 355 1174 388 tanti
1201 357 1346 388 sacrificii
1373 357 1556 389 ministrum
1576 358 1676 393 des-et,
1696 368 1834 399 eumque

1096 419 1113 440 a
1133 419 1197 450 quo
1217 409 1340 440 discere
1368 410 1460 441 ‹lelwt
1489 415 1551 441 tani
1578 416 1685 441 sancta
1710 411 1830 442 schola.

1096 460 1239 501 Pergunt
1265 462 1379 493 tratres·
1405 462 1523 503 singuli
1551 463 1617 494 liini
1644 464 1682 495 :ul
1709 474 1834 495 sumen-

1095 513 1167 545 dam
1191 513 1435 552 Eucliaristiam,
1455 525 1513 557 par
1539 514 1671 547 fratrum
1697 527 1732 547 cx
1758 511 1832 555 uno,

1094 571 1125 598 et
1149 577 1207 608 par
1231 566 1317 599 aliud
1343 578 1379 599 ex
1406 569 1507 600 altero
1534 568 1644 607 choro,
1664 574 1758 611 atquo
1780 580 1833 601 eo-

1093 618 1165 650 dem
1199 620 1296 652 modo
1325 620 1441 659 ceteri,
1470 625 1518 652 ter
1551 620 1651 652 humo
1684 632 1833 663 procum-

1092 671 1220 704 bentes.

1135 723 1267 758 Gladios
1293 726 1478 768 relinquunt
1507 727 1683 760 oratorium
1709 727 1833 769 ingres-

1091 778 1181 818 suri,
1216 778 1314 820 pallia
1349 789 1423 811 vero
1450 790 1514 811 non
1541 780 1730 822 relinquunt
1766 791 1831 812 ine-

1090 830 1195 863 moria
1214 831 1392 863 retinentes
1410 831 1570 863 Christum
1593 832 1758 864 dominum
1778 843 1830 864 no-

1089 888 1200 924 strum,
1232 884 1437 926 quantumvis
1464 890 1689 928 paupertatem
1715 890 1745 917 et
1771 886 1831 917 liu-

1089 935 1260 969 militatem
1280 946 1408 979 semper
1424 939 1591 977 amaverit,
1617 943 1766 971 ornatum
1786 944 1830 970 ta-

1089 1000 1163 1022 men
1186 994 1217 1022 et
1237 995 1426 1032 apparatum
1451 991 1586 1033 elegisse
1609 992 1830 1025 instituturum

1088 1043 1151 1074 hoc
1169 1043 1313 1075 divinum
1334 1043 1594 1076 Sacramentum:
1616 1044 1831 1077 Commeatum

1087 1095 1211 1137 yrancle
1227 1100 1366 1128 stratum
1383 1096 1497 1138 (Mine.
1518 1097 1593 1139 xiv),
1612 1097 1651 1129 ad
1669 1097 1765 1139 idque
1783 1108 1831 1130 ve-

1088 1153 1153 1181 stes
1179 1149 1372 1192 resumpsit:
1398 1150 1530 1192 Accepit
1555 1151 1746 1183 vestimenta
1770 1161 1831 1183 sua

1089 1201 1190 1242 (lom.
1211 1202 1294 1243 xui).

1131 1253 1240 1286 Oratio
1266 1255 1405 1287 habetur
1430 1261 1554 1298 postea,
1581 1266 1645 1299 qua
1670 1257 1734 1288 Deo
1760 1268 1831 1299 gra-

1089 1310 1135 1338 tes
1152 1316 1211 1349 pro
1237 1312 1300 1339 tam
1318 1318 1436 1349 magno
1457 1308 1617 1341 beneficio
1634 1309 1827 1342 redduntur.

1089 1359 1300 1402 Absolvitque
1336 1360 1529 1393 Obedientia
1562 1361 1694 1394 dicens:
1723 1361 1749 1394 0
1772 1373 1826 1394 sa-

1088 1423 1179 1444 crum
1203 1413 1397 1451 convivium,
1418 1420 1452 1446 ut
1476 1414 1508 1446 in
1533 1414 1637 1458 capite.
1661 1415 1766 1453 tinali;
1788 1416 1830 1447 sa-

1089 1470 1205 1508 etoque
1236 1466 1330 1508 signo
1362 1473 1481 1500 exeunt
1509 1478 1583 1500 eum
1615 1468 1712 1500 toties
1744 1467 1829 1500 dieto

1089 1517 1218 1551 silentio
1244 1524 1276 1551 et
1300 1520 1469 1552 modestia.

1135 1572 1170 1603 Β
1183 1573 1249 1604 Hoc
1260 1572 1310 1605 die
1320 1578 1394 1615 post
1406 1573 1577 1606 meridiem
1588 1574 1727 1607 hahetur
1738 1575 1829 1607 scho-

1916 202 1933 226 Γ

1736 211 1755 225 -›
1768 208 1800 225 w
1847 203 1897 228 An.

1091 1626 1130 1663 la,
1153 1636 1226 1657 cum
1252 1626 1364 1668 quinta
1386 1626 1464 1658 feria
1481 1626 1536 1666 sit;
1556 1627 1829 1670 praescriptisque
1842 1636 1926 1656 chrism-

1091 1678 1180 1710 horis
1199 1678 1423 1711 manifestatur
1439 1684 1575 1722 propter
1588 1681 1828 1713 solemnitatem

1090 1731 1157 1763 eius
1173 1732 1236 1764 diei
1257 1732 1289 1764 in
1314 1733 1457 1765 oratorio
1483 1740 1687 1766 sacrosancta
1709 1734 1830 1766 Eucha«

1091 1784 1191 1816 ristia.
1207 1784 1347 1817 Ornatur
1363 1786 1464 1817 altare
1482 1796 1554 1818 cum
1568 1786 1725 1819 munditia
1741 1787 1829 1828 gravi

1091 1842 1122 1869 et
1146 1837 1285 1870 decenti.
1314 1837 1434 1870 Sedilia
1457 1839 1618 1871 exercitiis
1643 1839 1830 1872 deservien-

1092 1889 1141 1928 tia,
1157 1888 1368 1922 Obedientiae
1391 1891 1548 1930 mensula,
1569 1892 1737 1930 calvariae,
1757 1902 1829 1924 ossa

1091 1947 1123 1973 et
1146 1942 1273 1984 flagella
1299 1942 1362 1974 hoe
1387 1942 1439 1975 die
1465 1953 1529 1975 non
1553 1943 1715 1976 videntur.

1135 1994 1380 2037 Congreganttu·
1405 1995 1518 2028 fratres
1539 1996 1571 2027 in
1598 1996 1761 2035 oratorio;
1782 2007 1830 2029 ve-

1091 2047 1249 2090 stitusque
1267 2047 1459 2080 Obedientia
1475 2059 1547 2081 cum
1565 2051 1665 2092 cappa
1686 2050 1829 2092 pluviali,

1091 2101 1262 2133 comitatus
1288 2101 1413 2133 duobus
1439 2101 1560 2133 nuntiis
1585 2102 1717 2141 altaris,
1745 2103 1830 2135 aliis-

1092 2164 1155 2196 que
1181 2154 1306 2186 duobus
1334 2153 1485 2187 fratribus
1510 2155 1732 2188 sacerdotibus
1757 2166 1831 2188 cum

1092 2207 1348 2250 superpelliceis,
1374 2206 1405 2239 in
1432 2207 1603 2241 eeclesiam
1630 2209 1734 2248 venit,
1756 2220 1830 2252 pro-

1093 2259 1282 2292 cedentibus
1306 2259 1440 2302 reliquis
1458 2260 1608 2292 fratribus
1631 2271 1703 2293 cum
1729 2262 1830 2293 cereis

1092 2313 1125 2344 in
1150 2323 1246 2344 manu
1271 2312 1416 2345 accensis
1441 2313 1537 2355 (quae
1556 2313 1639 2346 inter
1657 2325 1712 2346 eos
1730 2315 1830 2346 distri-

1094 2366 1197 2398 buunt
1221 2366 1427 2398 coadiutores
1449 2367 1633 2399 nuntiorum
1651 2368 1774 2405 altaris)
1793 2370 1830 2400 ea

1093 2430 1165 2451 cum
1190 2419 1360 2458 modestia,
1380 2420 1556 2452 attentione
1583 2425 1615 2452 et
1639 2420 1830 2463 circumspe—

1093 2473 1208 2511 ctione,
1228 2483 1290 2515 qua
1308 2473 1429 2504 debent
1445 2472 1562 2505 Christi
1581 2473 1731 2515 discipuli
1751 2483 1831 2505 eun-

1094 2530 1139 2557 tes
1154 2525 1336 2567 quaesitum
1355 2531 1675 2568 transportatumque
1694 2526 1726 2557 in
1741 2526 1831 2558 scho-

1092 2579 1156 2610 lam
1182 2577 1325 2618 divinum
1349 2588 1441 2610 suum
1457 2577 1646 2621 magistrum
1687 2578 1831 2612 Extrahit

1965 203 2032 230 ins-5

1881 1582 1950 1602 Carm-
1966 1582 1989 1602 X.

1843 1610 1870 1629 tie
1880 1609 1913 1629 ili-J
1926 1608 2024 1634 Curpoiis
