2247 3208
222 287 263 313 An
293 286 409 313 &1669

260 2034 380 2054 Exordium.
412 2037 415 2038 ⁷

264 2349 351 2371 Mollia.

452 276 519 310 *700

416 392 446 419 et
459 387 587 427 linguae
603 396 637 417 ac
651 386 821 428 prioratus,
841 385 937 417 etiam
959 384 1147 421 iuramento,

415 438 659 472 confirmatione
685 437 873 480 apostolica,
897 438 945 469 vel
965 436 1073 479 (plavis
1100 436 1152 467 fir-

414 491 524 523 mitate
550 491 611 522 alia
629 490 798 529 roboratis,
819 489 943 521 statuti:
967 494 998 521 et
1015 499 1151 521 consue-

415 542 603 582 tudinibus,
629 541 855 574 stabilimentis
871 569 878 581 ,
903 541 1015 574 usibus
1041 546 1072 573 et
1098 551 1152 572 na-

414 595 514 635 turis,
541 606 577 627 ac
609 594 869 627 ordinationibus
900 593 1151 636 capitularibus,

415 647 592 690 privilegiis
619 658 768 690 quoque,
800 647 934 679 indultis
969 652 999 678 et
1035 646 1150 679 litteris

416 700 602 743 apostolicis
626 700 658 732 in
684 700 881 732 contrarium
900 699 1152 742 praemissorum

416 753 662 796 quomodolibet
693 753 873 791 concessis,
901 751 1096 785 confirmatis
1123 756 1154 783 et

415 806 595 846 innovatis3
622 806 738 849 quibus
764 805 912 838 omnibus
938 811 968 837 et
1000 804 1152 846 singulis,

416 859 547 892 illorum
573 865 703 892 tenores
728 858 952 902 praesentibus
977 868 1036 900 pro
1060 858 1154 900 plene

418 917 449 945 ct
469 912 665 944 sufficienter
691 911 851 954 expressis
871 922 905 943 ac
931 911 970 943 de
996 911 1095 943 verbo
1116 910 1154 942 ad

418 965 550 998 verbum
575 964 702 997 insertis
728 965 902 1003 habentes,
929 964 993 996 illis
1018 963 1097 996 alias
1123 963 1155 994 in

419 1028 476 1050 suo
501 1017 618 1050 robore
643 1016 863 1060 permansuris
899 1017 936 1048 ad
966 1016 1155 1059 praemisso-

419 1081 490 1102 rum
505 1069 661 1109 effectum,
682 1070 742 1102 hac
758 1069 826 1102 vice
848 1069 1019 1108 dumtaxat,
1035 1068 1157 1112 specia—

420 1122 495 1155 liter
519 1127 550 1154 et.
571 1132 723 1165 expresse
742 1123 955 1165 derogamus;
975 1122 1157 1164 ceterisque

421 1175 589 1208 contrariis
615 1176 883 1219 quibuscumque.

464 1227 575 1260 Datum
604 1227 745 1268 Romae,
773 1229 857 1271 apud
884 1227 914 1260 S.
941 1227 1071 1260 Mariam
1097 1227 1159 1259 Ma-

421 1280 543 1321 iorem,
580 1280 639 1313 sub
669 1281 789 1313 annulo
821 1280 1016 1320 Piscatoris,
1056 1280 1106 1312 die
1142 1290 1159 1312 x

422 1333 497 1365 maii
528 1342 688 1371 mmmm,
730 1332 936 1376 pontificatus
976 1333 1074 1365 nostri
1105 1343 1159 1365 an-

424 1396 465 1419 no
490 1397 525 1419 11.

460 1446 517 1473 Dat.
540 1446 582 1473 die
606 1448 638 1474 10
657 1447 719 1473 maii
742 1447 820 1481 1669,
842 1446 936 1482 pontif.
955 1455 1023 1473 anno
1044 1453 1071 1473 ιι.

757 1589 831 1621 Ctx.

426 1667 566 1701 Domitio
591 1673 762 1701 conventus
787 1673 814 1700 e!
840 1668 988 1700 ecclesiae
1007 1668 1054 1701 Ss.
1073 1668 1162 1700 lonn-

472 1723 522 1752 m's
536 1726 563 1753 el
577 1721 691 1760 Pauli,
703 1732 891 1764 suppressae
905 1722 1162 1763 congireyatiom's

470 1774 614 1816 fratrum
637 1774 851 1813 Iesuatorzsm,
872 1774 992 1816 puellis
1015 1774 1163 1817 paulum*-

472 1827 528 1859 bus
552 1827 584 1859 S.
612 1827 766 1869 Philippi
790 1827 884 1859 Nerii
901 1827 938 1860 de
960 1826 1072 1859 ΝΓΛ-ε’.

640 1908 773 1934 clemens
796 1908 874 1940 Papa
895 1908 944 1938 IX,

548 1952 585 1978 ad
605 1955 778 1985 perpetuam
798 1954 842 1978 rei
863 1953 1045 1978 memoriam.

472 2021 639 2055 Commissi
679 2021 773 2054 nobis
813 2021 965 2054 divinitus
997 2022 1164 2064 pastoralis

429 2075 571 2108 muneris
596 2075 677 2107 ratio
710 2076 870 2118 postulat,
911 2080 947 2106 ut
982 2076 1165 2117 puellarum

429 2138 608 2171 pauperum
630 2127 746 2170 pudori
764 2133 796 2160 et
814 2127 989 2160 commodis
1011 2133 1165 2170 quantum

430 2181 524 2213 nobis
537 2192 572 2213 ex
589 2181 652 2213 alto
678 2181 874 2220 conceditur,
895 2181 1071 2214 secundum
1092 2192 1166 2224 pru-

432 2234 559 2265 dentiae
581 2239 675 2276 atque
694 2233 861 2266 charitatis
880 2235 976 2276 leges⁷
995 2235 1166 2266 consulere

432 2286 629 2318 studeamus.

477 2338 547 2380 gi.
575 2338 652 2370 Cum
687 2339 815 2381 itaque,
850 2339 932 2371 sicut
964 2338 1166 2381 accepimus,

434 2391 549 2424 domus
584 2402 638 2423 seu
675 2392 949 2424 conservatorium
988 2393 1167 2434 puellarum

434 2455 614 2488 pauperum
643 2444 673 2476 S,
703 2445 844 2487 Philippi
869 2444 954 2477 Nerii
988 2445 1025 2477 de
1060 2444 1165 2484 Urbe,

434 2508 536 2541 prope
563 2498 703 2529 cloacam
736 2497 766 2529 S.
804 2497 917 2530 Luciae
951 2504 1168 2540 nuncupatam

436 2550 587 2587 existens,
614 2560 678 2582 uon
704 2551 807 2582 solum
828 2550 1049 2583 insalubritate
1077 2551 1168 2588 aeris,

436 2613 473 2636 ac
498 2602 596 2635 nimia
629 2602 773 2644 angustia
805 2603 947 2642 laboret,
981 2604 1038 2635 sed
1075 2603 1170 2635 ctiam

474 2667 482 2690 1
503 2664 539 2691 Ex
556 2664 661 2698 Rege-st.
680 2665 705 2688 in
721 2664 822 2689 ὅκοι-εί.
847 2663 977 2689 brevium.

996 281 1175 306 nrttsiuru
1199 275 1350 305 nnumin

415 334 559 371 stolicis,
584 343 709 365 necnon
735 331 953 375 praefatorum
981 330 1152 372 hospitalis
1174 338 1175 355 ³

1196 329 1375 361 vicinorum
1411 330 1553 362 locorum
1588 330 1700 363 domos
1736 330 1927 372 contiguas,

1196 382 1310 425 quibus
1336 383 1479 425 undique
1505 382 1656 424 cingitur,
1681 383 1929 415 inhabitantium

1196 435 1355 477 inspectui
1380 441 1511 478 pateant
1541 436 1609 478 ipsa
1634 435 1781 468 cubicula
1805 446 1930 467 earum-

1196 487 1267 519 dem
1294 489 1484 529 puellarum,
1502 498 1566 520 non
1587 487 1655 520 sine.
1681 488 1789 530 aliquo
1808 488 1932 529 ingres-

1196 550 1249 571 sus
1276 540 1431 582 periculo,
1458 551 1517 572 nec
1542 540 1592 573 his
1610 540 1831 579 incommodis,
1859 550 1931 583 pro-

1196 597 1268 634 pter
1293 592 1370 624 situs
1390 593 1588 635 qualitatem,
1611 593 1688 625 satis
1706 592 1866 635 provideri
1886 603 1933 625 va-

1197 646 1272 677 leat:
1300 655 1370 683 nos,
1396 645 1585 687 praemissa,
1610 656 1693 688 quae
1711 645 1807 678 etiam
1826 645 1931 686 nobis,

1197 699 1271 730 dum
1298 696 1329 730 in
1356 698 1537 730 minoribus
1571 698 1739 730 constituti
1767 704 1797 731 et
1830 698 1933 732 cardi-

1198 751 1322 782 nalatus
1363 751 1487 783 honore
1536 751 1709 793 fungentes
1753 751 1933 794 puellarum

1197 803 1410 845 praesatarum
1444 803 1680 846 protectionem
1717 805 1930 849 gerebamus,

1198 856 1319 888 oculari
1344 856 1545 899 inspectione
1563 856 1788 897 innotuerunt,
1809 862 1932 890 mature

1197 908 1460 946 considerantes,
1488 920 1524 941 ac
1556 909 1679 942 eisdem
1717 909 1932 942 incommodis

1198 961 1350 1003 pastorali
1377 962 1582 1004 providentia
1607 972 1788 1001 occurrere,
1815 963 1934 995 dictas-

1200 1024 1261 1056 que
1276 1015 1401 1056 puellas
1418 1019 1573 1057 paternae
1585 1020 1714 1048 nostrae
1724 1015 1932 1058 benignitatis

1200 1067 1346 1109 largitate
1372 1068 1525 1110 prosequi
1552 1068 1740 1110 cupientes,
1768 1074 1799 1100 et
1824 1079 1934 1101 earum

1200 1119 1381 1162 singulares
1406 1131 1561 1163 personas
1586 1132 1603 1153 a
1628 1121 1793 1164 quibusvis
1811 1132 1934 1155 excom-

1201 1173 1439 1212 municationis,
1465 1174 1686 1216 suspensionis
1708 1180 1739 1207 et
1756 1175 1933 1215 interdicti,

1201 1225 1335 1268 aliisque
1350 1226 1576 1258 ecclesiasticis
1600 1227 1934 1266 sententiis‚censuris

1201 1284 1232 1310 et
1256 1279 1381 1320 poenis,
1407 1290 1424 1311 a
1449 1279 1516 1311 iure
1541 1280 1590 1311 vel
1606 1279 1644 1311 ab
1661 1279 1803 1319 homine,
1825 1280 1935 1323 quavis

1202 1332 1373 1364 occasione
1407 1332 1455 1364 vel
1492 1334 1587 1364 causa
1623 1332 1716 1369 latis,
1758 1333 1782 1364 si
1820 1333 1936 1375 quibus

1203 1385 1448 1426 quomodolibet
1470 1385 1642 1418 innodatae
1664 1385 1816 1426 existunt,
1837 1386 1875 1418 ad
1894 1386 1935 1418 es-

1204 1439 1320 1471 sectum
1361 1438 1582 1481 praesentium
1622 1438 1787 1471 dumtaxat
1822 1448 1936 1471 conse-

1204 1492 1390 1534 quendum,
1418 1491 1530 1523 harum
1561 1491 1643 1524 serie
1676 1492 1879 1524 absolventes
1906 1497 1938 1524 et

1204 1545 1367 1577 absolutas
1392 1545 1460 1577 sore
1487 1550 1664 1585 censentes,
1692 1550 1779 1577 motu
1804 1544 1938 1587 proprio

1205 1604 1237 1630 et
1260 1609 1296 1630 ex
1323 1600 1410 1630 certa
1443 1597 1577 1630 scientia
1601 1609 1637 1630 ac
1661 1600 1788 1630 matura
1814 1598 1938 1630 delibe-

1938 279 1987 306 Αη.
2005 279 2033 305 C.
2055 279 2087 306 46
2104 279 2124 305 9

1204 1651 1329 1683 ratione
1367 1653 1518 1693 moraque
1562 1650 1753 1683 liberalitate
1797 1650 1967 1690 nostris,-

1205 1704 1309 1746 deque
1324 1703 1521 1746 apostolicae
1536 1703 1706 1746 potestatis
1723 1703 1937 1746 plenitudine,

1206 1756 1327 1789 eisdem
1357 1755 1473 1799 puellis
1507 1755 1701 1798 pauperibus
1734 1755 1764 1788 S.
1795 1755 1937 1799 Philippi

1205 1809 1314 1849 Nerii,
1346 1819 1405 1852 pro
1431 1819 1541 1841 earnm
1572 1819 1631 1841 usu
1664 1813 1695 1841 et
1729 1807 1938 1848 habitatione,

1977 1763 2046 1784 Donat
2060 1765 2098 1784 Ιόι
2107 1764 2134 1784 u-

1951 1790 1984 1810 sex
2009 1793 2133 1811 conv-enum

1951 1817 2036 1842 aliaque
2077 1817 2133 1837 bona

1915 1861 1920 1866 ,
1951 1848 2078 1868 suppressae
2085 1849 2133 1863 cuu-

1207 1868 1402 1895 conventum
1444 1872 1640 1905 suppressae
1678 1861 1939 1904 congregationis

1207 1916 1339 1948 lratrum
1365 1914 1394 1947 S.
1424 1914 1609 1959 Hieronymi
1635 1914 1834 1947 Iesuatorum
1860 1924 1942 1946 nun-

1208 1974 1410 2011 cupatorum,
1432 1967 1545 2010 illique
1564 1966 1751 2009 contiguam
1772 1968 1942 2000 ecclesiam

1208 2021 1254 2053 Ss.
1278 2020 1406 2053 Ioannis
1432 2025 1464 2052 et
1488 2019 1577 2052 Pauli
1610 2020 1648 2052 de
1682 2020 1796 2052 eadem
1833 2019 1918 2052 Urbe
1934 2045 1941 2059 ,

1208 2077 1271 2106 uua
1295 2085 1367 2106 cum
1393 2073 1543 2106 omnibus
1570 2073 1864 2116 supellectibilibus
1896 2083 1944 2105 sa-

1209 2128 1269 2160 cris
1293 2128 1326 2159 in
1352 2129 1389 2159 ea
1415 2126 1646 2166 existentibus,
1680 2131 1710 2158 et
1742 2136 1812 2158 cum
1838 2125 1943 2157 tribus

1210 2180 1313 2212 bortis
1339 2179 1444 2212 eidem
1467 2178 1637 2211 conventui
1657 2177 1888 2217 adiacentibus,
1907 2187 1944 2209 ac

1210 2233 1343 2275 iusuper
1378 2241 1448 2263 cum
1485 2230 1654 2273 superficie
1692 2230 1755 2262 sive
1796 2229 1944 2272 portione

1210 2286 1322 2318 vineae
1349 2284 1480 2326 triginta
1498 2284 1630 2315 duarum
1657 2293 1832 2315 cannarum
1858 2292 1944 2315 men-

1211 2349 1306 2371 surae
1331 2347 1481 2370 romauae
1507 2337 1539 2368 in
1571 2336 1809 2378 longitudinem
1838 2347 1857 2368 a
1880 2336 1942 2368 [ine

1210 2390 1293 2423 muri
1320 2389 1507 2429 mansionis,
1534 2400 1615 2432 quae
1634 2389 1659 2420 ic
1678 2389 1812 2431 Ιοφηιινο
1835 2389 1944 2430 vulga-

1211 2444 1290 2475 riter
1314 2448 1452 2481 vocatur,
1470 2452 1529 2485 per
1546 2442 1671 2474 radices
1691 2441 1870 2474 dormitorii
1888 2451 1945 2473 seu

1212 2498 1379 2536 cellarum,
1408 2507 1444 2528 ex
1470 2496 1585 2538 quibus
1603 2495 1635 2527 in
1653 2495 1800 2527 eamdem
1820 2494 1945 2526 vincam

1213 2556 1402 2593 prospectus
1429 2549 1532 2589 datur,
1552 2547 1765 2592 protensam¹,
1793 2553 1824 2579 et
1846 2548 1946 2590 vigin-

1216 2602 1382 2645 tiquinque
1400 2612 1574 2634 cannarum
1590 2601 1740 2633 similium
1755 2600 1788 2632 in
1805 2601 1947 2633 latitudi-

1250 2665 1260 2690 1
1281 2663 1389 2690 Videtur
1404 2663 1694 2698 legendumproeensti
1711 2664 1748 2697 (n.
1765 2665 1814 2695 T.)-

1952 1869 2079 1893 memnoni<
2088 1875 2134 1890 cum

1952 1896 1997 1918 leae
2015 1898 2037 1915 ut
2059 1896 2079 1916 in
2101 1902 2134 1917 ru-

1953 1923 2018 1943 tinet..
