2247 3208
208 274 256 300 An.
275 274 302 301 C.
327 273 393 301 1663
438 264 501 298 148

232 1596 381 1622 Superioribus

200 1622 248 1642 vlam
294 1623 381 1642 fas-uuas

200 1649 337 1668 unumunurn
349 1655 379 1668 ra·

200 1678 229 1694 tas
246 1679 265 1694 et
277 1676 381 1700 exigendi.

406 327 536 360 ventus,
565 319 707 363 capitula
731 323 763 351 et
786 327 955 361 personas,
980 317 1068 349 iuxta
1089 322 1157 350 s0-¹

404 374 492 406 litam
519 377 622 405 laxam
643 372 730 404 inter
747 372 837 414 ipsos
857 370 1048 410 faciendam,
1068 370 1140 402 the-

403 425 550 457 saurario
568 429 682 457 nostro
700 423 845 466 generali
860 422 991 462 Romae,
1006 423 1139 455 illorum

401 478 556 520 periculis
584 482 615 509 et
632 476 802 519 impensis,
823 480 855 508 et
872 475 961 516 alias,
981 475 1139 518 quemad-

401 530 532 561 modum
559 530 645 561 inter
670 529 825 561 dilectum
861 527 963 560 filium
988 532 1155 566 nostrum¹

400 582 543 614 Flavium
564 582 648 614 tituli
666 582 696 614 S.
717 581 833 614 Mariae
852 581 890 613 de
908 581 1034 623 Populo
1054 590 1138 612 nun-

399 639 552 677 ‹:·upatum
577 635 808 677 presbyterum
834 633 1033 666 cardinalem
1064 633 1138 666 Chi-

400 689 483 719 sium
509 692 744 729 nuncupatum,
770 685 1053 729 procamerarium
1079 696 1137 717 no-

399 746 502 772 strum
526 741 636 783 (quem
663 741 702 772 ad
728 740 790 772 hoc
816 739 1078 772 commissarium
1104 743 1137 771 et

398 797 648 835 procuratorem
665 796 815 824 nostrum
833 802 906 824 cum
924 791 1077 824 omnibus
1103 795 1135 823 et

399 846 661 888 quilniscumque
688 844 880 888 privilegiis,
900 843 1135 876 iurisdictioni-

397 898 458 929 bus
478 902 510 929 et
526 898 667 937 iuribus,
687 907 770 940 quae
788 906 901 929 omnes
923 896 976 929 alii
995 896 1135 928 antehae

398 947 614 982 cou‘luiissarii
633 955 664 982 et
681 954 916 992 procuratores
943 948 1133 980 huiusmodi

398 1003 590 1041 habuerint,
619 1000 827 1045 quibusque¹
853 1002 899 1034 uti
929 1005 961 1033 et
990 1001 1133 1043 gaudere

397 1060 596 1099 potuerunt,
627 1054 871 1097 constituimus)
898 1058 930 1086 et
960 1053 1035 1085 illos
1066 1052 1133 1085 sive

397 1109 529 1141 illorum
543 1112 788 1151 ‚procuratores
808 1104 1064 1146 convenerunt&
1086 1105 1134 1137 in-

400 1166 489 1203 tegre.
522 1160 790 1203 persolvendum.
828 1159 1050 1192 Dec-eruentes
1076 1167 1132 1190 eos

398 1224 511 1247 omnes
530 1214 569 1246 ad
594 1212 851 1256 praestationem
877 1217 909 1244 et
934 1212 1132 1244 solutionem

398 1267 535 1299 subsidii
560 1266 732 1309 praedicti,
750 1265 932 1298 secundum
953 1269 1057 1296 taxam
1072 1264 1133 1296 hu-

397 1320 538 1353 iusmodi
564 1320 740 1359 faciendas,
769 1328 841 1351 esse
867 1317 1045 1350 efficaciter
1076 1318 1133 1349 ob-

397 1373 550 1415 bligatos,
567 1372 694 1405 etiamsi
708 1372 805 1411 bona,
820 1370 1055 1413 proprietates,
1068 1369 1134 1401 sru-

398 1430 480 1465 ctus,
505 1430 537 1457 et
560 1425 669 1457 omnia
692 1424 754 1457 alia
779 1423 979 1467 supradicta,
1003 1424 1130 1466 quarta,

398 1478 544 1517 decimis,
567 1477 732 1517 subsidiis,
751 1481 784 1509 et
801 1477 871 1509 aliis
897 1476 1008 1509 multis
1033 1476 1133 1508 maxi·

397 1531 523 1573 misque
550 1530 707 1563 oneribus
732 1529 798 1561 sint
822 1533 965 1571 gravata.

441 1583 503 1625 {⁹2-
526 1583 561 1615 Et
575 1582 715 1626 proinde
741 1582 989 1614 considerantes
1012 1581 1131 1614 dictam

398 1647 556 1668 summam
592 1636 682 1667 nulla
717 1635 843 1667 ratione
880 1633 1037 1676 congeri,
1071 1643 1133 1666 nee

397 1694 587 1731 congestam
623 1688 734 1721 debito
778 1693 927 1730 tempore
964 1687 1132 1719 numerari

398 1753 509 1785 posse,
536 1743 598 1774 nisi
624 1742 662 1774 de
690 1742 789 1774 rebus
816 1746 848 1773 et
872 1740 1131 1784 proprietatibus

398 1796 641 1839 praedictarum
671 1794 963 1837 congregationum
988 1799 1020 1825 et
1044 1794 1133 1836 ipso-

399 1859 468 1879 rum
496 1849 643 1880 locorum
669 1848 777 1890 aliqua
795 1847 1033 1886 distrahantur,
1056 1856 1133 1889 pro-

398 1900 572 1943 indeque3,
594 1901 632 1933 de
651 1900 765 1932 similis
790 1899 964 1942 potestatis
989 1899 1132 1942 plenitu-

399 1954 472 1985 diue
490 1980 497 1993 ,
528 1953 700 1985 statuimus
726 1957 762 1984 ut
785 1951 905 1994 singuli
941 1951 1131 1994 superiores

399 2006 559 2049 praedicti
585 2011 687 2038 ratam
707 2005 844 2037 subsidii
864 2004 1052 2037 huiusmodi
1071 2004 1131 2036 sibi

399 2059 645 2101 contingentem
670 2067 729 2102 per
754 2068 813 2090 sua
837 2058 977 2100 quisque
1003 2067 1133 2089 monas-

401 2112 500 2151 teria,
530 2112 714 2154 prioratus,
741 2110 1006 2154 praeposituras,
1032 2110 1133 2141 bene-

398 2164 482 2204 ficia,
502 2163 619 2204 officia,
634 2164 792 2204 membra,
811 2164 975 2206 grangias,
994 2173 1130 2203 annexa,

399 2223 580 2250 conventus
608 2223 639 2249 et
663 2218 735 2249 loca
761 2216 960 2249 distribuant
989 2221 1021 2248 et
1052 2216 1133 2249 assi-

399 2276 511 2312 gnent,
531 2275 563 2302 et
585 2270 793 2303 distributam
814 2275 847 2302 et
870 2270 1068 2312 assignatam
1093 2270 1132 2302 ab

400 2323 586 2363 abbatibus,
598 2323 779 2366 prioribus,
790 2323 988 2366 praepositis
1003 2333 1133 2355 monas-

401 2376 511 2415 teriis,
539 2376 775 2416 conventibus,
802 2375 883 2408 locis
910 2380 942 2408 et
965 2375 1130 2418 personis,

400 2428 496 2460 ctiam
520 2439 581 2472 per
598 2429 855 2462 subtractionem
876 2438 988 2461 rerum
1008 2432 1040 2460 et
1056 2437 1133 2470 pro-

436 2518 445 2542 1
471 2517 540 2543 Edit.
558 2517 636 2544 Μαίη.
654 2517 718 2552 legit
737 2518 963 2552 quibuscumque
977 2520 1015 2552 (R.
1031 2516 1079 2551 τ.)-

434 2559 449 2585 ἓῖ
470 2561 561 2595 Aptius
576 2561 618 2587 ed.
632 2561 749 2587 Cherub.
766 2561 829 2596 legit
844 2559 1131 2595 convenietm·(a.r.).

434 2604 448 2627 :z
465 2604 516 2629 l'ox
539 2605 718 2638 proindeque
735 2605 877 2637 redundat,
903 2612 966 2631 nam
987 2603 1134 2639 praecessit

399 2648 449 2673 iam
467 2648 489 2672 iu
507 2649 589 2681 princ.
604 2649 615 2683 ξ
630 2649 666 2675 El
680 2649 817 2683 pruimle;
833 2649 872 2675 vel
889 2649 967 2676 aliter
979 2648 1131 2684 leg—(ltin).

988 269 1167 293 BULLARIUM
1191 268 1341 292 ROMANUM

1173 321 1342 356 ventuum,
1363 321 1395 348 et
1411 316 1490 348 alias
1508 317 1555 349 uti
1576 316 1718 349 viderint
1735 316 1903 359 expedire,

1174 369 1261 402 omni
1280 373 1312 401 et
1330 379 1535 411 quacumque
1554 369 1745 412 exceptione
1764 369 1903 409 sublata,

1172 423 1223 455 vel
1247 422 1484 465 impedimento
1505 426 1666 462 cessante,
1688 423 1829 464 exigant.

1216 475 1230 518 ᾗ
1253 474 1284 508 3.
1312 474 1374 508 Sed
1393 475 1468 518 quia
1493 474 1532 507 de
1557 475 1717 507 universis
1734 475 1903 507 ‘dictarum

1173 527 1466 570 congregationum
1481 527 1669 559 etloeorum
1681 536 1814 559 suorum
1829 537 1905 570 pro-

1171 580 1323 612 ventibus
1349 579 1538 623 supradicta
1566 589 1691 611 summa
1716 579 1766 611 vix
1791 584 1905 622 posset

1172 632 1389 674 congregari;
1416 641 1489 671 nos,
1510 632 1548 665 de
1568 631 1729 664 dictorum
1755 631 1905 673 superio-

1171 695 1243 717 rum
1268 683 1331 717 fide
1358 689 1390 717 et
1414 684 1577 730 probitate
1602 683 1733 723 confisi,
1759 685 1902 726 plenam,

1170 737 1306 769 liberam
1329 741 1362 769 et
1385 737 1569 769 absolutam
1593 736 1792 775 facultatem,
1814 745 1904 767 man-

1170 790 1280 822 datum
1297 794 1330 821 et
1349 793 1545 832 potestatem
1569 788 1743 821 tribuimus
1765 788 1902 830 singulis

1169 843 1493 885 congregationibus,
1513 847 1546 875 et
1562 852 1623 885 pro
1644 842 1690 874 eis
1717 842 1783 873 suis
1805 851 1903 884 supe-

1168 897 1325 935 rioribus,
1344 901 1389 936 ut,
1404 896 1526 929 nullius
1545 896 1704 939 requisito
1723 904 1900 935 conseHSU,

1168 959 1205 980 ac
1229 948 1327 980 etiam
1352 948 1460 980 invitis
1491 952 1524 980 et
1547 947 1802 980 reclamantibus
1828 958 1902 990 par-

1169 1001 1360 1033 ticularibus
1385 1001 1579 1040 abbatibus,
1601 1000 1781 1043 prioribus,
1807 1010 1902 1043 prae-

1167 1053 1297 1096 positis,
1320 1053 1535 1087 conventibus
1562 1057 1594 1085 et
1618 1053 1782 1095 personis,
1803 1053 1901 1085 etiam

1167 1106 1335 1138 unitorum
1371 1105 1648 1138 monasteriorum
1673 1110 1705 1137 et
1729 1106 1877 1138 locorum
1892 1131 1900 1145 ,

1166 1159 1296 1201 possint
1321 1163 1353 1191 et
1370 1159 1498 1191 valeant
1520 1158 1559 1191 de
1585 1159 1672 1190 omni
1698 1162 1730 1190 et
1747 1167 1902 1201 quaeum-

1168 1220 1230 1253 que
1260 1211 1462 1254 proprietate
1496 1216 1528 1243 et
1552 1211 1695 1244 dominio
1728 1211 1900 1253 temporali

1167 1264 1403 1307 cuiuscumque
1418 1264 1693 1306 congregationis,
1703 1269 1736 1296 et
1749 1263 1819 1296 eius
1833 1273 1902 1296 mo·

1166 1317 1399 1357 nasleriorum,
1419 1317 1637 1359 prioratuum,
1656 1316 1902 1359 praepositura-

1166 1380 1252 1411 rum,
1277 1369 1528 1410 beneficiorum,
1551 1368 1747 1409 officiorum,
1773 1379 1901 1402 mensa-

1166 1433 1251 1463 rum,
1273 1423 1511 1462 membrorum,
1541 1422 1749 1465 grangiarum
1765 1449 1773 1462 ,
1802 1432 1901 1454 anne-

1165 1485 1291 1516 xorum,
1318 1479 1550 1514 conventuum,
1577 1479 1609 1507 et
1633 1475 1781 1507 locorum
1806 1483 1901 1517 prae-

1167 1528 1329 1561 dictorum
1346 1528 1546 1571 ubicumque
1561 1527 1770 1560 existentium
1789 1527 1900 1569 (etiarn

1166 1581 1306 1624 praeviis
1332 1581 1502 1624 perpetuis
1542 1580 1834 1624 suppressionibus
1868 1583 1901 1611 et

1167 1633 1422 1666 extinctionibus
1458 1632 1695 1666 beneficiorum
1721 1638 1753 1665 et
1778 1631 1900 1664 officio-

1167 1697 1239 1719 rum
1272 1698 1309 1720 ac
1342 1687 1552 1729 grangiarum
1582 1686 1795 1724 huiusmodi,
1823 1695 1899 1718 con-

1166 1741 1253 1773 sulta
1296 1744 1405 1772 tamen
1451 1740 1542 1782 prius
1585 1738 1667 1772 Sede
1711 1738 1900 1781 Apostolica

1167 1793 1275 1836 quoad
1308 1792 1579 1836 suppressionem
1611 1796 1643 1824 et
1667 1790 1898 1824 extinctionem

1166 1847 1351 1890 praedictas
1378 1850 1520 1885 tantum,
1545 1845 1646 1884 itaut,
1672 1844 1736 1877 illis
1762 1843 1897 1883 secutis,

1166 1900 1315 1943 ipsorum
1338 1899 1425 1931 bona
1441 1903 1474 1931 et
1489 1898 1711 1941 proprietates
1735 1901 1900 1929 monaste-

1166 1953 1223 1985 riis
1242 1979 1249 1993 ,
1275 1963 1292 1984 a
1317 1951 1436 1995 quibus
1470 1951 1526 1983 illa
1558 1950 1769 1993 dependent,
1796 1949 1900 1992 appli-

1167 2010 1236 2038 cata
1261 2010 1294 2037 et
1317 2004 1529 2047 appropriata
1559 2003 1764 2045 remaneant)
1788 2002 1873 2033 bona
1890 2027 1897 2040 ,

1167 2067 1299 2097 census,
1322 2057 1431 2096 feuda,
1451 2057 1522 2088 loca
1546 2055 1719 2094 montium,
1742 2063 1897 2093 canones,

1166 2111 1293 2144 livellos
1319 2115 1352 2142 et
1376 2109 1437 2141 alia
1466 2109 1702 2150 cuiuscumque
1733 2106 1898 2149 qualitatis

1167 2169 1199 2195 et
1223 2169 1358 2195 naturae
1376 2163 1448 2194 iura
1466 2162 1540 2205 (pro
1566 2160 1770 2193 confectione
1798 2170 1900 2202 quan-

1166 2216 1266 2248 titatis
1293 2225 1376 2258 quae
1408 2215 1448 2247 ad
1475 2214 1753 2256 complementum
1785 2222 1900 2255 supra-

1167 2269 1272 2301 dictae
1313 2278 1458 2300 summae
1499 2271 1724 2299 tercentorum
1761 2265 1898 2297 millium

1166 2326 1335 2354 scutorum
1359 2320 1547 2353 necessaria
1571 2320 1633 2351 erit
1650 2319 1826 2358 dumtaxat,
1849 2329 1897 2358 ac,

1166 2374 1193 2406 si
1215 2379 1319 2406 taxam
1336 2373 1567 2416 quamlibetex
1589 2371 1898 2414 congregationibus

1166 2426 1342 2470 praedictis
1377 2430 1563 2468 tangentem
1600 2424 1780 2464 excedant,
1807 2423 1899 2455 dum—

1166 2480 1263 2512 modo
1289 2479 1431 2522 pretium
1459 2486 1520 2521 pro
1546 2487 1683 2510 excessu
1708 2475 1898 2509 huiusmodi

1166 2533 1263 2565 unico
1298 2536 1452 2565 contextu
1476 2532 1509 2563 in
1535 2530 1735 2573 emptionem
1759 2530 1897 2562 aliorum

1166 2586 1327 2618 bonorum
1352 2584 1519 2617 stabilium
1533 2584 1571 2615 ad
1590 2583 1732 2615 savorem
1750 2581 1897 2614 eiusdem

1166 2638 1368 2678 monasterii,
1387 2637 1433 2669 uti
1451 2638 1536 2670 bona
1554 2635 1684 2669 vendita
1702 2634 1896 2674 existebant,

1919 268 1967 295 An.
1983 267 2011 294 C.
2034 267 2101 295 ¹663
2121 272 2124 275 ’

1947 487 2014 507 Etiam
2038 485 2102 506 damu

1920 513 2032 534 facultates
2051 513 2103 532 alie-

1920 540 1990 564 naudi,
2001 541 2034 559 etc
