2247 3208
94 201 142 228 nn.
160 199 188 227 C.
211 200 260 227 too
272 200 286 227 7

601 249 704 283 DLIX.

282 329 439 361 Facullas
464 330 534 372 reyi
562 331 720 363 catholico
748 331 963 374 dispensandi
986 332 1024 364 de

327 382 476 414 omnibus
491 383 567 414 locis
580 388 677 425 alque
690 384 807 426 officiis
820 384 954 417 Ordinis
968 395 1024 415 au-

326 435 375 466 rci
395 434 536 475 velleris,
555 436 607 469 del
626 436 730 469 Toson
750 436 926 479 vulgariter
942 447 1025 468 nan-

327 487 449 530 cttpalt',
465 492 529 520 tant
545 499 632 520 nanc
648 489 837 521 vacantibus
850 499 949 531 qaam
964 489 1024 520 im-

323 544 489 582 posterum
514 542 689 579 vacaturis,
712 542 808 573 eliam
825 545 916 573 erebra
940 541 1024 585 capi-

329 593 429 626 tulum
455 594 603 636 yenerale
627 593 888 627 dz'cti01·d1·m·s¹.

318 662 477 690 Carissimo
496 663 526 689 in
549 662 664 690 christo
683 663 745 689 filio
766 666 868 690 nostro
886 664 989 691 carolo

417 707 627 740 Hispaniarum
646 707 710 740 regi
730 707 890 741 cthoIico,

477 761 644 787 Alexander
665 760 824 794 Papa.V11.

379 821 534 849 carissime
554 822 584 849 in
606 822 721 849 christo
741 823 784 849 fili
803 824 925 857 noster,

318 867 449 893 salutem
469 870 500 894 et.
518 867 716 901 apostolicam
735 868 987 895 benedictionem.

113 944 256 973 Supptscatlo.
327 937 342 979 ξ
360 937 391 969 ’1.
407 937 494 978 Cum,
511 938 595 970 sicut
610 938 787 970 maiestatis
801 943 874 971 tuae
892 938 1023 971 nornine

283 991 378 1023 nobis
403 1001 510 1034 nuper
533 991 714 1034 expositum
741 991 808 1031 suit,
836 1002 894 1034 pro
921 985 1047 1036 dispo}

283 1043 403 1076 sitione
430 1045 575 1076 locorum
609 1054 664 1076 seu
690 1044 869 1077 officiorum
897 1043 1047 1092 Ordinis¹

283 1097 349 1129 sive
375 1096 537 1129 societatis
563 1097 649 1129 aurei
676 1097 815 1136 velleris,
841 1097 893 1129 del
924 1097 1022 1130 Toson
1046 1120 1048 1135 2

283 1151 378 1193 vulgo
403 1151 590 1194 nuncupati,
612 1151 789 1193 capitulum
815 1151 914 1194 ipsius
934 1151 1025 1184 Ordi-

283 1204 334 1236 nis
360 1215 418 1236 seu
443 1203 613 1243 societatis,
629 1210 725 1246 prout
743 1204 828 1236 illius
856 1210 974 1237 statuta
993 1210 1024 1237 et

283 1256 709 1301 stabilimentadisponunt,
730 1267 907 1292 convocare
934 1268 1025 1300 opor-

283 1314 365 1349 teat3
395 1315 428 1341 tu
452 1320 528 1342 vero
555 1310 593 1342 de
619 1310 699 1342 locis
713 1320 768 1342 seu
787 1310 900 1343 officiis
920 1311 1025 1343 huius-

283 1362 372 1395 modi
405 1368 494 1395 extra
517 1362 702 1406 *capitulum
734 1363 934 1406 praedictum
961 1364 1026 1396 dis-

283 1426 406 1459 ponere
422 1408 517 1459 posse
532 1427 739 1459 summopere
755 1417 938 1450 desideres:
955 1428 1023 1454 nos,

284 1468 445 1501 maiestati
468 1474 539 1501 tuae
566 1469 743 1511 specialem
764 1469 899 1512 gratiani
921 1470 1024 1502 facere

282 1522 452 1562 volentes,
476 1523 766 1566 supplicationibus
798 1524 866 1556 eius
892 1524 1025 1556 nomine

282 1575 376 1608 nobis
402 1586 500 1618 super
525 1576 587 1608 hoc
612 1576 779 1609 humiliter
796 1577 955 1619 porrectis
978 1577 1027 1610 in-

86 1628 403 1681 2.‘s³?.⁰⁰1,⁸1d⁵}„⁹⁰f¹37015”²¹¹5’
430 1629 487 1661 tibi
513 1629 552 1661 de
578 1629 728 1661 omnibus
754 1630 832 1662 locis
857 1635 953 1672 atque
978 1630 1026 1662 os-

87 1686 155 1707 bra-a.
283 1681 363 1714 ficiis
395 1681 469 1715 dicti
505 1681 633 1715 Ordinis
666 1693 723 1716 seu
757 1683 942 1723 societatis,
963 1689 1025 1716 tam

283 1744 368 1767 nunc
393 1735 598 1773 vacantibus,
618 1746 714 1779 quam
739 1736 948 1779 imposterum
974 1747 1025 1768 va·

283 1787 419 1828 caturis,
449 1788 488 1821 ad
519 1793 610 1821 tuum
641 1789 900 1832 beneplacitum,
928 1790 1022 1822 etiam

283 1845 372 1873 extra
396 1840 571 1884 capitulum
598 1843 750 1884 generale
776 1841 1022 1885 praescriptum,
1044 1843 1045 1873 3

284 1892 458 1936 disponere
490 1899 522 1926 et
550 1894 722 1937 providere
748 1895 852 1927 libere
878 1900 910 1927 et
935 1895 1023 1928 licite
1044 1901 1048 1947 ³.

283 1946 415 1986 valeas,
447 1947 637 1979 auctoritate
673 1947 872 1990 apostolica,
908 1953 1023 1981 tenore

284 1999 516 2041 praesentium,
531 1999 693 2032 licentiam
708 2005 739 2033 et
758 2000 939 2033 facultatem
954 2011 1024 2033 con·
1045 1991 1047 2011 ³

283 2051 426 2084 cedimus
451 2058 483 2084 et
507 2051 722 2094 impartimur.

327 2104 342 2147 ἓ
366 2104 397 2137 52.
416 2104 486 2137 Non
508 2105 714 2138 obstantibus
733 2105 1023 2138 constitutionibus

284 2163 317 2190 et
344 2159 606 2192 ordinationibus
638 2159 845 2202 apostolicis,
873 2169 910 2191 ac
946 2159 1023 2192 dicti

283 2209 420 2250 Ordinis,
438 2211 535 2243 etiam
554 2212 752 2251 iuramento,
773 2211 1022 2244 confirmatione

284 2263 477 2305 apostolica,
503 2264 552 2296 vel
573 2264 685 2307 quavis
710 2263 863 2297 firmitate
889 2260 1024 2297 alia'ro-

282 2315 417 2355 bor-atis,
437 2316 567 2348 statutis
593 2323 625 2348 et
649 2316 950 2357 consuetudinibus,
963 2322 1024 2349 sta-

281 2365 466 2406 bilimentis‚
493 2367 604 2399 usibus
629 2373 661 2399 et
685 2368 816 2408 naturis,
839 2368 965 2401 etiamsi
990 2368 1022 2400 in

282 2417 345 2451 illis
363 2425 512 2451 caveatur
530 2430 679 2462 expresse
698 2421 784 2462 quod
801 2420 856 2452 illa
878 2421 949 2453 loca
966 2431 1021 2454 seu

283 2471 388 2504 ossicia
411 2478 501 2504 extra
525 2473 648 2505 dictum
666 2472 844 2516 capitulum
870 2474 1022 2515 generale

283 2525 425 2558 conferri
442 2536 508 2558 non
529 2525 654 2568 possint
675 2531 706 2558 et
723 2525 816 2558 aliter
836 2526 937 2558 sactae
962 2527 1023 2559 col-

319 2586 331 2612 1
354 2586 390 2612 Ex
411 2587 521 2621 Regest.
543 2587 570 2613 in
590 2588 693 2614 Secret.
715 2586 792 2614 Brev.

158 2108 272 2129 Contrariis

88 2134 184 2161 derogat.

860 195 865 199 '
889 204 1078 227 ,stermonii
1103 206 1145 229 vu
1173 206 1219 229 rr.

1069 253 1218 286 sationes
1245 260 1275 286 et
1300 255 1501 297 provisiones
1528 257 1635 289 nullae
1661 257 1732 297 sint,
1759 259 1822 301 pri·

1065 305 1191 347 vilegiis
1218 317 1358 349 quoque,
1374 307 1508 340 indultis
1535 314 1566 341 et
1583 309 1702 342 litteris
1728 320 1790 353 apo
1810 328 1823 334 -

1065 358 1188 390 stolicis
1228 359 1261 391 in
1309 361 1506 392 contrarium
1551 362 1805 404 praemissorum

1066 411 1312 452 quomodolibet
1344 413 1525 453 concessis,
1553 415 1750 448 confirmatis
1775 427 1815 451 et

1066 463 1272 505 approbatis3
1297 465 1413 507 quibus
1433 466 1585 499 omnibus
1604 472 1636 500 et
1657 469 1794 511 singulis

1066 513 1199 547 illorum
1226 520 1354 548 tenores
1379 519 1605 559 praesentibus
1630 531 1688 562 pro
1712 522 1807 563 plene

1067 572 1099 599 et
1123 568 1319 601 sufficienter
1344 570 1503 612 expressis
1530 583 1565 603 ac
1595 573 1633 605 de
1651 574 1749 606 verbo
1767 575 1807 607 ad

1810 497 1817 510 9

1044 621 1045 642 Τ
1065 621 1200 653 verbum
1224 621 1356 655 insertis
1372 623 1556 663 babentes,
1578 625 1644 658 illis
1670 626 1750 659 alias
1780 627 1813 660 in

1043 685 1045 726 Ξ
1067 684 1124 706 suo
1148 675 1265 707 robore
1292 677 1521 718 permansuris,
1541 678 1580 710 ad
1607 680 1806 720 praemisso--

1043 728 1045 735 ⁴
1067 735 1137 758 rum
1159 726 1325 767 effectum,
1347 728 1407 760 hac
1432 728 1499 761 rice
1526 729 1714 771 dumtaxat,
1740 743 1814 775 spe·

1067 778 1193 812 cialiter
1218 786 1249 812 et
1273 791 1423 823 expresse
1445 782 1654 825 derogamus,
1676 786 1808 818 ceteris-

1068 841 1129 874 que
1155 833 1324 865 contrariis
1351 834 1617 878 quibuscumque.

1111 884 1223 917 Datum
1246 885 1384 925 Rornae,
1411 887 1496 929 apud
1530 887 1561 920 S.
1588 888 1720 922 Mariam
1748 890 1810 923 Ma-

1068 936 1189 977 iorem,
1228 939 1287 970 sub
1321 941 1442 972 annulo
1480 940 1672 982 Piscatoris,
1711 943 1762 975 die
1798 953 1807 976 x

1068 990 1176 1022 martii
1200 1001 1362 1032 iinctxvu,
1393 992 1600 1035 pontificatus
1623 995 1726 1027 nostri
1753 1005 1808 1027 an-

1068 1053 1110 1076 no
1134 1053 1190 1076 xii.

1104 1105 1161 1132 nat.
1178 1105 1221 1132 die
1238 1107 1250 1132 1
1273 1107 1360 1133 martii
1381 1108 1456 1141 1667,
1474 1108 1571 1143 pontis.
1591 1117 1660 1136 anno
1678 1115 1723 1136 xli.

1392 1249 1480 1282 DLX.

1069 1326 1278 1368 Confirmatio
1293 1328 1427 1360 unionis
1443 1332 1731 1373 conqreqalionum
1746 1332 1809 1365 Do-

1110 1380 1235 1412 ctrinae
1261 1381 1470 1414 Christianae
1511 1382 1748 1426 Neapolitanae
1780 1390 1809 1418 et

1114 1432 1206 1464 t'rln's
1229 1433 1333 1475 saclae
1354 1445 1413 1476 per
1437 1435 1685 1468 inslrttmenlunz
1703 1437 1809 1479 publi-

1111 1496 1195 1523 cam,
1213 1491 1240 1522 ej
1261 1497 1279 1519 a
1298 1487 1428 1520 (lantino
1446 1488 1613 1521 cardinali
1632 1495 1809 1533 protectore

1111 1539 1319 1579 confirmatae
1332 1540 1351 1572 ¹.

1260 1619 1425 1646 Alexander
1451 1621 1530 1653 Papa
1550 1621 1612 1653 vu,

1212 1665 1246 1690 ad
1264 1663 1395 1690 futuram
1415 1666 1458 1691 rei
1479 1665 1661 1692 memoriam.

1110 1732 1300 1766 Sollicitudo
1326 1736 1499 1778 pastoralis
1525 1736 1620 1768 officii
1640 1763 1646 1776 ,
1667 1747 1730 1780 quo
1751 1736 1808 1770 Ec-

1066 1787 1183 1819 clesiae
1203 1787 1382 1820 catholicae
1397 1788 1547 1831 regimini
1567 1789 1673 1822 divina
1694 1791 1806 1834 dispo-

1066 1840 1183 1873 sitione
1208 1841 1451 1883 praesidemus,
1483 1852 1542 1875 nos
1576 1843 1747 1885 admonet,
1773 1849 1808 1876 ut

1066 1893 1137 1932 illis,
1166 1904 1224 1936 per
1248 1904 1331 1936 quae
1350 1894 1434 1927 selici
1453 1895 1743 1938 congregationum
1761 1897 1806 1929 vi-

1065 1957 1174 1979 rorum
1200 1947 1328 1989 piorum
1346 1948 1462 1981 uberes
1487 1949 1649 1981 honorum
1670 1960 1806 1992 operum

1065 2000 1189 2032 fructus
1214 2000 1384 2033 adiuvante
1403 2001 1538 2034 Domino
1552 2002 1700 2044 proferre
1726 2002 1808 2045 iugi-

1065 2057 1113 2085 ter
1129 2053 1345 2095 satagentium
1369 2054 1475 2093 statui‚
1497 2055 1683 2096 progressui
1710 2060 1806 2098 atque

1065 2104 1267 2138 incremento
1291 2112 1473 2148 opportune
1503 2106 1702 2147 consulitur,
1729 2117 1807 2150 apo-

1065 2157 1169 2189 stolici
1197 2157 1312 2190 favoris
1337 2158 1554 2201 patrocinium
1580 2159 1720 2192 libenter
1751 2160 1805 2192 ad-

1065 2211 1246 2253 iungamus.

1109 2264 1123 2306 g
1147 2263 1178 2295 t.
1199 2263 1321 2307 Exponi
1339 2264 1498 2307 siquidem
1516 2264 1610 2297 nobis
1636 2275 1743 2308 nuper
1760 2265 1804 2299 fe-

1065 2322 1179 2349 cerunt
1205 2317 1314 2349 dilecti
1340 2317 1396 2349 filii
1421 2317 1602 2360 presbyteri
1620 2317 1804 2361 Congreget-

1065 2368 1162 2400 tionis
1188 2368 1357 2401 Doctrinae
1382 2369 1583 2402 Christianae
1608 2370 1641 2402 in
1667 2371 1805 2403 ecclesia

1064 2420 1095 2453 S.
1122 2420 1243 2453 Nicolai
1269 2421 1307 2453 ad
1333 2421 1440 2454 divum
1466 2422 1597 2454 Petrum
1624 2423 1800 2465 nuncupati

1064 2473 1202 2506 civitatis
1226 2473 1459 2516 Neapolitanae
1475 2475 1630 2507 canonice
1650 2477 1697 2518 (ut
1718 2486 1806 2508 asse-

1064 2526 1160 2569 ritur)
1187 2532 1322 2566 erectae,
1341 2527 1427 2570 quod
1446 2527 1507 2570 ipsi
1534 2527 1622 2569 alias,
1640 2538 1677 2561 ac
1695 2528 1806 2561 dilecti

1101 2589 1111 2615 1
1135 2587 1170 2615 Ex
1190 2587 1296 2624 aegest.
1317 2589 1343 2616 in
1363 2589 1463 2617 Secret.
1485 2590 1566 2617 Brev.

1724 199 1788 233 485
1809 238 1812 240 ,
1835 210 1883 237 An.
1899 210 1926 238 c.
1952 211 2018 240 1007

1843 1745 1964 1769 Exordium.

1841 2272 1958 2298 Expositio.
