2247 3208
209 209 261 234 An.
285 209 312 236 (3.
330 208 397 234 irin
445 199 507 231 55:¹3

254 1749 295 1769 μῦν

299 1749 396 1768 ensentur

229 1777 268 1795 lit:
298 1776 396 1794 cun-tilu-

215 1805 291 1822 [nturi.

348 1857 362 1870 U

402 259 600 292 remaneant,
620 253 783 295 quodque,
801 251 835 289 si,
856 250 942 293 quod
963 249 1058 289 absit,
1081 254 1109 281 te
1128 258 1144 279 a

403 310 514 341 nostra
535 312 565 339 et
585 306 688 339 dictae
709 304 871 337 Ecclesiae
908 303 1071 335 Romanae
1097 311 1145 333 ra-

405 361 493 393 tione
525 358 601 391 dicti
622 357 715 400 regni
746 356 874 389 Siciliae
894 356 973 388 citra
1001 355 1143 387 Pharum

402 403 556 445 fidelitate
582 409 770 449 retraxeris,
799 413 989 452 praesentes
1016 408 1142 440 litterae

403 465 522 497 nullius
537 464 602 496 sint
615 462 743 495 roboris
757 463 807 495 vel
825 461 993 500 momenti,
1012 460 1144 493 dictum-

403 528 464 560 que
498 526 636 558 regnum
668 514 797 547 Siciliae
831 514 912 547 citra
938 514 1078 545 Pharum
1103 512 1142 545 ad

402 581 461 602 nos
489 575 521 601 et
546 569 662 601 dietam
688 569 865 601 Romanam
889 567 1066 600 Ecclesiam
1088 567 1143 599 de-

402 624 550 655 volvatur
575 627 606 654 et
631 622 816 654 devolutum
848 632 916 653 csse
943 625 1138 659 censeatur,

403 676 441 708 ad
468 685 603 718 eamque
628 675 732 707 libere
759 678 939 706 revertatur
964 684 1001 705 eo
1027 674 1109 716 ipso.

446 728 561 760 Datum
587 728 723 766 Romae,
751 727 838 770 apud
865 726 895 759 S.
923 725 1054 758 Mariam
1079 725 1142 757 Ma-

402 781 532 820 iorem,
560 781 619 812 sub
646 781 768 812 annulo
800 778 1001 817 piscatoris,
1034 778 1085 810 die
1112 788 1142 811 ix

402 833 598 876 septemltiris
616 842 781 871 iinCvau,
798 830 1007 874 pontificatus
1033 830 1140 862 nostri

403 896 489 919 anno
517 896 538 918 i.

437 949 498 974 Dat.
521 947 563 973 die
583 948 598 973 9
619 946 782 982 septembris
803 946 887 978 1667,
905 944 1000 980 pontif.
1018 952 1062 971 an.
1080 950 1098 970 1.

734 1081 812 1113 Xlll.

403 1152 577 1186 Renovati'o
597 1151 722 1184 indulti
738 1150 935 1183 nominandi
951 1150 993 1182 ad
1010 1149 1143 1182 cononi-

448 1210 536 1238 catus
560 1210 587 1237 et
611 1204 812 1248 prarbendas
836 1204 1042 1236 ecclesiarum
1059 1202 1144 1236 Colo-

448 1260 613 1291 amisium
641 1258 766 1295 rectori,
791 1256 919 1289 decanis
943 1260 971 1288 et
994 1255 1140 1298 proviso-

448 1311 537 1344 ribus
554 1310 778 1343 uni'rersitati's
795 1309 898 1342 studii
914 1308 1074 1351 (feneratis
1096 1308 1144 1342 Co-

450 1365 606 1397 {oniensis
631 1364 783 1396 concessis
796 1362 813 1395 ¹.

405 1436 529 1463 nitentis
560 1435 630 1461 filiis
663 1434 813 1461 nobilibus
854 1433 927 1460 viris
969 1433 1144 1460 consulibus

442 1483 472 1506 et
493 1479 613 1506 senatui
633 1478 768 1506 civitatis
794 1481 824 1505 et
851 1477 1034 1511 reipublicae
1062 1477 1144 1503 Golo-

441 1531 566 1556 niensm,

618 1568 751 1595 Clemens
776 1568 855 1601 Papa
877 1567 924 1594 IX.

564 1629 672 1656 Dilecti
693 1628 758 1660 filii,
780 1628 896 1654 nobiles
916 1627 987 1660 viri,

442 1675 572 1702 salutem
597 1677 627 1700 et
649 1673 844 1706 apostolicam
863 1672 1109 1701 benedictionem.

452 1738 466 1777 ,ξ
481 1737 510 1768 l.
529 1735 626 1769 Alias²
641 1736 711 1778 piae
726 1735 902 1767 memoriae
918 1734 1017 1767 Paulo
1031 1734 1115 1777 Papa
1124 1733 1147 1765 V

408 1789 654 1833 praedecessori
687 1794 797 1820 nostro
832 1798 890 1830 pro
927 1792 1016 1830 parte
1042 1789 1148 1820 vestra

408 1843 564 1886 exposito,
580 1842 665 1885 quod
692 1841 816 1884 pridem
837 1840 937 1873 felicis
954 1840 1148 1873 recordatio-

407 1897 457 1928 nis
483 1895 632 1928 Clemens
659 1895 745 1937 Papa
770 1894 855 1933 Vlll,
881 1893 1032 1926 similiter
1056 1904 1148 1936 prae-

409 1949 558 1981 decessor
586 1952 698 1980 noster
728 1947 813 1989 (eum
850 1946 1025 1989 accepisset
1062 1946 1147 1988 quod

411 2006 505 2033 antea
529 2001 721 2033 recolendae
753 2000 926 2032 memoriae
953 1999 1068 2032 Paulus
1096 1999 1149 2031 Pa-

412 2065 453 2096 pa
477 2053 523 2093 IV,
538 2053 632 2085 etiam
658 2053 889 2095 praedeeessor
913 2057 1032 2091 noster,
1052 2051 1149 2084 certis

414 2112 488 2139 tune
513 2106 672 2149 expressis
702 2106 804 2138 causis
829 2106 1007 2145 adductus,
1032 2104 1148 2137 rectori

414 2164 446 2190 et
463 2159 592 2191 decanis
618 2164 755 2202 quatuor
781 2159 980 2197 facultatum,
999 2157 1150 2190 videlicet

414 2212 608 2254 theologiae,
631 2211 783 2243 iuridicae
799 2238 806 2251 ,
839 2210 1019 2243 medicinae
1046 2215 1078 2242 et
1102 2220 1150 2241 ar-

414 2264 502 2303 tium,
529 2276 609 2307 quae
635 2264 782 2297 consistit
798 2264 830 2296 in
852 2264 951 2296 tribus
977 2262 1149 2306 gymnasiis

414 2318 587 2355 Montano,
613 2317 841 2356 Laurentiano,
867 2322 898 2349 et
921 2316 1031 2348 Trium
1057 2315 1152 2348 Coro·-

414 2381 528 2402 narum
554 2370 771 2402 universitatis
797 2369 894 2402 studii
913 2368 1076 2411 generalis
1095 2367 1152 2400 Co-

416 2424 586 2462 loniensis,
605 2423 806 2466 consilioque
832 2423 917 2455 illius
937 2422 1097 2454 facultatis
1115 2432 1150 2453 cx

417 2487 480 2519 qua
493 2478 631 2519 persona
646 2475 840 2508 nominanda
858 2480 952 2514 esset,
974 2473 1153 2517 apostolica

455 2547 464 2572 1
489 2546 526 2571 Ex
548 2545 652 2579 Regest.
674 2545 699 2571 iu
720 2545 822 2571 Secret.
844 2544 917 2570 Brev-

455 2591 471 2616 2
482 2589 597 2616 Similem
611 2588 752 2615 Alexandri
763 2588 804 2614 Vll
816 2588 873 2614 vide
883 2596 964 2623 supra
975 2595 1001 2622 p.
1013 2587 1064 2613 239
1075 2587 1151 2622 (uxr).

988 200 1168 225 nULLAmUii
1194 199 1344 223 ROMANUM

1187 247 1375 279 auctoritate
1400 246 1579 280 indulserat
1609 252 1644 281 ut
1668 259 1739 282 cum
1775 250 1925 293 proviso-

1187 298 1275 331 ribus
1300 299 1446 332 eiusdem
1465 300 1682 333 universitatis
1701 313 1856 344 personas
1876 314 1926 336 as-

1187 362 1314 385 sumere
1348 358 1482 395 possent
1504 353 1544 384 *in
1571 354 1684 386 eadem
1716 355 1923 388 universitate

1186 410 1363 447 promotas,
1387 415 1423 437 ac
1449 405 1480 436 in
1505 405 1642 447 publicis
1667 407 1788 439 scholis
1813 409 1925 450 legen-

1187 463 1232 489 tes
1258 463 1289 490 et
1313 459 1460 498 lecturas,
1488 469 1566 500 quas
1593 458 1653 501 ipsi
1680 465 1789 492 rector
1814 466 1845 493 et
1870 462 1924 494 de-

1186 510 1255 543 cani
1281 522 1317 543 ac
1341 511 1532 554 provisores,
1557 512 1710 554 praestito
1729 512 1921 553 iuramento,

1185 563 1328 595 unanimi
1355 563 1491 596 consilio
1517 564 1604 596 illius
1631 565 1790 597 facultatis
1808 565 1840 597 in
1861 577 1924 608 qua

1185 617 1331 658 legerent
1347 618 1396 649 vel
1415 617 1524 659 legere
1543 617 1706 657 deberent,
1726 618 1764 650 ad
1784 618 1814 650 id
1833 629 1923 652 more

1185 669 1280 702 solito
1305 670 1504 712 congregati,
1529 670 1664 703 idoneas
1691 675 1722 703 et
1746 671 1923 704 catholicas

1186 732 1268 762 esse,
1286 733 1322 755 ac
1347 723 1386 755 ad
1413 723 1539 755 laudem
1557 728 1588 755 et
1609 723 1743 755 fructum
1769 723 1925 756 studioso-

1185 785 1255 807 rum
1268 775 1411 818 profiteri
1430 786 1524 818 posse
1544 781 1789 818 cognoscerent,
1805 786 1924 819 easque

1186 827 1310 860 dilectis
1335 828 1408 860 filiis
1435 829 1564 861 maioris
1600 840 1637 861 ac
1662 829 1796 862 aliarum
1821 830 1926 862 eccle-

1185 880 1303 912 siarum
1323 879 1424 913 dictae.
1443 881 1579 913 civitatis
1605 881 1765 924 capitulis,
1785 883 1823 914 ad
1841 893 1922 925 quos

1186 933 1432 964 canonicatuum
1459 938 1490 965 et
1514 934 1774 976 praebendarum
1806 934 1838 966 in
1864 934 1925 966 eis-

1186 985 1259 1017 dem
1274 985 1419 1018 ecclesiis
1434 986 1679 1018 consistentium
1696 986 1837 1026 collatio,
1853 997 1924 1030 pro-

1185 1038 1277 1077 visio,
1304 1039 1541 1081 pracsentatio,
1570 1039 1685 1071 electio
1702 1067 1709 1079 ‚
1744 1039 1924 1080 institutio,

1185 1102 1242 1124 seu
1268 1091 1398 1134 quaevis
1434 1092 1495 1123 alia
1527 1091 1718 1134 dispositio,
1749 1092 1926 1124 communi-

1188 1149 1236 1177 ter
1260 1146 1309 1177 vel
1335 1144 1475 1183 divisim,
1502 1149 1554 1176 aut
1571 1144 1649 1176 alias
1676 1144 1924 1187 quomodolibet

1186 1197 1388 1239 pertineret,
1418 1196 1520 1229 dictae
1549 1197 1699 1229 videlieet
1726 1197 1859 1230 maioris
1893 1202 1925 1229 et

1187 1250 1217 1282 S.
1238 1249 1393 1283 Gereonis
1410 1249 1610 1282 Coloniensis
1629 1250 1668 1282 ad
1686 1249 1923 1293 presbyterales

1187 1308 1309 1335 tantum
1326 1330 1333 1342 ,
1361 1303 1398 1335 ad
1420 1302 1582 1345 reliquas¹
1606 1313 1682 1335 vero
1712 1303 1848 1335 aliarum
1874 1313 1925 1335 ee-

1189 1356 1360 1388 clesiarum
1388 1356 1625 1398 praedictarum
1662 1356 1869 1388 canonicatus
1895 1361 1926 1387 et,

1188 1409 1402 1452 praebendas,
1426 1409 1478 1451 qui
1497 1409 1570 1441 inde
1590 1410 1628 1441 ad
1648 1409 1822 1441 triennium
1853 1414 1927 1440 tune

1190 1469 1360 1495 venturum
1381 1462 1412 1494 iu
1439 1462 1574 1504 singulis
1598 1462 1712 1501 martii,
1733 1462 1799 1495 iulii
1826 1468 1853 1495 et
1870 1472 1927 1494 no-

1189 1515 1328 1548 vembris
1355 1515 1518 1547 mensibus
1535 1514 1610 1547 Sedi
1636 1514 1840 1557 Apostolicae
1865 1524 1924 1557 per

1190 1569 1387 1602 concordata
1411 1568 1601 1601 Germaniae
1635 1578 1706 1600 cum
1744 1568 1811 1610 ipsa
1843 1568 1925 1600 Sede

1191 1622 1270 1654 inita
1298 1621 1469 1653 reservatis
1495 1626 1673 1659 vacassent,
1691 1620 1856 1653 nominare
1874 1631 1927 1652 va-

1191 1675 1365 1715 toronicis,
1385 1675 1422 1706 ad
1439 1684 1520 1717 quos
1540 1674 1667 1706 illorum
1685 1674 1824 1713 collatio,
1841 1684 1927 1716 prae·

1191 1727 1342 1767 sentatio,
1363 1727 1478 1759 electio
1503 1732 1534 1758 et
1552 1726 1721 1769 dispositio
1738 1725 1926 1758 huiusmodi

1191 1786 1368 1825 spectaret3
1395 1785 1423 1812 et
1450 1779 1567 1812 deinde
1602 1779 1722 1812 dietum
1754 1778 1927 1811 triennium

1191 1835 1292 1866 semel
1310 1839 1406 1876 atque
1425 1833 1539 1865 iterum
1557 1832 1629 1875 piae
1659 1832 1835 1864 memoriae
1857 1831 1929 1863 Pius

1193 1888 1277 1930 Papa
1301 1885 1336 1918 lV
1354 1891 1385 1918 et
1409 1886 1481 1917 Pius
1497 1885 1531 1925 V,
1548 1885 1641 1918 etiam
1660 1885 1927 1927 praedecessores

1192 1939 1302 1979 nostri,
1329 1939 1367 1971 ad
1393 1938 1498 1971 simile
1525 1937 1698 1970 triennium
1732 1948 1929 1980 prorogave-

1191 1998 1273 2032 rant,
1299 1998 1330 2024 et
1354 1992 1514 2024 indultum
1540 1990 1738 2034 praedictum
1768 1990 1862 2022 etiam
1889 1990 1927 2022 ad

1192 2046 1349 2078 maiorem
1371 2050 1446 2088 post
1470 2043 1697 2087 pontificalem,
1713 2048 1743 2076 et
1767 2043 1928 2086 print-ipa-

1192 2101 1238 2132 les
1263 2099 1403 2142 aliasque
1430 2098 1614 2141 dignitates,
1642 2101 1845 2140 personatus,
1875 2097 1927 2128 ad-

1192 2150 1445 2184 ministrationes
1478 2156 1508 2183 et
1532 2150 1650 2189 officia,
1677 2150 1774 2182 etiam
1799 2154 1929 2188 curata,

1193 2215 1319 2238 necnon
1352 2203 1485 2237 vicarias
1511 2209 1542 2235 et
1566 2203 1787 2246 cappellanias
1812 2213 1930 2245 perpe-

1194 2263 1263 2290 tuas
1288 2257 1417 2290 maioris
1443 2262 1474 2289 et
1502 2256 1746 2298 collegiatarum
1778 2256 1932 2288 aliarum-

1194 2322 1255 2354 que
1281 2309 1489 2342 ecclesiarmn
1514 2309 1766 2347 Coloniensium,
1793 2318 1874 2351 quae
1897 2307 1928 2339 iu

1194 2362 1366 2407 praedictis
1390 2362 1555 2394 mensibus
1576 2362 1658 2394 intra
1675 2362 1780 2404 ipsum
1802 2367 1928 2404 tempus

1193 2422 1354 2455 vacarent,
1373 2415 1619 2458 ampliaveraut;
1642 2420 1673 2447 et
1691 2414 1867 2447 successive
1886 2425 1930 2447 re-

1196 2470 1353 2503 colendae
1379 2468 1552 2500 memoriae
1574 2467 1745 2509 Gregorius
1762 2467 1847 2510 Papa
1864 2467 1929 2499 Xlll

1196 2522 1343 2555 similiter
1367 2521 1601 2564 praedecessor
1618 2525 1728 2552 noster
1743 2519 1930 2561 triennium,

1235 2587 1242 2611 l
1266 2584 1361 2620 Aptius
1381 2584 1438 2618 lege.
1459 2583 1584 2617 reliquos
1604 2582 1647 2616 (u.
1669 2585 1720 2615 T.).

1926 203 1977 228 Αη.
1999 203 2028 229 C.
2049 203 2111 230 ¹0³ss
