<?xml version="1.0" encoding="UTF-8"?>
<!DOCTYPE html PUBLIC "-//W3C//DTD XHTML 1.0 Transitional//EN"
    "http://www.w3.org/TR/xhtml1/DTD/xhtml1-transitional.dtd">
<html xmlns="http://www.w3.org/1999/xhtml" xml:lang="en" lang="en">
 <head>
  <title>
</title>
<meta http-equiv="Content-Type" content="text/html;charset=utf-8" />
  <meta name='ocr-system' content='tesseract 3.04.00' />
  <meta name='ocr-capabilities' content='ocr_page ocr_carea ocr_par ocr_line ocrx_word'/>
</head>
<body>
  <div class='ocr_page' id='page_1' title='image "./bullarumdiplomat17cath_0600.png"; bbox 0 0 2247 3208; ppageno 0'>
   <div class='ocr_carea' id='block_1_1' title="bbox 193 233 380 262">
    <p class='ocr_par' dir='ltr' id='par_1_1' title="bbox 193 233 380 262">
     <span class='ocr_line' id='line_1_1' title="bbox 193 233 380 262; baseline 0 -1"><span class='ocrx_word' id='word_1_1' title='bbox 193 236 243 262; x_wconf 68' lang='grc' dir='ltr'>ΛΠ,</span> <span class='ocrx_word' id='word_1_2' title='bbox 264 235 291 261; x_wconf 82' lang='lat' dir='ltr'>C.</span> <span class='ocrx_word' id='word_1_3' title='bbox 316 233 380 261; x_wconf 69' lang='lat'>1667</span> 
     </span>
    </p>
   </div>
   <div class='ocr_carea' id='block_1_2' title="bbox 187 1552 370 1604">
    <p class='ocr_par' dir='ltr' id='par_1_2' title="bbox 187 1552 370 1604">
     <span class='ocr_line' id='line_1_2' title="bbox 225 1552 370 1576; baseline -0.007 -5"><span class='ocrx_word' id='word_1_4' title='bbox 225 1552 352 1576; x_wconf 53' lang='lat' dir='ltr'>tqutmvut.</span> <span class='ocrx_word' id='word_1_5' title='bbox 362 1557 370 1569; x_wconf 69' lang='lat' dir='ltr'>s</span> 
     </span>
     <span class='ocr_line' id='line_1_3' title="bbox 187 1578 282 1604; baseline 0 -6"><span class='ocrx_word' id='word_1_6' title='bbox 187 1578 282 1604; x_wconf 56' lang='lat' dir='ltr'>deputat.</span> 
     </span>
    </p>
   </div>
   <div class='ocr_carea' id='block_1_3' title="bbox 193 2548 376 2622">
    <p class='ocr_par' dir='ltr' id='par_1_3' title="bbox 193 2548 376 2622">
     <span class='ocr_line' id='line_1_4' title="bbox 239 2548 376 2571; baseline -0.007 -3"><span class='ocrx_word' id='word_1_7' title='bbox 239 2548 376 2571; x_wconf 53' lang='lat' dir='ltr'>{trajan-,uin-</span> 
     </span>
     <span class='ocr_line' id='line_1_5' title="bbox 193 2580 376 2595; baseline 0 -1"><span class='ocrx_word' id='word_1_8' title='bbox 193 2582 240 2595; x_wconf 57' lang='lat' dir='ltr'>nctii</span> <span class='ocrx_word' id='word_1_9' title='bbox 257 2582 275 2593; x_wconf 75' lang='lat' dir='ltr'>lli</span> <span class='ocrx_word' id='word_1_10' title='bbox 291 2580 376 2594; x_wconf 46' lang='lat' dir='ltr'>[nititur-&#39;1</span> 
     </span>
     <span class='ocr_line' id='line_1_6' title="bbox 195 2604 288 2622; baseline -0.011 0"><span class='ocrx_word' id='word_1_11' title='bbox 195 2604 288 2622; x_wconf 44' lang='lat' dir='ltr'>remittit,</span> 
     </span>
    </p>
   </div>
   <div class='ocr_carea' id='block_1_4' title="bbox 380 224 1126 2638">
    <p class='ocr_par' dir='ltr' id='par_1_4' title="bbox 382 224 1126 1534">
     <span class='ocr_line' id='line_1_7' title="bbox 429 224 493 258; baseline -0.016 0"><span class='ocrx_word' id='word_1_12' title='bbox 429 224 493 258; x_wconf 66' lang='lat'>5202</span> 
     </span>
     <span class='ocr_line' id='line_1_8' title="bbox 385 275 1126 323; baseline -0.008 -9"><span class='ocrx_word' id='word_1_13' title='bbox 385 282 510 315; x_wconf 85' lang='lat' dir='ltr'>ratione</span> <span class='ocrx_word' id='word_1_14' title='bbox 527 287 806 323; x_wconf 87' lang='lat' dir='ltr'>quorumcumque</span> <span class='ocrx_word' id='word_1_15' title='bbox 823 275 1061 309; x_wconf 84' lang='lat' dir='ltr'>beneficiorum</span> <span class='ocrx_word' id='word_1_16' title='bbox 1079 286 1126 308; x_wconf 89' lang='lat' dir='ltr'>ec-</span> 
     </span>
     <span class='ocr_line' id='line_1_9' title="bbox 387 328 1126 371; baseline -0.009 -4"><span class='ocrx_word' id='word_1_17' title='bbox 387 334 666 371; x_wconf 83' lang='lat' dir='ltr'>clesiasticorum,</span> <span class='ocrx_word' id='word_1_18' title='bbox 694 331 791 364; x_wconf 84' lang='lat' dir='ltr'>etiam</span> <span class='ocrx_word' id='word_1_19' title='bbox 822 328 1069 362; x_wconf 74' lang='lat' dir='ltr'>canonicatuum</span> <span class='ocrx_word' id='word_1_20' title='bbox 1095 333 1126 360; x_wconf 90' lang='lat' dir='ltr'>et</span> 
     </span>
     <span class='ocr_line' id='line_1_10' title="bbox 384 383 1124 431; baseline -0.007 -12"><span class='ocrx_word' id='word_1_21' title='bbox 384 386 644 431; x_wconf 86' lang='lat' dir='ltr'>praebendarum</span> <span class='ocrx_word' id='word_1_22' title='bbox 661 411 668 424; x_wconf 94' lang='lat'>,</span> <span class='ocrx_word' id='word_1_23' title='bbox 693 394 729 416; x_wconf 90' lang='lat' dir='ltr'>ac</span> <span class='ocrx_word' id='word_1_24' title='bbox 754 383 945 426; x_wconf 77' lang='lat' dir='ltr'>dignitatum</span> <span class='ocrx_word' id='word_1_25' title='bbox 970 392 1124 425; x_wconf 86' lang='lat' dir='ltr'>quarum-</span> 
     </span>
     <span class='ocr_line' id='line_1_11' title="bbox 385 435 1124 482; baseline -0.005 -11"><span class='ocrx_word' id='word_1_26' title='bbox 385 449 521 482; x_wconf 80' lang='lat' dir='ltr'>cumque</span> <span class='ocrx_word' id='word_1_27' title='bbox 538 448 598 480; x_wconf 87' lang='lat' dir='ltr'>per</span> <span class='ocrx_word' id='word_1_28' title='bbox 616 447 670 470; x_wconf 89' lang='lat' dir='ltr'>eos</span> <span class='ocrx_word' id='word_1_29' title='bbox 695 437 773 469; x_wconf 73' lang='lat' dir='ltr'>alias</span> <span class='ocrx_word' id='word_1_30' title='bbox 793 436 998 469; x_wconf 88' lang='lat' dir='ltr'>obtentorum</span> <span class='ocrx_word' id='word_1_31' title='bbox 1018 439 1050 467; x_wconf 81' lang='lat' dir='ltr'>et</span> <span class='ocrx_word' id='word_1_32' title='bbox 1066 435 1124 467; x_wconf 91' lang='lat' dir='ltr'>ob-</span> 
     </span>
     <span class='ocr_line' id='line_1_12' title="bbox 386 487 1125 532; baseline -0.007 -8"><span class='ocrx_word' id='word_1_33' title='bbox 386 492 605 530; x_wconf 85' lang='lat' dir='ltr'>tinendormn,</span> <span class='ocrx_word' id='word_1_34' title='bbox 630 494 683 522; x_wconf 87' lang='lat' dir='ltr'>aut</span> <span class='ocrx_word' id='word_1_35' title='bbox 707 489 785 522; x_wconf 73' lang='lat' dir='ltr'>alias</span> <span class='ocrx_word' id='word_1_36' title='bbox 811 487 1066 532; x_wconf 77' lang='lat' dir='ltr'>quomodolibet,</span> <span class='ocrx_word' id='word_1_37' title='bbox 1092 491 1125 519; x_wconf 90' lang='lat' dir='ltr'>et</span> 
     </span>
     <span class='ocr_line' id='line_1_13' title="bbox 385 540 1123 587; baseline -0.005 -11"><span class='ocrx_word' id='word_1_38' title='bbox 385 545 497 587; x_wconf 83' lang='lat' dir='ltr'>quovis</span> <span class='ocrx_word' id='word_1_39' title='bbox 523 543 669 586; x_wconf 86' lang='lat' dir='ltr'>quaesito</span> <span class='ocrx_word' id='word_1_40' title='bbox 695 543 805 575; x_wconf 89' lang='lat' dir='ltr'>colore</span> <span class='ocrx_word' id='word_1_41' title='bbox 835 542 884 574; x_wconf 91' lang='lat' dir='ltr'>vel</span> <span class='ocrx_word' id='word_1_42' title='bbox 904 540 1046 584; x_wconf 75' lang='lat' dir='ltr'>ingenio,</span> <span class='ocrx_word' id='word_1_43' title='bbox 1066 550 1123 573; x_wconf 91' lang='lat' dir='ltr'>seu</span> 
     </span>
     <span class='ocr_line' id='line_1_14' title="bbox 386 593 1124 637; baseline -0.004 -9"><span class='ocrx_word' id='word_1_44' title='bbox 386 607 496 629; x_wconf 88' lang='lat' dir='ltr'>eorum</span> <span class='ocrx_word' id='word_1_45' title='bbox 510 595 675 634; x_wconf 73' lang='lat' dir='ltr'>industria,</span> <span class='ocrx_word' id='word_1_46' title='bbox 694 595 836 637; x_wconf 80' lang='lat' dir='ltr'>legitime</span> <span class='ocrx_word' id='word_1_47' title='bbox 854 599 962 626; x_wconf 87' lang='lat' dir='ltr'>tamen</span> <span class='ocrx_word' id='word_1_48' title='bbox 988 604 1024 626; x_wconf 87' lang='lat' dir='ltr'>ac</span> <span class='ocrx_word' id='word_1_49' title='bbox 1045 593 1124 626; x_wconf 74' lang='lat' dir='ltr'>alias</span> 
     </span>
     <span class='ocr_line' id='line_1_15' title="bbox 384 645 1122 690; baseline -0.004 -10"><span class='ocrx_word' id='word_1_50' title='bbox 384 649 483 688; x_wconf 77' lang='lat' dir='ltr'>licite,</span> <span class='ocrx_word' id='word_1_51' title='bbox 509 648 667 690; x_wconf 86' lang='lat' dir='ltr'>acquisita</span> <span class='ocrx_word' id='word_1_52' title='bbox 685 653 716 680; x_wconf 91' lang='lat' dir='ltr'>et</span> <span class='ocrx_word' id='word_1_53' title='bbox 736 647 940 690; x_wconf 82' lang='lat' dir='ltr'>acquirenda,</span> <span class='ocrx_word' id='word_1_54' title='bbox 968 645 1064 678; x_wconf 89' lang='lat' dir='ltr'>etiam</span> <span class='ocrx_word' id='word_1_55' title='bbox 1091 645 1122 677; x_wconf 92' lang='lat' dir='ltr'>in</span> 
     </span>
     <span class='ocr_line' id='line_1_16' title="bbox 386 697 1122 743; baseline -0.005 -10"><span class='ocrx_word' id='word_1_56' title='bbox 386 702 470 733; x_wconf 73' lang='lat' dir='ltr'>l&#39;rbe</span> <span class='ocrx_word' id='word_1_57' title='bbox 490 701 624 743; x_wconf 87' lang='lat' dir='ltr'>eiusque</span> <span class='ocrx_word' id='word_1_58' title='bbox 650 700 816 739; x_wconf 88' lang='lat' dir='ltr'>districtu,</span> <span class='ocrx_word' id='word_1_59' title='bbox 844 709 880 731; x_wconf 87' lang='lat' dir='ltr'>ac</span> <span class='ocrx_word' id='word_1_60' title='bbox 911 698 1032 741; x_wconf 87' lang='lat' dir='ltr'>ubique</span> <span class='ocrx_word' id='word_1_61' title='bbox 1058 697 1122 730; x_wconf 82' lang='lat' dir='ltr'>exi-</span> 
     </span>
     <span class='ocr_line' id='line_1_17' title="bbox 384 750 1121 795; baseline -0.004 -10"><span class='ocrx_word' id='word_1_62' title='bbox 384 753 511 791; x_wconf 85' lang='lat' dir='ltr'>stentia,</span> <span class='ocrx_word' id='word_1_63' title='bbox 537 752 648 795; x_wconf 84' lang='lat' dir='ltr'>spoliis</span> <span class='ocrx_word' id='word_1_64' title='bbox 673 752 805 784; x_wconf 89' lang='lat' dir='ltr'>minime</span> <span class='ocrx_word' id='word_1_65' title='bbox 830 751 1038 791; x_wconf 85' lang='lat' dir='ltr'>subiaceant;</span> <span class='ocrx_word' id='word_1_66' title='bbox 1065 750 1121 783; x_wconf 89' lang='lat' dir='ltr'>sed</span> 
     </span>
     <span class='ocr_line' id='line_1_18' title="bbox 384 803 1121 848; baseline -0.003 -11"><span class='ocrx_word' id='word_1_67' title='bbox 384 805 596 839; x_wconf 68' lang='lat' dir='ltr'>conclavistae</span> <span class='ocrx_word' id='word_1_68' title='bbox 622 804 791 848; x_wconf 79' lang='lat' dir='ltr'>praedicti,</span> <span class='ocrx_word' id='word_1_69' title='bbox 823 804 946 837; x_wconf 83' lang='lat' dir='ltr'>etiamsi</span> <span class='ocrx_word' id='word_1_70' title='bbox 972 803 1121 846; x_wconf 79' lang='lat' dir='ltr'>religioni</span> 
     </span>
     <span class='ocr_line' id='line_1_19' title="bbox 384 856 1123 901; baseline -0.004 -10"><span class='ocrx_word' id='word_1_71' title='bbox 384 859 521 891; x_wconf 82' lang='lat' dir='ltr'>alicuius</span> <span class='ocrx_word' id='word_1_72' title='bbox 547 858 692 897; x_wconf 88' lang='lat' dir='ltr'>militiae,</span> <span class='ocrx_word' id='word_1_73' title='bbox 715 858 810 891; x_wconf 87' lang='lat' dir='ltr'>etiam</span> <span class='ocrx_word' id='word_1_74' title='bbox 836 857 992 901; x_wconf 79' lang='lat' dir='ltr'>praedicti</span> <span class='ocrx_word' id='word_1_75' title='bbox 1018 856 1048 889; x_wconf 83' lang='lat' dir='ltr'>S.</span> <span class='ocrx_word' id='word_1_76' title='bbox 1076 856 1123 889; x_wconf 92' lang='lat' dir='ltr'>Io-</span> 
     </span>
     <span class='ocr_line' id='line_1_20' title="bbox 384 909 1120 954; baseline -0.004 -10"><span class='ocrx_word' id='word_1_77' title='bbox 384 912 476 944; x_wconf 77' lang='lat' dir='ltr'>annis</span> <span class='ocrx_word' id='word_1_78' title='bbox 502 911 785 954; x_wconf 66' lang='lat' dir='ltr'>llierosolymitani</span> <span class='ocrx_word' id='word_1_79' title='bbox 814 910 966 953; x_wconf 75' lang='lat' dir='ltr'>adscripti</span> <span class='ocrx_word' id='word_1_80' title='bbox 993 909 1120 948; x_wconf 83' lang='lat' dir='ltr'>suerint,</span> 
     </span>
     <span class='ocr_line' id='line_1_21' title="bbox 385 965 1121 1006; baseline -0.003 -9"><span class='ocrx_word' id='word_1_81' title='bbox 385 967 423 998; x_wconf 73' lang='lat' dir='ltr'>«le</span> <span class='ocrx_word' id='word_1_82' title='bbox 439 965 501 998; x_wconf 89' lang='lat' dir='ltr'>illis</span> <span class='ocrx_word' id='word_1_83' title='bbox 517 965 548 996; x_wconf 88' lang='lat' dir='ltr'>in</span> <span class='ocrx_word' id='word_1_84' title='bbox 564 965 702 997; x_wconf 77' lang='lat' dir='ltr'>savorem</span> <span class='ocrx_word' id='word_1_85' title='bbox 719 973 994 1006; x_wconf 84' lang='lat' dir='ltr'>quarumcumque</span> <span class='ocrx_word' id='word_1_86' title='bbox 1011 973 1121 1006; x_wconf 79' lang='lat' dir='ltr'>perso-</span> 
     </span>
     <span class='ocr_line' id='line_1_22' title="bbox 384 1015 1119 1059; baseline -0.004 -9"><span class='ocrx_word' id='word_1_87' title='bbox 384 1029 506 1056; x_wconf 83' lang='lat' dir='ltr'>narum,</span> <span class='ocrx_word' id='word_1_88' title='bbox 526 1018 564 1050; x_wconf 82' lang='lat' dir='ltr'>dc</span> <span class='ocrx_word' id='word_1_89' title='bbox 586 1017 653 1049; x_wconf 87' lang='lat' dir='ltr'>iure</span> <span class='ocrx_word' id='word_1_90' title='bbox 672 1023 777 1049; x_wconf 84' lang='lat' dir='ltr'>tamen</span> <span class='ocrx_word' id='word_1_91' title='bbox 803 1016 976 1059; x_wconf 73' lang='lat' dir='ltr'>capacium,</span> <span class='ocrx_word' id='word_1_92' title='bbox 996 1015 1119 1047; x_wconf 73' lang='lat' dir='ltr'>etiamsi</span> 
     </span>
     <span class='ocr_line' id='line_1_23' title="bbox 383 1068 1121 1111; baseline -0.003 -10"><span class='ocrx_word' id='word_1_93' title='bbox 383 1071 522 1103; x_wconf 71' lang='lat' dir='ltr'>curiales</span> <span class='ocrx_word' id='word_1_94' title='bbox 555 1080 627 1102; x_wconf 82' lang='lat' dir='ltr'>esse</span> <span class='ocrx_word' id='word_1_95' title='bbox 657 1069 830 1107; x_wconf 71' lang='lat' dir='ltr'>desierint,</span> <span class='ocrx_word' id='word_1_96' title='bbox 848 1074 880 1101; x_wconf 87' lang='lat' dir='ltr'>et</span> <span class='ocrx_word' id='word_1_97' title='bbox 907 1068 939 1100; x_wconf 89' lang='lat' dir='ltr'>in</span> <span class='ocrx_word' id='word_1_98' title='bbox 966 1079 1121 1111; x_wconf 84' lang='lat' dir='ltr'>quocum-</span> 
     </span>
     <span class='ocr_line' id='line_1_24' title="bbox 384 1122 1120 1166; baseline -0.001 -12"><span class='ocrx_word' id='word_1_99' title='bbox 384 1134 444 1166; x_wconf 82' lang='lat' dir='ltr'>que</span> <span class='ocrx_word' id='word_1_100' title='bbox 474 1125 544 1156; x_wconf 72' lang='lat' dir='ltr'>loco</span> <span class='ocrx_word' id='word_1_101' title='bbox 566 1122 771 1166; x_wconf 82' lang='lat' dir='ltr'>quanttnnvis</span> <span class='ocrx_word' id='word_1_102' title='bbox 797 1127 933 1161; x_wconf 84' lang='lat' dir='ltr'>remoto,</span> <span class='ocrx_word' id='word_1_103' title='bbox 954 1122 1050 1154; x_wconf 86' lang='lat' dir='ltr'>etiam</span> <span class='ocrx_word' id='word_1_104' title='bbox 1069 1132 1120 1153; x_wconf 76' lang='lat' dir='ltr'>ex-</span> 
     </span>
     <span class='ocr_line' id='line_1_25' title="bbox 384 1174 1120 1217; baseline -0.001 -10"><span class='ocrx_word' id='word_1_105' title='bbox 384 1182 431 1207; x_wconf 87' lang='lat' dir='ltr'>tra</span> <span class='ocrx_word' id='word_1_106' title='bbox 461 1186 573 1208; x_wconf 82' lang='lat' dir='ltr'>eorum</span> <span class='ocrx_word' id='word_1_107' title='bbox 604 1180 635 1207; x_wconf 88' lang='lat' dir='ltr'>et</span> <span class='ocrx_word' id='word_1_108' title='bbox 665 1174 839 1207; x_wconf 88' lang='lat' dir='ltr'>cuiuslibet</span> <span class='ocrx_word' id='word_1_109' title='bbox 871 1174 1015 1217; x_wconf 85' lang='lat' dir='ltr'>ipsorum</span> <span class='ocrx_word' id='word_1_110' title='bbox 1047 1183 1120 1216; x_wconf 88' lang='lat' dir='ltr'>pro-</span> 
     </span>
     <span class='ocr_line' id='line_1_26' title="bbox 384 1226 1120 1271; baseline -0.004 -11"><span class='ocrx_word' id='word_1_111' title='bbox 384 1229 487 1271; x_wconf 87' lang='lat' dir='ltr'>priam</span> <span class='ocrx_word' id='word_1_112' title='bbox 509 1227 725 1267; x_wconf 54' lang='lat' dir='ltr'>residentiam,</span> <span class='ocrx_word' id='word_1_113' title='bbox 752 1237 806 1259; x_wconf 91' lang='lat' dir='ltr'>eos</span> <span class='ocrx_word' id='word_1_114' title='bbox 833 1226 990 1259; x_wconf 88' lang='lat' dir='ltr'>decedere</span> <span class='ocrx_word' id='word_1_115' title='bbox 1016 1226 1120 1258; x_wconf 88' lang='lat' dir='ltr'>conti-</span> 
     </span>
     <span class='ocr_line' id='line_1_27' title="bbox 383 1278 1118 1323; baseline -0.003 -11"><span class='ocrx_word' id='word_1_116' title='bbox 383 1281 483 1323; x_wconf 67' lang='lat' dir='ltr'>gerit,</span> <span class='ocrx_word' id='word_1_117' title='bbox 515 1281 624 1313; x_wconf 84' lang='lat' dir='ltr'>testari</span> <span class='ocrx_word' id='word_1_118' title='bbox 651 1285 683 1313; x_wconf 90' lang='lat' dir='ltr'>et</span> <span class='ocrx_word' id='word_1_119' title='bbox 706 1279 767 1312; x_wconf 87' lang='lat' dir='ltr'>alia</span> <span class='ocrx_word' id='word_1_120' title='bbox 792 1279 988 1322; x_wconf 78' lang='lat' dir='ltr'>disponere,</span> <span class='ocrx_word' id='word_1_121' title='bbox 1015 1278 1118 1322; x_wconf 88' lang='lat' dir='ltr'>iisque</span> 
     </span>
     <span class='ocr_line' id='line_1_28' title="bbox 382 1331 1119 1375; baseline -0.001 -10"><span class='ocrx_word' id='word_1_122' title='bbox 382 1334 420 1366; x_wconf 85' lang='lat' dir='ltr'>ab</span> <span class='ocrx_word' id='word_1_123' title='bbox 438 1334 586 1366; x_wconf 90' lang='lat' dir='ltr'>intestato</span> <span class='ocrx_word' id='word_1_124' title='bbox 606 1333 838 1365; x_wconf 70' lang='lat' dir='ltr'>decedentibus</span> <span class='ocrx_word' id='word_1_125' title='bbox 853 1331 989 1375; x_wconf 79' lang='lat' dir='ltr'>legitimi</span> <span class='ocrx_word' id='word_1_126' title='bbox 1007 1343 1119 1365; x_wconf 89' lang='lat' dir='ltr'>eorum</span> 
     </span>
     <span class='ocr_line' id='line_1_29' title="bbox 383 1385 1118 1429; baseline -0.001 -10"><span class='ocrx_word' id='word_1_127' title='bbox 383 1387 541 1419; x_wconf 83' lang='lat' dir='ltr'>haeredes</span> <span class='ocrx_word' id='word_1_128' title='bbox 576 1386 770 1429; x_wconf 81' lang='lat' dir='ltr'>quicumque</span> <span class='ocrx_word' id='word_1_129' title='bbox 808 1386 985 1418; x_wconf 85' lang='lat' dir='ltr'>succedere</span> <span class='ocrx_word' id='word_1_130' title='bbox 1018 1385 1118 1418; x_wconf 89' lang='lat' dir='ltr'>libere</span> 
     </span>
     <span class='ocr_line' id='line_1_30' title="bbox 383 1437 1120 1478; baseline -0.001 -7"><span class='ocrx_word' id='word_1_131' title='bbox 383 1444 411 1471; x_wconf 84' lang='lat' dir='ltr'>et</span> <span class='ocrx_word' id='word_1_132' title='bbox 438 1438 523 1471; x_wconf 80' lang='lat' dir='ltr'>licite</span> <span class='ocrx_word' id='word_1_133' title='bbox 549 1440 694 1478; x_wconf 75' lang='lat' dir='ltr'>valeant,</span> <span class='ocrx_word' id='word_1_134' title='bbox 726 1438 821 1471; x_wconf 80' lang='lat' dir='ltr'>simili</span> <span class='ocrx_word' id='word_1_135' title='bbox 846 1438 943 1470; x_wconf 89' lang='lat' dir='ltr'>modo</span> <span class='ocrx_word' id='word_1_136' title='bbox 969 1437 1120 1470; x_wconf 89' lang='lat' dir='ltr'>concedi-</span> 
     </span>
     <span class='ocr_line' id='line_1_31' title="bbox 383 1492 750 1534; baseline -0.003 -10"><span class='ocrx_word' id='word_1_137' title='bbox 383 1504 450 1525; x_wconf 89' lang='lat' dir='ltr'>mus</span> <span class='ocrx_word' id='word_1_138' title='bbox 477 1498 509 1524; x_wconf 92' lang='lat' dir='ltr'>et</span> <span class='ocrx_word' id='word_1_139' title='bbox 532 1492 750 1534; x_wconf 75' lang='lat' dir='ltr'>indulgemus.</span> 
     </span>
    </p>

    <p class='ocr_par' dir='ltr' id='par_1_5' title="bbox 380 1543 1120 2522">
     <span class='ocr_line' id='line_1_32' title="bbox 425 1543 1119 1588; baseline -0.003 -10"><span class='ocrx_word' id='word_1_140' title='bbox 425 1546 439 1588; x_wconf 60' lang='grc' dir='ltr'><strong><em>ξ</em></strong></span> <span class='ocrx_word' id='word_1_141' title='bbox 464 1545 517 1578; x_wconf 66' lang='lat'>12.</span> <span class='ocrx_word' id='word_1_142' title='bbox 545 1545 782 1588; x_wconf 83' lang='lat' dir='ltr'>Praecipientes</span> <span class='ocrx_word' id='word_1_143' title='bbox 801 1550 832 1577; x_wconf 86' lang='lat' dir='ltr'>et</span> <span class='ocrx_word' id='word_1_144' title='bbox 847 1544 1037 1577; x_wconf 85' lang='lat' dir='ltr'>mandantes</span> <span class='ocrx_word' id='word_1_145' title='bbox 1058 1543 1119 1576; x_wconf 89' lang='lat' dir='ltr'>eis-</span> 
     </span>
     <span class='ocr_line' id='line_1_33' title="bbox 382 1596 1118 1636; baseline 0 -8"><span class='ocrx_word' id='word_1_146' title='bbox 382 1599 455 1631; x_wconf 85' lang='lat' dir='ltr'>dem</span> <span class='ocrx_word' id='word_1_147' title='bbox 481 1598 511 1630; x_wconf 82' lang='lat' dir='ltr'>S.</span> <span class='ocrx_word' id='word_1_148' title='bbox 533 1598 570 1630; x_wconf 82' lang='lat' dir='ltr'>R.</span> <span class='ocrx_word' id='word_1_149' title='bbox 591 1598 625 1630; x_wconf 88' lang='lat' dir='ltr'>E.</span> <span class='ocrx_word' id='word_1_150' title='bbox 654 1597 857 1636; x_wconf 86' lang='lat' dir='ltr'>camerario,</span> <span class='ocrx_word' id='word_1_151' title='bbox 893 1596 1097 1629; x_wconf 83' lang='lat' dir='ltr'>thesaurario</span> <span class='ocrx_word' id='word_1_152' title='bbox 1111 1622 1118 1634; x_wconf 93' lang='lat'>,</span> 
     </span>
     <span class='ocr_line' id='line_1_34' title="bbox 380 1649 1118 1694; baseline -0.001 -13"><span class='ocrx_word' id='word_1_153' title='bbox 380 1650 649 1694; x_wconf 74' lang='lat' dir='ltr'>praesidentibus,</span> <span class='ocrx_word' id='word_1_154' title='bbox 669 1649 795 1682; x_wconf 72' lang='lat' dir='ltr'>clericis</span> <span class='ocrx_word' id='word_1_155' title='bbox 822 1659 966 1682; x_wconf 86' lang='lat' dir='ltr'>camerae</span> <span class='ocrx_word' id='word_1_156' title='bbox 987 1653 1118 1681; x_wconf 86' lang='lat' dir='ltr'>nostrae</span> 
     </span>
     <span class='ocr_line' id='line_1_35' title="bbox 381 1700 1118 1746; baseline -0.001 -13"><span class='ocrx_word' id='word_1_157' title='bbox 381 1703 578 1746; x_wconf 68' lang='lat' dir='ltr'>praedictae,</span> <span class='ocrx_word' id='word_1_158' title='bbox 597 1707 629 1734; x_wconf 88' lang='lat' dir='ltr'>et</span> <span class='ocrx_word' id='word_1_159' title='bbox 653 1702 818 1744; x_wconf 80' lang='lat' dir='ltr'>quibusvis</span> <span class='ocrx_word' id='word_1_160' title='bbox 843 1700 912 1733; x_wconf 81' lang='lat' dir='ltr'>aliis</span> <span class='ocrx_word' id='word_1_161' title='bbox 939 1700 1118 1743; x_wconf 87' lang='lat' dir='ltr'>spoliorum</span> 
     </span>
     <span class='ocr_line' id='line_1_36' title="bbox 382 1752 1120 1787; baseline -0.001 0"><span class='ocrx_word' id='word_1_162' title='bbox 382 1755 566 1787; x_wconf 84' lang='lat' dir='ltr'>huiusmodi</span> <span class='ocrx_word' id='word_1_163' title='bbox 594 1753 824 1787; x_wconf 75' lang='lat' dir='ltr'>collectoribus</span> <span class='ocrx_word' id='word_1_164' title='bbox 850 1758 882 1786; x_wconf 89' lang='lat' dir='ltr'>et</span> <span class='ocrx_word' id='word_1_165' title='bbox 907 1752 1120 1786; x_wconf 85' lang='lat' dir='ltr'>subcollecto-</span> 
     </span>
     <span class='ocr_line' id='line_1_37' title="bbox 380 1805 1120 1849; baseline -0.004 -9"><span class='ocrx_word' id='word_1_166' title='bbox 380 1809 481 1847; x_wconf 86' lang='lat' dir='ltr'>ribus,</span> <span class='ocrx_word' id='word_1_167' title='bbox 496 1818 530 1839; x_wconf 83' lang='lat' dir='ltr'>ac</span> <span class='ocrx_word' id='word_1_168' title='bbox 549 1807 736 1839; x_wconf 78' lang='lat' dir='ltr'>militiarum</span> <span class='ocrx_word' id='word_1_169' title='bbox 764 1806 981 1849; x_wconf 82' lang='lat' dir='ltr'>praefatarum</span> <span class='ocrx_word' id='word_1_170' title='bbox 1000 1805 1120 1838; x_wconf 83' lang='lat' dir='ltr'>officia-</span> 
     </span>
     <span class='ocr_line' id='line_1_38' title="bbox 381 1858 1119 1902; baseline -0.001 -10"><span class='ocrx_word' id='word_1_171' title='bbox 381 1861 486 1899; x_wconf 85' lang='lat' dir='ltr'>libus,</span> <span class='ocrx_word' id='word_1_172' title='bbox 520 1865 572 1892; x_wconf 87' lang='lat' dir='ltr'>aut</span> <span class='ocrx_word' id='word_1_173' title='bbox 598 1859 780 1902; x_wconf 85' lang='lat' dir='ltr'>prioribus,</span> <span class='ocrx_word' id='word_1_174' title='bbox 805 1863 837 1891; x_wconf 89' lang='lat' dir='ltr'>et</span> <span class='ocrx_word' id='word_1_175' title='bbox 860 1858 1024 1901; x_wconf 84' lang='lat' dir='ltr'>quibusvis</span> <span class='ocrx_word' id='word_1_176' title='bbox 1049 1858 1119 1891; x_wconf 87' lang='lat' dir='ltr'>aliis</span> 
     </span>
     <span class='ocr_line' id='line_1_39' title="bbox 381 1911 1120 1957; baseline -0.003 -12"><span class='ocrx_word' id='word_1_177' title='bbox 381 1912 541 1957; x_wconf 82' lang='lat' dir='ltr'>personis,</span> <span class='ocrx_word' id='word_1_178' title='bbox 561 1917 624 1944; x_wconf 87' lang='lat' dir='ltr'>tam</span> <span class='ocrx_word' id='word_1_179' title='bbox 649 1911 846 1945; x_wconf 88' lang='lat' dir='ltr'>secularibus</span> <span class='ocrx_word' id='word_1_180' title='bbox 872 1921 966 1954; x_wconf 87' lang='lat' dir='ltr'>quam</span> <span class='ocrx_word' id='word_1_181' title='bbox 992 1912 1120 1954; x_wconf 81' lang='lat' dir='ltr'>regula-</span> 
     </span>
     <span class='ocr_line' id='line_1_40' title="bbox 383 1963 1119 2007; baseline -0.003 -10"><span class='ocrx_word' id='word_1_182' title='bbox 383 1965 484 2003; x_wconf 81' lang='lat' dir='ltr'>ribus,</span> <span class='ocrx_word' id='word_1_183' title='bbox 505 1964 735 2007; x_wconf 81' lang='lat' dir='ltr'>cuiuscumque</span> <span class='ocrx_word' id='word_1_184' title='bbox 761 1963 890 2006; x_wconf 86' lang='lat' dir='ltr'>gradus,</span> <span class='ocrx_word' id='word_1_185' title='bbox 918 1967 1037 2002; x_wconf 89' lang='lat' dir='ltr'>status,</span> <span class='ocrx_word' id='word_1_186' title='bbox 1067 1973 1119 1995; x_wconf 91' lang='lat' dir='ltr'>or-</span> 
     </span>
     <span class='ocr_line' id='line_1_41' title="bbox 384 2016 1118 2061; baseline -0.003 -11"><span class='ocrx_word' id='word_1_187' title='bbox 384 2019 466 2051; x_wconf 88' lang='lat' dir='ltr'>dinis</span> <span class='ocrx_word' id='word_1_188' title='bbox 485 2023 517 2050; x_wconf 85' lang='lat' dir='ltr'>et</span> <span class='ocrx_word' id='word_1_189' title='bbox 536 2017 822 2061; x_wconf 81' lang='lat' dir='ltr'>praeeminentiae,</span> <span class='ocrx_word' id='word_1_190' title='bbox 842 2016 966 2049; x_wconf 87' lang='lat' dir='ltr'>etiamsi</span> <span class='ocrx_word' id='word_1_191' title='bbox 985 2016 1118 2059; x_wconf 87' lang='lat' dir='ltr'>speciali</span> 
     </span>
     <span class='ocr_line' id='line_1_42' title="bbox 383 2069 1120 2113; baseline -0.003 -10"><span class='ocrx_word' id='word_1_192' title='bbox 383 2073 458 2103; x_wconf 79' lang='lat' dir='ltr'>nota</span> <span class='ocrx_word' id='word_1_193' title='bbox 476 2071 562 2113; x_wconf 75' lang='lat' dir='ltr'>digni</span> <span class='ocrx_word' id='word_1_194' title='bbox 589 2071 734 2109; x_wconf 82' lang='lat' dir='ltr'>existant,</span> <span class='ocrx_word' id='word_1_195' title='bbox 756 2079 796 2102; x_wconf 91' lang='lat' dir='ltr'>ne</span> <span class='ocrx_word' id='word_1_196' title='bbox 815 2069 847 2102; x_wconf 89' lang='lat' dir='ltr'>in</span> <span class='ocrx_word' id='word_1_197' title='bbox 869 2069 1054 2102; x_wconf 89' lang='lat' dir='ltr'>huiusmodi</span> <span class='ocrx_word' id='word_1_198' title='bbox 1067 2069 1120 2102; x_wconf 93' lang='lat' dir='ltr'>bo-</span> 
     </span>
     <span class='ocr_line' id='line_1_43' title="bbox 382 2122 1118 2165; baseline -0.001 -10"><span class='ocrx_word' id='word_1_199' title='bbox 382 2124 431 2156; x_wconf 87' lang='lat' dir='ltr'>nis</span> <span class='ocrx_word' id='word_1_200' title='bbox 456 2134 569 2156; x_wconf 85' lang='lat' dir='ltr'>manus</span> <span class='ocrx_word' id='word_1_201' title='bbox 602 2127 794 2165; x_wconf 86' lang='lat' dir='ltr'>apponant,</span> <span class='ocrx_word' id='word_1_202' title='bbox 821 2131 928 2165; x_wconf 87' lang='lat' dir='ltr'>neque</span> <span class='ocrx_word' id='word_1_203' title='bbox 960 2122 1118 2155; x_wconf 85' lang='lat' dir='ltr'>haeredes</span> 
     </span>
     <span class='ocr_line' id='line_1_44' title="bbox 381 2174 1119 2219; baseline -0.001 -11"><span class='ocrx_word' id='word_1_204' title='bbox 381 2177 600 2219; x_wconf 82' lang='lat' dir='ltr'>praefatorum</span> <span class='ocrx_word' id='word_1_205' title='bbox 614 2174 885 2207; x_wconf 85' lang='lat' dir='ltr'>conclavistarum</span> <span class='ocrx_word' id='word_1_206' title='bbox 903 2174 1043 2217; x_wconf 86' lang='lat' dir='ltr'>desuper</span> <span class='ocrx_word' id='word_1_207' title='bbox 1055 2184 1119 2207; x_wconf 90' lang='lat' dir='ltr'>mo-</span> 
     </span>
     <span class='ocr_line' id='line_1_45' title="bbox 381 2229 1118 2270; baseline -0.001 -9"><span class='ocrx_word' id='word_1_208' title='bbox 381 2230 497 2261; x_wconf 81' lang='lat' dir='ltr'>lestare</span> <span class='ocrx_word' id='word_1_209' title='bbox 531 2229 693 2267; x_wconf 82' lang='lat' dir='ltr'>audeant,</span> <span class='ocrx_word' id='word_1_210' title='bbox 725 2238 781 2261; x_wconf 88' lang='lat' dir='ltr'>seu</span> <span class='ocrx_word' id='word_1_211' title='bbox 817 2232 1048 2270; x_wconf 73' lang='lat' dir='ltr'>praesumant,</span> <span class='ocrx_word' id='word_1_212' title='bbox 1082 2238 1118 2260; x_wconf 85' lang='lat' dir='ltr'>ac</span> 
     </span>
     <span class='ocr_line' id='line_1_46' title="bbox 383 2279 1119 2319; baseline -0.001 -7"><span class='ocrx_word' id='word_1_213' title='bbox 383 2281 478 2313; x_wconf 87' lang='lat' dir='ltr'>ctiam</span> <span class='ocrx_word' id='word_1_214' title='bbox 515 2281 728 2313; x_wconf 81' lang='lat' dir='ltr'>decernentes</span> <span class='ocrx_word' id='word_1_215' title='bbox 766 2280 957 2313; x_wconf 85' lang='lat' dir='ltr'>donationes</span> <span class='ocrx_word' id='word_1_216' title='bbox 973 2306 980 2319; x_wconf 92' lang='lat'>,</span> <span class='ocrx_word' id='word_1_217' title='bbox 1023 2279 1119 2312; x_wconf 86' lang='lat' dir='ltr'>etiam</span> 
     </span>
     <span class='ocr_line' id='line_1_47' title="bbox 383 2332 1120 2376; baseline 0 -13"><span class='ocrx_word' id='word_1_218' title='bbox 383 2343 441 2376; x_wconf 78' lang='lat' dir='ltr'>per</span> <span class='ocrx_word' id='word_1_219' title='bbox 457 2333 539 2364; x_wconf 83' lang='lat' dir='ltr'>viam</span> <span class='ocrx_word' id='word_1_220' title='bbox 560 2333 744 2365; x_wconf 82' lang='lat' dir='ltr'>testamenti</span> <span class='ocrx_word' id='word_1_221' title='bbox 763 2338 795 2365; x_wconf 92' lang='lat' dir='ltr'>et</span> <span class='ocrx_word' id='word_1_222' title='bbox 810 2332 1036 2365; x_wconf 78' lang='lat' dir='ltr'>codicillorum</span> <span class='ocrx_word' id='word_1_223' title='bbox 1060 2342 1120 2374; x_wconf 87' lang='lat' dir='ltr'>per</span> 
     </span>
     <span class='ocr_line' id='line_1_48' title="bbox 383 2384 1120 2427; baseline 0 -11"><span class='ocrx_word' id='word_1_224' title='bbox 383 2385 472 2427; x_wconf 86' lang='lat' dir='ltr'>ipsos</span> <span class='ocrx_word' id='word_1_225' title='bbox 497 2385 705 2417; x_wconf 77' lang='lat' dir='ltr'>conclavistas</span> <span class='ocrx_word' id='word_1_226' title='bbox 732 2385 771 2417; x_wconf 84' lang='lat' dir='ltr'>de</span> <span class='ocrx_word' id='word_1_227' title='bbox 796 2395 907 2417; x_wconf 88' lang='lat' dir='ltr'>eorum</span> <span class='ocrx_word' id='word_1_228' title='bbox 941 2384 1037 2417; x_wconf 90' lang='lat' dir='ltr'>bonis</span> <span class='ocrx_word' id='word_1_229' title='bbox 1062 2385 1120 2416; x_wconf 90' lang='lat' dir='ltr'>hu-</span> 
     </span>
     <span class='ocr_line' id='line_1_49' title="bbox 385 2437 1118 2480; baseline 0 -12"><span class='ocrx_word' id='word_1_230' title='bbox 385 2437 525 2469; x_wconf 84' lang='lat' dir='ltr'>iusmodi</span> <span class='ocrx_word' id='word_1_231' title='bbox 552 2437 724 2476; x_wconf 76' lang='lat' dir='ltr'>faciendas,</span> <span class='ocrx_word' id='word_1_232' title='bbox 749 2447 878 2479; x_wconf 79' lang='lat' dir='ltr'>semper</span> <span class='ocrx_word' id='word_1_233' title='bbox 903 2442 935 2469; x_wconf 88' lang='lat' dir='ltr'>et</span> <span class='ocrx_word' id='word_1_234' title='bbox 959 2442 1118 2480; x_wconf 89' lang='lat' dir='ltr'>perpetuo</span> 
     </span>
     <span class='ocr_line' id='line_1_50' title="bbox 386 2489 839 2522; baseline -0.002 0"><span class='ocrx_word' id='word_1_235' title='bbox 386 2490 505 2522; x_wconf 84' lang='lat' dir='ltr'>validas</span> <span class='ocrx_word' id='word_1_236' title='bbox 532 2494 562 2520; x_wconf 80' lang='lat' dir='ltr'>ct</span> <span class='ocrx_word' id='word_1_237' title='bbox 589 2489 733 2521; x_wconf 83' lang='lat' dir='ltr'>efficaces</span> <span class='ocrx_word' id='word_1_238' title='bbox 758 2490 839 2522; x_wconf 86' lang='lat' dir='ltr'>sore.</span> 
     </span>
    </p>

    <p class='ocr_par' dir='ltr' id='par_1_6' title="bbox 389 2541 1121 2638">
     <span class='ocr_line' id='line_1_51' title="bbox 432 2541 1121 2585; baseline 0.003 -12"><span class='ocrx_word' id='word_1_239' title='bbox 432 2542 446 2585; x_wconf 62' lang='lat' dir='ltr'>g</span> <span class='ocrx_word' id='word_1_240' title='bbox 470 2542 522 2575; x_wconf 57' lang='lat'>213.</span> <span class='ocrx_word' id='word_1_241' title='bbox 550 2541 613 2573; x_wconf 79' lang='lat' dir='ltr'>Nec</span> <span class='ocrx_word' id='word_1_242' title='bbox 645 2541 776 2574; x_wconf 89' lang='lat' dir='ltr'>eosdem</span> <span class='ocrx_word' id='word_1_243' title='bbox 808 2542 1016 2575; x_wconf 88' lang='lat' dir='ltr'>conclavistas</span> <span class='ocrx_word' id='word_1_244' title='bbox 1033 2568 1040 2582; x_wconf 87' lang='lat'>,</span> <span class='ocrx_word' id='word_1_245' title='bbox 1068 2553 1121 2575; x_wconf 89' lang='lat' dir='ltr'>eo-</span> 
     </span>
     <span class='ocr_line' id='line_1_52' title="bbox 389 2594 1119 2638; baseline 0 -11"><span class='ocrx_word' id='word_1_246' title='bbox 389 2605 498 2628; x_wconf 83' lang='lat' dir='ltr'>rumve</span> <span class='ocrx_word' id='word_1_247' title='bbox 523 2594 685 2638; x_wconf 84' lang='lat' dir='ltr'>aliquem,</span> <span class='ocrx_word' id='word_1_248' title='bbox 708 2594 745 2626; x_wconf 79' lang='lat' dir='ltr'>ad</span> <span class='ocrx_word' id='word_1_249' title='bbox 772 2600 974 2638; x_wconf 85' lang='lat' dir='ltr'>praesentem</span> <span class='ocrx_word' id='word_1_250' title='bbox 999 2600 1119 2627; x_wconf 88' lang='lat' dir='ltr'>motum</span> 
     </span>
    </p>
   </div>
   <div class='ocr_carea' id='block_1_5' title="bbox 971 226 1328 252">
    <p class='ocr_par' dir='ltr' id='par_1_7' title="bbox 971 226 1328 252">
     <span class='ocr_line' id='line_1_53' title="bbox 971 226 1328 252; baseline 0 0"><span class='ocrx_word' id='word_1_251' title='bbox 971 227 1151 252; x_wconf 69' lang='lat' dir='ltr'><strong>BULLARIUM</strong></span> <span class='ocrx_word' id='word_1_252' title='bbox 1176 226 1328 252; x_wconf 63' lang='lat' dir='ltr'>ROMANUM</span> 
     </span>
    </p>
   </div>
   <div class='ocr_carea' id='block_1_6' title="bbox 1160 226 2092 2641">
    <p class='ocr_par' dir='ltr' id='par_1_8' title="bbox 1161 226 2092 1847">
     <span class='ocr_line' id='line_1_54' title="bbox 1912 226 2092 254; baseline 0.006 -1"><span class='ocrx_word' id='word_1_253' title='bbox 1912 227 1959 253; x_wconf 76' lang='lat' dir='ltr'>An.</span> <span class='ocrx_word' id='word_1_254' title='bbox 1976 226 2003 254; x_wconf 87' lang='lat' dir='ltr'>C.</span> <span class='ocrx_word' id='word_1_255' title='bbox 2028 228 2092 254; x_wconf 62' lang='lat'>11267</span> 
     </span>
     <span class='ocr_line' id='line_1_55' title="bbox 1170 275 1901 318; baseline 0.001 -11"><span class='ocrx_word' id='word_1_256' title='bbox 1170 275 1361 318; x_wconf 87' lang='lat' dir='ltr'>proprium,</span> <span class='ocrx_word' id='word_1_257' title='bbox 1389 285 1445 307; x_wconf 87' lang='lat' dir='ltr'>seu</span> <span class='ocrx_word' id='word_1_258' title='bbox 1475 275 1597 308; x_wconf 83' lang='lat' dir='ltr'>litteras</span> <span class='ocrx_word' id='word_1_259' title='bbox 1628 285 1726 318; x_wconf 89' lang='lat' dir='ltr'>super</span> <span class='ocrx_word' id='word_1_260' title='bbox 1750 285 1901 318; x_wconf 86' lang='lat' dir='ltr'>praesen-</span> 
     </span>
     <span class='ocr_line' id='line_1_56' title="bbox 1168 326 1898 367; baseline 0.001 -8"><span class='ocrx_word' id='word_1_261' title='bbox 1168 326 1273 367; x_wconf 87' lang='lat' dir='ltr'>tibus,</span> <span class='ocrx_word' id='word_1_262' title='bbox 1312 327 1338 359; x_wconf 89' lang='lat' dir='ltr'>si</span> <span class='ocrx_word' id='word_1_263' title='bbox 1376 327 1555 367; x_wconf 85' lang='lat' dir='ltr'>videbitur,</span> <span class='ocrx_word' id='word_1_264' title='bbox 1593 328 1830 367; x_wconf 81' lang='lat' dir='ltr'>conficiendas,</span> <span class='ocrx_word' id='word_1_265' title='bbox 1868 328 1898 361; x_wconf 89' lang='lat' dir='ltr'>in</span> 
     </span>
     <span class='ocr_line' id='line_1_57' title="bbox 1168 379 1899 413; baseline 0.001 -1"><span class='ocrx_word' id='word_1_266' title='bbox 1168 379 1252 412; x_wconf 77' lang='lat' dir='ltr'>dicta</span> <span class='ocrx_word' id='word_1_267' title='bbox 1282 380 1408 412; x_wconf 72' lang='lat' dir='ltr'>camera</span> <span class='ocrx_word' id='word_1_268' title='bbox 1436 379 1664 412; x_wconf 87' lang='lat' dir='ltr'>insinuandum</span> <span class='ocrx_word' id='word_1_269' title='bbox 1689 386 1744 413; x_wconf 85' lang='lat' dir='ltr'>aut</span> <span class='ocrx_word' id='word_1_270' title='bbox 1775 381 1899 413; x_wconf 84' lang='lat' dir='ltr'>admitti</span> 
     </span>
     <span class='ocr_line' id='line_1_58' title="bbox 1168 431 1899 475; baseline 0.003 -11"><span class='ocrx_word' id='word_1_271' title='bbox 1168 436 1200 464; x_wconf 89' lang='lat' dir='ltr'>et</span> <span class='ocrx_word' id='word_1_272' title='bbox 1222 431 1388 474; x_wconf 82' lang='lat' dir='ltr'>registrari</span> <span class='ocrx_word' id='word_1_273' title='bbox 1419 432 1598 475; x_wconf 89' lang='lat' dir='ltr'>petendum</span> <span class='ocrx_word' id='word_1_274' title='bbox 1626 433 1751 473; x_wconf 89' lang='lat' dir='ltr'>teneri,</span> <span class='ocrx_word' id='word_1_275' title='bbox 1778 444 1838 466; x_wconf 88' lang='lat' dir='ltr'>nec</span> <span class='ocrx_word' id='word_1_276' title='bbox 1862 434 1899 466; x_wconf 91' lang='lat' dir='ltr'>il-</span> 
     </span>
     <span class='ocr_line' id='line_1_59' title="bbox 1166 484 1899 528; baseline 0 -11"><span class='ocrx_word' id='word_1_277' title='bbox 1166 485 1231 517; x_wconf 90' lang='lat' dir='ltr'>lum</span> <span class='ocrx_word' id='word_1_278' title='bbox 1263 494 1321 517; x_wconf 91' lang='lat' dir='ltr'>seu</span> <span class='ocrx_word' id='word_1_279' title='bbox 1353 484 1444 521; x_wconf 76' lang='lat' dir='ltr'>illas,</span> <span class='ocrx_word' id='word_1_280' title='bbox 1479 484 1603 516; x_wconf 86' lang='lat' dir='ltr'>etiamsi</span> <span class='ocrx_word' id='word_1_281' title='bbox 1636 485 1899 528; x_wconf 86' lang='lat' dir='ltr'>motusproprius</span> 
     </span>
     <span class='ocr_line' id='line_1_60' title="bbox 1166 536 1898 579; baseline 0.001 -11"><span class='ocrx_word' id='word_1_282' title='bbox 1166 542 1197 569; x_wconf 87' lang='lat' dir='ltr'>et</span> <span class='ocrx_word' id='word_1_283' title='bbox 1227 537 1352 569; x_wconf 80' lang='lat' dir='ltr'>litterae</span> <span class='ocrx_word' id='word_1_284' title='bbox 1387 536 1571 570; x_wconf 89' lang='lat' dir='ltr'>huiusmodi</span> <span class='ocrx_word' id='word_1_285' title='bbox 1608 537 1689 569; x_wconf 85' lang='lat' dir='ltr'>intra</span> <span class='ocrx_word' id='word_1_286' title='bbox 1720 537 1898 579; x_wconf 83' lang='lat' dir='ltr'>legitimum</span> 
     </span>
     <span class='ocr_line' id='line_1_61' title="bbox 1166 589 1896 632; baseline 0 -11"><span class='ocrx_word' id='word_1_287' title='bbox 1166 594 1291 632; x_wconf 88' lang='lat' dir='ltr'>tempus</span> <span class='ocrx_word' id='word_1_288' title='bbox 1320 589 1524 629; x_wconf 87' lang='lat' dir='ltr'>insinuatus,</span> <span class='ocrx_word' id='word_1_289' title='bbox 1558 589 1716 621; x_wconf 89' lang='lat' dir='ltr'>admissus</span> <span class='ocrx_word' id='word_1_290' title='bbox 1753 594 1785 622; x_wconf 89' lang='lat' dir='ltr'>et</span> <span class='ocrx_word' id='word_1_291' title='bbox 1807 589 1896 632; x_wconf 78' lang='lat' dir='ltr'>regi-</span> 
     </span>
     <span class='ocr_line' id='line_1_62' title="bbox 1165 641 1898 681; baseline 0.001 -8"><span class='ocrx_word' id='word_1_292' title='bbox 1165 646 1281 674; x_wconf 88' lang='lat' dir='ltr'>stratus</span> <span class='ocrx_word' id='word_1_293' title='bbox 1306 652 1371 674; x_wconf 90' lang='lat' dir='ltr'>non</span> <span class='ocrx_word' id='word_1_294' title='bbox 1398 642 1499 681; x_wconf 79' lang='lat' dir='ltr'>suerit,</span> <span class='ocrx_word' id='word_1_295' title='bbox 1518 652 1573 674; x_wconf 88' lang='lat' dir='ltr'>seu</span> <span class='ocrx_word' id='word_1_296' title='bbox 1600 642 1673 674; x_wconf 90' lang='lat' dir='ltr'>illae</span> <span class='ocrx_word' id='word_1_297' title='bbox 1699 641 1898 679; x_wconf 84' lang='lat' dir='ltr'>insinuatae,</span> 
     </span>
     <span class='ocr_line' id='line_1_63' title="bbox 1164 694 2092 736; baseline -0.002 -10"><span class='ocrx_word' id='word_1_298' title='bbox 1164 694 1321 726; x_wconf 87' lang='lat' dir='ltr'>admissae</span> <span class='ocrx_word' id='word_1_299' title='bbox 1340 721 1347 734; x_wconf 95' lang='lat'>,</span> <span class='ocrx_word' id='word_1_300' title='bbox 1373 705 1431 726; x_wconf 86' lang='lat' dir='ltr'>seu</span> <span class='ocrx_word' id='word_1_301' title='bbox 1457 694 1643 736; x_wconf 84' lang='lat' dir='ltr'>registratae</span> <span class='ocrx_word' id='word_1_302' title='bbox 1668 704 1735 726; x_wconf 91' lang='lat' dir='ltr'>non</span> <span class='ocrx_word' id='word_1_303' title='bbox 1760 694 2092 733; x_wconf 60' lang='lat' dir='ltr'>stierint,ciausu=³2pm-</span> 
     </span>
     <span class='ocr_line' id='line_1_64' title="bbox 1165 734 2091 789; baseline 0 -11"><span class='ocrx_word' id='word_1_304' title='bbox 1165 752 1340 789; x_wconf 84' lang='lat' dir='ltr'>propterea</span> <span class='ocrx_word' id='word_1_305' title='bbox 1375 747 1481 778; x_wconf 87' lang='lat' dir='ltr'>minus</span> <span class='ocrx_word' id='word_1_306' title='bbox 1515 745 1654 779; x_wconf 84' lang='lat' dir='ltr'>validum</span> <span class='ocrx_word' id='word_1_307' title='bbox 1683 757 1740 779; x_wconf 87' lang='lat' dir='ltr'>seu</span> <span class='ocrx_word' id='word_1_308' title='bbox 1778 734 2023 782; x_wconf 52' lang='lat' dir='ltr'>validasffissl‘ifm</span> <span class='ocrx_word' id='word_1_309' title='bbox 2054 738 2091 758; x_wconf 56' lang='grc' dir='ltr'>’μ’</span> 
     </span>
     <span class='ocr_line' id='line_1_65' title="bbox 1164 798 1899 842; baseline 0 -10"><span class='ocrx_word' id='word_1_310' title='bbox 1164 800 1300 840; x_wconf 86' lang='lat' dir='ltr'>censeri,</span> <span class='ocrx_word' id='word_1_311' title='bbox 1320 800 1376 833; x_wconf 87' lang='lat' dir='ltr'>sed</span> <span class='ocrx_word' id='word_1_312' title='bbox 1398 810 1474 832; x_wconf 88' lang='lat' dir='ltr'>suos</span> <span class='ocrx_word' id='word_1_313' title='bbox 1499 799 1663 842; x_wconf 84' lang='lat' dir='ltr'>plenarios</span> <span class='ocrx_word' id='word_1_314' title='bbox 1688 798 1818 832; x_wconf 78' lang='lat' dir='ltr'>effectus</span> <span class='ocrx_word' id='word_1_315' title='bbox 1835 809 1899 832; x_wconf 90' lang='lat' dir='ltr'>sor-</span> 
     </span>
     <span class='ocr_line' id='line_1_66' title="bbox 1164 852 1898 895; baseline -0.001 -10"><span class='ocrx_word' id='word_1_316' title='bbox 1164 852 1216 885; x_wconf 83' lang='lat' dir='ltr'>tiri</span> <span class='ocrx_word' id='word_1_317' title='bbox 1242 853 1382 893; x_wconf 88' lang='lat' dir='ltr'>debere,</span> <span class='ocrx_word' id='word_1_318' title='bbox 1409 863 1444 885; x_wconf 87' lang='lat' dir='ltr'>ac</span> <span class='ocrx_word' id='word_1_319' title='bbox 1472 852 1763 895; x_wconf 89' lang='lat' dir='ltr'>motumproprium</span> <span class='ocrx_word' id='word_1_320' title='bbox 1788 858 1820 885; x_wconf 89' lang='lat' dir='ltr'>et</span> <span class='ocrx_word' id='word_1_321' title='bbox 1852 852 1898 885; x_wconf 91' lang='lat' dir='ltr'>lit-</span> 
     </span>
     <span class='ocr_line' id='line_1_67' title="bbox 1164 906 1899 948; baseline 0.001 -11"><span class='ocrx_word' id='word_1_322' title='bbox 1164 910 1247 938; x_wconf 85' lang='lat' dir='ltr'>teras</span> <span class='ocrx_word' id='word_1_323' title='bbox 1266 906 1464 946; x_wconf 78' lang='lat' dir='ltr'>huiusmodi,</span> <span class='ocrx_word' id='word_1_324' title='bbox 1480 911 1510 939; x_wconf 91' lang='lat' dir='ltr'>et</span> <span class='ocrx_word' id='word_1_325' title='bbox 1527 906 1559 938; x_wconf 93' lang='lat' dir='ltr'>in</span> <span class='ocrx_word' id='word_1_326' title='bbox 1577 906 1622 938; x_wconf 86' lang='lat' dir='ltr'>eis</span> <span class='ocrx_word' id='word_1_327' title='bbox 1642 910 1794 938; x_wconf 88' lang='lat' dir='ltr'>contenta</span> <span class='ocrx_word' id='word_1_328' title='bbox 1807 916 1899 948; x_wconf 87' lang='lat' dir='ltr'>quae-</span> 
     </span>
     <span class='ocr_line' id='line_1_68' title="bbox 1163 958 1897 1002; baseline 0 -12"><span class='ocrx_word' id='word_1_329' title='bbox 1163 969 1315 1002; x_wconf 86' lang='lat' dir='ltr'>cumque,</span> <span class='ocrx_word' id='word_1_330' title='bbox 1349 959 1409 991; x_wconf 87' lang='lat' dir='ltr'>sub</span> <span class='ocrx_word' id='word_1_331' title='bbox 1434 959 1596 1002; x_wconf 82' lang='lat' dir='ltr'>quibusvis</span> <span class='ocrx_word' id='word_1_332' title='bbox 1621 958 1897 998; x_wconf 82' lang='lat' dir='ltr'>revocationibus,</span> 
     </span>
     <span class='ocr_line' id='line_1_69' title="bbox 1164 1010 1900 1054; baseline -0.001 -11"><span class='ocrx_word' id='word_1_333' title='bbox 1164 1011 1447 1054; x_wconf 86' lang='lat' dir='ltr'>suspensionibus,</span> <span class='ocrx_word' id='word_1_334' title='bbox 1474 1010 1742 1050; x_wconf 77' lang='lat' dir='ltr'>limitationibus,</span> <span class='ocrx_word' id='word_1_335' title='bbox 1774 1010 1900 1044; x_wconf 76' lang='lat' dir='ltr'>modifi-</span> 
     </span>
     <span class='ocr_line' id='line_1_70' title="bbox 1163 1058 1896 1103; baseline -0.001 -8"><span class='ocrx_word' id='word_1_336' title='bbox 1163 1058 1373 1103; x_wconf 77' lang='lat' dir='ltr'>cationibus,</span> <span class='ocrx_word' id='word_1_337' title='bbox 1411 1063 1551 1096; x_wconf 83' lang='lat' dir='ltr'>decretis</span> <span class='ocrx_word' id='word_1_338' title='bbox 1588 1068 1620 1096; x_wconf 89' lang='lat' dir='ltr'>et</span> <span class='ocrx_word' id='word_1_339' title='bbox 1655 1062 1896 1096; x_wconf 88' lang='lat' dir='ltr'>constitutioni-</span> 
     </span>
     <span class='ocr_line' id='line_1_71' title="bbox 1163 1115 1900 1159; baseline -0.001 -11"><span class='ocrx_word' id='word_1_340' title='bbox 1163 1116 1224 1148; x_wconf 91' lang='lat' dir='ltr'>bus</span> <span class='ocrx_word' id='word_1_341' title='bbox 1249 1115 1438 1159; x_wconf 88' lang='lat' dir='ltr'>apostolicis</span> <span class='ocrx_word' id='word_1_342' title='bbox 1464 1115 1616 1149; x_wconf 88' lang='lat' dir='ltr'>similium</span> <span class='ocrx_word' id='word_1_343' title='bbox 1642 1116 1816 1158; x_wconf 78' lang='lat' dir='ltr'>gratiarum</span> <span class='ocrx_word' id='word_1_344' title='bbox 1849 1126 1900 1148; x_wconf 85' lang='lat' dir='ltr'>re-</span> 
     </span>
     <span class='ocr_line' id='line_1_72' title="bbox 1163 1168 1897 1212; baseline -0.001 -11"><span class='ocrx_word' id='word_1_345' title='bbox 1163 1169 1351 1209; x_wconf 86' lang='lat' dir='ltr'>vocatoriis‚</span> <span class='ocrx_word' id='word_1_346' title='bbox 1377 1169 1427 1201; x_wconf 91' lang='lat' dir='ltr'>vel</span> <span class='ocrx_word' id='word_1_347' title='bbox 1453 1178 1534 1212; x_wconf 86' lang='lat' dir='ltr'>quae</span> <span class='ocrx_word' id='word_1_348' title='bbox 1560 1178 1612 1201; x_wconf 87' lang='lat' dir='ltr'>eas</span> <span class='ocrx_word' id='word_1_349' title='bbox 1637 1168 1818 1208; x_wconf 87' lang='lat' dir='ltr'>limitarent,</span> <span class='ocrx_word' id='word_1_350' title='bbox 1841 1178 1897 1201; x_wconf 86' lang='lat' dir='ltr'>seu</span> 
     </span>
     <span class='ocr_line' id='line_1_73' title="bbox 1163 1220 1899 1265; baseline -0.001 -11"><span class='ocrx_word' id='word_1_351' title='bbox 1163 1222 1434 1262; x_wconf 83' lang='lat' dir='ltr'>moderarentur,</span> <span class='ocrx_word' id='word_1_352' title='bbox 1461 1231 1541 1265; x_wconf 90' lang='lat' dir='ltr'>quae</span> <span class='ocrx_word' id='word_1_353' title='bbox 1577 1231 1594 1253; x_wconf 90' lang='lat' dir='ltr'>a</span> <span class='ocrx_word' id='word_1_354' title='bbox 1624 1220 1717 1253; x_wconf 90' lang='lat' dir='ltr'>nobis</span> <span class='ocrx_word' id='word_1_355' title='bbox 1753 1226 1785 1253; x_wconf 87' lang='lat' dir='ltr'>et</span> <span class='ocrx_word' id='word_1_356' title='bbox 1816 1221 1899 1254; x_wconf 74' lang='lat' dir='ltr'>dicta</span> 
     </span>
     <span class='ocr_line' id='line_1_74' title="bbox 1162 1273 1896 1318; baseline -0.001 -11"><span class='ocrx_word' id='word_1_357' title='bbox 1162 1274 1253 1314; x_wconf 86' lang='lat' dir='ltr'>Sede,</span> <span class='ocrx_word' id='word_1_358' title='bbox 1280 1279 1312 1307; x_wconf 86' lang='lat' dir='ltr'>et</span> <span class='ocrx_word' id='word_1_359' title='bbox 1336 1284 1395 1317; x_wconf 91' lang='lat' dir='ltr'>pro</span> <span class='ocrx_word' id='word_1_360' title='bbox 1420 1279 1585 1318; x_wconf 83' lang='lat' dir='ltr'>tempore,</span> <span class='ocrx_word' id='word_1_361' title='bbox 1614 1278 1647 1306; x_wconf 91' lang='lat' dir='ltr'>et</span> <span class='ocrx_word' id='word_1_362' title='bbox 1672 1273 1710 1306; x_wconf 90' lang='lat' dir='ltr'>de</span> <span class='ocrx_word' id='word_1_363' title='bbox 1732 1274 1896 1316; x_wconf 86' lang='lat' dir='ltr'>quibusvis</span> 
     </span>
     <span class='ocr_line' id='line_1_75' title="bbox 1162 1326 1899 1369; baseline -0.001 -10"><span class='ocrx_word' id='word_1_364' title='bbox 1162 1327 1265 1359; x_wconf 87' lang='lat' dir='ltr'>causis</span> <span class='ocrx_word' id='word_1_365' title='bbox 1291 1327 1385 1359; x_wconf 86' lang='lat' dir='ltr'>etiam</span> <span class='ocrx_word' id='word_1_366' title='bbox 1409 1326 1655 1369; x_wconf 82' lang='lat' dir='ltr'>urgentissimis,</span> <span class='ocrx_word' id='word_1_367' title='bbox 1674 1326 1770 1359; x_wconf 88' lang='lat' dir='ltr'>etiam</span> <span class='ocrx_word' id='word_1_368' title='bbox 1797 1326 1830 1359; x_wconf 89' lang='lat' dir='ltr'>in</span> <span class='ocrx_word' id='word_1_369' title='bbox 1856 1326 1899 1359; x_wconf 84' lang='lat' dir='ltr'>sa-</span> 
     </span>
     <span class='ocr_line' id='line_1_76' title="bbox 1161 1379 1896 1422; baseline 0 -10"><span class='ocrx_word' id='word_1_370' title='bbox 1161 1391 1270 1413; x_wconf 87' lang='lat' dir='ltr'>vorem</span> <span class='ocrx_word' id='word_1_371' title='bbox 1287 1379 1361 1413; x_wconf 87' lang='lat' dir='ltr'>fidei</span> <span class='ocrx_word' id='word_1_372' title='bbox 1387 1385 1419 1412; x_wconf 85' lang='lat' dir='ltr'>et</span> <span class='ocrx_word' id='word_1_373' title='bbox 1436 1380 1533 1412; x_wconf 90' lang='lat' dir='ltr'>divini</span> <span class='ocrx_word' id='word_1_374' title='bbox 1553 1381 1657 1413; x_wconf 89' lang='lat' dir='ltr'>cultus</span> <span class='ocrx_word' id='word_1_375' title='bbox 1675 1385 1896 1422; x_wconf 76' lang='lat' dir='ltr'>augmentum,</span> 
     </span>
     <span class='ocr_line' id='line_1_77' title="bbox 1162 1433 1899 1476; baseline 0 -10"><span class='ocrx_word' id='word_1_376' title='bbox 1162 1433 1257 1466; x_wconf 85' lang='lat' dir='ltr'>etiam</span> <span class='ocrx_word' id='word_1_377' title='bbox 1279 1433 1552 1473; x_wconf 83' lang='lat' dir='ltr'>consistorialiter,</span> <span class='ocrx_word' id='word_1_378' title='bbox 1566 1435 1615 1466; x_wconf 91' lang='lat' dir='ltr'>vel</span> <span class='ocrx_word' id='word_1_379' title='bbox 1633 1433 1710 1466; x_wconf 74' lang='lat' dir='ltr'>alias</span> <span class='ocrx_word' id='word_1_380' title='bbox 1729 1433 1837 1476; x_wconf 88' lang='lat' dir='ltr'>quavis</span> <span class='ocrx_word' id='word_1_381' title='bbox 1850 1444 1899 1466; x_wconf 88' lang='lat' dir='ltr'>au-</span> 
     </span>
     <span class='ocr_line' id='line_1_78' title="bbox 1162 1487 1899 1529; baseline -0.003 -9"><span class='ocrx_word' id='word_1_382' title='bbox 1162 1487 1307 1520; x_wconf 84' lang='lat' dir='ltr'>ctoritate</span> <span class='ocrx_word' id='word_1_383' title='bbox 1333 1487 1487 1519; x_wconf 88' lang='lat' dir='ltr'>hactenus</span> <span class='ocrx_word' id='word_1_384' title='bbox 1516 1487 1565 1519; x_wconf 89' lang='lat' dir='ltr'>vel</span> <span class='ocrx_word' id='word_1_385' title='bbox 1585 1487 1796 1529; x_wconf 89' lang='lat' dir='ltr'>imposterum</span> <span class='ocrx_word' id='word_1_386' title='bbox 1816 1496 1899 1518; x_wconf 85' lang='lat' dir='ltr'>ema·</span> 
     </span>
     <span class='ocr_line' id='line_1_79' title="bbox 1161 1539 1895 1582; baseline -0.001 -10"><span class='ocrx_word' id='word_1_387' title='bbox 1161 1540 1329 1579; x_wconf 88' lang='lat' dir='ltr'>naverint‚</span> <span class='ocrx_word' id='word_1_388' title='bbox 1360 1539 1492 1572; x_wconf 90' lang='lat' dir='ltr'>minime</span> <span class='ocrx_word' id='word_1_389' title='bbox 1535 1539 1811 1582; x_wconf 85' lang='lat' dir='ltr'>comprehensum</span> <span class='ocrx_word' id='word_1_390' title='bbox 1846 1540 1895 1571; x_wconf 86' lang='lat' dir='ltr'>vel</span> 
     </span>
     <span class='ocr_line' id='line_1_80' title="bbox 1162 1591 1896 1635; baseline -0.001 -11"><span class='ocrx_word' id='word_1_391' title='bbox 1162 1592 1414 1635; x_wconf 83' lang='lat' dir='ltr'>comprehensas</span> <span class='ocrx_word' id='word_1_392' title='bbox 1447 1601 1539 1631; x_wconf 84' lang='lat' dir='ltr'>esse,</span> <span class='ocrx_word' id='word_1_393' title='bbox 1575 1592 1633 1624; x_wconf 89' lang='lat' dir='ltr'>sed</span> <span class='ocrx_word' id='word_1_394' title='bbox 1663 1591 1791 1634; x_wconf 84' lang='lat' dir='ltr'>quoties</span> <span class='ocrx_word' id='word_1_395' title='bbox 1822 1591 1896 1624; x_wconf 85' lang='lat' dir='ltr'>illac</span> 
     </span>
     <span class='ocr_line' id='line_1_81' title="bbox 1162 1644 1898 1688; baseline -0.003 -10"><span class='ocrx_word' id='word_1_396' title='bbox 1162 1645 1364 1685; x_wconf 81' lang='lat' dir='ltr'>emanabunt,</span> <span class='ocrx_word' id='word_1_397' title='bbox 1383 1645 1478 1677; x_wconf 89' lang='lat' dir='ltr'>toties</span> <span class='ocrx_word' id='word_1_398' title='bbox 1503 1655 1577 1677; x_wconf 86' lang='lat' dir='ltr'>eum</span> <span class='ocrx_word' id='word_1_399' title='bbox 1602 1649 1634 1677; x_wconf 90' lang='lat' dir='ltr'>et</span> <span class='ocrx_word' id='word_1_400' title='bbox 1658 1655 1710 1677; x_wconf 82' lang='lat' dir='ltr'>eas</span> <span class='ocrx_word' id='word_1_401' title='bbox 1735 1644 1767 1676; x_wconf 91' lang='lat' dir='ltr'>in</span> <span class='ocrx_word' id='word_1_402' title='bbox 1788 1644 1898 1688; x_wconf 89' lang='lat' dir='ltr'>pristi-</span> 
     </span>
     <span class='ocr_line' id='line_1_82' title="bbox 1161 1696 1898 1740; baseline -0.003 -10"><span class='ocrx_word' id='word_1_403' title='bbox 1161 1708 1237 1730; x_wconf 89' lang='lat' dir='ltr'>num</span> <span class='ocrx_word' id='word_1_404' title='bbox 1272 1702 1387 1730; x_wconf 89' lang='lat' dir='ltr'>statum</span> <span class='ocrx_word' id='word_1_405' title='bbox 1418 1697 1623 1738; x_wconf 87' lang='lat' dir='ltr'>restitutum,</span> <span class='ocrx_word' id='word_1_406' title='bbox 1650 1696 1833 1740; x_wconf 89' lang='lat' dir='ltr'>repositum</span> <span class='ocrx_word' id='word_1_407' title='bbox 1866 1702 1898 1728; x_wconf 90' lang='lat' dir='ltr'>et</span> 
     </span>
     <span class='ocr_line' id='line_1_83' title="bbox 1161 1749 1896 1793; baseline -0.001 -10"><span class='ocrx_word' id='word_1_408' title='bbox 1161 1751 1412 1793; x_wconf 82' lang='lat' dir='ltr'>reintegratum,</span> <span class='ocrx_word' id='word_1_409' title='bbox 1444 1760 1500 1783; x_wconf 88' lang='lat' dir='ltr'>seu</span> <span class='ocrx_word' id='word_1_410' title='bbox 1524 1749 1689 1783; x_wconf 85' lang='lat' dir='ltr'>restitutas</span> <span class='ocrx_word' id='word_1_411' title='bbox 1704 1776 1711 1789; x_wconf 93' lang='lat'>,</span> <span class='ocrx_word' id='word_1_412' title='bbox 1736 1749 1896 1792; x_wconf 84' lang='lat' dir='ltr'>repositas</span> 
     </span>
     <span class='ocr_line' id='line_1_84' title="bbox 1162 1803 1690 1847; baseline -0.002 -10"><span class='ocrx_word' id='word_1_413' title='bbox 1162 1809 1193 1837; x_wconf 88' lang='lat' dir='ltr'>et</span> <span class='ocrx_word' id='word_1_414' title='bbox 1215 1804 1431 1847; x_wconf 82' lang='lat' dir='ltr'>reintegratas</span> <span class='ocrx_word' id='word_1_415' title='bbox 1457 1814 1528 1837; x_wconf 89' lang='lat' dir='ltr'>esse</span> <span class='ocrx_word' id='word_1_416' title='bbox 1553 1803 1690 1836; x_wconf 88' lang='lat' dir='ltr'>censeri.</span> 
     </span>
    </p>

    <p class='ocr_par' dir='ltr' id='par_1_9' title="bbox 1160 1855 2092 2641">
     <span class='ocr_line' id='line_1_85' title="bbox 1205 1855 2091 1907; baseline -0.001 -19"><span class='ocrx_word' id='word_1_417' title='bbox 1205 1857 1220 1900; x_wconf 59' lang='grc' dir='ltr'>ἓ</span> <span class='ocrx_word' id='word_1_418' title='bbox 1245 1856 1295 1890; x_wconf 81' lang='grc'>14.</span> <span class='ocrx_word' id='word_1_419' title='bbox 1322 1856 1360 1889; x_wconf 89' lang='lat' dir='ltr'>Et</span> <span class='ocrx_word' id='word_1_420' title='bbox 1384 1857 1529 1899; x_wconf 84' lang='lat' dir='ltr'>insuper,</span> <span class='ocrx_word' id='word_1_421' title='bbox 1556 1866 1627 1888; x_wconf 89' lang='lat' dir='ltr'>eum</span> <span class='ocrx_word' id='word_1_422' title='bbox 1652 1856 1786 1888; x_wconf 82' lang='lat' dir='ltr'>dilectus</span> <span class='ocrx_word' id='word_1_423' title='bbox 1811 1855 2091 1907; x_wconf 50' lang='lat' dir='ltr'>filiusmmffggicsiffiffisli</span> 
     </span>
     <span class='ocr_line' id='line_1_86' title="bbox 1162 1900 2092 1965; baseline -0.003 -22"><span class='ocrx_word' id='word_1_424' title='bbox 1162 1910 1319 1943; x_wconf 80' lang='lat' dir='ltr'>Antonius</span> <span class='ocrx_word' id='word_1_425' title='bbox 1357 1910 1395 1942; x_wconf 91' lang='lat' dir='ltr'>de</span> <span class='ocrx_word' id='word_1_426' title='bbox 1434 1909 1550 1948; x_wconf 89' lang='lat' dir='ltr'>Flore,</span> <span class='ocrx_word' id='word_1_427' title='bbox 1583 1908 1738 1948; x_wconf 86' lang='lat' dir='ltr'>clericus,</span> <span class='ocrx_word' id='word_1_428' title='bbox 1775 1900 2092 1965; x_wconf 51' lang='lat' dir='ltr'>Neoca-gffinmdqu‘gde-</span> 
     </span>
     <span class='ocr_line' id='line_1_87' title="bbox 1162 1955 2058 2001; baseline -0.003 -6"><span class='ocrx_word' id='word_1_429' title='bbox 1162 1962 1318 2001; x_wconf 87' lang='lat' dir='ltr'>strensis‚</span> <span class='ocrx_word' id='word_1_430' title='bbox 1354 1961 1490 1994; x_wconf 85' lang='lat' dir='ltr'>civitatis</span> <span class='ocrx_word' id='word_1_431' title='bbox 1523 1961 1572 1994; x_wconf 88' lang='lat' dir='ltr'>vel</span> <span class='ocrx_word' id='word_1_432' title='bbox 1613 1960 1790 1999; x_wconf 75' lang='lat' dir='ltr'>dioecesis,</span> <span class='ocrx_word' id='word_1_433' title='bbox 1817 1960 1896 1993; x_wconf 89' lang='lat' dir='ltr'>iuris</span> <span class='ocrx_word' id='word_1_434' title='bbox 2017 1955 2026 1965; x_wconf 66' lang='lat'>⁵</span> <span class='ocrx_word' id='word_1_435' title='bbox 2052 1955 2058 1961; x_wconf 79' lang='grc'><strong><em>’</em></strong></span> 
     </span>
     <span class='ocr_line' id='line_1_88' title="bbox 1162 2013 1897 2058; baseline -0.003 -11"><span class='ocrx_word' id='word_1_436' title='bbox 1162 2015 1332 2058; x_wconf 87' lang='lat' dir='ltr'>utriusque</span> <span class='ocrx_word' id='word_1_437' title='bbox 1351 2015 1473 2053; x_wconf 89' lang='lat' dir='ltr'>doctor,</span> <span class='ocrx_word' id='word_1_438' title='bbox 1495 2025 1531 2047; x_wconf 88' lang='lat' dir='ltr'>ac</span> <span class='ocrx_word' id='word_1_439' title='bbox 1556 2013 1686 2056; x_wconf 83' lang='lat' dir='ltr'>collegii</span> <span class='ocrx_word' id='word_1_440' title='bbox 1711 2013 1897 2046; x_wconf 86' lang='lat' dir='ltr'>eorumdem</span> 
     </span>
     <span class='ocr_line' id='line_1_89' title="bbox 1163 2065 1899 2109; baseline -0.005 -8"><span class='ocrx_word' id='word_1_441' title='bbox 1163 2069 1354 2102; x_wconf 86' lang='lat' dir='ltr'>clericorum</span> <span class='ocrx_word' id='word_1_442' title='bbox 1379 2077 1523 2100; x_wconf 85' lang='lat' dir='ltr'>camerae</span> <span class='ocrx_word' id='word_1_443' title='bbox 1550 2067 1747 2109; x_wconf 86' lang='lat' dir='ltr'>apostolicae</span> <span class='ocrx_word' id='word_1_444' title='bbox 1772 2065 1899 2109; x_wconf 90' lang='lat' dir='ltr'>praedi-</span> 
     </span>
     <span class='ocr_line' id='line_1_90' title="bbox 1162 2118 1898 2159; baseline -0.005 -5"><span class='ocrx_word' id='word_1_445' title='bbox 1162 2126 1230 2154; x_wconf 86' lang='lat' dir='ltr'>ctae</span> <span class='ocrx_word' id='word_1_446' title='bbox 1257 2120 1472 2159; x_wconf 84' lang='lat' dir='ltr'>secretarius,</span> <span class='ocrx_word' id='word_1_447' title='bbox 1507 2124 1539 2152; x_wconf 91' lang='lat' dir='ltr'>et</span> <span class='ocrx_word' id='word_1_448' title='bbox 1569 2119 1766 2151; x_wconf 88' lang='lat' dir='ltr'>minutorum</span> <span class='ocrx_word' id='word_1_449' title='bbox 1799 2118 1898 2151; x_wconf 90' lang='lat' dir='ltr'>servi-</span> 
     </span>
     <span class='ocr_line' id='line_1_91' title="bbox 1164 2172 1898 2215; baseline -0.004 -9"><span class='ocrx_word' id='word_1_450' title='bbox 1164 2174 1282 2207; x_wconf 90' lang='lat' dir='ltr'>tiorum</span> <span class='ocrx_word' id='word_1_451' title='bbox 1317 2172 1478 2215; x_wconf 80' lang='lat' dir='ltr'>generalis</span> <span class='ocrx_word' id='word_1_452' title='bbox 1518 2172 1694 2212; x_wconf 86' lang='lat' dir='ltr'>collector,</span> <span class='ocrx_word' id='word_1_453' title='bbox 1736 2176 1898 2214; x_wconf 90' lang='lat' dir='ltr'>tamquam</span> 
     </span>
     <span class='ocr_line' id='line_1_92' title="bbox 1162 2223 1897 2267; baseline -0.004 -9"><span class='ocrx_word' id='word_1_454' title='bbox 1162 2225 1322 2258; x_wconf 85' lang='lat' dir='ltr'>dictorum</span> <span class='ocrx_word' id='word_1_455' title='bbox 1348 2224 1618 2258; x_wconf 85' lang='lat' dir='ltr'>conclavistarum</span> <span class='ocrx_word' id='word_1_456' title='bbox 1642 2228 1840 2267; x_wconf 87' lang='lat' dir='ltr'>procurator,</span> <span class='ocrx_word' id='word_1_457' title='bbox 1864 2223 1897 2255; x_wconf 91' lang='lat' dir='ltr'>in</span> 
     </span>
     <span class='ocr_line' id='line_1_93' title="bbox 1161 2276 1898 2321; baseline -0.003 -11"><span class='ocrx_word' id='word_1_458' title='bbox 1161 2278 1345 2321; x_wconf 88' lang='lat' dir='ltr'>praemissis</span> <span class='ocrx_word' id='word_1_459' title='bbox 1371 2278 1517 2310; x_wconf 88' lang='lat' dir='ltr'>sedulam</span> <span class='ocrx_word' id='word_1_460' title='bbox 1542 2287 1601 2320; x_wconf 89' lang='lat' dir='ltr'>pro</span> <span class='ocrx_word' id='word_1_461' title='bbox 1627 2276 1672 2310; x_wconf 86' lang='lat' dir='ltr'>eis</span> <span class='ocrx_word' id='word_1_462' title='bbox 1691 2286 1823 2319; x_wconf 86' lang='lat' dir='ltr'>operam</span> <span class='ocrx_word' id='word_1_463' title='bbox 1842 2286 1898 2308; x_wconf 86' lang='lat' dir='ltr'>na-</span> 
     </span>
     <span class='ocr_line' id='line_1_94' title="bbox 1160 2329 1898 2374; baseline -0.003 -11"><span class='ocrx_word' id='word_1_464' title='bbox 1160 2331 1290 2371; x_wconf 86' lang='lat' dir='ltr'>vaverit,</span> <span class='ocrx_word' id='word_1_465' title='bbox 1323 2335 1512 2374; x_wconf 83' lang='lat' dir='ltr'>propterea,</span> <span class='ocrx_word' id='word_1_466' title='bbox 1549 2335 1580 2363; x_wconf 88' lang='lat' dir='ltr'>et</span> <span class='ocrx_word' id='word_1_467' title='bbox 1604 2330 1743 2363; x_wconf 88' lang='lat' dir='ltr'>aliorum</span> <span class='ocrx_word' id='word_1_468' title='bbox 1767 2329 1898 2362; x_wconf 87' lang='lat' dir='ltr'>merito-</span> 
     </span>
     <span class='ocr_line' id='line_1_95' title="bbox 1161 2382 1897 2426; baseline -0.004 -10"><span class='ocrx_word' id='word_1_469' title='bbox 1161 2394 1231 2416; x_wconf 91' lang='lat' dir='ltr'>rum</span> <span class='ocrx_word' id='word_1_470' title='bbox 1255 2393 1386 2416; x_wconf 90' lang='lat' dir='ltr'>suorum</span> <span class='ocrx_word' id='word_1_471' title='bbox 1415 2389 1445 2415; x_wconf 87' lang='lat' dir='ltr'>et</span> <span class='ocrx_word' id='word_1_472' title='bbox 1475 2382 1709 2426; x_wconf 87' lang='lat' dir='ltr'>obsequiorum</span> <span class='ocrx_word' id='word_1_473' title='bbox 1744 2382 1838 2414; x_wconf 90' lang='lat' dir='ltr'>nobis</span> <span class='ocrx_word' id='word_1_474' title='bbox 1865 2386 1897 2414; x_wconf 91' lang='lat' dir='ltr'>et</span> 
     </span>
     <span class='ocr_line' id='line_1_96' title="bbox 1162 2434 1899 2479; baseline -0.004 -10"><span class='ocrx_word' id='word_1_475' title='bbox 1162 2435 1265 2469; x_wconf 85' lang='lat' dir='ltr'>dictae</span> <span class='ocrx_word' id='word_1_476' title='bbox 1289 2435 1363 2469; x_wconf 89' lang='lat' dir='ltr'>Sedi</span> <span class='ocrx_word' id='word_1_477' title='bbox 1388 2435 1611 2479; x_wconf 88' lang='lat' dir='ltr'>impensorum</span> <span class='ocrx_word' id='word_1_478' title='bbox 1636 2434 1760 2474; x_wconf 89' lang='lat' dir='ltr'>intuitu,</span> <span class='ocrx_word' id='word_1_479' title='bbox 1787 2435 1899 2467; x_wconf 89' lang='lat' dir='ltr'>volen-</span> 
     </span>
     <span class='ocr_line' id='line_1_97' title="bbox 1163 2488 1899 2532; baseline -0.001 -12"><span class='ocrx_word' id='word_1_480' title='bbox 1163 2494 1209 2522; x_wconf 91' lang='lat' dir='ltr'>tes</span> <span class='ocrx_word' id='word_1_481' title='bbox 1235 2489 1340 2532; x_wconf 89' lang='lat' dir='ltr'>ipsum</span> <span class='ocrx_word' id='word_1_482' title='bbox 1365 2488 1559 2531; x_wconf 82' lang='lat' dir='ltr'>specialibus</span> <span class='ocrx_word' id='word_1_483' title='bbox 1585 2488 1744 2520; x_wconf 78' lang='lat' dir='ltr'>favoribus</span> <span class='ocrx_word' id='word_1_484' title='bbox 1774 2492 1806 2519; x_wconf 90' lang='lat' dir='ltr'>et</span> <span class='ocrx_word' id='word_1_485' title='bbox 1829 2497 1899 2530; x_wconf 80' lang='lat' dir='ltr'>gra-</span> 
     </span>
     <span class='ocr_line' id='line_1_98' title="bbox 1164 2541 1899 2585; baseline 0 -12"><span class='ocrx_word' id='word_1_486' title='bbox 1164 2542 1214 2573; x_wconf 88' lang='lat' dir='ltr'>tiis</span> <span class='ocrx_word' id='word_1_487' title='bbox 1254 2542 1424 2585; x_wconf 83' lang='lat' dir='ltr'>prosequi,</span> <span class='ocrx_word' id='word_1_488' title='bbox 1459 2541 1563 2574; x_wconf 85' lang='lat' dir='ltr'>eidem</span> <span class='ocrx_word' id='word_1_489' title='bbox 1602 2541 1786 2581; x_wconf 87' lang='lat' dir='ltr'>Antonino,</span> <span class='ocrx_word' id='word_1_490' title='bbox 1824 2541 1899 2573; x_wconf 85' lang='lat' dir='ltr'>licet</span> 
     </span>
     <span class='ocr_line' id='line_1_99' title="bbox 1163 2594 1899 2641; baseline 0.001 -14"><span class='ocrx_word' id='word_1_491' title='bbox 1163 2595 1233 2639; x_wconf 86' lang='lat' dir='ltr'>ipse</span> <span class='ocrx_word' id='word_1_492' title='bbox 1258 2595 1290 2627; x_wconf 90' lang='lat' dir='ltr'>in</span> <span class='ocrx_word' id='word_1_493' title='bbox 1316 2594 1459 2629; x_wconf 79' lang='lat' dir='ltr'>conclavi</span> <span class='ocrx_word' id='word_1_494' title='bbox 1484 2594 1649 2641; x_wconf 84' lang='lat' dir='ltr'>praedicto</span> <span class='ocrx_word' id='word_1_495' title='bbox 1674 2604 1740 2627; x_wconf 90' lang='lat' dir='ltr'>non</span> <span class='ocrx_word' id='word_1_496' title='bbox 1764 2594 1899 2628; x_wconf 81' lang='lat' dir='ltr'>interve-</span> 
     </span>
    </p>
   </div>
  </div>
 </body>
</html>
