2247 3208
181 208 231 234 An.
252 205 280 232 c.
301 203 370 231 1664
416 192 479 226 ⁶296

198 687 313 709 Contrariis
325 685 361 707 [lo-

176 717 243 740 rogat.

222 1634 367 1660 Transumpus

184 1662 242 1682 credi
257 1662 351 1681 mandat.

373 259 533 285 concusse
560 244 739 283 observari,
761 242 872 286 sicque
892 241 924 274 in
949 241 1108 284 praemis-

373 304 416 337 sis
453 311 513 345 per
555 306 776 342 quoscumque
812 294 935 327 iudices
977 292 1108 326 ordina-

372 356 438 388 rios
469 359 501 387 et
531 353 710 393 delegatos,
737 348 833 382 etiam
857 357 1026 381 causarum
1050 356 1107 389 pa-

372 407 438 442 latii
478 404 651 450 apostolici
687 403 871 441 auditores,
905 399 1041 434 iudicari
1076 404 1108 432 et

372 458 500 493 definiri
527 458 665 496 debere,
693 466 730 489 ac
753 454 879 488 irritum
902 458 934 486 et
957 453 1053 485 inane
1079 452 1106 484 si

372 523 466 546 secus
497 509 661 554 superbis
686 520 703 541 a
728 518 899 552 quoquam,
926 505 1036 549 quavis
1055 515 1108 537 au-

372 565 532 604 ctoritate,
558 563 702 596 scienter
726 562 776 594 vel
802 560 1004 603 ignoranter,
1031 568 1108 591 con-

372 617 483 662 tigerit
507 615 670 650 attentari.

416 671 431 715 §
454 671 485 703 4.
508 669 578 703 Non
596 667 800 702 obstantibus
815 664 1105 699 constitutionibus

373 730 405 757 et
429 720 693 756 ordinationibus
714 718 919 763 apostolicis,
949 728 1000 757 ac,
1029 727 1108 759 qua-

371 782 467 819 tenus
482 785 565 818 opus
579 774 630 813 sit,
648 771 910 814 congregationis
931 776 963 802 et
979 769 1107 802 Ordinis

370 828 570 867 huiusmodi,
597 826 694 859 etiam
719 825 916 862 iuramento,
936 821 1108 855 confirma-

371 883 459 915 tione
485 879 680 924 apostolica,
717 878 767 910 vel
801 876 914 919 quavis
952 874 1106 906 firmitate

370 936 433 970 alia
456 933 640 973 roboratis,
675 930 804 964 statutis
837 934 870 962 et
895 927 1108 961 consuetudi-

370 989 479 1028 nibus,
516 984 696 1030 privilegiis
734 992 881 1026 quoque,
914 980 1050 1013 indultis
1076 984 1109 1011 et

370 1040 489 1074 litteris
515 1037 706 1082 apostolicis
732 1036 764 1067 in
790 1033 991 1067 contrarium
1013 1042 1109 1076 prae-

371 1093 547 1126 missorum
566 1088 816 1133 quomodolibet
832 1086 1012 1125 concessis,
1031 1095 1109 1117 con-

372 1145 506 1178 firmatis
532 1149 565 1177 et
588 1141 772 1181 innovatis,
807 1140 925 1183 quibus
956 1137 1107 1171 omnibus

372 1204 405 1231 et
428 1198 580 1241 singulis,
607 1197 740 1229 illorum
766 1199 899 1227 tenores
924 1190 1110 1235 praesenti-

372 1253 433 1285 bus
458 1261 518 1295 pro
551 1251 647 1294 plene
682 1253 714 1281 ct
745 1246 945 1280 sufficienter
977 1254 1110 1287 expres-

373 1305 417 1337 sis
444 1315 480 1337 ac
505 1304 544 1336 de
569 1303 670 1334 verbo
695 1301 734 1333 ad
752 1299 887 1332 verbum
905 1297 1034 1330 insertis
1052 1296 1110 1328 ha-

373 1360 510 1398 bentes,
545 1356 609 1389 illis
636 1355 714 1388 alias
740 1354 772 1386 in
798 1363 857 1386 suo
892 1352 1012 1384 robore
1037 1360 1111 1393 per-

373 1410 555 1449 mansuris,
582 1409 622 1441 ad
652 1407 912 1451 praemissorum
941 1403 1108 1443 effectum,

375 1465 436 1497 hac
460 1463 529 1496 vice
564 1462 752 1499 dumtaxat,
780 1457 969 1502 specialiter
997 1462 1029 1489 et
1058 1466 1112 1488 ex-

375 1526 490 1560 presse
506 1516 715 1557 derogamus,
735 1511 920 1554 ceterisque
939 1509 1111 1543 contrariis

378 1569 653 1613 quibuscumque.

422 1621 492 1665 §5
518 1621 670 1654 Volumus
707 1623 814 1651 autem
853 1622 889 1649 ut
924 1614 1111 1649 earumdem

379 1674 598 1718 praesentium
616 1673 796 1706 litterarum
819 1669 1039 1712 transumptis,
1057 1678 1113 1700 seu

381 1727 546 1771 exemplis,
573 1725 669 1758 etiam
694 1723 868 1767 impressis,
894 1732 990 1754 manu
1014 1721 1113 1753 alicu-

380 1781 429 1813 ius
446 1779 564 1813 notarii
585 1777 704 1822 publici
725 1774 921 1818 subscriptis,
948 1778 980 1807 et
1004 1772 1112 1816 sigillo

380 1843 542 1878 personae
572 1831 605 1864 in
624 1829 842 1864 ecclesiastica
859 1827 1015 1870 dignitate
1037 1836 1114 1858 con-

381 1887 513 1919 stitutae
542 1884 692 1923 munitis,
727 1883 840 1915 eadem
872 1891 1003 1924 prorsus
1033 1879 1114 1911 fides

381 1939 503 1982 ubique
534 1939 682 1971 locorum
715 1940 747 1968 ct
778 1934 923 1977 gentium
959 1932 1115 1965 adhibea-

383 1996 446 2030 tur,
466 2001 546 2034 quae
568 1989 715 2033 ipsismet
734 1986 961 2030 praesentibus
985 1983 1115 2016 adhibe-

384 2049 481 2083 retur,
498 2043 522 2075 si
540 2043 647 2075 forent
664 2040 806 2073 exhibite
825 2040 874 2071 vel
892 2043 1057 2070 ostensae.

427 2097 540 2129 Datum
569 2096 705 2134 Romae,
732 2093 817 2136 apud
842 2092 872 2124 S.
900 2091 1028 2123 Mariam
1054 2089 1116 2121 Ma-

385 2150 507 2189 iorem,
538 2148 595 2180 sub
621 2147 740 2179 annulo
757 2143 945 2182 Piscatoris‚
962 2142 1013 2174 die
1037 2151 1114 2174 xvnl

384 2202 454 2235 iulii
468 2210 622 2240 noctxiv,
641 2197 847 2242 pontificatus
866 2195 966 2228 nostri
985 2204 1070 2226 anno
1083 2204 1112 2226 x.

419 2263 477 2290 Dat,
496 2262 538 2288 die
556 2262 586 2288 18
606 2260 663 2287 iulii
686 2259 763 2291 1664,
781 2257 876 2293 pontif.
893 2264 964 2284 anno
984 2263 1009 2282 x.

637 2426 856 2461 CDLXXXVII.

388 2518 594 2562 Confirmatio
630 2514 856 2548 declarationis
887 2512 944 2546 Pii
976 2511 1002 2544 V
1034 2511 1119 2554 quod

431 2577 600 2606 conventus
625 2570 653 2603 S.
678 2569 803 2602 Mariae
826 2577 922 2610 super
941 2565 1119 2598 Minervam

954 194 1132 218 BULLARIUM
1157 192 1307 216 ROMANUM

1193 239 1231 272 de
1258 239 1349 279 Urbe,
1379 238 1513 273 Ordinis
1537 238 1815 278 Praeclz'calorum,
1843 237 1886 271 sit

1190 292 1318 335 primus
1337 291 1422 323 inter
1434 295 1604 323 conventus
1625 292 1810 334 provinciae
1827 291 1886 324 Ro-

1193 354 1321 384 manae,
1349 354 1422 376 cum
1446 354 1525 376 novo
1539 344 1658 376 demeto
1675 344 1760 387 quod
1777 343 1814 376 ab
1835 344 1886 376 eti·

1194 396 1266 429 dem
1286 396 1455 440 provincial
1478 397 1627 440 separari
1651 396 1821 441 nequeal¹.

1342 486 1506 512 Alexander
1524 486 1603 518 Papa
1623 485 1690 516 VH,

1290 529 1327 556 ad
1346 529 1477 556 futuram
1496 528 1539 555 rei
1559 528 1740 555 memoriam.

1193 609 1208 651 ἓ
1232 609 1263 642 1.
1290 609 1414 652 Exponi
1439 608 1533 641 nobis
1551 618 1657 651 nuper
1674 608 1824 640 fecerunt
1841 608 1887 640 di-

1150 663 1225 695 lecti
1260 661 1317 694 filii
1355 662 1471 694 fratres
1507 665 1685 693 conventus
1710 660 1740 693 S.
1768 661 1885 693 Mariae

1150 724 1248 758 super
1272 715 1445 747 Minervam
1463 714 1502 746 de
1516 713 1602 746 Urbe
1619 713 1806 756 provinciae
1825 713 1887 746 Ro—

1150 777 1264 800 manae
1279 766 1406 800 Ordinis
1417 766 1692 805 Praedicatorum,
1705 766 1801 809 quod,
1813 776 1887 798 cum

1151 820 1254 852 dictus
1269 824 1445 852 conventus
1463 829 1545 851 unus
1560 829 1597 851 ex
1612 818 1713 861 magis
1727 818 1886 861 cospicuis

1150 871 1336 915 provinciae
1373 876 1405 904 et
1435 871 1560 904 Ordinis
1598 871 1783 903 huiusmodi
1810 881 1887 903 con-

1150 925 1301 958 ventibus
1325 934 1455 967 semper
1479 924 1590 963 fuerit,
1610 924 1711 957 felicis
1736 924 1887 955 recorda-

1152 977 1247 1009 tionis
1266 977 1338 1009 Pius
1361 976 1446 1019 Papa
1467 976 1489 1007 V
1507 977 1740 1019 praedecessor
1764 981 1886 1015 noster,

1151 1030 1344 1062 insormatus
1370 1030 1457 1072 quod
1490 1029 1576 1062 idem
1612 1034 1811 1068 conventus,
1837 1030 1887 1061 vel

1152 1083 1339 1116 rationabili
1365 1083 1570 1115 ordinatione
1596 1087 1738 1125 patrum,
1757 1083 1807 1114 vel
1826 1092 1887 1113 usu

1152 1135 1296 1179 plurium
1325 1145 1486 1168 annorum
1511 1134 1755 1167 continuatione
1786 1134 1887 1166 dedu-

1152 1193 1212 1227 cto,
1239 1189 1347 1220 locum
1374 1187 1517 1220 habebat
1541 1197 1641 1230 super
1666 1197 1778 1219 omnes
1806 1187 1887 1219 alios

1153 1241 1299 1273 eiusdem
1327 1240 1514 1283 provinciae
1545 1245 1741 1280 conventus,
1760 1239 1798 1272 ad
1831 1239 1887 1271 tol-

1152 1293 1282 1327 lendam
1310 1294 1348 1326 de
1375 1298 1485 1326 cetero
1511 1303 1641 1325 omnem
1666 1293 1698 1324 in
1717 1293 1776 1324 hac
1795 1298 1888 1335 parte

1153 1347 1400 1390 ambiguitatem
1437 1351 1469 1378 et
1494 1346 1768 1385 haesitationem,
1798 1345 1887 1377 vivae

1154 1399 1240 1432 vocis
1259 1400 1392 1432 oraculo
1417 1399 1520 1431 bonae
1542 1398 1719 1431 memoriae
1742 1398 1889 1430 Michaeli

1154 1453 1299 1492 Bonello,
1311 1452 1387 1484 dum
1400 1451 1485 1491 vixit,
1503 1452 1534 1484 S.
1548 1451 1585 1483 R.
1598 1451 1631 1483 E.
1651 1450 1809 1483 cardinali
1821 1450 1890 1482 Ale-

1153 1506 1310 1538 xandrino
1335 1509 1532 1548 nuncupato,
1558 1507 1595 1536 ea
1614 1502 1764 1547 semper²
1787 1513 1821 1535 re
1844 1503 1890 1536 sa—

1154 1565 1216 1599 cto,
1235 1559 1413 1592 declaravit
1429 1569 1465 1590 ac
1489 1558 1631 1590 decrevit
1656 1562 1687 1590 et
1711 1556 1835 1596 statuit,
1855 1561 1891 1588 ut

1155 1613 1308 1656 deinceps
1338 1611 1508 1655 perpetuis
1541 1610 1657 1642 suturis
1687 1609 1890 1652 temporibus

1154 1666 1241 1698 idem
1259 1675 1335 1697 usus
1352 1664 1474 1697 servari
1489 1665 1636 1703 deberet,
1652 1673 1687 1695 ac
1705 1662 1796 1706 prior
1813 1662 1888 1694 dicti

1155 1723 1334 1752 conventus
1361 1722 1524 1760 tamquam
1557 1715 1743 1759 provinciae
1776 1714 1890 1758 capitis

1155 1771 1187 1803 in
1212 1769 1439 1803 communibus
1466 1768 1649 1801 actionibus
1671 1773 1703 1800 et
1724 1767 1891 1799 conventi-

1155 1825 1214 1856 bus
1228 1834 1285 1857 seu
1303 1822 1451 1866 capitulis
1466 1823 1611 1855 eiusdem
1629 1820 1815 1864 provinciae
1830 1819 1892 1863 pri-

1156 1887 1244 1909 mum
1269 1877 1378 1909 locum
1411 1879 1442 1907 et
1474 1885 1586 1907 vocem
1618 1874 1756 1906 haberet
1792 1882 1891 1915 super

1157 1940 1269 1962 omnes
1289 1929 1427 1961 aliorum
1441 1932 1661 1960 conventuum
1687 1927 1791 1959 dictae
1818 1935 1892 1968 pro-

1156 1983 1279 2015 vinciae
1307 1982 1458 2024 piiores3
1485 1980 1578 2012 salvis
1609 1980 1680 2011 iure
1713 1978 1891 2020 magisterii

1157 2036 1187 2068 in
1216 2034 1391 2076 theologia,
1415 2039 1447 2065 et
1466 2033 1536 2064 aliis
1564 2031 1810 2074 exceptionibus
1834 2040 1893 2072 per

1157 2087 1408 2121 constitutiones
1434 2087 1483 2117 vel
1507 2083 1728 2117 ordinationes
1747 2082 1822 2115 dicti
1840 2082 1894 2113 Or-

1159 2142 1241 2174 dinis
1267 2139 1448 2183 expressis,
1475 2149 1540 2170 nou
1572 2138 1720 2169 obstante
1752 2135 1894 2178 antiqui-

1158 2200 1222 2227 tate
1249 2193 1392 2226 cuiusvis
1411 2190 1544 2224 alterius
1565 2194 1743 2222 conventus
1762 2188 1799 2231 (si
1818 2198 1894 2231 pro-

1158 2247 1226 2280 bari
1251 2246 1389 2289 posset),
1405 2244 1541 2286 aliisque
1568 2242 1738 2275 contrariis
1764 2241 1895 2284 quibus-

1159 2308 1311 2341 cumque,
1338 2302 1365 2329 et
1387 2296 1465 2328 alias
1483 2299 1582 2338 prout
1599 2294 1759 2327 contineri
1779 2293 1895 2325 dicitur

1159 2351 1191 2383 in
1216 2350 1331 2383 litteris
1355 2348 1543 2392 patentibus
1569 2346 1706 2391 praefati
1733 2344 1894 2377 Michaelis

1159 2402 1332 2436 cardinalis
1357 2402 1498 2444 desuper
1522 2399 1682 2444 expeditis
1702 2397 1822 2430 tenoris
1841 2396 1894 2440 qui

1159 2456 1319 2500 sequitur,
1338 2454 1512 2487 videlicet:

1197 2528 1207 2552 1
1230 2525 1267 2551 Ex
1288 2524 1393 2557 aegest.
1415 2523 1443 2550 iu
1463 2523 1567 2549 Secretr
1590 2521 1666 2548 Brev.

1195 2570 1211 2598 2
1231 2569 1340 2596 Videtur
1354 2568 1499 2603 legendum
1512 2575 1598 2602 super
1612 2573 1660 2601 pro
1674 2573 1786 2599 semper
1803 2563 1895 2599 (ιιι).

1891 190 1938 217 An.
1960 189 1989 217 C.
2008 184 2076 217 1664

1922 619 2038 645 Exposuio.
