2247 3208
112 215 161 241 λη.
181 214 213 241 C.
236 214 303 241 1866

123 1383 242 1413 pauperum
252 1385 297 1403 erint

112 1413 278 1430 exumusaniato

899 212 935 235 ,XL
941 212 1086 235 vatNDER
1108 212 1153 235 ΥΠ
1179 213 1228 236 FP.

305 262 447 295 admissa
476 261 602 294 senatui
627 261 727 293 suasit
756 266 790 293 ut
815 261 865 294 vel
895 261 933 293 ad
967 271 1042 303 poe-

305 326 379 348 nam
399 315 449 347 vel
468 315 507 347 ad
526 320 685 347 terrorem
703 314 833 347 decreto
851 313 938 347 edito
954 313 1040 346 bona

307 367 450 411 episcopi
476 367 639 411 publicata
660 367 691 399 in
710 367 868 399 aerarium
888 366 1043 410 prinpris

305 421 465 461 rel'erret3
492 420 574 453 nihil
600 425 707 453 tamen
733 420 839 453 edicto
864 424 1043 452 commotus

305 472 374 516 ipse
400 473 464 506 hoc
489 483 590 505 unum
607 473 787 516 respondit,
801 482 866 504 non
886 482 955 503 eam
971 470 1060 510 sibi„

304 532 340 558 ut
360 526 568 564 credebatur,
584 525 735 558 iniuriam
752 524 903 566 irrogari,
923 523 979 556 sed
1002 523 1044 555 ita

306 589 323 611 a
348 579 414 611 Deo
443 578 633 617 admoneri,
659 577 747 621 quod
777 578 876 609 vellet
900 575 1043 618 undique

305 631 520 675 spiritualem,
547 629 895 674 quem'temporalibus
913 628 1042 661 destitui

305 685 523 728 permitteret.
551 683 670 722 Quibus
694 683 802 715 verbis
819 688 952 715 senatus
973 693 1044 715 con-

306 747 417 770 cussus
441 737 567 769 veniam
592 735 708 779 petiit,
747 735 842 778 eique
866 734 975 767 omnia
999 745 1044 766 re-

305 788 418 820 stituit.
447 788 533 820 Haec
558 787 644 819 enim
662 787 717 819 Dei
744 787 793 819 lex
820 791 878 826 est,
895 791 930 818 ut
953 785 1043 824 sides,

306 841 380 873 dum
407 840 523 872 damna
547 840 678 883 patitur,
702 850 762 882 per
786 839 903 873 damna
927 839 1044 871 nobili-

306 898 402 925 tetur.
442 892 553 935 Neque
594 893 702 924 minus
737 892 818 924 lucri
860 892 1017 934 fulgorem
1033 919 1040 930 ,

306 946 450 989 quamvis
475 945 583 988 speeie
609 945 685 977 boni
710 945 939 988 splendidum,
972 956 1043 984 con-

306 998 444 1041 tempsit,
464 998 539 1030 dum
556 998 750 1030 coadiutoris
768 998 958 1030 Parisiensis
976 1009 1043 1030 mu-

306 1061 366 1084 nus
387 1053 424 1084 ea
442 1051 481 1084 de
499 1054 594 1084 causa
615 1052 661 1085 illi
686 1053 837 1091 oblatum,
865 1052 951 1095 quod
978 1052 1044 1095 pin-

306 1105 410 1147 guiori
424 1105 551 1137 redditu
565 1105 743 1138 abundaret
763 1105 801 1137 ad
819 1110 1041 1148 paupertatem

306 1159 565 1192 sustentandam.
592 1158 739 1201 respuit,
774 1157 851 1190 illud
877 1158 1043 1190 oraeulun'i
1064 1188 1066 1202 ‚

307 1219 502 1253 opponens:
527 1210 704 1243 «Dominus
722 1211 804 1253 regit
822 1221 890 1250 me,
913 1216 944 1243 et
962 1210 1043 1243 nihil
1064 1206 1066 1222 '

306 1261 387 1294 mihi
413 1262 552 1303 dederit,
576 1262 609 1295 in
626 1263 696 1296 loco
715 1272 852 1306 pascuae
873 1262 918 1295 ibi
944 1264 1045 1295 collo-

307 1314 389 1347 cavit
413 1326 444 1347 ».

353 1370 367 1412 ἓ
393 1368 446 1401 14.
475 1369 552 1402 Cum
579 1370 641 1402 tale
671 1380 707 1402 ac
726 1375 848 1402 tantum
873 1370 947 1402 fidei
977 1370 1067 1410 sun-¹

282 1416 497 1453 r'damentum
528 1421 679 1462 iecisset,
707 1422 824 1454 mirum
848 1433 913 1455 non
939 1423 995 1454 l'uit
1020 1423 1044 1455 si

309 1474 579 1517 perlectissimam
620 1480 650 1507 et
686 1475 836 1508 omnibus
877 1476 1046 1508 virtutibus
1066 1482 1068 1506 ’1

310 1527 491 1560 absolutam
517 1527 695 1560 sanctitatis
719 1529 837 1561 molem
866 1529 904 1561 ad
934 1539 1048 1572 supre-

310 1591 397 1613 mum
423 1591 523 1624 usque
550 1581 673 1624 apicem
700 1581 825 1619 extulit,
843 1587 872 1613 et
895 1582 920 1613 si
941 1581 1069 1614 Eccle-÷

311 1633 367 1672 sia,
393 1633 556 1666 communi
578 1643 746 1672 consensu,
769 1634 958 1666 Sanctorum
977 1635 1049 1667 insi-

312 1686 386 1729 gnia
410 1692 441 1719 et
465 1687 705 1730 praerogativas
740 1693 829 1720 tanto
860 1688 928 1720 viro
960 1687 1070 1720 anri-t

311 1739 412 1772 buere
436 1750 500 1772 non
526 1739 662 1773 dubitet.
691 1740 874 1784 pauperum
892 1746 962 1773 erat
986 1741 1050 1773 exi-

312 1793 396 1824 mius
420 1799 555 1832 amator,
582 1803 760 1836 eorumque
786 1793 926 1826 iudicem
941 1804 1049 1826 secum

313 1842 513 1886 deserehat‚'
538 1856 668 1889 semper
690 1847 729 1879 ad
764 1857 820 1879 eos
857 1847 1049 1890 praesertim

313 1899 531 1932 sublevandos
557 1900 693 1932 maxime
720 1900 871 1939 intentus,
891 1910 971 1942 quos
998 1910 1051 1942 pu-

314 1952 375 1985 dor
414 1963 450 1984 ae
487 1953 588 1986 rubor
620 1953 841 1986 deterrebant.
881 1953 1052 1986 Abstinen-

314 2005 389 2038 tiam
414 2016 492 2038 vero
517 2016 552 2038 ac
579 2006 794 2049 Frugalitatem
820 2012 882 2038 tam
916 2007 947 2038 in
967 2007 1050 2038 victu

314 2068 411 2101 quam
435 2059 467 2090 in
493 2058 609 2092 vestitu
643 2070 756 2092 severe
783 2059 935 2099 retinuit,
961 2065 996 2091 ut
1020 2065 1052 2092 et

314 2111 375 2144 sibi
392 2112 524 2145 modum
541 2118 696 2146 statueret
716 2124 751 2146 30
775 2114 896 2156 largius
913 2114 1052 2146 aliorum

314 2164 444 2208 inopiae
469 2165 677 2206 subveniret3
705 2177 844 2209 namque
871 2166 932 2199 hoc
957 2176 1051 2199 verae

315 2217 479 2250 charitatis
505 2218 674 2260 ingenium
701 2225 758 2259 est,
783 2219 843 2251 sibi
870 2219 1053 2258 detrahere,

316 2269 387 2303 aliis
412 2270 547 2311 addere;
583 2271 627 2304 sic
658 2282 788 2305 mensae
815 2272 967 2316 imposita
992 2272 1074 2312 serm

1072 2173 1075 2190 t

315 2324 386 2356 cula
421 2323 461 2355 ad
494 2333 652 2366 pauperes
685 2324 887 2367 ablegabat;.
913 2325 1053 2366 subliga-

316 2377 405 2417 eula,
431 2376 601 2416 interulas,
628 2376 815 2420 similesque
842 2388 966 2420 pannos
992 2378 1052 2409 sibi

316 2429 467 2472 demptos
480 2429 518 2462 ad
538 2430 675 2462 aliorum
693 2430 932 2472 operimentum
950 2431 1053 2462 tradu-

316 2483 430 2522 cebat;
457 2483 556 2516 immo
583 2483 820 2526 supellectilem
844 2489 1050 2525 argenteam,

1715 204 1780 239 437

1087 260 1262 301 dolerent;
1290 261 1400 294 dotem
1426 262 1544 306 puellis
1576 273 1671 306 quam
1698 268 1823 306 poterat

1087 314 1226 356 amplam
1253 314 1418 356 erogabat,
1444 326 1483 347 ne
1501 315 1644 358 ipsarum
1669 316 1825 359 pudicitia

1087 365 1341 407 periclitaretur.
1369 367 1563 409 Peregrinos
1594 379 1630 401 30
1654 368 1825 411 religiosos

1086 417 1169 450 viros
1195 423 1356 461 tamquam
1379 420 1490 451 fratres
1514 420 1599 452 domi
1622 421 1823 464 excipiebat;

1087 479 1200 502 omnes
1242 470 1373 502 demum
1414 477 1555 513 egestate
1592 476 1722 515 pressos
1759 483 1824 505 non

1086 525 1252 607 0011113οξ
1276 533 1372 555 11131111
1398 524 1587 564 solabatur,
1621 530 1653 557 et
1683 531 1748 558 tam
1773 536 1826 558 co-

1086 574 1190 617 piose,
1217 586 1236 607 u
1257 602 1264 614 ,
1291 586 1365 607 eum
1389 576 1558 617 regionem
1584 576 1647 609 late
1673 577 1771 610 sames
1789 588 1825 610 ac

1086 627 1316 660 alimentorum
1341 628 1451 671 inopia
1469 628 1649 667 invasisset,
1664 630 1825 662 neminem

1086 680 1169 723 stipe
1195 680 1382 713 frustratum
1407 681 1672 723 praetermiserit,
1689 681 1824 724 singulis

1086 733 1197 774 egenis
1225 733 1354 765 familiis
1381 735 1467 765 certa
1494 733 1589 766 tritici
1615 734 1709 777 eopia
1734 735 1824 767 attri-

1085 785 1174 825 butiu
1200 790 1231 817 et
1252 796 1291 818 eo
1317 786 1459 818 excrevit
1483 786 1564 819 haec
1584 786 1713 819 iuvandi
1734 787 1825 830 cupi-

1086 838 1187 877 ditas,
1214 844 1265 878 ut,
1291 849 1363 871 011111
1396 845 1509 871 nactus
1547 845 1633 872 esset
1657 840 1825 872 hominem

1084 896 1205 923 mutum
1231 902 1267 923 30
1293 892 1425 924 surdum
1440 892 1526 924 omni
1545 902 1606 935 ope
1622 892 1824 931 destitutum,

1085 955 1148 976 non
1174 945 1271 977 modo
1297 955 1371 977 eum
1388 945 1584 977 recreaverit
1601 945 1639 977 iis
1657 945 1824 984 subsidiis,

1086 997 1203 1040 quibus
1229 998 1292 1030 vita
1318 1004 1526 1037 sustentatur,
1553 998 1610 1031 sed
1636 998 1722 1030 domi
1748 1009 1823 1031 suae

1086 1051 1277 1090 educatum,
1304 1062 1366 1094 qua
1399 1051 1552 1091 nutibus,
1585 1062 1647 1094 qua
1679 1051 1823 1093 gestibus

1086 1105 1271 1147 (ingeniosa
1300 1105 1388 1137 enim
1415 1105 1518 1148 pietas
1545 1107 1619 1148 est),
1645 1105 1825 1138 informarit

1086 1157 1124 1189 ad
1141 1158 1306 1190 aeternam
1325 1159 1474 1190 salutem.
1502 1157 1619 1201 Sicque
1637 1163 1743 1190 cetera
1762 1158 1825 1190 vir-

1087 1215 1190 1242 tutum
1216 1220 1335 1252 genera
1360 1211 1513 1250 exercuit,
1541 1211 1709 1243 charitatis
1731 1217 1824 1243 aestu
1836 1202 1912 1242 ulfi?

1087 1273 1273 1302 succensus,
1300 1269 1331 1295 ut
1358 1264 1564 1306 septuaginta
1588 1254 1913 1297 haereticorumssli''

1088 1315 1188 1348 millia
1212 1315 1376 1348 Ecclesiae
1395 1317 1572 1349 catholicae
1592 1316 1766 1349 subiecisse
1784 1317 1827 1348 sit

1089 1368 1168 1400 fama
1194 1369 1375 1409 vulgatum.

1131 1422 1144 1462 ,ξ
1170 1420 1222 1453 vr15.
1251 1421 1291 1452 Ev
1319 1419 1413 1453 huius
1439 1422 1606 1454 eharitatis
1623 1422 1750 1455 officina
1774 1433 1828 1455 vo-

1088 1475 1210 1506 lumina
1235 1474 1436 1516 prodierunt,
1463 1485 1599 1518 quorum
1625 1475 1828 1509 documentis

1089 1527 1219 1569 irrigata
1237 1528 1433 1570 populorum
1451 1538 1486 1559 ae
1504 1528 1665 1560 nobilium
1683 1528 1827 1561 virorum

1088 1585 1223 1623 pectora
1267 1581 1451 1612 at'lluentem
1495 1581 1701 1623 evangelicae
1743 1581 1827 1613 vitae

1090 1643 1231 1665 messem
1256 1643 1424 1676 peperere.
1449 1633 1491 1665 Ex
1510 1633 1604 1665 11111115
1629 1633 1725 1666 etiam
1751 1634 1828 1666 cha-

1090 1741 1179 1783 leges
1207 1745 1253 1772 tot
1278 1740 1487 1772 sodalitatum
1505 1741 1545 1772 ab
1571 1740 1642 1782 ipso
1664 1740 1828 1772 instituta-

1091 1804 1175 1831 rum,
1197 1793 1425 1835 Angustissimi
1443 1792 1655 1831 Sacramenti,
1676 1792 1829 1825 Beatissi-

1092 1857 1162 1878 mae
1188 1846 1327 1888 Yirginis
1354 1846 1392 1877 sle
1419 1845 1586 1885 Puritate,
1611 1845 1829 1878 Eremitarum

1092 1899 1125 1931 in
1142 1904 1253 1931 monte
1267 1898 1471 1937 Yaironensi,
1497 1898 1757 1941 praesertimque
1778 1898 1831 1930 Or-

1093 1952 1177 1984 dinis
1203 1951 1500 1984 sanctimonialium
1525 1950 1727 1983 Visitationis
1751 1951 1830 1983 Bea-

1095 2011 1143 2037 tae
1169 2004 1286 2036 Mariae
1313 2005 1371 2037 sub
1390 2005 1504 2046 regula
1525 2005 1624 2036 sancti
1643 2004 1827 2046 Augustini,

1094 2057 1184 2090 euius
1209 2058 1367 2100 splendor
1392 2063 1515 2089 tantum
1541 2057 1663 2097 illuxit,
1687 2062 1721 2088 ut
1746 2057 1832 2089 intra

1094 2111 1256 2143 modicum
1282 2110 1440 2153 temporis
1466 2111 1672 2143 intervallum
1698 2110 1737 2143 ad
1757 2121 1832 2143 cen-

1094 2170 1158 2196 tum
1177 2174 1275 2206 supra
1297 2163 1429 2206 triginta
1445 2162 1643 2195 monasteria
1660 2162 1699 2194 sit
1714 2173 1831 2206 propa-

1095 2222 1200 2260 gatus.
1228 2216 1329 2249 Huius
1355 2216 1484 2248 demum
1501 2215 1669 2247 eharitatis
1688 2215 1830 2248 stimulis

1094 2271 1190 2313 plane
1205 2269 1404 2312 perennibus
1423 2269 1581 2310 agebatur
1595 2268 1633 2301 ad
1648 2279 1724 2301 suae
1741 2268 1831 2301 dioe-

1095 2324 1179 2356 cesis
1205 2323 1377 2356 commoda
1396 2323 1449 2355 diu
1473 2328 1634 2365 noctuque
1664 2322 1751 2354 omni
1769 2323 1833 2355 sol-

1073 2408 1075 2413 ,
1095 2377 1262 2409 lieitudine
1288 2376 1505 2419 procuranda,
1523 2377 1554 2407 111
1577 2386 1639 2418 qua
1664 2376 1831 2408 lustranda

1095 2430 1172 2462 dum
1205 2430 1348 2468 laborat,
1380 2434 1475 2472 atque
1509 2428 1686 2461 Annesium
1718 2438 1831 2470 regre-

1095 2483 1191 2522 ditur,
1218 2482 1383 2525 Lugduni,
1407 2493 1500 2515 sacro
1525 2482 1706 2521 celebrato,
1732 2481 1829 2514 vehe-

317 2536 532 2575 eandelabra,
563 2537 731 2575 urceolos,
767 2536 922 2568 annulum
949 2536 1053 2579 ipsum
1095 2537 1196 2568 menti
1222 2536 1392 2578 apoplexia
1417 2540 1612 2578 correptus,
1644 2540 1739 2577 atque
1773 2533 1830 2566 Ec-

318 2590 512 2633 pastoralem
546 2589 790 2633 oppignoravit,
823 2599 863 2622 ne
895 2599 1053 2632 1⁷·auperes
1073 2615 1077 2633 Ι
1096 2589 1213 2621 elesiae
1240 2588 1450 2621 sacramentis
1482 2598 1541 2631 per
1573 2597 1732 2620 summam
1765 2586 1829 2631 pie—

1827 215 1875 240 An.
1898 214 1927 240 C.
1949 214 2015 239 tint]

1867 1645 1930 1665 Vari-1
1946 1645 2022 1665 sodali-

1091 1687 1194 1718 ritatis
1231 1687 1389 1719 altissima
1425 1686 1598 1729 disciplina
1633 1673 2022 1744 emanarunt{1⁴4⁴3.,.e3¹11'0'32'.‘''³12⁹'

1839 1731 1847 1744 5
1861 1732 1864 1743 l
1877 1732 1896 1743 *il
1910 1741 1913 1744 .
