2247 3208
233 268 283 296 An.
306 267 333 295 c.
357 268 423 295 1668
473 259 538 291 686

428 379 498 400 rum
523 367 761 410 praedictorum
787 366 987 405 litterarum,
1015 367 1166 399 commis-

428 420 554 453 sionum
591 425 622 452 et
646 419 915 459 concessionum,
942 430 978 452 ac
1014 429 1072 462 per
1109 430 1163 451 eas

428 473 567 515 collegio
586 479 618 505 et
637 473 838 506 scholaribus
860 472 1014 516 praefatis
1040 483 1165 505 eorum-
1187 488 1188 492 =

429 536 491 568 que
518 531 549 557 et
575 526 786 558 ecclesiarum
812 526 917 558 eidem
936 525 1075 567 collegio
1095 525 1165 557 uni-

427 583 532 610 tarum
561 578 718 610 ministris
750 583 781 610 et
804 578 953 620 personis
986 588 1022 610 ac
1053 577 1162 616 bonis,

427 630 551 663 iuribus
571 635 602 662 et
628 631 724 662 rebus
751 630 1005 673 quibuscumque
1032 640 1165 662 conces—

427 694 537 716 sorum
556 683 813 726 privilegiorum,
833 684 1043 722 indultorum,
1058 693 1165 715 exem—

426 736 572 779 ptIOnum
590 742 621 769 et
638 736 882 769 concessionum
898 742 1026 768 tenores
1039 740 1070 768 et
1084 745 1164 767 com-

426 790 558 832 pendia,
575 790 633 822 sub
651 789 905 832 quibuscumque
924 790 1093 821 verborum
1113 798 1165 819 ex-

425 842 649 884 pressionibus
663 848 695 874 et
712 842 831 881 formis,
851 853 887 874 ac
904 842 929 873 si
948 842 985 874 de
1006 842 1105 873 verbo
1124 842 1162 873 ad

425 898 557 929 verbum
583 897 810 940 praesentibus
834 896 943 928 inserti
970 896 1087 934 forent,
1107 895 1164 927 eis-

427 950 499 983 dem
524 950 750 992 praesentibus
775 960 833 992 pro
858 948 1018 991 expressis
1044 948 1162 980 haben-

425 1008 490 1041 tes,
522 1007 610 1035 motu
639 1002 771 1045 proprio
797 1007 828 1033 et
852 1011 889 1033 ex
916 1002 1003 1033 certa
1031 1000 1162 1032 scientia

427 1055 548 1088 nostris
566 1065 601 1087 ac
620 1055 659 1087 de
677 1055 873 1097 apostolicae
900 1053 1069 1096 potestatis
1095 1053 1163 1095 ple-

425 1107 574 1139 nitudine
600 1106 770 1146 similibus,
790 1117 853 1138 non
875 1106 914 1138 ad
940 1105 1041 1148 ipsius
1067 1106 1163 1137 colle-

425 1159 468 1201 gii
501 1159 637 1191 rectoris
671 1164 702 1191 et
730 1158 945 1200 collegialium
979 1157 1163 1200 praedicto-

423 1222 495 1244 rum
528 1217 583 1244 aut
607 1222 883 1254 quorumcumque
909 1211 1043 1243 aliorum
1068 1210 1160 1243 nobis

425 1266 567 1308 desuper
592 1265 718 1298 oblatae
751 1264 918 1307 petitionis
952 1264 1160 1303 instantiam,

424 1319 481 1351 sed
507 1329 543 1351 ex
570 1321 656 1351 mera
686 1321 795 1350 nostra
820 1318 1020 1357 liberalitate,
1043 1318 1114 1350 illas
1131 1322 1162 1350 et

424 1370 481 1404 illa
498 1382 569 1404 cum
595 1371 742 1403 omnibus
769 1376 800 1403 et
824 1370 958 1412 singulis
977 1370 1009 1402 in
1027 1370 1073 1402 eis
1091 1381 1161 1402 con-

424 1425 522 1457 tentis
540 1429 572 1456 et
588 1425 663 1456 inde
689 1424 835 1467 sequutis
855 1429 886 1457 et
909 1424 1096 1466 sequendis,
1119 1424 1160 1456 di-

424 1479 474 1508 cta
499 1477 699 1516 auctoritate,
726 1482 836 1510 tenore
855 1477 1041 1509 earumdem
1066 1486 1160 1519 prae-

424 1529 585 1569 sentium,
613 1530 832 1572 approbamus
856 1535 887 1561 et
911 1529 1158 1567 confirmamus,

425 1591 461 1613 ac
479 1586 569 1623 grata
594 1586 626 1613 et
642 1586 711 1614 rata
729 1582 894 1620 habemus,
912 1580 1039 1624 illisque
1058 1580 1161 1612 omni-

423 1634 482 1666 bus
509 1638 541 1665 et
565 1634 699 1676 singulis
717 1639 893 1677 perpetuae
915 1639 946 1665 et
967 1633 1160 1666 inviolabilis

423 1686 622 1729 apostolicae
648 1686 808 1718 firmitatis
841 1687 942 1718 robur
967 1686 1157 1726 atliicimus,

424 1749 459 1771 ac
489 1750 601 1771 omnes
628 1745 659 1772 et
683 1739 827 1781 singulos
859 1744 921 1771 tam
956 1738 1033 1770 iuris
1065 1749 1160 1781 quam

424 1791 497 1823 facti
539 1802 574 1824 ac
606 1791 847 1824 solemnitatum
884 1802 1158 1834 quarumcumque

424 1844 463 1877 de
489 1844 569 1884 iure,
594 1854 652 1876 usu
672 1844 722 1876 vel
747 1843 982 1876 consuetudine
1008 1844 1158 1885 atltpalias

424 1897 669 1940 quomodolibet
692 1897 918 1940 requisitarum
937 1899 986 1930 vel
1011 1908 1160 1930 necessa-

423 1950 546 1983 riarum
567 1961 603 1983 ac
621 1951 749 1993 quosvis
769 1951 848 1983 alios
869 1951 965 1984 etiam
991 1956 1160 1993 quantum—

423 2003 469 2036 vis
494 2004 721 2036 substantiales
747 2004 909 2043 desectus,
935 2004 959 2035 si
986 2003 1038 2046 qui
1065 2004 1160 2036 desu-

423 2065 482 2098 per
508 2056 754 2098 quomodolibet
769 2056 1012 2095 intervenerint,
1032 2056 1158 2088 etiamsi

424 2109 505 2140 tales
530 2108 593 2140 sint
630 2108 683 2151 qui
720 2109 894 2151 specialem
920 2113 950 2140 et
975 2118 1160 2151 expressam

424 2161 594 2203 requirant
611 2161 819 2200 mentionem,
839 2161 871 2192 in
889 2161 1011 2193 eisdem
1029 2162 1159 2204 supple-

424 2223 519 2252 mus,
548 2214 759 2246 decernentes
792 2213 876 2256 ipsas
910 2214 1032 2246 litteras
1064 2219 1096 2245 et
1127 2215 1160 2246 in

425 2265 471 2297 eis
496 2270 648 2297 contenta
679 2276 900 2308 quaecumque
926 2271 1086 2309 perpetuo
1110 2278 1160 2298 va-

424 2317 488 2350 lida
515 2323 546 2349 et
570 2317 712 2350 efficacia
737 2329 808 2351 esse
834 2324 865 2351 et
890 2319 967 2359 sore,
986 2324 1159 2361 perpetuo-

425 2380 485 2412 que
512 2375 543 2402 et
560 2370 737 2403 inviolabili
763 2370 920 2403 firmitatis
943 2376 973 2403 et
989 2372 1159 2403 validitatis
1180 2402 1181 2407 ,

425 2423 544 2455 robore
569 2423 752 2463 subsistere,
783 2434 817 2456 ac
848 2435 922 2456 suos
947 2424 1111 2467 plenarios
1129 2429 1160 2456 et

424 2475 569 2517 integros
596 2475 724 2507 etl'ectus
752 2476 856 2508 sortiri
883 2481 914 2508 et
939 2476 1096 2517 obtinere,
1127 2482 1159 2509 et

425 2528 464 2560 ab
490 2528 647 2567 omnibus,
667 2529 705 2560 ad
731 2539 809 2571 quos
834 2534 958 2571 spectat
982 2535 1013 2561 et
1037 2535 1159 2572 specta-

425 2581 473 2613 bit
498 2581 742 2623 quomodolibet
766 2582 796 2612 in
823 2582 974 2621 futurum,
1001 2588 1157 2624 perpetuo

425 2632 559 2667 firmiter
598 2639 628 2665 et
667 2634 894 2666 inviolabiliter
930 2635 1095 2668 observari
1127 2641 1159 2668 et

1019 267 1197 290 nummum
1221 267 1371 292 sommum

429 322 460 348 et
485 315 682 357 singulorum
719 314 1005 356 praedecessorum
1042 319 1167 346 nostro·
1188 314 1189 326 *
1210 314 1378 357 adimpleri
1405 315 1544 356 debere,
1571 329 1607 350 ac
1632 318 1670 350 ab
1696 319 1742 351 eis
1767 319 1856 352 nullo
1888 329 1947 350 un-

1211 378 1306 410 quam
1325 372 1479 411 tempore,
1495 370 1607 412 quovis
1628 376 1806 413 praetextu,
1832 372 1942 404 colore

1209 420 1257 451 vel
1283 420 1413 462 ingenio
1438 422 1548 454 recedi
1566 427 1619 454 aut
1636 423 1751 455 resiliri
1777 434 1886 466 posse.
1905 423 1943 455 Et

1210 471 1432 514 nihilominus,
1450 484 1510 517 pro
1535 475 1652 517 potiori
1680 477 1814 516 cautela,
1842 480 1942 515 mom,

1210 524 1345 557 scientia
1383 536 1419 558 ae
1459 526 1497 559 de
1538 527 1732 569 apostolicae
1775 527 1943 570 potestatis

1209 577 1414 618 plenitudine
1433 578 1600 619 similibus,
1619 589 1731 612 omnes
1753 583 1785 611 et
1800 579 1942 622 singulas

1209 640 1245 660 aa
1260 640 1473 673 quascumque
1495 631 1577 671 lites,
1597 642 1715 671 causas,
1735 630 1942 674 differentias,

1209 682 1394 725 questiones
1422 688 1453 715 et
1488 684 1722 716 controversias
1758 683 1844 716 inter
1867 695 1942 727 pro-

1209 740 1349 767 tectores
1386 746 1442 768 seu
1476 736 1659 779 superiores
1693 742 1725 769 et
1757 737 1941 780 collegiales

1208 793 1261 819 aut
1283 799 1440 831 personas
1466 790 1505 822 ab
1531 789 1575 821 eis
1608 790 1777 832 deputatas
1809 800 1845 822 ex
1879 792 1942 822 una

1208 845 1239 871 et
1264 851 1481 885 quoscumque
1507 842 1585 875 alios
1604 843 1699 875 etiam
1724 843 1868 875 locorum
1886 842 1943 875 Or-

1208 892 1350 925 dinarios
1377 904 1412 925 ex
1438 895 1538 926 altera
1556 894 1701 937 partibus
1728 894 1826 937 super
1851 905 1942 937 prae-

1207 945 1314 978 missis
1354 952 1408 978 aut
1447 957 1558 980 eorum
1597 948 1705 990 aliquo
1741 947 1939 980 introductas

1207 999 1301 1031 etiam
1327 999 1358 1031 in
1383 999 1543 1032 auditorio
1569 1011 1739 1033 causarum
1764 1000 1866 1033 Rotae
1886 1011 1941 1043 pa-

1207 1051 1272 1084 latii
1306 1051 1475 1095 apostolici
1505 1054 1553 1085 vel
1578 1052 1653 1085 alibi
1679 1063 1789 1086 coram
1814 1053 1940 1095 quibus-

1206 1105 1250 1136 vis
1274 1105 1442 1144 iudicibus,
1476 1105 1677 1138 secularibus
1708 1106 1759 1138 vel
1795 1105 1941 1138 ecclesia-

1206 1157 1303 1198 sticis,
1328 1158 1502 1190 ordinariis
1527 1160 1576 1191 vel
1602 1158 1767 1200 delegatis,
1797 1168 1861 1190 non
1894 1162 1939 1189 ta-

1205 1221 1278 1242 men
1310 1211 1546 1253 protectoribus
1571 1211 1737 1254 praefatis‚
1772 1211 1804 1243 in
1836 1211 1940 1254 prima

1205 1274 1261 1295 seu
1287 1264 1348 1296 alia
1384 1264 1536 1296 instantia
1561 1265 1742 1307 pendentes
1766 1263 1938 1303 indecisas,

1205 1316 1237 1348 in
1260 1321 1342 1348 statu
1363 1322 1394 1349 et
1414 1317 1557 1349 terminis
1574 1317 1606 1349 in
1632 1317 1746 1360 quibus
1770 1316 1939 1359 reperiun-

1207 1374 1256 1400 tur
1281 1369 1319 1401 de
1345 1369 1519 1411 praesenti,
1539 1368 1662 1401 etiamsi
1680 1369 1712 1401 in
1737 1369 1801 1401 illis
1821 1368 1860 1401 ad
1877 1368 1939 1401 cal-

1205 1422 1313 1453 culum
1338 1422 1491 1454 serendae
1527 1422 1708 1454 sententiae
1745 1422 1935 1460 deventum,

1205 1473 1377 1509 dummodo
1410 1478 1515 1506 tamen
1545 1474 1579 1506 in
1602 1474 1666 1507 illis
1703 1474 1836 1507 omnino
1861 1483 1938 1506 con-

1204 1527 1328 1558 clusum
1343 1537 1407 1559 non
1425 1526 1474 1566 sit,
1495 1527 1533 1559 ad
1552 1537 1611 1560 nos
1633 1528 1747 1559 harum
1765 1526 1850 1559 serie
1869 1536 1937 1558 avo-

1204 1590 1333 1619 camus,
1360 1580 1471 1623 sicque
1508 1585 1656 1612 avocatas
1689 1579 1817 1623 penitus
1842 1584 1873 1611 et
1903 1588 1937 1611 o-

1204 1632 1314 1664 mnino
1340 1632 1578 1675 supprimimus,
1598 1631 1811 1674 extinguimus
1836 1635 1868 1663 et
1887 1641 1938 1663 an-

1204 1686 1380 1725 nullamus,
1407 1695 1442 1717 ac
1466 1685 1610 1728 ipsorum
1635 1689 1855 1727 protectorum
1879 1694 1937 1716 seu

1204 1737 1408 1780 superiorum
1448 1743 1479 1770 et
1517 1736 1735 1779 collegialium
1774 1741 1827 1769 aut
1862 1747 1937 1780 per-

1203 1801 1351 1823 sonarum
1376 1792 1416 1823 ab
1443 1791 1489 1823 eis
1520 1796 1555 1822 ut
1588 1791 1771 1833 praefertur
1803 1790 1936 1833 deputa-

1204 1849 1308 1875 tarum
1342 1843 1558 1884 adversariis,
1592 1848 1647 1875 aut
1679 1843 1934 1886 quibuscumque

1202 1896 1271 1928 aliis
1298 1896 1329 1928 in
1354 1896 1541 1939 praemissis
1567 1896 1869 1938 quomodocumque
1891 1895 1937 1927 in-

1203 1956 1324 1981 teresse
1366 1949 1560 1981 habentibus
1598 1950 1648 1981 vel
1685 1949 1806 1980 habere
1842 1958 1936 1991 prae·

1203 2001 1430 2041 tendentibus,
1456 2006 1648 2044 perpetuum
1673 2001 1811 2043 desuper
1838 2000 1936 2032 silen-

1202 2055 1281 2087 tium
1311 2065 1347 2086 ex
1369 2065 1454 2087 nunc
1471 2054 1684 2097 imponimus3
1704 2064 1739 2086 ac
1761 2058 1935 2097 propterea

1202 2108 1365 2141 modernis
1391 2113 1423 2140 et
1448 2118 1506 2150 pro
1544 2112 1687 2150 tempore
1721 2106 1933 2139 existentibus

1203 2161 1345 2193 eiusdem
1379 2160 1507 2202 collegii
1544 2159 1782 2203 protectoribus
1822 2170 1858 2193 ac
1889 2169 1935 2190 su-

1202 2213 1395 2256 perioribus,
1413 2218 1457 2253 ut,
1474 2213 1742 2256 quotiescumque
1761 2223 1850 2244 casus
1868 2222 1936 2244 eve-

1203 2266 1297 2306 nerit,
1315 2265 1374 2308 ipsi
1393 2265 1500 2297 omnia
1517 2271 1547 2297 et
1564 2265 1689 2308 singula
1714 2265 1859 2297 eiusdem
1876 2265 1935 2297 col-

1204 2317 1278 2360 legii
1305 2317 1570 2357 constitutiones,
1599 2322 1714 2349 statuta
1740 2323 1771 2349 et
1795 2317 1932 2356 decreta,

1202 2376 1298 2413 prout
1323 2371 1368 2402 eis
1393 2370 1555 2402 videbitur
1588 2375 1619 2402 et
1644 2370 1724 2402 ratio
1750 2369 1932 2409 dictaverit,

1203 2423 1407 2466 interpretari
1433 2427 1463 2455 et
1488 2422 1684 2463 dilucidare,
1711 2428 1806 2466 atque
1838 2422 1933 2454 etiam

1202 2477 1263 2509 alia
1289 2488 1324 2509 ex
1350 2477 1477 2519 integro
1514 2482 1545 2509 et
1576 2478 1614 2509 de
1647 2487 1728 2509 novo
1764 2476 1868 2508 facere
1901 2480 1932 2507 et

1202 2531 1352 2570 condere,
1368 2540 1403 2561 ac
1423 2531 1461 2562 ab
1483 2530 1643 2569 omnibus,
1659 2530 1697 2562 ad
1712 2539 1792 2572 quos
1809 2534 1933 2571 spectat

1202 2587 1233 2614 et
1257 2582 1413 2625 spectabit
1444 2582 1687 2624 quomodolibet
1712 2581 1744 2613 in
1771 2581 1929 2621 futurum,

1201 2636 1289 2667 nullo
1305 2635 1436 2678 praevio
1450 2635 1594 2667 examine
1613 2645 1667 2667 seu
1684 2634 1930 2677 approbatione,

1954 270 2004 296 An.
2021 269 2050 296 C.
2073 269 2140 297 5⁶63
