<?xml version="1.0" encoding="UTF-8"?>
<!DOCTYPE html PUBLIC "-//W3C//DTD XHTML 1.0 Transitional//EN"
    "http://www.w3.org/TR/xhtml1/DTD/xhtml1-transitional.dtd">
<html xmlns="http://www.w3.org/1999/xhtml" xml:lang="en" lang="en">
 <head>
  <title>
</title>
<meta http-equiv="Content-Type" content="text/html;charset=utf-8" />
  <meta name='ocr-system' content='tesseract 3.04.00' />
  <meta name='ocr-capabilities' content='ocr_page ocr_carea ocr_par ocr_line ocrx_word'/>
</head>
<body>
  <div class='ocr_page' id='page_1' title='image "./bullarumdiplomat17cath_0677.png"; bbox 0 0 2247 3208; ppageno 0'>
   <div class='ocr_carea' id='block_1_1' title="bbox 86 199 272 227">
    <p class='ocr_par' dir='ltr' id='par_1_1' title="bbox 86 199 272 227">
     <span class='ocr_line' id='line_1_1' title="bbox 86 199 272 227; baseline 0.005 -1"><span class='ocrx_word' id='word_1_1' title='bbox 86 199 136 227; x_wconf 78' lang='lat' dir='ltr'>An.</span> <span class='ocrx_word' id='word_1_2' title='bbox 159 200 185 226; x_wconf 85' lang='lat' dir='ltr'>C.</span> <span class='ocrx_word' id='word_1_3' title='bbox 206 201 272 227; x_wconf 75' lang='lat'>1667</span> 
     </span>
    </p>
   </div>
   <div class='ocr_carea' id='block_1_2' title="bbox 89 2421 271 2470">
    <p class='ocr_par' dir='ltr' id='par_1_2' title="bbox 89 2421 271 2470">
     <span class='ocr_line' id='line_1_2' title="bbox 115 2421 271 2442; baseline 0.006 -1"><span class='ocrx_word' id='word_1_4' title='bbox 115 2421 210 2442; x_wconf 72' lang='lat' dir='ltr'><strong>Pontifex</strong></span> <span class='ocrx_word' id='word_1_5' title='bbox 224 2427 271 2442; x_wconf 86' lang='lat' dir='ltr'>con·</span> 
     </span>
     <span class='ocr_line' id='line_1_3' title="bbox 89 2446 165 2470; baseline 0.013 -1"><span class='ocrx_word' id='word_1_6' title='bbox 89 2446 165 2470; x_wconf 71' lang='lat' dir='ltr'>firmat.</span> 
     </span>
    </p>
   </div>
   <div class='ocr_carea' id='block_1_3' title="bbox 902 203 1173 227">
    <p class='ocr_par' dir='ltr' id='par_1_3' title="bbox 902 203 1173 227">
     <span class='ocr_line' id='line_1_4' title="bbox 902 203 1173 227; baseline 0.004 -1"><span class='ocrx_word' id='word_1_7' title='bbox 902 203 1045 227; x_wconf 44' lang='lat' dir='ltr'>effluit-Ns</span> <span class='ocrx_word' id='word_1_8' title='bbox 1070 204 1099 227; x_wconf 74' lang='lat' dir='ltr'>tx</span> <span class='ocrx_word' id='word_1_9' title='bbox 1126 204 1173 227; x_wconf 60' lang='lat'>1²1².</span> 
     </span>
    </p>
   </div>
   <div class='ocr_carea' id='block_1_4' title="bbox 279 251 1024 1191">
    <p class='ocr_par' dir='ltr' id='par_1_4' title="bbox 279 251 1024 1191">
     <span class='ocr_line' id='line_1_5' title="bbox 280 251 1024 293; baseline 0 -10"><span class='ocrx_word' id='word_1_10' title='bbox 280 251 395 283; x_wconf 83' lang='lat' dir='ltr'>melius</span> <span class='ocrx_word' id='word_1_11' title='bbox 422 256 579 288; x_wconf 52' lang='lat' dir='ltr'>sei-vetur,</span> <span class='ocrx_word' id='word_1_12' title='bbox 608 261 665 293; x_wconf 56' lang='lat' dir='ltr'>pax</span> <span class='ocrx_word' id='word_1_13' title='bbox 694 256 721 283; x_wconf 84' lang='lat' dir='ltr'>et</span> <span class='ocrx_word' id='word_1_14' title='bbox 749 252 921 283; x_wconf 78' lang='lat' dir='ltr'>concordia</span> <span class='ocrx_word' id='word_1_15' title='bbox 939 252 1024 283; x_wconf 89' lang='lat' dir='ltr'>inter</span> 
     </span>
     <span class='ocr_line' id='line_1_6' title="bbox 280 303 1022 342; baseline 0 -6"><span class='ocrx_word' id='word_1_16' title='bbox 280 305 395 336; x_wconf 77' lang='lat' dir='ltr'>fratres</span> <span class='ocrx_word' id='word_1_17' title='bbox 421 303 582 342; x_wconf 77' lang='lat' dir='ltr'>stabilita,</span> <span class='ocrx_word' id='word_1_18' title='bbox 611 303 738 335; x_wconf 69' lang='lat' dir='ltr'>devotio</span> <span class='ocrx_word' id='word_1_19' title='bbox 770 303 799 335; x_wconf 89' lang='lat' dir='ltr'>iu</span> <span class='ocrx_word' id='word_1_20' title='bbox 829 314 941 336; x_wconf 86' lang='lat' dir='ltr'>eorum</span> <span class='ocrx_word' id='word_1_21' title='bbox 971 314 1022 336; x_wconf 81' lang='lat' dir='ltr'>ec-</span> 
     </span>
     <span class='ocr_line' id='line_1_7' title="bbox 280 355 1018 399; baseline 0 -12"><span class='ocrx_word' id='word_1_22' title='bbox 280 356 379 388; x_wconf 67' lang='lat' dir='ltr'>elesia</span> <span class='ocrx_word' id='word_1_23' title='bbox 406 366 421 387; x_wconf 88' lang='lat' dir='ltr'>a</span> <span class='ocrx_word' id='word_1_24' title='bbox 449 355 648 387; x_wconf 71' lang='lat' dir='ltr'>serularibus</span> <span class='ocrx_word' id='word_1_25' title='bbox 678 355 779 399; x_wconf 67' lang='lat' dir='ltr'>magis</span> <span class='ocrx_word' id='word_1_26' title='bbox 806 356 1018 398; x_wconf 75' lang='lat' dir='ltr'>frequentata,</span> 
     </span>
     <span class='ocr_line' id='line_1_8' title="bbox 282 409 1019 451; baseline -0.001 -10"><span class='ocrx_word' id='word_1_27' title='bbox 282 420 316 442; x_wconf 81' lang='lat' dir='ltr'>ae</span> <span class='ocrx_word' id='word_1_28' title='bbox 343 409 451 441; x_wconf 74' lang='lat' dir='ltr'>debita</span> <span class='ocrx_word' id='word_1_29' title='bbox 482 409 584 451; x_wconf 86' lang='lat' dir='ltr'>ipsius</span> <span class='ocrx_word' id='word_1_30' title='bbox 618 414 792 441; x_wconf 65' lang='lat' dir='ltr'>conventus</span> <span class='ocrx_word' id='word_1_31' title='bbox 825 414 856 439; x_wconf 83' lang='lat' dir='ltr'>et</span> <span class='ocrx_word' id='word_1_32' title='bbox 888 409 1019 449; x_wconf 61' lang='lat' dir='ltr'>collegii</span> 
     </span>
     <span class='ocr_line' id='line_1_9' title="bbox 280 461 1019 506; baseline -0.003 -12"><span class='ocrx_word' id='word_1_33' title='bbox 280 473 337 506; x_wconf 91' lang='lat' dir='ltr'>pro</span> <span class='ocrx_word' id='word_1_34' title='bbox 364 462 475 494; x_wconf 83' lang='lat' dir='ltr'>maiori</span> <span class='ocrx_word' id='word_1_35' title='bbox 502 466 590 504; x_wconf 84' lang='lat' dir='ltr'>parte</span> <span class='ocrx_word' id='word_1_36' title='bbox 617 463 733 501; x_wconf 72' lang='lat' dir='ltr'>soluta,</span> <span class='ocrx_word' id='word_1_37' title='bbox 762 461 906 493; x_wconf 83' lang='lat' dir='ltr'>redditus</span> <span class='ocrx_word' id='word_1_38' title='bbox 934 461 1019 493; x_wconf 91' lang='lat' dir='ltr'>illius</span> 
     </span>
     <span class='ocr_line' id='line_1_10' title="bbox 280 514 1019 557; baseline -0.004 -10"><span class='ocrx_word' id='word_1_39' title='bbox 280 515 374 554; x_wconf 78' lang='lat' dir='ltr'>aucti,</span> <span class='ocrx_word' id='word_1_40' title='bbox 402 516 586 557; x_wconf 81' lang='lat' dir='ltr'>multaeque</span> <span class='ocrx_word' id='word_1_41' title='bbox 615 514 867 547; x_wconf 73' lang='lat' dir='ltr'>ronsiderabiles</span> <span class='ocrx_word' id='word_1_42' title='bbox 891 523 1019 556; x_wconf 85' lang='lat' dir='ltr'>repara·</span> 
     </span>
     <span class='ocr_line' id='line_1_11' title="bbox 280 565 1019 605; baseline -0.005 -5"><span class='ocrx_word' id='word_1_43' title='bbox 280 568 385 600; x_wconf 82' lang='lat' dir='ltr'>tiones</span> <span class='ocrx_word' id='word_1_44' title='bbox 406 567 504 599; x_wconf 74' lang='lat' dir='ltr'>saetae</span> <span class='ocrx_word' id='word_1_45' title='bbox 525 568 652 605; x_wconf 79' lang='lat' dir='ltr'>suerint,</span> <span class='ocrx_word' id='word_1_46' title='bbox 674 565 887 598; x_wconf 79' lang='lat' dir='ltr'>nihilominus</span> <span class='ocrx_word' id='word_1_47' title='bbox 906 577 922 598; x_wconf 89' lang='grc'>11</span> <span class='ocrx_word' id='word_1_48' title='bbox 940 576 1019 597; x_wconf 85' lang='lat' dir='ltr'>non-</span> 
     </span>
     <span class='ocr_line' id='line_1_12' title="bbox 280 619 1018 653; baseline -0.004 0"><span class='ocrx_word' id='word_1_49' title='bbox 280 620 376 653; x_wconf 89' lang='lat' dir='ltr'>nullis</span> <span class='ocrx_word' id='word_1_50' title='bbox 401 620 551 652; x_wconf 74' lang='lat' dir='ltr'>fratribus</span> <span class='ocrx_word' id='word_1_51' title='bbox 571 620 648 652; x_wconf 80' lang='lat' dir='ltr'>dieti</span> <span class='ocrx_word' id='word_1_52' title='bbox 674 619 802 652; x_wconf 87' lang='lat' dir='ltr'>Ordinis</span> <span class='ocrx_word' id='word_1_53' title='bbox 818 619 922 651; x_wconf 74' lang='lat' dir='ltr'>variae</span> <span class='ocrx_word' id='word_1_54' title='bbox 945 619 1018 651; x_wconf 88' lang='lat' dir='ltr'>lites</span> 
     </span>
     <span class='ocr_line' id='line_1_13' title="bbox 280 672 1019 706; baseline -0.003 0"><span class='ocrx_word' id='word_1_55' title='bbox 280 679 311 706; x_wconf 87' lang='lat' dir='ltr'>et</span> <span class='ocrx_word' id='word_1_56' title='bbox 335 673 578 706; x_wconf 79' lang='lat' dir='ltr'>controversiae</span> <span class='ocrx_word' id='word_1_57' title='bbox 604 678 714 705; x_wconf 72' lang='lat' dir='ltr'>contra</span> <span class='ocrx_word' id='word_1_58' title='bbox 746 672 857 704; x_wconf 85' lang='lat' dir='ltr'>eadem</span> <span class='ocrx_word' id='word_1_59' title='bbox 891 672 1019 704; x_wconf 78' lang='lat' dir='ltr'>decreta</span> 
     </span>
     <span class='ocr_line' id='line_1_14' title="bbox 280 724 1018 767; baseline -0.003 -9"><span class='ocrx_word' id='word_1_60' title='bbox 280 737 334 759; x_wconf 87' lang='lat' dir='ltr'>seu</span> <span class='ocrx_word' id='word_1_61' title='bbox 359 731 477 759; x_wconf 84' lang='lat' dir='ltr'>statuta</span> <span class='ocrx_word' id='word_1_62' title='bbox 510 731 539 758; x_wconf 87' lang='lat' dir='ltr'>et</span> <span class='ocrx_word' id='word_1_63' title='bbox 566 724 791 764; x_wconf 79' lang='lat' dir='ltr'>affiliationes,</span> <span class='ocrx_word' id='word_1_64' title='bbox 819 725 882 757; x_wconf 74' lang='lat' dir='ltr'>sive</span> <span class='ocrx_word' id='word_1_65' title='bbox 918 735 1018 767; x_wconf 82' lang='lat' dir='ltr'>super</span> 
     </span>
     <span class='ocr_line' id='line_1_15' title="bbox 280 778 1019 822; baseline -0.003 -11"><span class='ocrx_word' id='word_1_66' title='bbox 280 779 423 822; x_wconf 85' lang='lat' dir='ltr'>ipsorum</span> <span class='ocrx_word' id='word_1_67' title='bbox 446 779 650 810; x_wconf 73' lang='lat' dir='ltr'>decretorum</span> <span class='ocrx_word' id='word_1_68' title='bbox 669 788 725 810; x_wconf 86' lang='lat' dir='ltr'>seu</span> <span class='ocrx_word' id='word_1_69' title='bbox 744 782 937 810; x_wconf 85' lang='lat' dir='ltr'>statutorum</span> <span class='ocrx_word' id='word_1_70' title='bbox 956 778 1019 809; x_wconf 72' lang='lat' dir='ltr'>exi-</span> 
     </span>
     <span class='ocr_line' id='line_1_16' title="bbox 280 830 1017 871; baseline -0.004 -7"><span class='ocrx_word' id='word_1_71' title='bbox 280 831 405 871; x_wconf 76' lang='lat' dir='ltr'>stentia,</span> <span class='ocrx_word' id='word_1_72' title='bbox 433 831 590 870; x_wconf 79' lang='lat' dir='ltr'>realitate,</span> <span class='ocrx_word' id='word_1_73' title='bbox 609 830 829 869; x_wconf 64' lang='lat' dir='ltr'>subsistentia,</span> <span class='ocrx_word' id='word_1_74' title='bbox 854 830 1017 862; x_wconf 72' lang='lat' dir='ltr'>validitate</span> 
     </span>
     <span class='ocr_line' id='line_1_17' title="bbox 279 883 1019 926; baseline -0.003 -10"><span class='ocrx_word' id='word_1_75' title='bbox 279 890 309 917; x_wconf 87' lang='lat' dir='ltr'>et</span> <span class='ocrx_word' id='word_1_76' title='bbox 334 884 499 916; x_wconf 76' lang='lat' dir='ltr'>intellectu</span> <span class='ocrx_word' id='word_1_77' title='bbox 527 889 641 923; x_wconf 88' lang='lat' dir='ltr'>motae,</span> <span class='ocrx_word' id='word_1_78' title='bbox 668 894 881 926; x_wconf 77' lang='lat' dir='ltr'>recursusque</span> <span class='ocrx_word' id='word_1_79' title='bbox 908 883 945 915; x_wconf 92' lang='lat' dir='ltr'>ad</span> <span class='ocrx_word' id='word_1_80' title='bbox 972 883 1019 915; x_wconf 91' lang='lat' dir='ltr'>di-</span> 
     </span>
     <span class='ocr_line' id='line_1_18' title="bbox 279 936 1016 975; baseline -0.004 -6"><span class='ocrx_word' id='word_1_81' title='bbox 279 947 369 969; x_wconf 83' lang='lat' dir='ltr'>versa</span> <span class='ocrx_word' id='word_1_82' title='bbox 405 937 578 969; x_wconf 85' lang='lat' dir='ltr'>tribunalia</span> <span class='ocrx_word' id='word_1_83' title='bbox 614 936 715 968; x_wconf 85' lang='lat' dir='ltr'>habiti</span> <span class='ocrx_word' id='word_1_84' title='bbox 752 936 946 975; x_wconf 71' lang='lat' dir='ltr'>extiterunt,</span> <span class='ocrx_word' id='word_1_85' title='bbox 981 947 1016 967; x_wconf 80' lang='lat' dir='ltr'>ex</span> 
     </span>
     <span class='ocr_line' id='line_1_19' title="bbox 280 989 1017 1034; baseline -0.004 -11"><span class='ocrx_word' id='word_1_86' title='bbox 280 990 398 1034; x_wconf 86' lang='lat' dir='ltr'>quibus</span> <span class='ocrx_word' id='word_1_87' title='bbox 424 1000 506 1022; x_wconf 83' lang='lat' dir='ltr'>nova</span> <span class='ocrx_word' id='word_1_88' title='bbox 532 990 738 1022; x_wconf 75' lang='lat' dir='ltr'>incommoda</span> <span class='ocrx_word' id='word_1_89' title='bbox 763 995 793 1022; x_wconf 86' lang='lat' dir='ltr'>et</span> <span class='ocrx_word' id='word_1_90' title='bbox 818 990 968 1022; x_wconf 77' lang='lat' dir='ltr'>seandala</span> <span class='ocrx_word' id='word_1_91' title='bbox 986 989 1017 1021; x_wconf 91' lang='lat' dir='ltr'>in</span> 
     </span>
     <span class='ocr_line' id='line_1_20' title="bbox 280 1041 1020 1085; baseline -0.004 -10"><span class='ocrx_word' id='word_1_92' title='bbox 280 1043 511 1075; x_wconf 81' lang='lat' dir='ltr'>detrimentum</span> <span class='ocrx_word' id='word_1_93' title='bbox 538 1042 706 1085; x_wconf 72' lang='lat' dir='ltr'>religionis</span> <span class='ocrx_word' id='word_1_94' title='bbox 733 1053 768 1074; x_wconf 84' lang='lat' dir='ltr'>ac</span> <span class='ocrx_word' id='word_1_95' title='bbox 794 1042 944 1082; x_wconf 83' lang='lat' dir='ltr'>damnum</span> <span class='ocrx_word' id='word_1_96' title='bbox 974 1041 1020 1084; x_wconf 86' lang='lat' dir='ltr'>ip-</span> 
     </span>
     <span class='ocr_line' id='line_1_21' title="bbox 280 1095 1016 1137; baseline -0.001 -10"><span class='ocrx_word' id='word_1_97' title='bbox 280 1095 346 1127; x_wconf 83' lang='lat' dir='ltr'>sius</span> <span class='ocrx_word' id='word_1_98' title='bbox 364 1100 540 1128; x_wconf 79' lang='lat' dir='ltr'>conventus</span> <span class='ocrx_word' id='word_1_99' title='bbox 558 1100 590 1127; x_wconf 90' lang='lat' dir='ltr'>et</span> <span class='ocrx_word' id='word_1_100' title='bbox 606 1095 734 1137; x_wconf 82' lang='lat' dir='ltr'>collegii</span> <span class='ocrx_word' id='word_1_101' title='bbox 760 1095 849 1127; x_wconf 87' lang='lat' dir='ltr'>nasei</span> <span class='ocrx_word' id='word_1_102' title='bbox 875 1100 1016 1137; x_wconf 76' lang='lat' dir='ltr'>possent,</span> 
     </span>
     <span class='ocr_line' id='line_1_22' title="bbox 281 1147 1018 1191; baseline -0.004 -11"><span class='ocrx_word' id='word_1_103' title='bbox 281 1149 340 1181; x_wconf 88' lang='lat' dir='ltr'>nisi</span> <span class='ocrx_word' id='word_1_104' title='bbox 362 1148 503 1191; x_wconf 78' lang='lat' dir='ltr'>desuper</span> <span class='ocrx_word' id='word_1_105' title='bbox 529 1148 566 1180; x_wconf 90' lang='lat' dir='ltr'>de</span> <span class='ocrx_word' id='word_1_106' title='bbox 585 1153 768 1191; x_wconf 87' lang='lat' dir='ltr'>opportuno</span> <span class='ocrx_word' id='word_1_107' title='bbox 787 1152 879 1190; x_wconf 79' lang='lat' dir='ltr'>atque</span> <span class='ocrx_word' id='word_1_108' title='bbox 899 1147 1018 1179; x_wconf 73' lang='lat' dir='ltr'>essieaei</span> 
     </span>
    </p>
   </div>
   <div class='ocr_carea' id='block_1_5' title="bbox 280 1200 1041 1296">
    <p class='ocr_par' dir='ltr' id='par_1_5' title="bbox 280 1200 1041 1296">
     <span class='ocr_line' id='line_1_23' title="bbox 280 1200 1041 1244; baseline -0.004 -10"><span class='ocrx_word' id='word_1_109' title='bbox 280 1202 423 1234; x_wconf 87' lang='lat' dir='ltr'>remedio</span> <span class='ocrx_word' id='word_1_110' title='bbox 449 1201 675 1244; x_wconf 68' lang='lat' dir='ltr'>provideretur</span> <span class='ocrx_word' id='word_1_111' title='bbox 692 1201 794 1244; x_wconf 85' lang='lat' dir='ltr'>(quod</span> <span class='ocrx_word' id='word_1_112' title='bbox 813 1200 944 1243; x_wconf 78' lang='lat' dir='ltr'>quidem</span> <span class='ocrx_word' id='word_1_113' title='bbox 962 1211 1019 1232; x_wconf 91' lang='lat' dir='ltr'>no-</span> <span class='ocrx_word' id='word_1_114' title='bbox 1040 1215 1041 1220; x_wconf 50' lang='lat'>¹</span> 
     </span>
     <span class='ocr_line' id='line_1_24' title="bbox 280 1253 1041 1296; baseline -0.003 -9"><span class='ocrx_word' id='word_1_115' title='bbox 280 1254 408 1287; x_wconf 80' lang='lat' dir='ltr'>vissime</span> <span class='ocrx_word' id='word_1_116' title='bbox 434 1255 633 1287; x_wconf 88' lang='lat' dir='ltr'>celebratum</span> <span class='ocrx_word' id='word_1_117' title='bbox 658 1253 786 1286; x_wconf 76' lang='lat' dir='ltr'>Ordinis</span> <span class='ocrx_word' id='word_1_118' title='bbox 812 1254 947 1296; x_wconf 67' lang='lat' dir='ltr'>11›rael¹ati</span> <span class='ocrx_word' id='word_1_119' title='bbox 970 1264 1041 1285; x_wconf 60' lang='lat' dir='ltr'>cri-¹</span> 
     </span>
    </p>
   </div>
   <div class='ocr_carea' id='block_1_6' title="bbox 278 1306 1021 2620">
    <p class='ocr_par' dir='ltr' id='par_1_6' title="bbox 278 1306 1021 2620">
     <span class='ocr_line' id='line_1_25' title="bbox 280 1306 1018 1351; baseline -0.001 -11"><span class='ocrx_word' id='word_1_120' title='bbox 280 1308 417 1351; x_wconf 88' lang='lat' dir='ltr'>pitulum</span> <span class='ocrx_word' id='word_1_121' title='bbox 444 1308 594 1349; x_wconf 84' lang='lat' dir='ltr'>generale</span> <span class='ocrx_word' id='word_1_122' title='bbox 621 1308 726 1339; x_wconf 75' lang='lat' dir='ltr'>faeere</span> <span class='ocrx_word' id='word_1_123' title='bbox 748 1306 882 1346; x_wconf 86' lang='lat' dir='ltr'>studuit,</span> <span class='ocrx_word' id='word_1_124' title='bbox 899 1307 930 1338; x_wconf 89' lang='lat' dir='ltr'>in</span> <span class='ocrx_word' id='word_1_125' title='bbox 956 1317 1018 1349; x_wconf 85' lang='lat' dir='ltr'>quo</span> 
     </span>
     <span class='ocr_line' id='line_1_26' title="bbox 280 1359 1019 1403; baseline -0.001 -11"><span class='ocrx_word' id='word_1_126' title='bbox 280 1360 331 1392; x_wconf 85' lang='lat' dir='ltr'>die</span> <span class='ocrx_word' id='word_1_127' title='bbox 355 1370 399 1393; x_wconf 82' lang='lat' dir='ltr'>vu</span> <span class='ocrx_word' id='word_1_128' title='bbox 425 1359 493 1392; x_wconf 91' lang='lat' dir='ltr'>iulii</span> <span class='ocrx_word' id='word_1_129' title='bbox 524 1359 670 1403; x_wconf 78' lang='lat' dir='ltr'>proxime</span> <span class='ocrx_word' id='word_1_130' title='bbox 696 1359 864 1403; x_wconf 87' lang='lat' dir='ltr'>praeteriti</span> <span class='ocrx_word' id='word_1_131' title='bbox 891 1360 1019 1392; x_wconf 82' lang='lat' dir='ltr'>decreta</span> 
     </span>
     <span class='ocr_line' id='line_1_27' title="bbox 280 1413 1018 1456; baseline 0.001 -11"><span class='ocrx_word' id='word_1_132' title='bbox 280 1423 335 1446; x_wconf 83' lang='lat' dir='ltr'>seu</span> <span class='ocrx_word' id='word_1_133' title='bbox 361 1418 480 1446; x_wconf 84' lang='lat' dir='ltr'>statuta</span> <span class='ocrx_word' id='word_1_134' title='bbox 505 1413 689 1446; x_wconf 83' lang='lat' dir='ltr'>huiusmodi</span> <span class='ocrx_word' id='word_1_135' title='bbox 707 1424 724 1445; x_wconf 89' lang='lat' dir='ltr'>a</span> <span class='ocrx_word' id='word_1_136' title='bbox 749 1414 894 1456; x_wconf 82' lang='lat' dir='ltr'>praefato</span> <span class='ocrx_word' id='word_1_137' title='bbox 921 1413 1018 1446; x_wconf 81' lang='lat' dir='ltr'>Paulo</span> 
     </span>
     <span class='ocr_line' id='line_1_28' title="bbox 279 1465 1019 1509; baseline 0.001 -11"><span class='ocrx_word' id='word_1_138' title='bbox 279 1466 388 1509; x_wconf 86' lang='lat' dir='ltr'>priore</span> <span class='ocrx_word' id='word_1_139' title='bbox 415 1466 559 1508; x_wconf 83' lang='lat' dir='ltr'>generali</span> <span class='ocrx_word' id='word_1_140' title='bbox 586 1466 618 1498; x_wconf 90' lang='lat' dir='ltr'>in</span> <span class='ocrx_word' id='word_1_141' title='bbox 643 1465 827 1499; x_wconf 66' lang='lat' dir='ltr'>visitatione</span> <span class='ocrx_word' id='word_1_142' title='bbox 853 1466 928 1498; x_wconf 79' lang='lat' dir='ltr'>dicti</span> <span class='ocrx_word' id='word_1_143' title='bbox 954 1478 1019 1499; x_wconf 89' lang='lat' dir='ltr'>ma-</span> 
     </span>
     <span class='ocr_line' id='line_1_29' title="bbox 280 1518 1019 1561; baseline 0 -10"><span class='ocrx_word' id='word_1_144' title='bbox 280 1518 356 1551; x_wconf 78' lang='lat' dir='ltr'>ioriS</span> <span class='ocrx_word' id='word_1_145' title='bbox 389 1525 565 1552; x_wconf 80' lang='lat' dir='ltr'>conventus</span> <span class='ocrx_word' id='word_1_146' title='bbox 600 1523 631 1551; x_wconf 88' lang='lat' dir='ltr'>et</span> <span class='ocrx_word' id='word_1_147' title='bbox 663 1519 791 1561; x_wconf 78' lang='lat' dir='ltr'>collegii</span> <span class='ocrx_word' id='word_1_148' title='bbox 830 1519 1019 1552; x_wconf 83' lang='lat' dir='ltr'>Parisiensis</span> 
     </span>
     <span class='ocr_line' id='line_1_30' title="bbox 278 1572 1017 1614; baseline 0.001 -11"><span class='ocrx_word' id='word_1_149' title='bbox 278 1582 353 1605; x_wconf 85' lang='lat' dir='ltr'>vere</span> <span class='ocrx_word' id='word_1_150' title='bbox 379 1577 411 1605; x_wconf 84' lang='lat' dir='ltr'>et</span> <span class='ocrx_word' id='word_1_151' title='bbox 435 1572 564 1605; x_wconf 76' lang='lat' dir='ltr'>realiter</span> <span class='ocrx_word' id='word_1_152' title='bbox 591 1582 626 1604; x_wconf 84' lang='grc'>110</span> <span class='ocrx_word' id='word_1_153' title='bbox 644 1572 785 1614; x_wconf 79' lang='lat' dir='ltr'>legitime</span> <span class='ocrx_word' id='word_1_154' title='bbox 812 1572 892 1604; x_wconf 76' lang='lat' dir='ltr'>sacta</span> <span class='ocrx_word' id='word_1_155' title='bbox 911 1572 1017 1612; x_wconf 80' lang='lat' dir='ltr'>fuisse,</span> 
     </span>
     <span class='ocr_line' id='line_1_31' title="bbox 280 1625 1019 1668; baseline 0.001 -11"><span class='ocrx_word' id='word_1_156' title='bbox 280 1625 488 1668; x_wconf 76' lang='lat' dir='ltr'>legitimaque</span> <span class='ocrx_word' id='word_1_157' title='bbox 514 1631 545 1658; x_wconf 86' lang='lat' dir='ltr'>et</span> <span class='ocrx_word' id='word_1_158' title='bbox 569 1625 802 1665; x_wconf 69' lang='lat' dir='ltr'>substantialia,</span> <span class='ocrx_word' id='word_1_159' title='bbox 821 1636 856 1658; x_wconf 79' lang='lat' dir='ltr'>ae</span> <span class='ocrx_word' id='word_1_160' title='bbox 882 1625 925 1658; x_wconf 87' lang='lat' dir='ltr'>uti</span> <span class='ocrx_word' id='word_1_161' title='bbox 944 1626 1019 1658; x_wconf 87' lang='lat' dir='ltr'>talia</span> 
     </span>
     <span class='ocr_line' id='line_1_32' title="bbox 280 1679 1020 1711; baseline 0 0"><span class='ocrx_word' id='word_1_162' title='bbox 280 1679 319 1711; x_wconf 89' lang='lat' dir='ltr'>ab</span> <span class='ocrx_word' id='word_1_163' title='bbox 345 1679 496 1711; x_wconf 88' lang='lat' dir='ltr'>omnibus</span> <span class='ocrx_word' id='word_1_164' title='bbox 528 1679 668 1711; x_wconf 84' lang='lat' dir='ltr'>tenenda</span> <span class='ocrx_word' id='word_1_165' title='bbox 693 1689 762 1711; x_wconf 87' lang='lat' dir='ltr'>esse</span> <span class='ocrx_word' id='word_1_166' title='bbox 797 1679 961 1711; x_wconf 87' lang='lat' dir='ltr'>decretum</span> <span class='ocrx_word' id='word_1_167' title='bbox 988 1684 1020 1711; x_wconf 86' lang='lat' dir='ltr'>et</span> 
     </span>
     <span class='ocr_line' id='line_1_33' title="bbox 280 1732 1019 1776; baseline 0 -12"><span class='ocrx_word' id='word_1_168' title='bbox 280 1732 494 1772; x_wconf 80' lang='lat' dir='ltr'>declaratum,</span> <span class='ocrx_word' id='word_1_169' title='bbox 522 1737 696 1775; x_wconf 86' lang='lat' dir='ltr'>enataque,</span> <span class='ocrx_word' id='word_1_170' title='bbox 722 1732 753 1764; x_wconf 92' lang='lat' dir='ltr'>in</span> <span class='ocrx_word' id='word_1_171' title='bbox 778 1733 964 1776; x_wconf 74' lang='lat' dir='ltr'>praemissis</span> <span class='ocrx_word' id='word_1_172' title='bbox 989 1738 1019 1765; x_wconf 90' lang='lat' dir='ltr'>et</span> 
     </span>
     <span class='ocr_line' id='line_1_34' title="bbox 280 1785 1019 1824; baseline 0 -7"><span class='ocrx_word' id='word_1_173' title='bbox 280 1785 364 1817; x_wconf 80' lang='lat' dir='ltr'>circa</span> <span class='ocrx_word' id='word_1_174' title='bbox 378 1796 423 1824; x_wconf 89' lang='lat' dir='ltr'>ea,</span> <span class='ocrx_word' id='word_1_175' title='bbox 439 1785 537 1818; x_wconf 85' lang='lat' dir='ltr'>dubia</span> <span class='ocrx_word' id='word_1_176' title='bbox 552 1785 710 1818; x_wconf 78' lang='lat' dir='ltr'>elucidata</span> <span class='ocrx_word' id='word_1_177' title='bbox 726 1790 759 1817; x_wconf 92' lang='lat' dir='ltr'>et</span> <span class='ocrx_word' id='word_1_178' title='bbox 772 1786 932 1818; x_wconf 84' lang='lat' dir='ltr'>declarata</span> <span class='ocrx_word' id='word_1_179' title='bbox 952 1786 1019 1817; x_wconf 82' lang='lat' dir='ltr'>sue-</span> 
     </span>
     <span class='ocr_line' id='line_1_35' title="bbox 280 1830 1017 1881; baseline 0.003 -12"><span class='ocrx_word' id='word_1_180' title='bbox 280 1843 375 1877; x_wconf 82' lang='lat' dir='ltr'>runt·,</span> <span class='ocrx_word' id='word_1_181' title='bbox 400 1838 476 1870; x_wconf 85' lang='grc'><strong>111110</strong></span> <span class='ocrx_word' id='word_1_182' title='bbox 502 1844 550 1870; x_wconf 83' lang='grc'>051</span> <span class='ocrx_word' id='word_1_183' title='bbox 570 1830 656 1881; x_wconf 84' lang='lat' dir='ltr'>quod</span> <span class='ocrx_word' id='word_1_184' title='bbox 676 1849 744 1878; x_wconf 92' lang='grc'><strong>1105,</strong></span> <span class='ocrx_word' id='word_1_185' title='bbox 766 1837 900 1871; x_wconf 79' lang='lat' dir='ltr'>firmiori</span> <span class='ocrx_word' id='word_1_186' title='bbox 923 1844 1017 1881; x_wconf 83' lang='lat' dir='ltr'>atque</span> 
     </span>
     <span class='ocr_line' id='line_1_36' title="bbox 280 1889 1019 1923; baseline 0.001 -1"><span class='ocrx_word' id='word_1_187' title='bbox 280 1889 438 1923; x_wconf 87' lang='lat' dir='ltr'>stabiliori</span> <span class='ocrx_word' id='word_1_188' title='bbox 456 1891 646 1922; x_wconf 74' lang='lat' dir='ltr'>eorumden]</span> <span class='ocrx_word' id='word_1_189' title='bbox 662 1890 866 1923; x_wconf 85' lang='lat' dir='ltr'>decretorum</span> <span class='ocrx_word' id='word_1_190' title='bbox 880 1901 937 1923; x_wconf 77' lang='lat' dir='ltr'>seu</span> <span class='ocrx_word' id='word_1_191' title='bbox 955 1896 1019 1923; x_wconf 85' lang='lat' dir='ltr'>sta-</span> 
     </span>
     <span class='ocr_line' id='line_1_37' title="bbox 280 1943 1016 1984; baseline 0 -10"><span class='ocrx_word' id='word_1_192' title='bbox 280 1948 422 1975; x_wconf 89' lang='lat' dir='ltr'>tutorum</span> <span class='ocrx_word' id='word_1_193' title='bbox 436 1943 658 1976; x_wconf 83' lang='lat' dir='ltr'>affiliationum</span> <span class='ocrx_word' id='word_1_194' title='bbox 672 1943 781 1976; x_wconf 85' lang='lat' dir='ltr'>robori</span> <span class='ocrx_word' id='word_1_195' title='bbox 796 1948 827 1976; x_wconf 86' lang='lat' dir='ltr'>et</span> <span class='ocrx_word' id='word_1_196' title='bbox 844 1944 1016 1984; x_wconf 71' lang='lat' dir='ltr'>efficaciae,</span> 
     </span>
     <span class='ocr_line' id='line_1_38' title="bbox 280 1995 1019 2039; baseline 0 -11"><span class='ocrx_word' id='word_1_197' title='bbox 280 2006 502 2039; x_wconf 85' lang='lat' dir='ltr'>prosperoque</span> <span class='ocrx_word' id='word_1_198' title='bbox 528 2001 559 2028; x_wconf 89' lang='lat' dir='ltr'>et</span> <span class='ocrx_word' id='word_1_199' title='bbox 583 1995 668 2028; x_wconf 82' lang='lat' dir='ltr'>felici</span> <span class='ocrx_word' id='word_1_200' title='bbox 693 1996 769 2029; x_wconf 82' lang='lat' dir='ltr'>dieti</span> <span class='ocrx_word' id='word_1_201' title='bbox 786 2002 961 2030; x_wconf 81' lang='lat' dir='ltr'>conventus</span> <span class='ocrx_word' id='word_1_202' title='bbox 988 2002 1019 2029; x_wconf 83' lang='lat' dir='ltr'>et</span> 
     </span>
     <span class='ocr_line' id='line_1_39' title="bbox 281 2048 1019 2092; baseline 0.001 -11"><span class='ocrx_word' id='word_1_203' title='bbox 281 2048 408 2091; x_wconf 82' lang='lat' dir='ltr'>collegii</span> <span class='ocrx_word' id='word_1_204' title='bbox 434 2048 585 2090; x_wconf 80' lang='lat' dir='ltr'>regimini</span> <span class='ocrx_word' id='word_1_205' title='bbox 612 2054 643 2081; x_wconf 91' lang='lat' dir='ltr'>et</span> <span class='ocrx_word' id='word_1_206' title='bbox 667 2049 872 2092; x_wconf 72' lang='lat' dir='ltr'>progressui,</span> <span class='ocrx_word' id='word_1_207' title='bbox 898 2060 933 2081; x_wconf 78' lang='lat' dir='ltr'>ae</span> <span class='ocrx_word' id='word_1_208' title='bbox 958 2050 1019 2082; x_wconf 87' lang='lat' dir='ltr'>sra-</span> 
     </span>
     <span class='ocr_line' id='line_1_40' title="bbox 282 2102 1017 2145; baseline 0.004 -13"><span class='ocrx_word' id='word_1_209' title='bbox 282 2106 364 2133; x_wconf 81' lang='lat' dir='ltr'>trum</span> <span class='ocrx_word' id='word_1_210' title='bbox 389 2102 606 2144; x_wconf 79' lang='lat' dir='ltr'>praefatorum</span> <span class='ocrx_word' id='word_1_211' title='bbox 644 2102 744 2145; x_wconf 85' lang='lat' dir='ltr'>quieti</span> <span class='ocrx_word' id='word_1_212' title='bbox 781 2108 812 2134; x_wconf 90' lang='lat' dir='ltr'>et</span> <span class='ocrx_word' id='word_1_213' title='bbox 846 2103 1017 2145; x_wconf 70' lang='lat' dir='ltr'>religiosae</span> 
     </span>
     <span class='ocr_line' id='line_1_41' title="bbox 283 2153 1018 2198; baseline 0.003 -13"><span class='ocrx_word' id='word_1_214' title='bbox 283 2153 507 2196; x_wconf 81' lang='lat' dir='ltr'>tranquillitati</span> <span class='ocrx_word' id='word_1_215' title='bbox 539 2154 731 2194; x_wconf 78' lang='lat' dir='ltr'>salubriter,</span> <span class='ocrx_word' id='word_1_216' title='bbox 759 2160 913 2198; x_wconf 82' lang='lat' dir='ltr'>quantum</span> <span class='ocrx_word' id='word_1_217' title='bbox 946 2166 1018 2188; x_wconf 84' lang='lat' dir='ltr'>cum</span> 
     </span>
     <span class='ocr_line' id='line_1_42' title="bbox 281 2204 1018 2249; baseline 0.003 -13"><span class='ocrx_word' id='word_1_218' title='bbox 281 2204 416 2237; x_wconf 88' lang='lat' dir='ltr'>Domino</span> <span class='ocrx_word' id='word_1_219' title='bbox 441 2216 620 2247; x_wconf 86' lang='lat' dir='ltr'>possumus,</span> <span class='ocrx_word' id='word_1_220' title='bbox 647 2206 817 2248; x_wconf 83' lang='lat' dir='ltr'>providere</span> <span class='ocrx_word' id='word_1_221' title='bbox 842 2206 1018 2249; x_wconf 81' lang='lat' dir='ltr'>cupientes,</span> 
     </span>
     <span class='ocr_line' id='line_1_43' title="bbox 282 2258 1020 2300; baseline 0.003 -11"><span class='ocrx_word' id='word_1_222' title='bbox 282 2262 371 2289; x_wconf 86' lang='lat' dir='ltr'>motu</span> <span class='ocrx_word' id='word_1_223' title='bbox 403 2258 558 2300; x_wconf 83' lang='lat' dir='ltr'>proprio,</span> <span class='ocrx_word' id='word_1_224' title='bbox 587 2263 618 2290; x_wconf 86' lang='lat' dir='ltr'>et</span> <span class='ocrx_word' id='word_1_225' title='bbox 646 2269 681 2291; x_wconf 80' lang='lat' dir='ltr'>ex</span> <span class='ocrx_word' id='word_1_226' title='bbox 708 2261 792 2291; x_wconf 76' lang='lat' dir='ltr'>certa</span> <span class='ocrx_word' id='word_1_227' title='bbox 826 2259 960 2291; x_wconf 77' lang='lat' dir='ltr'>scientia</span> <span class='ocrx_word' id='word_1_228' title='bbox 989 2264 1020 2291; x_wconf 90' lang='lat' dir='ltr'>et</span> 
     </span>
     <span class='ocr_line' id='line_1_44' title="bbox 280 2310 1021 2355; baseline 0.005 -14"><span class='ocrx_word' id='word_1_229' title='bbox 280 2312 403 2342; x_wconf 79' lang='lat' dir='ltr'>matura</span> <span class='ocrx_word' id='word_1_230' title='bbox 422 2310 654 2344; x_wconf 82' lang='lat' dir='ltr'>deliberatione</span> <span class='ocrx_word' id='word_1_231' title='bbox 671 2312 797 2351; x_wconf 85' lang='lat' dir='ltr'>nostris,</span> <span class='ocrx_word' id='word_1_232' title='bbox 825 2312 927 2355; x_wconf 83' lang='lat' dir='ltr'>deque</span> <span class='ocrx_word' id='word_1_233' title='bbox 946 2323 1021 2355; x_wconf 86' lang='lat' dir='ltr'>apo-</span> 
     </span>
     <span class='ocr_line' id='line_1_45' title="bbox 282 2363 1021 2406; baseline 0.004 -11"><span class='ocrx_word' id='word_1_234' title='bbox 282 2363 415 2395; x_wconf 82' lang='lat' dir='ltr'>stolicae</span> <span class='ocrx_word' id='word_1_235' title='bbox 440 2363 606 2406; x_wconf 77' lang='lat' dir='ltr'>potestatis</span> <span class='ocrx_word' id='word_1_236' title='bbox 630 2363 841 2406; x_wconf 87' lang='lat' dir='ltr'>plenitudine,</span> <span class='ocrx_word' id='word_1_237' title='bbox 865 2365 973 2398; x_wconf 86' lang='lat' dir='ltr'>omnia</span> <span class='ocrx_word' id='word_1_238' title='bbox 990 2370 1021 2398; x_wconf 89' lang='lat' dir='ltr'>et</span> 
     </span>
     <span class='ocr_line' id='line_1_46' title="bbox 283 2416 1018 2460; baseline 0.003 -11"><span class='ocrx_word' id='word_1_239' title='bbox 283 2416 411 2458; x_wconf 75' lang='lat' dir='ltr'>singula</span> <span class='ocrx_word' id='word_1_240' title='bbox 438 2417 565 2450; x_wconf 79' lang='lat' dir='ltr'>decreta</span> <span class='ocrx_word' id='word_1_241' title='bbox 583 2427 640 2450; x_wconf 86' lang='lat' dir='ltr'>seu</span> <span class='ocrx_word' id='word_1_242' title='bbox 666 2422 785 2450; x_wconf 84' lang='lat' dir='ltr'>statuta</span> <span class='ocrx_word' id='word_1_243' title='bbox 810 2418 1018 2460; x_wconf 86' lang='lat' dir='ltr'>praeinserta,</span> 
     </span>
     <span class='ocr_line' id='line_1_47' title="bbox 284 2470 1019 2513; baseline 0.003 -11"><span class='ocrx_word' id='word_1_244' title='bbox 284 2481 301 2502; x_wconf 87' lang='lat' dir='ltr'>a</span> <span class='ocrx_word' id='word_1_245' title='bbox 327 2470 410 2502; x_wconf 78' lang='lat' dir='ltr'>dieto</span> <span class='ocrx_word' id='word_1_246' title='bbox 431 2470 529 2503; x_wconf 81' lang='lat' dir='ltr'>Paulo</span> <span class='ocrx_word' id='word_1_247' title='bbox 548 2470 655 2513; x_wconf 84' lang='lat' dir='ltr'>priore</span> <span class='ocrx_word' id='word_1_248' title='bbox 674 2470 816 2513; x_wconf 78' lang='lat' dir='ltr'>generali</span> <span class='ocrx_word' id='word_1_249' title='bbox 843 2471 935 2510; x_wconf 85' lang='lat' dir='ltr'>edita,</span> <span class='ocrx_word' id='word_1_250' title='bbox 955 2477 985 2504; x_wconf 86' lang='lat' dir='ltr'>et</span> <span class='ocrx_word' id='word_1_251' title='bbox 1004 2483 1019 2504; x_wconf 94' lang='lat' dir='ltr'>a</span> 
     </span>
     <span class='ocr_line' id='line_1_48' title="bbox 285 2523 1020 2566; baseline 0.004 -13"><span class='ocrx_word' id='word_1_252' title='bbox 285 2528 463 2555; x_wconf 82' lang='lat' dir='ltr'>memorato</span> <span class='ocrx_word' id='word_1_253' title='bbox 490 2523 672 2556; x_wconf 77' lang='lat' dir='ltr'>Alexandro</span> <span class='ocrx_word' id='word_1_254' title='bbox 698 2524 945 2566; x_wconf 70' lang='lat' dir='ltr'>praedecessore</span> <span class='ocrx_word' id='word_1_255' title='bbox 964 2535 1020 2566; x_wconf 79' lang='lat' dir='ltr'>per</span> 
     </span>
     <span class='ocr_line' id='line_1_49' title="bbox 285 2574 1019 2620; baseline 0.001 -13"><span class='ocrx_word' id='word_1_256' title='bbox 285 2583 357 2607; x_wconf 75' lang='lat' dir='ltr'>suas</span> <span class='ocrx_word' id='word_1_257' title='bbox 382 2574 501 2607; x_wconf 81' lang='lat' dir='ltr'>litteras</span> <span class='ocrx_word' id='word_1_258' title='bbox 533 2575 748 2620; x_wconf 76' lang='lat' dir='ltr'>praeinsertas</span> <span class='ocrx_word' id='word_1_259' title='bbox 775 2574 965 2609; x_wconf 81' lang='lat' dir='ltr'>confirmata</span> <span class='ocrx_word' id='word_1_260' title='bbox 990 2582 1019 2609; x_wconf 88' lang='lat' dir='ltr'>et</span> 
     </span>
    </p>
   </div>
   <div class='ocr_carea' id='block_1_7' title="bbox 1039 250 1047 2529">
    <p class='ocr_par' dir='ltr' id='par_1_7' title="bbox 1039 250 1047 2529">
     <span class='ocr_line' id='line_1_50' title="bbox 1039 250 1047 2529; baseline 0 0"><span class='ocrx_word' id='word_1_261' title='bbox 1039 250 1047 2529; x_wconf 95' lang='lat' dir='ltr'> </span> 
     </span>
    </p>
   </div>
   <div class='ocr_carea' id='block_1_8' title="bbox 1699 194 1756 227">
    <p class='ocr_par' dir='ltr' id='par_1_8' title="bbox 1699 194 1756 227">
     <span class='ocr_line' id='line_1_51' title="bbox 1699 194 1756 227; baseline 0.035 -2"><span class='ocrx_word' id='word_1_262' title='bbox 1699 194 1756 227; x_wconf 58' lang='lat'>501</span> 
     </span>
    </p>
   </div>
   <div class='ocr_carea' id='block_1_9' title="bbox 1060 252 1802 2623">
    <p class='ocr_par' dir='ltr' id='par_1_9' title="bbox 1060 252 1801 1925">
     <span class='ocr_line' id='line_1_52' title="bbox 1067 252 1800 296; baseline 0.004 -14"><span class='ocrx_word' id='word_1_263' title='bbox 1067 252 1265 294; x_wconf 81' lang='lat' dir='ltr'>approbata,</span> <span class='ocrx_word' id='word_1_264' title='bbox 1294 252 1440 294; x_wconf 72' lang='lat' dir='ltr'>ipsasque</span> <span class='ocrx_word' id='word_1_265' title='bbox 1473 253 1640 284; x_wconf 60' lang='lat' dir='ltr'>„tim-andri</span> <span class='ocrx_word' id='word_1_266' title='bbox 1668 254 1800 296; x_wconf 80' lang='lat' dir='ltr'>praede-</span> 
     </span>
     <span class='ocr_line' id='line_1_53' title="bbox 1065 304 1801 348; baseline 0.007 -15"><span class='ocrx_word' id='word_1_267' title='bbox 1065 304 1200 335; x_wconf 69' lang='lat' dir='ltr'>cessoris</span> <span class='ocrx_word' id='word_1_268' title='bbox 1214 304 1482 340; x_wconf 70' lang='lat' dir='ltr'>litt‹=1-as,1ieenou</span> <span class='ocrx_word' id='word_1_269' title='bbox 1497 305 1699 337; x_wconf 72' lang='lat' dir='ltr'>alliliatioues</span> <span class='ocrx_word' id='word_1_270' title='bbox 1713 316 1801 348; x_wconf 80' lang='lat' dir='ltr'>prae-</span> 
     </span>
     <span class='ocr_line' id='line_1_54' title="bbox 1065 356 1800 398; baseline 0.007 -12"><span class='ocrx_word' id='word_1_271' title='bbox 1065 356 1152 394; x_wconf 75' lang='lat' dir='ltr'>satas,</span> <span class='ocrx_word' id='word_1_272' title='bbox 1172 361 1232 388; x_wconf 87' lang='lat' dir='ltr'>tam</span> <span class='ocrx_word' id='word_1_273' title='bbox 1255 367 1311 398; x_wconf 67' lang='lat' dir='ltr'>per</span> <span class='ocrx_word' id='word_1_274' title='bbox 1329 356 1441 388; x_wconf 83' lang='lat' dir='ltr'>eadem</span> <span class='ocrx_word' id='word_1_275' title='bbox 1463 357 1589 389; x_wconf 72' lang='lat' dir='ltr'>decreta</span> <span class='ocrx_word' id='word_1_276' title='bbox 1609 368 1663 389; x_wconf 80' lang='lat' dir='ltr'>seu</span> <span class='ocrx_word' id='word_1_277' title='bbox 1685 362 1800 391; x_wconf 76' lang='lat' dir='ltr'>statiua</span> 
     </span>
     <span class='ocr_line' id='line_1_55' title="bbox 1063 408 1800 451; baseline 0.007 -12"><span class='ocrx_word' id='word_1_278' title='bbox 1063 408 1126 440; x_wconf 81' lang='lat' dir='ltr'>sive</span> <span class='ocrx_word' id='word_1_279' title='bbox 1153 409 1280 440; x_wconf 88' lang='lat' dir='ltr'>illorum</span> <span class='ocrx_word' id='word_1_280' title='bbox 1306 409 1412 451; x_wconf 70' lang='lat' dir='ltr'>rigore</span> <span class='ocrx_word' id='word_1_281' title='bbox 1446 416 1497 441; x_wconf 88' lang='grc'><strong>11111</strong></span> <span class='ocrx_word' id='word_1_282' title='bbox 1530 410 1561 441; x_wconf 91' lang='grc'>111</span> <span class='ocrx_word' id='word_1_283' title='bbox 1595 421 1703 443; x_wconf 85' lang='lat' dir='ltr'>eorum</span> <span class='ocrx_word' id='word_1_284' title='bbox 1729 422 1800 444; x_wconf 72' lang='lat' dir='ltr'>exe-</span> 
     </span>
     <span class='ocr_line' id='line_1_56' title="bbox 1063 460 1799 507; baseline 0.007 -14"><span class='ocrx_word' id='word_1_285' title='bbox 1063 460 1237 499; x_wconf 84' lang='lat' dir='ltr'>cutionem,</span> <span class='ocrx_word' id='word_1_286' title='bbox 1257 472 1350 503; x_wconf 84' lang='lat' dir='ltr'>quam</span> <span class='ocrx_word' id='word_1_287' title='bbox 1375 474 1392 493; x_wconf 86' lang='lat' dir='ltr'>a</span> <span class='ocrx_word' id='word_1_288' title='bbox 1418 463 1502 494; x_wconf 81' lang='lat' dir='ltr'>dicto</span> <span class='ocrx_word' id='word_1_289' title='bbox 1529 463 1622 496; x_wconf 78' lang='lat' dir='ltr'>Petro</span> <span class='ocrx_word' id='word_1_290' title='bbox 1644 464 1799 507; x_wconf 78' lang='lat' dir='ltr'>episeopo</span> 
     </span>
     <span class='ocr_line' id='line_1_57' title="bbox 1062 513 1800 559; baseline 0.007 -15"><span class='ocrx_word' id='word_1_291' title='bbox 1062 517 1138 545; x_wconf 81' lang='lat' dir='ltr'>tune</span> <span class='ocrx_word' id='word_1_292' title='bbox 1162 513 1269 556; x_wconf 85' lang='lat' dir='ltr'>priore</span> <span class='ocrx_word' id='word_1_293' title='bbox 1307 515 1449 556; x_wconf 79' lang='lat' dir='ltr'>generali</span> <span class='ocrx_word' id='word_1_294' title='bbox 1476 515 1526 547; x_wconf 86' lang='grc'><strong>(110</strong></span> <span class='ocrx_word' id='word_1_295' title='bbox 1560 526 1580 548; x_wconf 93' lang='grc'>11</span> <span class='ocrx_word' id='word_1_296' title='bbox 1607 517 1800 559; x_wconf 82' lang='lat' dir='ltr'>septembris</span> 
     </span>
     <span class='ocr_line' id='line_1_58' title="bbox 1061 566 1800 610; baseline 0.008 -13"><span class='ocrx_word' id='word_1_297' title='bbox 1061 575 1192 598; x_wconf 82' lang='lat' dir='ltr'>MDCan</span> <span class='ocrx_word' id='word_1_298' title='bbox 1218 566 1316 598; x_wconf 74' lang='lat' dir='ltr'>factas</span> <span class='ocrx_word' id='word_1_299' title='bbox 1342 572 1372 598; x_wconf 84' lang='lat' dir='ltr'>ut</span> <span class='ocrx_word' id='word_1_300' title='bbox 1400 568 1602 610; x_wconf 78' lang='lat' dir='ltr'>praefertur,</span> <span class='ocrx_word' id='word_1_301' title='bbox 1627 576 1800 603; x_wconf 81' lang='lat' dir='ltr'>emanatas-</span> 
     </span>
     <span class='ocr_line' id='line_1_59' title="bbox 1062 619 1800 663; baseline 0.009 -14"><span class='ocrx_word' id='word_1_302' title='bbox 1062 628 1123 660; x_wconf 83' lang='lat' dir='ltr'>que</span> <span class='ocrx_word' id='word_1_303' title='bbox 1148 619 1286 662; x_wconf 85' lang='lat' dir='ltr'>desuper</span> <span class='ocrx_word' id='word_1_304' title='bbox 1311 621 1394 652; x_wconf 89' lang='grc'><strong>1111115</strong></span> <span class='ocrx_word' id='word_1_305' title='bbox 1419 626 1566 663; x_wconf 86' lang='lat' dir='ltr'>patentes</span> <span class='ocrx_word' id='word_1_306' title='bbox 1595 623 1716 655; x_wconf 80' lang='lat' dir='ltr'>litteras</span> <span class='ocrx_word' id='word_1_307' title='bbox 1748 635 1800 655; x_wconf 86' lang='lat' dir='ltr'>su-</span> 
     </span>
     <span class='ocr_line' id='line_1_60' title="bbox 1062 672 1798 717; baseline 0.008 -14"><span class='ocrx_word' id='word_1_308' title='bbox 1062 672 1233 714; x_wconf 84' lang='lat' dir='ltr'>pradictas,</span> <span class='ocrx_word' id='word_1_309' title='bbox 1250 683 1320 705; x_wconf 71' lang='lat' dir='ltr'>cum</span> <span class='ocrx_word' id='word_1_310' title='bbox 1339 674 1487 706; x_wconf 82' lang='lat' dir='ltr'>omnibus</span> <span class='ocrx_word' id='word_1_311' title='bbox 1506 680 1536 706; x_wconf 87' lang='lat' dir='ltr'>et</span> <span class='ocrx_word' id='word_1_312' title='bbox 1553 676 1686 717; x_wconf 72' lang='lat' dir='ltr'>singulis</span> <span class='ocrx_word' id='word_1_313' title='bbox 1702 677 1734 708; x_wconf 89' lang='lat' dir='ltr'>in</span> <span class='ocrx_word' id='word_1_314' title='bbox 1753 678 1798 709; x_wconf 83' lang='lat' dir='ltr'>eis</span> 
     </span>
     <span class='ocr_line' id='line_1_61' title="bbox 1060 725 1798 770; baseline 0.009 -15"><span class='ocrx_word' id='word_1_315' title='bbox 1060 725 1239 767; x_wconf 75' lang='lat' dir='ltr'>respective</span> <span class='ocrx_word' id='word_1_316' title='bbox 1257 726 1416 758; x_wconf 79' lang='lat' dir='ltr'>contentis</span> <span class='ocrx_word' id='word_1_317' title='bbox 1439 732 1469 758; x_wconf 86' lang='lat' dir='ltr'>et</span> <span class='ocrx_word' id='word_1_318' title='bbox 1495 727 1569 759; x_wconf 81' lang='lat' dir='ltr'>inde</span> <span class='ocrx_word' id='word_1_319' title='bbox 1589 729 1729 770; x_wconf 63' lang='lat' dir='ltr'>legitime</span> <span class='ocrx_word' id='word_1_320' title='bbox 1756 740 1798 762; x_wconf 84' lang='lat' dir='ltr'>se-</span> 
     </span>
     <span class='ocr_line' id='line_1_62' title="bbox 1061 778 1799 823; baseline 0.008 -14"><span class='ocrx_word' id='word_1_321' title='bbox 1061 778 1150 817; x_wconf 71' lang='lat' dir='ltr'>eutis,</span> <span class='ocrx_word' id='word_1_322' title='bbox 1170 783 1279 811; x_wconf 83' lang='lat' dir='ltr'>tenore</span> <span class='ocrx_word' id='word_1_323' title='bbox 1296 780 1528 821; x_wconf 74' lang='lat' dir='ltr'>praesentium,</span> <span class='ocrx_word' id='word_1_324' title='bbox 1552 787 1707 823; x_wconf 78' lang='lat' dir='ltr'>perpetuo</span> <span class='ocrx_word' id='word_1_325' title='bbox 1728 793 1799 815; x_wconf 74' lang='lat' dir='ltr'>eon·</span> 
     </span>
     <span class='ocr_line' id='line_1_63' title="bbox 1060 830 1800 877; baseline 0.007 -15"><span class='ocrx_word' id='word_1_326' title='bbox 1060 830 1225 863; x_wconf 74' lang='lat' dir='ltr'>firmamus</span> <span class='ocrx_word' id='word_1_327' title='bbox 1250 837 1280 864; x_wconf 86' lang='lat' dir='ltr'>et</span> <span class='ocrx_word' id='word_1_328' title='bbox 1307 833 1533 875; x_wconf 15' lang='lat' dir='ltr'>aplrtrobamus,</span> <span class='ocrx_word' id='word_1_329' title='bbox 1553 833 1678 876; x_wconf 81' lang='lat' dir='ltr'>illisque</span> <span class='ocrx_word' id='word_1_330' title='bbox 1701 834 1800 877; x_wconf 68' lang='lat' dir='ltr'>inrio-</span> 
     </span>
     <span class='ocr_line' id='line_1_64' title="bbox 1062 884 1799 927; baseline 0.007 -11"><span class='ocrx_word' id='word_1_331' title='bbox 1062 884 1167 916; x_wconf 85' lang='lat' dir='ltr'>labilis</span> <span class='ocrx_word' id='word_1_332' title='bbox 1192 885 1388 927; x_wconf 76' lang='lat' dir='ltr'>apostolicae</span> <span class='ocrx_word' id='word_1_333' title='bbox 1415 885 1575 918; x_wconf 79' lang='lat' dir='ltr'>firmitatis</span> <span class='ocrx_word' id='word_1_334' title='bbox 1599 887 1673 927; x_wconf 87' lang='lat' dir='ltr'>vim,</span> <span class='ocrx_word' id='word_1_335' title='bbox 1702 888 1799 921; x_wconf 81' lang='lat' dir='ltr'>robur</span> 
     </span>
     <span class='ocr_line' id='line_1_65' title="bbox 1061 936 1801 979; baseline 0.009 -12"><span class='ocrx_word' id='word_1_336' title='bbox 1061 941 1091 968; x_wconf 84' lang='lat' dir='ltr'>et</span> <span class='ocrx_word' id='word_1_337' title='bbox 1116 936 1292 970; x_wconf 75' lang='grc'><strong>01110110111111</strong></span> <span class='ocrx_word' id='word_1_338' title='bbox 1319 938 1543 979; x_wconf 69' lang='lat' dir='ltr'>adiungimus,</span> <span class='ocrx_word' id='word_1_339' title='bbox 1570 950 1606 971; x_wconf 82' lang='lat' dir='ltr'>ac</span> <span class='ocrx_word' id='word_1_340' title='bbox 1632 951 1744 973; x_wconf 86' lang='lat' dir='ltr'>omnes</span> <span class='ocrx_word' id='word_1_341' title='bbox 1770 947 1801 973; x_wconf 85' lang='lat' dir='ltr'>et</span> 
     </span>
     <span class='ocr_line' id='line_1_66' title="bbox 1061 989 1798 1031; baseline 0.007 -10"><span class='ocrx_word' id='word_1_342' title='bbox 1061 989 1205 1031; x_wconf 73' lang='lat' dir='ltr'>singulos</span> <span class='ocrx_word' id='word_1_343' title='bbox 1231 990 1308 1022; x_wconf 87' lang='lat' dir='ltr'>iuris</span> <span class='ocrx_word' id='word_1_344' title='bbox 1334 996 1363 1022; x_wconf 89' lang='lat' dir='ltr'>et</span> <span class='ocrx_word' id='word_1_345' title='bbox 1392 991 1464 1023; x_wconf 76' lang='lat' dir='ltr'>sacti</span> <span class='ocrx_word' id='word_1_346' title='bbox 1497 1003 1532 1023; x_wconf 79' lang='lat' dir='ltr'>ae</span> <span class='ocrx_word' id='word_1_347' title='bbox 1557 993 1798 1027; x_wconf 77' lang='lat' dir='ltr'>solemnitatum</span> 
     </span>
     <span class='ocr_line' id='line_1_67' title="bbox 1061 1045 1798 1085; baseline 0.008 -12"><span class='ocrx_word' id='word_1_348' title='bbox 1061 1052 1345 1085; x_wconf 73' lang='lat' dir='ltr'>‹piarumeumque,</span> <span class='ocrx_word' id='word_1_349' title='bbox 1363 1049 1424 1080; x_wconf 81' lang='lat' dir='ltr'>tam</span> <span class='ocrx_word' id='word_1_350' title='bbox 1452 1055 1487 1077; x_wconf 79' lang='lat' dir='ltr'>ex</span> <span class='ocrx_word' id='word_1_351' title='bbox 1515 1045 1593 1077; x_wconf 86' lang='lat' dir='ltr'>iuris</span> <span class='ocrx_word' id='word_1_352' title='bbox 1619 1048 1798 1079; x_wconf 85' lang='lat' dir='ltr'>eommunis</span> 
     </span>
     <span class='ocr_line' id='line_1_68' title="bbox 1062 1095 1799 1142; baseline 0.009 -17"><span class='ocrx_word' id='word_1_353' title='bbox 1062 1100 1093 1126; x_wconf 79' lang='lat' dir='ltr'>et</span> <span class='ocrx_word' id='word_1_354' title='bbox 1117 1095 1380 1128; x_wconf 81' lang='lat' dir='ltr'>constitutiomim</span> <span class='ocrx_word' id='word_1_355' title='bbox 1407 1098 1678 1139; x_wconf 80' lang='lat' dir='ltr'>apostolicarum,</span> <span class='ocrx_word' id='word_1_356' title='bbox 1703 1110 1799 1142; x_wconf 86' lang='lat' dir='ltr'>quam</span> 
     </span>
     <span class='ocr_line' id='line_1_69' title="bbox 1062 1147 1799 1193; baseline 0.009 -16"><span class='ocrx_word' id='word_1_357' title='bbox 1062 1158 1096 1178; x_wconf 82' lang='lat' dir='ltr'>ex</span> <span class='ocrx_word' id='word_1_358' title='bbox 1123 1147 1252 1179; x_wconf 85' lang='lat' dir='ltr'>Ordinis</span> <span class='ocrx_word' id='word_1_359' title='bbox 1278 1152 1309 1179; x_wconf 86' lang='lat' dir='ltr'>et</span> <span class='ocrx_word' id='word_1_360' title='bbox 1334 1155 1511 1181; x_wconf 72' lang='lat' dir='ltr'>conventus</span> <span class='ocrx_word' id='word_1_361' title='bbox 1530 1155 1560 1182; x_wconf 88' lang='lat' dir='ltr'>et</span> <span class='ocrx_word' id='word_1_362' title='bbox 1585 1152 1713 1193; x_wconf 73' lang='lat' dir='ltr'>collegii</span> <span class='ocrx_word' id='word_1_363' title='bbox 1740 1153 1799 1184; x_wconf 88' lang='grc'><strong>1111-</strong></span> 
     </span>
     <span class='ocr_line' id='line_1_70' title="bbox 1061 1201 1801 1245; baseline 0.008 -13"><span class='ocrx_word' id='word_1_364' title='bbox 1061 1201 1211 1240; x_wconf 81' lang='lat' dir='ltr'>iusmodi,</span> <span class='ocrx_word' id='word_1_365' title='bbox 1246 1202 1421 1234; x_wconf 79' lang='lat' dir='ltr'>aliorumve</span> <span class='ocrx_word' id='word_1_366' title='bbox 1454 1204 1637 1245; x_wconf 79' lang='lat' dir='ltr'>quorumvis</span> <span class='ocrx_word' id='word_1_367' title='bbox 1671 1211 1801 1238; x_wconf 85' lang='lat' dir='ltr'>statuto-</span> 
     </span>
     <span class='ocr_line' id='line_1_71' title="bbox 1062 1255 1799 1300; baseline 0.008 -15"><span class='ocrx_word' id='word_1_368' title='bbox 1062 1264 1151 1292; x_wconf 88' lang='lat' dir='ltr'>rum,</span> <span class='ocrx_word' id='word_1_369' title='bbox 1179 1255 1453 1288; x_wconf 84' lang='lat' dir='ltr'>eonsuetudimnn</span> <span class='ocrx_word' id='word_1_370' title='bbox 1490 1262 1521 1288; x_wconf 88' lang='lat' dir='ltr'>et</span> <span class='ocrx_word' id='word_1_371' title='bbox 1557 1257 1799 1300; x_wconf 74' lang='lat' dir='ltr'>privilegiorum</span> 
     </span>
     <span class='ocr_line' id='line_1_72' title="bbox 1062 1307 1800 1351; baseline 0.008 -13"><span class='ocrx_word' id='word_1_372' title='bbox 1062 1307 1284 1350; x_wconf 63' lang='lat' dir='ltr'>praescripto,</span> <span class='ocrx_word' id='word_1_373' title='bbox 1311 1318 1369 1339; x_wconf 87' lang='lat' dir='ltr'>usu</span> <span class='ocrx_word' id='word_1_374' title='bbox 1396 1313 1425 1340; x_wconf 87' lang='lat' dir='ltr'>et</span> <span class='ocrx_word' id='word_1_375' title='bbox 1451 1309 1532 1351; x_wconf 64' lang='lat' dir='ltr'>stylo</span> <span class='ocrx_word' id='word_1_376' title='bbox 1550 1336 1557 1349; x_wconf 91' lang='grc'><strong>,</strong></span> <span class='ocrx_word' id='word_1_377' title='bbox 1584 1309 1617 1342; x_wconf 82' lang='grc'>111</span> <span class='ocrx_word' id='word_1_378' title='bbox 1642 1311 1800 1343; x_wconf 79' lang='lat' dir='ltr'>similibus</span> 
     </span>
     <span class='ocr_line' id='line_1_73' title="bbox 1063 1359 1801 1405; baseline 0.008 -14"><span class='ocrx_word' id='word_1_379' title='bbox 1063 1359 1159 1392; x_wconf 86' lang='lat' dir='ltr'>etiam</span> <span class='ocrx_word' id='word_1_380' title='bbox 1171 1360 1209 1392; x_wconf 83' lang='lat' dir='ltr'>de</span> <span class='ocrx_word' id='word_1_381' title='bbox 1225 1361 1416 1393; x_wconf 80' lang='lat' dir='ltr'>necessitate</span> <span class='ocrx_word' id='word_1_382' title='bbox 1428 1363 1667 1405; x_wconf 80' lang='lat' dir='ltr'>servandarum,</span> <span class='ocrx_word' id='word_1_383' title='bbox 1682 1363 1801 1397; x_wconf 83' lang='lat' dir='ltr'>aliosve</span> 
     </span>
     <span class='ocr_line' id='line_1_74' title="bbox 1062 1412 1800 1454; baseline 0.008 -11"><span class='ocrx_word' id='word_1_384' title='bbox 1062 1412 1223 1454; x_wconf 84' lang='lat' dir='ltr'>quoslibet</span> <span class='ocrx_word' id='word_1_385' title='bbox 1240 1413 1335 1445; x_wconf 89' lang='lat' dir='ltr'>etiam</span> <span class='ocrx_word' id='word_1_386' title='bbox 1354 1414 1505 1447; x_wconf 80' lang='lat' dir='ltr'>formales</span> <span class='ocrx_word' id='word_1_387' title='bbox 1525 1420 1556 1447; x_wconf 87' lang='lat' dir='ltr'>et</span> <span class='ocrx_word' id='word_1_388' title='bbox 1573 1416 1800 1449; x_wconf 80' lang='lat' dir='ltr'>substantiales</span> 
     </span>
     <span class='ocr_line' id='line_1_75' title="bbox 1063 1465 1800 1506; baseline 0.005 -9"><span class='ocrx_word' id='word_1_389' title='bbox 1063 1465 1227 1506; x_wconf 80' lang='lat' dir='ltr'>desectus,</span> <span class='ocrx_word' id='word_1_390' title='bbox 1255 1467 1380 1498; x_wconf 84' lang='lat' dir='ltr'>etiamsi</span> <span class='ocrx_word' id='word_1_391' title='bbox 1413 1468 1493 1500; x_wconf 85' lang='lat' dir='ltr'>tales</span> <span class='ocrx_word' id='word_1_392' title='bbox 1523 1468 1629 1501; x_wconf 78' lang='lat' dir='ltr'>forent</span> <span class='ocrx_word' id='word_1_393' title='bbox 1661 1474 1696 1501; x_wconf 86' lang='lat' dir='ltr'>ut</span> <span class='ocrx_word' id='word_1_394' title='bbox 1720 1480 1800 1502; x_wconf 82' lang='lat' dir='ltr'>non·</span> 
     </span>
     <span class='ocr_line' id='line_1_76' title="bbox 1062 1518 1800 1563; baseline 0.007 -13"><span class='ocrx_word' id='word_1_395' title='bbox 1062 1518 1123 1551; x_wconf 87' lang='lat' dir='ltr'>nisi</span> <span class='ocrx_word' id='word_1_396' title='bbox 1150 1519 1231 1551; x_wconf 78' lang='lat' dir='ltr'>sacta</span> <span class='ocrx_word' id='word_1_397' title='bbox 1256 1520 1294 1552; x_wconf 88' lang='lat' dir='ltr'>de</span> <span class='ocrx_word' id='word_1_398' title='bbox 1321 1519 1366 1551; x_wconf 89' lang='lat' dir='ltr'>eis</span> <span class='ocrx_word' id='word_1_399' title='bbox 1393 1519 1544 1563; x_wconf 75' lang='lat' dir='ltr'>specifica</span> <span class='ocrx_word' id='word_1_400' title='bbox 1565 1521 1727 1554; x_wconf 87' lang='lat' dir='ltr'>mentione</span> <span class='ocrx_word' id='word_1_401' title='bbox 1753 1533 1800 1554; x_wconf 87' lang='lat' dir='ltr'>sa-</span> 
     </span>
     <span class='ocr_line' id='line_1_77' title="bbox 1062 1571 1799 1616; baseline 0.007 -13"><span class='ocrx_word' id='word_1_402' title='bbox 1062 1571 1130 1604; x_wconf 86' lang='lat' dir='ltr'>nari</span> <span class='ocrx_word' id='word_1_403' title='bbox 1163 1577 1315 1615; x_wconf 82' lang='lat' dir='ltr'>possent,</span> <span class='ocrx_word' id='word_1_404' title='bbox 1343 1572 1366 1604; x_wconf 91' lang='lat' dir='ltr'>si</span> <span class='ocrx_word' id='word_1_405' title='bbox 1394 1573 1447 1615; x_wconf 83' lang='lat' dir='ltr'>qui</span> <span class='ocrx_word' id='word_1_406' title='bbox 1472 1573 1504 1605; x_wconf 91' lang='lat' dir='ltr'>in</span> <span class='ocrx_word' id='word_1_407' title='bbox 1540 1573 1727 1616; x_wconf 79' lang='lat' dir='ltr'>praemissis</span> <span class='ocrx_word' id='word_1_408' title='bbox 1753 1577 1799 1609; x_wconf 81' lang='lat' dir='ltr'>vel</span> 
     </span>
     <span class='ocr_line' id='line_1_78' title="bbox 1061 1625 1801 1669; baseline 0.007 -13"><span class='ocrx_word' id='word_1_409' title='bbox 1061 1634 1171 1657; x_wconf 88' lang='lat' dir='ltr'>eorum</span> <span class='ocrx_word' id='word_1_410' title='bbox 1198 1625 1306 1668; x_wconf 86' lang='lat' dir='ltr'>aliquo</span> <span class='ocrx_word' id='word_1_411' title='bbox 1332 1625 1557 1669; x_wconf 78' lang='lat' dir='ltr'>principaliter</span> <span class='ocrx_word' id='word_1_412' title='bbox 1580 1629 1629 1660; x_wconf 79' lang='lat' dir='ltr'>vel</span> <span class='ocrx_word' id='word_1_413' title='bbox 1656 1638 1801 1661; x_wconf 66' lang='lat' dir='ltr'>accesso-</span> 
     </span>
     <span class='ocr_line' id='line_1_79' title="bbox 1061 1677 1800 1722; baseline 0.005 -13"><span class='ocrx_word' id='word_1_414' title='bbox 1061 1678 1107 1709; x_wconf 87' lang='lat' dir='ltr'>rie</span> <span class='ocrx_word' id='word_1_415' title='bbox 1126 1683 1179 1709; x_wconf 89' lang='lat' dir='ltr'>aut</span> <span class='ocrx_word' id='word_1_416' title='bbox 1196 1677 1274 1710; x_wconf 77' lang='lat' dir='ltr'>alias</span> <span class='ocrx_word' id='word_1_417' title='bbox 1291 1679 1537 1722; x_wconf 20' lang='lat' dir='ltr'>‘quomodolibet</span> <span class='ocrx_word' id='word_1_418' title='bbox 1558 1679 1800 1720; x_wconf 70' lang='lat' dir='ltr'>intervenerint,</span> 
     </span>
     <span class='ocr_line' id='line_1_80' title="bbox 1061 1731 1801 1776; baseline 0.005 -14"><span class='ocrx_word' id='word_1_419' title='bbox 1061 1741 1116 1763; x_wconf 89' lang='grc'><strong>5011</strong></span> <span class='ocrx_word' id='word_1_420' title='bbox 1144 1731 1353 1763; x_wconf 61' lang='lat' dir='ltr'>intervenisse</span> <span class='ocrx_word' id='word_1_421' title='bbox 1380 1731 1453 1771; x_wconf 86' lang='grc'><strong>(1101,</strong></span> <span class='ocrx_word' id='word_1_422' title='bbox 1479 1733 1602 1765; x_wconf 81' lang='lat' dir='ltr'>censeri</span> <span class='ocrx_word' id='word_1_423' title='bbox 1629 1735 1677 1766; x_wconf 77' lang='lat' dir='ltr'>vel</span> <span class='ocrx_word' id='word_1_424' title='bbox 1710 1744 1801 1776; x_wconf 82' lang='lat' dir='ltr'>prae-</span> 
     </span>
     <span class='ocr_line' id='line_1_81' title="bbox 1061 1784 1799 1829; baseline 0.005 -13"><span class='ocrx_word' id='word_1_425' title='bbox 1061 1784 1148 1816; x_wconf 88' lang='lat' dir='ltr'>tendi</span> <span class='ocrx_word' id='word_1_426' title='bbox 1175 1789 1318 1827; x_wconf 80' lang='lat' dir='ltr'>possent,</span> <span class='ocrx_word' id='word_1_427' title='bbox 1344 1785 1531 1828; x_wconf 78' lang='lat' dir='ltr'>plenissime</span> <span class='ocrx_word' id='word_1_428' title='bbox 1549 1792 1580 1819; x_wconf 86' lang='lat' dir='ltr'>et</span> <span class='ocrx_word' id='word_1_429' title='bbox 1599 1787 1799 1829; x_wconf 77' lang='lat' dir='ltr'>amplissime</span> 
     </span>
     <span class='ocr_line' id='line_1_82' title="bbox 1061 1837 1799 1882; baseline 0.003 -14"><span class='ocrx_word' id='word_1_430' title='bbox 1061 1837 1251 1880; x_wconf 86' lang='lat' dir='ltr'>supplemus</span> <span class='ocrx_word' id='word_1_431' title='bbox 1287 1842 1318 1869; x_wconf 89' lang='lat' dir='ltr'>et</span> <span class='ocrx_word' id='word_1_432' title='bbox 1354 1848 1524 1877; x_wconf 83' lang='lat' dir='ltr'>sanamus,</span> <span class='ocrx_word' id='word_1_433' title='bbox 1551 1850 1586 1871; x_wconf 82' lang='lat' dir='ltr'>ae</span> <span class='ocrx_word' id='word_1_434' title='bbox 1612 1840 1741 1882; x_wconf 80' lang='lat' dir='ltr'>penitus</span> <span class='ocrx_word' id='word_1_435' title='bbox 1767 1845 1799 1872; x_wconf 74' lang='grc'>01,</span> 
     </span>
     <span class='ocr_line' id='line_1_83' title="bbox 1060 1890 1619 1925; baseline 0.004 -2"><span class='ocrx_word' id='word_1_436' title='bbox 1060 1890 1193 1923; x_wconf 87' lang='lat' dir='ltr'>omnino</span> <span class='ocrx_word' id='word_1_437' title='bbox 1218 1890 1361 1923; x_wconf 87' lang='lat' dir='ltr'>tollimus</span> <span class='ocrx_word' id='word_1_438' title='bbox 1387 1896 1418 1924; x_wconf 89' lang='lat' dir='ltr'>et</span> <span class='ocrx_word' id='word_1_439' title='bbox 1442 1892 1619 1925; x_wconf 83' lang='lat' dir='ltr'>abolemus.</span> 
     </span>
    </p>

    <p class='ocr_par' dir='ltr' id='par_1_10' title="bbox 1061 1943 1802 2623">
     <span class='ocr_line' id='line_1_84' title="bbox 1104 1943 1799 1988; baseline 0.007 -14"><span class='ocrx_word' id='word_1_440' title='bbox 1104 1943 1118 1985; x_wconf 66' lang='lat' dir='ltr'>g</span> <span class='ocrx_word' id='word_1_441' title='bbox 1143 1943 1173 1975; x_wconf 70' lang='lat'>4.</span> <span class='ocrx_word' id='word_1_442' title='bbox 1201 1943 1420 1976; x_wconf 77' lang='lat' dir='ltr'>Decernentes</span> <span class='ocrx_word' id='word_1_443' title='bbox 1441 1945 1525 1987; x_wconf 87' lang='lat' dir='ltr'>ipsas</span> <span class='ocrx_word' id='word_1_444' title='bbox 1546 1951 1733 1988; x_wconf 85' lang='lat' dir='ltr'>praesentes</span> <span class='ocrx_word' id='word_1_445' title='bbox 1751 1947 1799 1980; x_wconf 88' lang='lat' dir='ltr'>lit-</span> 
     </span>
     <span class='ocr_line' id='line_1_85' title="bbox 1061 1996 1795 2043; baseline 0.007 -16"><span class='ocrx_word' id='word_1_446' title='bbox 1061 2000 1164 2036; x_wconf 83' lang='lat' dir='ltr'>teras,</span> <span class='ocrx_word' id='word_1_447' title='bbox 1191 2002 1223 2028; x_wconf 91' lang='lat' dir='ltr'>et</span> <span class='ocrx_word' id='word_1_448' title='bbox 1247 1996 1278 2028; x_wconf 90' lang='lat' dir='ltr'>in</span> <span class='ocrx_word' id='word_1_449' title='bbox 1305 1997 1350 2029; x_wconf 85' lang='lat' dir='ltr'>eis</span> <span class='ocrx_word' id='word_1_450' title='bbox 1377 2002 1527 2030; x_wconf 75' lang='lat' dir='ltr'>contenta</span> <span class='ocrx_word' id='word_1_451' title='bbox 1553 2010 1795 2043; x_wconf 81' lang='lat' dir='ltr'>quaecumque,</span> 
     </span>
     <span class='ocr_line' id='line_1_86' title="bbox 1061 2044 1800 2094; baseline 0.007 -14"><span class='ocrx_word' id='word_1_452' title='bbox 1061 2048 1156 2081; x_wconf 88' lang='lat' dir='ltr'>etiam</span> <span class='ocrx_word' id='word_1_453' title='bbox 1186 2044 1225 2081; x_wconf 66' lang='lat' dir='ltr'>&#39;ex</span> <span class='ocrx_word' id='word_1_454' title='bbox 1257 2059 1295 2082; x_wconf 87' lang='lat' dir='ltr'>eo</span> <span class='ocrx_word' id='word_1_455' title='bbox 1330 2050 1415 2092; x_wconf 82' lang='lat' dir='ltr'>quod</span> <span class='ocrx_word' id='word_1_456' title='bbox 1448 2051 1559 2083; x_wconf 82' lang='lat' dir='ltr'>fratres</span> <span class='ocrx_word' id='word_1_457' title='bbox 1595 2052 1732 2094; x_wconf 82' lang='lat' dir='ltr'>praefati</span> <span class='ocrx_word' id='word_1_458' title='bbox 1769 2058 1800 2085; x_wconf 87' lang='lat' dir='ltr'>et</span> 
     </span>
     <span class='ocr_line' id='line_1_87' title="bbox 1061 2101 1800 2145; baseline 0.005 -12"><span class='ocrx_word' id='word_1_459' title='bbox 1061 2101 1115 2133; x_wconf 89' lang='lat' dir='ltr'>alii</span> <span class='ocrx_word' id='word_1_460' title='bbox 1135 2101 1280 2144; x_wconf 84' lang='lat' dir='ltr'>quilibet,</span> <span class='ocrx_word' id='word_1_461' title='bbox 1300 2101 1396 2134; x_wconf 85' lang='lat' dir='ltr'>etiam</span> <span class='ocrx_word' id='word_1_462' title='bbox 1418 2102 1568 2145; x_wconf 74' lang='lat' dir='ltr'>specifica</span> <span class='ocrx_word' id='word_1_463' title='bbox 1585 2109 1616 2136; x_wconf 88' lang='lat' dir='ltr'>et.</span> <span class='ocrx_word' id='word_1_464' title='bbox 1637 2104 1800 2137; x_wconf 70' lang='lat' dir='ltr'>individua</span> 
     </span>
     <span class='ocr_line' id='line_1_88' title="bbox 1061 2154 1801 2200; baseline 0.007 -15"><span class='ocrx_word' id='word_1_465' title='bbox 1061 2154 1225 2186; x_wconf 85' lang='lat' dir='ltr'>mentione</span> <span class='ocrx_word' id='word_1_466' title='bbox 1247 2160 1278 2187; x_wconf 83' lang='lat' dir='ltr'>et</span> <span class='ocrx_word' id='word_1_467' title='bbox 1303 2156 1509 2198; x_wconf 74' lang='lat' dir='ltr'>expressione</span> <span class='ocrx_word' id='word_1_468' title='bbox 1528 2156 1632 2199; x_wconf 79' lang='lat' dir='ltr'>digni,</span> <span class='ocrx_word' id='word_1_469' title='bbox 1657 2157 1688 2189; x_wconf 92' lang='lat' dir='ltr'>in</span> <span class='ocrx_word' id='word_1_470' title='bbox 1707 2168 1801 2200; x_wconf 85' lang='lat' dir='ltr'>prae-</span> 
     </span>
     <span class='ocr_line' id='line_1_89' title="bbox 1062 2206 1799 2249; baseline 0.008 -11"><span class='ocrx_word' id='word_1_471' title='bbox 1062 2206 1166 2239; x_wconf 87' lang='lat' dir='ltr'>missis</span> <span class='ocrx_word' id='word_1_472' title='bbox 1191 2206 1345 2240; x_wconf 83' lang='lat' dir='ltr'>interesse</span> <span class='ocrx_word' id='word_1_473' title='bbox 1384 2209 1558 2249; x_wconf 85' lang='lat' dir='ltr'>habentes,</span> <span class='ocrx_word' id='word_1_474' title='bbox 1593 2220 1648 2243; x_wconf 85' lang='lat' dir='ltr'>seu</span> <span class='ocrx_word' id='word_1_475' title='bbox 1681 2211 1799 2244; x_wconf 77' lang='lat' dir='ltr'>babere</span> 
     </span>
     <span class='ocr_line' id='line_1_90' title="bbox 1062 2260 1799 2303; baseline 0.008 -12"><span class='ocrx_word' id='word_1_476' title='bbox 1062 2260 1307 2302; x_wconf 87' lang='lat' dir='ltr'>quomodolibet</span> <span class='ocrx_word' id='word_1_477' title='bbox 1343 2263 1606 2303; x_wconf 84' lang='lat' dir='ltr'>praetendentes,</span> <span class='ocrx_word' id='word_1_478' title='bbox 1635 2263 1698 2296; x_wconf 88' lang='lat' dir='ltr'>illis</span> <span class='ocrx_word' id='word_1_479' title='bbox 1734 2275 1799 2297; x_wconf 89' lang='lat' dir='ltr'>non</span> 
     </span>
     <span class='ocr_line' id='line_1_91' title="bbox 1063 2314 1801 2356; baseline 0.007 -11"><span class='ocrx_word' id='word_1_480' title='bbox 1063 2314 1300 2354; x_wconf 85' lang='lat' dir='ltr'>consenserint,</span> <span class='ocrx_word' id='word_1_481' title='bbox 1323 2324 1377 2346; x_wconf 79' lang='lat' dir='ltr'>seu</span> <span class='ocrx_word' id='word_1_482' title='bbox 1403 2315 1442 2347; x_wconf 89' lang='lat' dir='ltr'>ad</span> <span class='ocrx_word' id='word_1_483' title='bbox 1468 2326 1505 2347; x_wconf 85' lang='lat' dir='ltr'>ea</span> <span class='ocrx_word' id='word_1_484' title='bbox 1528 2316 1644 2356; x_wconf 77' lang='lat' dir='ltr'>vocati,</span> <span class='ocrx_word' id='word_1_485' title='bbox 1664 2317 1750 2349; x_wconf 79' lang='lat' dir='ltr'>citati</span> <span class='ocrx_word' id='word_1_486' title='bbox 1770 2323 1801 2350; x_wconf 85' lang='lat' dir='ltr'>et</span> 
     </span>
     <span class='ocr_line' id='line_1_92' title="bbox 1063 2365 1801 2412; baseline 0.008 -16"><span class='ocrx_word' id='word_1_487' title='bbox 1063 2365 1183 2405; x_wconf 81' lang='lat' dir='ltr'>auditi,</span> <span class='ocrx_word' id='word_1_488' title='bbox 1209 2367 1257 2398; x_wconf 87' lang='lat' dir='ltr'>vel</span> <span class='ocrx_word' id='word_1_489' title='bbox 1284 2376 1411 2406; x_wconf 82' lang='lat' dir='ltr'>causae,</span> <span class='ocrx_word' id='word_1_490' title='bbox 1446 2373 1580 2411; x_wconf 87' lang='lat' dir='ltr'>propter</span> <span class='ocrx_word' id='word_1_491' title='bbox 1605 2380 1684 2412; x_wconf 89' lang='lat' dir='ltr'>quas</span> <span class='ocrx_word' id='word_1_492' title='bbox 1708 2381 1801 2412; x_wconf 80' lang='lat' dir='ltr'>prae-</span> 
     </span>
     <span class='ocr_line' id='line_1_93' title="bbox 1063 2419 1799 2459; baseline 0.007 -9"><span class='ocrx_word' id='word_1_493' title='bbox 1063 2423 1172 2451; x_wconf 88' lang='lat' dir='ltr'>sentes</span> <span class='ocrx_word' id='word_1_494' title='bbox 1192 2419 1383 2459; x_wconf 89' lang='lat' dir='ltr'>emanarint,</span> <span class='ocrx_word' id='word_1_495' title='bbox 1401 2420 1558 2453; x_wconf 82' lang='lat' dir='ltr'>adductae</span> <span class='ocrx_word' id='word_1_496' title='bbox 1573 2427 1604 2454; x_wconf 86' lang='lat' dir='ltr'>et</span> <span class='ocrx_word' id='word_1_497' title='bbox 1619 2423 1799 2456; x_wconf 81' lang='lat' dir='ltr'>verificatae</span> 
     </span>
     <span class='ocr_line' id='line_1_94' title="bbox 1062 2471 1800 2518; baseline 0.007 -16"><span class='ocrx_word' id='word_1_498' title='bbox 1062 2481 1128 2503; x_wconf 90' lang='lat' dir='ltr'>non</span> <span class='ocrx_word' id='word_1_499' title='bbox 1145 2471 1275 2511; x_wconf 79' lang='lat' dir='ltr'>suerint,</span> <span class='ocrx_word' id='word_1_500' title='bbox 1292 2477 1344 2504; x_wconf 85' lang='lat' dir='ltr'>aut</span> <span class='ocrx_word' id='word_1_501' title='bbox 1357 2483 1393 2505; x_wconf 78' lang='lat' dir='ltr'>ex</span> <span class='ocrx_word' id='word_1_502' title='bbox 1409 2473 1470 2506; x_wconf 78' lang='lat' dir='ltr'>alia</span> <span class='ocrx_word' id='word_1_503' title='bbox 1486 2485 1687 2518; x_wconf 75' lang='lat' dir='ltr'>quacumque</span> <span class='ocrx_word' id='word_1_504' title='bbox 1704 2486 1800 2518; x_wconf 77' lang='lat' dir='ltr'>quan-</span> 
     </span>
     <span class='ocr_line' id='line_1_95' title="bbox 1063 2523 1797 2570; baseline 0.007 -15"><span class='ocrx_word' id='word_1_505' title='bbox 1063 2523 1178 2556; x_wconf 81' lang='lat' dir='ltr'>tumvis</span> <span class='ocrx_word' id='word_1_506' title='bbox 1210 2524 1351 2567; x_wconf 61' lang='lat' dir='ltr'>legitima</span> <span class='ocrx_word' id='word_1_507' title='bbox 1384 2531 1415 2558; x_wconf 84' lang='lat' dir='ltr'>et</span> <span class='ocrx_word' id='word_1_508' title='bbox 1445 2527 1647 2570; x_wconf 59' lang='lat' dir='ltr'>privilegiata</span> <span class='ocrx_word' id='word_1_509' title='bbox 1681 2531 1797 2569; x_wconf 78' lang='grc'><strong>01111511,</strong></span> 
     </span>
     <span class='ocr_line' id='line_1_96' title="bbox 1062 2578 1802 2623; baseline 0.005 -14"><span class='ocrx_word' id='word_1_510' title='bbox 1062 2578 1181 2618; x_wconf 80' lang='lat' dir='ltr'>colore,</span> <span class='ocrx_word' id='word_1_511' title='bbox 1198 2583 1367 2621; x_wconf 63' lang='lat' dir='ltr'>praetextu</span> <span class='ocrx_word' id='word_1_512' title='bbox 1387 2584 1418 2611; x_wconf 88' lang='lat' dir='ltr'>et</span> <span class='ocrx_word' id='word_1_513' title='bbox 1435 2585 1547 2623; x_wconf 76' lang='lat' dir='ltr'>capite,</span> <span class='ocrx_word' id='word_1_514' title='bbox 1568 2581 1662 2613; x_wconf 84' lang='lat' dir='ltr'>etiam</span> <span class='ocrx_word' id='word_1_515' title='bbox 1683 2581 1715 2613; x_wconf 91' lang='lat' dir='ltr'>in</span> <span class='ocrx_word' id='word_1_516' title='bbox 1733 2592 1802 2615; x_wconf 79' lang='lat' dir='ltr'>cor-</span> 
     </span>
    </p>
   </div>
   <div class='ocr_carea' id='block_1_10' title="bbox 1810 204 1990 247">
    <p class='ocr_par' dir='ltr' id='par_1_11' title="bbox 1810 204 1990 247">
     <span class='ocr_line' id='line_1_97' title="bbox 1810 204 1990 247; baseline 0.011 -17"><span class='ocrx_word' id='word_1_517' title='bbox 1810 205 1857 230; x_wconf 74' lang='grc' dir='ltr'><strong>Λι1.</strong></span> <span class='ocrx_word' id='word_1_518' title='bbox 1874 204 1905 247; x_wconf 52' lang='lat' dir='ltr'>a</span> <span class='ocrx_word' id='word_1_519' title='bbox 1926 204 1990 232; x_wconf 68' lang='lat' dir='ltr'>toni</span> 
     </span>
    </p>
   </div>
   <div class='ocr_carea' id='block_1_11' title="bbox 1810 1955 1993 2002">
    <p class='ocr_par' dir='ltr' id='par_1_12' title="bbox 1810 1955 1993 2002">
     <span class='ocr_line' id='line_1_98' title="bbox 1837 1955 1993 1977; baseline 0.013 -2"><span class='ocrx_word' id='word_1_520' title='bbox 1837 1955 1950 1976; x_wconf 81' lang='lat' dir='ltr'>Decretum</span> <span class='ocrx_word' id='word_1_521' title='bbox 1968 1957 1993 1977; x_wconf 81' lang='lat' dir='ltr'>ir·</span> 
     </span>
     <span class='ocr_line' id='line_1_99' title="bbox 1810 1985 1883 2002; baseline 0.014 -1"><span class='ocrx_word' id='word_1_522' title='bbox 1810 1985 1883 2002; x_wconf 71' lang='lat' dir='ltr'>l&#39;lldssS.</span> 
     </span>
    </p>
   </div>
  </div>
 </body>
</html>
