2247 3208
117 245 166 271 An.
186 246 214 272 C.
238 245 302 273 tbssss

135 1043 178 1063 Sed
193 1049 232 1063 non
254 1043 292 1063 snit

106 1070 250 1090 obs-ermuini.

931 248 1074 272 CLEMENS
1097 249 1127 272 lx
1151 249 1200 272 Pr.

310 293 407 327 lndiis
434 295 615 338 praedictis.
645 300 675 328 et
695 307 759 329 non
786 296 816 329 in
843 296 922 329 alios
946 307 1043 329 usus:

308 357 345 379 ac
370 347 489 380 eisdem
520 349 743 392 superioribus
776 350 922 382 districte
955 360 1046 393 prac-

309 400 404 444 cepit,
430 401 489 433 sub
512 402 635 435 eisdem
654 403 779 446 poenis,
800 408 835 435 ut
852 403 883 435 in
911 404 972 436 hoc
998 403 1045 435 in-

309 453 501 496 vigilarent.
529 459 559 486 et
596 460 708 487 contra
744 455 972 498 delinquentes
1007 455 1044 487 ad

308 507 490 549 praedictas
517 518 637 551 poenas
663 508 890 551 procederent,
921 508 1045 540 sublata

307 559 432 592 eisdem
459 560 608 593 facultate
639 560 824 593 huiusmodi
851 561 1044 602 delinquen-

309 611 394 644 tibus
420 613 541 656 aliquid
567 624 603 646 ex
630 613 724 645 dictis
757 612 918 645 mercibus
943 617 973 644 et
997 613 1044 644 lu-

306 665 368 697 cris
385 666 590 708 (piantumvis
605 666 773 698 minimum
789 666 974 699 remittendi
989 670 1044 699 aut

308 719 524 755 condonandi.
551 725 583 752 et
607 719 684 751 alias
709 724 806 761 prout
831 718 861 750 in
888 719 970 751 dicta
990 719 1044 751 [r-

306 771 380 803 bani
407 772 668 815 praedecessoris
689 772 931 813 constitutione,
951 773 1043 805 cuius

306 830 453 857 tenorem
479 825 705 868 praesentibus
724 836 782 868 pro
800 826 896 868 plene
924 831 954 858 et
980 827 1043 858 sus-
1063 821 1066 833 ¹

304 878 451 910 ficienter
479 888 635 921 expresso
661 889 696 910 ac
721 879 760 911 de
785 879 884 911 verbo
911 880 948 911 ad
975 890 1042 911 ver-

304 930 380 962 bum
412 930 533 963 inserto
565 931 681 964 haberi
716 932 882 969 volumus,
907 933 1040 965 uberius

304 984 499 1017 continetur.

348 1037 362 1079 ἕξ
388 1037 418 1069 2.
445 1037 523 1070 Cum
549 1044 652 1071 autem
679 1038 771 1079 (sicut
798 1049 862 1071 non
881 1039 949 1071 sine
971 1049 1041 1081 gra-

304 1090 435 1123 vissimo
461 1091 557 1124 animi
580 1092 680 1124 nostri
707 1092 819 1125 dolore
845 1093 1041 1135 accepimus)

305 1144 397 1176 multi
422 1154 458 1176 ev
484 1144 598 1176 iisdem
629 1144 793 1186 religiosis
829 1150 858 1177 et
890 1145 1040 1188 personis

306 1196 550 1235 ecclesiasticis,
577 1197 729 1240 propriae
754 1197 968 1240 professionis
995 1198 1042 1229 in—

305 1248 470 1291 iunctique
497 1249 557 1282 sibi
584 1249 763 1291 gravissimi
788 1249 958 1282 ministerii
983 1250 1042 1281 im-

305 1312 486 1341 memores,
521 1303 560 1335 ah
599 1303 760 1336 eiusmodi
796 1306 977 1335 mercatura
1012 1309 1041 1335 et

305 1355 584 1397 negotiationibus
615 1355 815 1390 secularibus
849 1366 911 1387 nou
944 1356 1042 1388 absti-

305 1413 412 1448 neant,
431 1408 487 1440 sed
506 1418 575 1440 sese
594 1419 612 1440 a
629 1408 736 1440 debita
753 1407 939 1451 praedictae
964 1419 1041 1441 con-

305 1460 482 1492 stitutionis
504 1460 624 1492 Urbani
641 1461 907 1503 praedecessoris
933 1461 1042 1494 obser-
1062 1492 1063 1499 ,

1062 1532 1066 1573 ι
1084 1512 1305 1552 Orientalium,
1322 1517 1353 1544 et
1369 1512 1559 1555 praesertim
1575 1512 1608 1544 in
1625 1513 1823 1556 provinciam

306 1571 338 1598 et
354 1566 562 1608 subterfugiis
579 1566 719 1599 eximere
737 1566 842 1599 conati
862 1566 988 1605 suerint,
1011 1573 1042 1600 et
1062 1575 1064 1580 ·

305 1623 452 1661 satagant
477 1619 515 1652 de
540 1619 720 1662 praesenti,
746 1619 779 1651 in
810 1619 1041 1662 deplorandam
1062 1637 1064 1643 ‹

303 1513 431 1546 vatione
450 1513 507 1545 sub
520 1514 615 1546 variis
629 1514 863 1557 praetextibus,
880 1514 1041 1547 coloribus

306 1672 486 1704 animarum
517 1683 644 1705 suarum
669 1672 908 1715 perditionem,
934 1674 1043 1716 perni-

306 1724 430 1757 ciosum
455 1735 583 1768 quoque
608 1726 790 1768 exemplum
811 1731 842 1758 et
858 1726 1041 1759 scandalum

305 1779 541 1821 plurimorum:
578 1789 650 1817 nos,
678 1779 877 1817 salutaribus
898 1779 1041 1812 [loc-toris

306 1830 457 1864 Gentium
481 1832 664 1875 praeceptis
690 1831 809 1871 edocti,
836 1833 923 1875 quod
950 1843 1042 1865 uenio

308 1884 449 1917 militaus
468 1884 533 1917 Deo
562 1885 707 1928 implicat
734 1895 767 1917 se
793 1885 931 1927 negotiis
955 1896 1043 1918 secu-

306 1937 448 1977 laribus,
475 1942 511 1969 ut
534 1937 563 1970 ei
589 1938 717 1980 placeat
743 1937 792 1969 cui
817 1948 849 1970 se
875 1938 1041 1980 probavit,

307 1995 372 2022 tam
397 1989 519 2034 grande
538 1994 666 2033 tamque
692 1989 863 2022 exitiosum
882 1991 919 2022 ab
937 1990 1043 2023 Eccle—

306 2043 351 2075 sia
369 2043 424 2075 Dei
440 2044 559 2076 malum
584 2043 753 2086 apostolici
770 2043 828 2076 zeli
848 2044 957 2086 vigore
973 2055 1044 2087 pro-

306 2096 451 2138 pellere,
481 2095 774 2139 scandalorumque
802 2096 877 2129 inde
908 2107 1044 2129 nascen-

308 2147 386 2180 tium
412 2147 602 2181 occasiones
628 2148 786 2188 recidere,
804 2159 838 2181 ac
863 2149 957 2181 saluti
979 2149 1044 2181 ani-

307 2211 430 2233 marum
463 2205 494 2233 et
517 2201 714 2234 christianae
740 2201 908 2243 religionis
933 2202 1045 2234 catho-

308 2253 456 2296 licaeque
491 2253 567 2286 fidei
601 2255 854 2297 propagationi,
890 2260 1044 2297 quantum

309 2306 401 2339 nobis
418 2317 455 2339 ex
473 2308 538 2340 alto
559 2308 755 2347 conceditur,
778 2307 952 2340 salubriter
975 2318 1046 2339 con-

309 2361 430 2399 sulere,
457 2370 650 2403 omnemque
675 2361 840 2394 lucrorum
865 2361 1045 2393 mundano-

308 2423 378 2445 rum
398 2423 490 2456 spem
513 2413 662 2456 personis
687 2413 817 2446 caelesti
842 2413 975 2446 militiae
993 2414 1046 2446 ad-

308 2466 455 2509 scriptis,
485 2465 677 2509 praesertim
701 2466 740 2498 ad
764 2466 943 2499 infidelium
969 2477 1046 2499 con-

308 2519 490 2552 versionem
521 2524 553 2551 et
576 2518 739 2561 Evangelii
772 2518 1044 2561 praedicationem

310 2572 489 2612 destinatis,
509 2582 586 2616 quas
612 2571 693 2604 sicut
717 2572 821 2604 honos
846 2571 962 2603 Christi
989 2571 1044 2603 nii-

310 2625 383 2661 lites
407 2625 553 2658 laborare
578 2630 609 2658 et
632 2624 848 2657 ministerium
873 2635 966 2657 suum
992 2624 1046 2656 ho—

1068 294 1069 320 l
1090 296 1261 329 norisicare
1286 301 1436 340 oportet,
1468 301 1504 329 ut
1530 307 1567 330 eo
1600 296 1765 329 studiosus
1789 307 1826 329 ac

1066 385 1069 403 5
1090 349 1285 393 impensius,
1319 350 1505 393 adspirante
1539 349 1669 392 superni
1707 349 1824 382 favoris

1089 402 1216 443 auxilio,
1235 403 1351 435 horrea
1366 403 1491 436 Domini
1510 402 1601 435 novis
1618 412 1747 446 semper
1764 402 1826 434 sru-

1089 455 1181 497 gibns
1208 456 1404 498 locupletare
1430 460 1585 498 satagant,
1606 455 1738 489 omnino
1757 455 1824 488 adi-

1087 518 1173 540 mere
1200 508 1411 541 decrevimus.

1131 561 1156 602 ξ·
1169 560 1200 594 3.
1220 561 1340 604 ltaque,
1356 562 1452 594 sacris
1469 562 1645 595 canonibus
1663 573 1698 595 ac
1716 563 1825 595 decre-

1086 719 1204 751 L'rbani
1222 720 1482 763 praedecessoris
1499 721 1774 760 constitutionem,
1791 721 1822 754 iu

1085 771 1124 805 iis
1142 783 1225 815 quae
1251 773 1477 816 praesentibus
1497 773 1613 806 litteris
1631 784 1695 806 non
1714 774 1824 807 adver-

1087 831 1218 866 santur,
1245 827 1464 869 approbantes
1495 832 1525 859 et
1551 827 1759 868 innovantes,
1793 833 1826 860 et

1086 879 1170 912 circa
1194 879 1373 923 praemissa
1393 880 1430 912 de
1457 890 1539 912 novo
1565 880 1775 922 disponentes
1794 886 1826 913 et

1086 936 1287 971 statuentes,
1314 937 1404 965 motu
1435 933 1568 975 proprio
1584 958 1591 971 ‚
1616 943 1650 964 ac
1676 943 1712 965 ex
1737 935 1825 966 certa

1063 987 1064 991 ’
1086 985 1221 1017 scientia
1246 990 1275 1017 et
1300 987 1423 1017 matura
1440 985 1677 1018 deliberatione
1696 986 1823 1025 nostris,

1086 1038 1190 1081 deque
1211 1038 1408 1081 apostolicae
1427 1037 1593 1080 potcstatis
1611 1037 1822 1081 plenitudine,

1086 1091 1234 1122 omnibus
1260 1096 1292 1123 et
1316 1090 1451 1133 singulis
1477 1090 1626 1134 personis
1656 1090 1824 1124 ecclesias-

1086 1143 1167 1182 ticis,
1189 1148 1252 1175 tam
1270 1143 1470 1176 secularibus
1489 1154 1584 1186 quam
1602 1143 1822 1185 regularibus,

1086 1196 1312 1239 cuiuscumque
1340 1202 1448 1235 status,
1474 1197 1603 1238 gradus,
1626 1196 1823 1229 conditionis

1062 1270 1064 1282 .
1085 1255 1118 1281 ct
1141 1249 1322 1292 qualitatis,
1348 1260 1383 1281 ac
1408 1249 1545 1281 cuiusvis
1570 1249 1696 1282 Ordinis
1712 1276 1719 1288 ,
1748 1260 1825 1282 con-

1085 1301 1283 1344 gregationis
1309 1307 1341 1334 et
1364 1302 1519 1341 instituti,
1549 1307 1609 1334 tam
1642 1302 1824 1335 Mendican-

1086 1354 1164 1385 tium
1199 1364 1293 1396 quam
1328 1364 1394 1386 non
1425 1353 1698 1394 Mendicantium,
1726 1355 1823 1387 etiam

1084 1406 1253 1438 Societatis
1280 1406 1359 1445 lesu,
1387 1411 1419 1438 et
1443 1417 1552 1439 earum
1574 1406 1719 1447 cuilibet,
1743 1417 1822 1450 quae

1084 1459 1123 1491 ad
1148 1459 1280 1497 insulas
1308 1459 1502 1502 provincias,
1530 1469 1630 1501 regna
1660 1459 1823 1493 Indiarum

1084 1565 1252 1599 Societatis
1284 1565 1353 1597 Iesu
1378 1566 1417 1598 de
1441 1565 1559 1609 Iapone
1584 1571 1820 1608 nuncupatam,

1084 1629 1120 1651 ac
1152 1618 1184 1650 in
1215 1623 1323 1662 partes
1356 1618 1541 1658 Americae,
1568 1601 1823 1651 tam-australes

1086 1682 1180 1714 quam
1193 1670 1485 1714 septemtrionales,
1501 1682 1517 1703 a
1531 1671 1612 1703 Sede
1628 1671 1822 1714 Apostolica,

1084 1726 1133 1757 vel
1158 1724 1410 1766 congregatione
1429 1723 1666 1756 venerabilium
1687 1724 1821 1756 fratrum

1085 1783 1271 1810 nostrorum
1289 1777 1319 1810 S.
1340 1777 1377 1809 R.
1397 1777 1431 1809 E.
1453 1777 1666 1810 cardinalium
1684 1777 1822 1820 negotiis

1086 1831 1313 1874 propagandae
1328 1830 1415 1863 Fidei
1433 1830 1702 1873 praepositorum,
1717 1836 1770 1863 aut
1783 1831 1822 1863 ab

1086 1894 1196 1916 caium
1215 1883 1446 1926 superioribus,
1465 1884 1524 1915 sub
1545 1883 1675 1917 nomine
1697 1883 1823 1916 missio-

1064 1937 1065 1949 *
1086 1936 1259 1975 uariorum,
1276 1941 1330 1968 aut
1347 1935 1459 1978 quovis
1477 1936 1540 1969 alio
1554 1936 1654 1976 titulo,
1669 1946 1728 1979 pro
1748 1941 1824 1969 tem-

1086 2000 1164 2033 pore
1182 1990 1300 2022 missae
1318 1990 1448 2029 fuerint,
1469 1995 1521 2022 aut
1542 1990 1574 2022 in
1592 1990 1656 2023 illis
1674 1990 1822 2033 partibus

1087 2043 1329 2086 quomodolibet
1355 2043 1586 2083 morabuntur,
1613 2043 1671 2076 sub
1697 2054 1824 2076 excom-

1085 2096 1312 2128 municationis
1337 2097 1418 2128 latae
1444 2096 1633 2135 sententiae,
1660 2107 1695 2128 ac
1719 2096 1824 2139 priva-

1088 2149 1182 2182 tionis
1197 2149 1284 2181 vocis
1299 2149 1416 2181 actiiae
1439 2154 1469 2181 ct
1483 2149 1640 2192 passivae,
1655 2155 1687 2182 et
1703 2149 1825 2182 officio-

1087 2212 1167 2241 rum,
1181 2201 1372 2243 dignitatum
1387 2207 1417 2233 et
1431 2201 1587 2243 graduum
1601 2211 1825 2244 quorumcum-

1087 2264 1150 2296 que
1169 2264 1226 2296 per
1243 2264 1297 2285 eas
1319 2253 1538 2293 obtentorum,
1557 2258 1589 2286 et.
1609 2253 1824 2286 inhabilitatis

1088 2307 1126 2339 ad
1148 2306 1202 2338 illa
1226 2311 1258 2338 et
1282 2306 1344 2338 alia
1369 2317 1589 2350 quaecumque
1611 2306 1641 2339 in
1659 2312 1825 2349 posterum

1089 2359 1276 2399 obtinenda,
1303 2369 1430 2392 necnon
1456 2359 1640 2392 amissionis
1665 2360 1824 2392 mercium

1088 2418 1120 2445 et
1144 2413 1308 2446 lucrorum
1334 2412 1479 2445 omnium
1504 2412 1575 2456 ipso
1610 2413 1694 2445 sacto
1719 2413 1826 2444 incur-

1088 2466 1205 2505 rendis,
1233 2476 1267 2498 ae
1292 2466 1363 2498 aliis
1388 2471 1500 2499 nostro
1527 2471 1559 2498 et
1582 2466 1718 2499 Romani
1744 2466 1826 2499 Pon-

1089 2518 1180 2551 tificis
1197 2529 1255 2562 pro
1282 2524 1428 2562 tempore
1455 2519 1622 2552 existentis
1647 2520 1696 2552 vel
1733 2529 1826 2562 prae-

1088 2572 1189 2603 dii-tae
1198 2572 1407 2604 cardinalium
1419 2573 1681 2615 congregationis
1691 2571 1824 2604 arbitrio

1088 2624 1294 2668 imponendis
1318 2625 1445 2667 poenis,
1465 2630 1577 2659 tenore
1603 2625 1826 2669 praesentium

1723 238 1787 272 709
1833 248 1881 273 An.
1899 247 1926 279 c.
1952 247 2017 274 icco

1862 573 1955 593 Panum
1969 579 2016 593 mn·

1088 613 1126 645 tis
1151 619 1182 645 ct
1206 614 1491 647 constitutionibus
1516 615 1691 658 praedictis
1710 615 1821 649 inhae-
1833 601 2017 671 33:11⁶irfi111'1'ii'1's-

1087 671 1205 705 rentes,
1220 666 1352 709 illaque,
1364 673 1394 698 et
1405 667 1598 710 praesertim
1612 674 1821 701 memoratam
1834 678 1926 699 rutum.

1905 655 1967 675 ΙῚΙὋΙΗ
1995 658 2015 673 ΙΙ..
