2247 3208
266 2548 402 2570 Prooemium,

730 494 1399 589 CLEMENS

1497 495 1639 588 IX

1080 716 1183 750 ΡΑΡΑ
1210 716 1308 752 CCXL

814 878 864 913 Ab
888 886 975 910 anno
998 886 1150 912 unctxvn
1176 877 1219 909 ad
1242 886 1368 910 ameum
1391 885 1530 911 nuctxni

426 1134 590 1206 CLEMENS
610 1173 660 1209 IX,
676 1173 782 1209 italus.
799 1171 1013 1206 pistoriensis,
1033 1171 1065 1204 in
1085 1182 1158 1214 pro·
1178 1167 1180 1169 ’

421 1232 524 1265 vincia
556 1232 740 1270 Hetruriae‚
771 1230 870 1264 lulius
904 1237 998 1263 antea
1030 1231 1155 1269 dictus,

422 1292 607 1335 Hieronymi
626 1292 821 1335 Rospigliosi
835 1291 928 1331 filius,
948 1297 1078 1325 sanctae
1096 1292 1158 1325 Ro-

422 1364 535 1387 manae
559 1353 721 1386 Ecclesiae
742 1353 914 1396 presbyter
932 1353 1103 1386 cardinalis
1123 1353 1159 1385 ti-

425 1415 481 1448 tuli
500 1415 531 1449 S.
548 1414 634 1455 Sixti,
650 1415 770 1448 Romae
786 1415 837 1448 die
850 1425 888 1448 xx
904 1415 983 1448 iunii
1009 1425 1159 1449 MDCvau
1179 1421 1181 1437 ³

424 1478 573 1512 Summus
604 1478 748 1511 Pontifex
779 1477 1020 1521 pronunciatus,
1046 1483 1077 1510 et
1108 1474 1181 1510 die³

423 1549 493 1573 xxm
520 1538 667 1572 eiusdem
692 1538 813 1571 mensis
846 1538 898 1571 die
921 1539 1082 1571 dominico
1109 1550 1161 1572 co-

424 1606 567 1634 ronatus.
587 1600 711 1633 Creavit
726 1600 907 1633 cardinales
926 1600 1096 1633 duodecim
1113 1600 1162 1633 tri·
1181 1621 1183 1629 ι

425 1662 502 1706 plici
529 1662 702 1701 creatione,
729 1661 810 1695 obiit
833 1662 952 1694 Romae
979 1661 1030 1695 die
1054 1672 1084 1695 1x
1109 1662 1163 1694 (le-

426 1724 565 1756 eembris
591 1733 744 1763 nncuux,
771 1724 952 1767 imperante
985 1724 1161 1767 LeopoIdo,

427 1785 638 1827 sepultusque
672 1785 730 1817 suit
754 1784 786 1817 in
811 1785 946 1817 basilica
981 1784 1012 1817 S.
1047 1784 1162 1818 Mariae

427 1845 565 1879 Maioris.
594 1846 718 1879 vacavit
744 1847 837 1880 sedes
864 1857 989 1880 menses
1016 1852 1162 1890 quatuor,

428 1914 461 1942 et
484 1909 553 1942 dies
580 1909 705 1951 viginti.

786 2014 852 2046 ΙΙ.

428 2091 569 2126 Indz'ctio
587 2092 724 2124 iubilaei
737 2092 932 2125 universalis
956 2093 998 2125 ad
1017 2092 1166 2125 divinum

471 2145 637 2177 auxilium
671 2145 766 2177 initio
798 2146 851 2177 sui
876 2145 1084 2188 pontificatus
1108 2156 1186 2189 pro¹

471 2197 615 2230 salutari
639 2197 813 2230 catholicae
824 2198 984 2230 Ecclesiae
1007 2198 1167 2240 regimine
1186 2198 1187 2202 ’

472 2249 728 2293 τ’τηῃίοτ-αηείαυῑ.

648 2329 780 2356 Clemens
801 2329 879 2363 Papa
900 2330 945 2361 IX,

430 2381 581 2408 Universis
593 2382 850 2415 christifidelibus,
862 2383 897 2409 ad
910 2389 982 2416 quos
991 2385 1167 2416 praesentes
1187 2375 1189 2421 ᾗ

631 2426 751 2453 litterae
770 2427 972 2460 pervenerint,

466 2470 595 2496 satutem
617 2473 647 2496 et
667 2470 862 2502 apostolicam
883 2470 1131 2498 benedictionem.

477 2540 598 2573 Placuit
621 2539 774 2572 incll'ubili
802 2540 1028 2583 Redemptoris
1054 2547 1085 2573 et
1110 2541 1169 2573 Do-

433 2592 512 2627 mini
545 2592 648 2625 nostri
678 2592 747 2625 lcsu
778 2592 894 2624 Christi
926 2592 1082 2634 bonitati,
1116 2593 1167 2625 cui

1201 1171 1369 1211 proorium
1394 1176 1444 1204 est
1474 1171 1599 1206 infirma
1624 1170 1735 1207 mundi
1765 1163 1890 1209 eligere
1909 1168 1941 1198 et

1198 1223 1348 1254 dexterae
1381 1231 1457 1253 suae
1497 1219 1641 1263 potentia
1681 1221 1786 1251 lacere
1822 1219 1937 1257 sortia,

1199 1274 1284 1306 vices
1317 1284 1391 1306 suas
1417 1274 1448 1305 in
1475 1273 1569 1305 terris
1596 1271 1768 1304 humilitati
1794 1276 1934 1309 nostrae,

1178 1326 1320 1359 'meritis
1351 1326 1426 1358 licet
1458 1331 1489 1357 et
1524 1325 1646 1357 viribus
1679 1325 1775 1367 longe
1811 1323 1936 1366 impari,

1200 1380 1413 1412 committere.
1442 1379 1479 1411 Et
1503 1389 1562 1411 nos
1581 1377 1721 1420 quidem,
1743 1376 1870 1409 divinae
1888 1386 1943 1423 vo-

1179 1431 1328 1471 <cationi
1355 1437 1390 1463 ut
1414 1441 1471 1474 par
1495 1435 1552 1470 est,
1579 1430 1805 1473 obsequentes,
1831 1429 1933 1472 impo-

1202 1485 1299 1517 situm
1334 1483 1428 1516 nobis
1458 1482 1627 1526 apostolici
1658 1481 1827 1515 ministerii
1860 1491 1940 1514 onus

1181 1537 1370 1576 „humiliter
1387 1536 1602 1579 suscepimus,
1621 1534 1765 1578 quamvis
1786 1534 1941 1576 angelicis

1181 1605 1183 1611 ,
1205 1590 1348 1623 humeris
1376 1589 1630 1629 formidandum3
1655 1588 1727 1621 freti
1752 1594 1860 1621 tamen
1885 1598 1941 1630 spc

1182 1643 1330 1677 ‘divinae
1363 1642 1604 1676 misericordiae
1640 1641 1830 1673 mittendum
1870 1651 1940 1673 esse

1205 1697 1297 1729 nobis
1330 1696 1482 1729 auxilium
1516 1696 1555 1728 de
1586 1695 1701 1728 Sancto
1732 1699 1767 1726 ut
1799 1694 1837 1726 de
1863 1693 1939 1726 Sion

1183 1774 1184 1777 η
1205 1754 1333 1782 tueatur
1360 1759 1431 1781 nos.
1458 1748 1582 1786 Verum,
1602 1747 1677 1780 dum
1703 1747 1788 1779 serio
1823 1746 2132 1801 cogita‘euffffi'fflmiffi‘

1205 1811 1273 1834 mus
1291 1806 1447 1844 qnantum
1465 1800 1572 1833 oneris
1593 1805 1625 1831 et
1638 1799 1758 1832 laboris
1778 1798 1939 1830 incumbat

1205 1853 1417 1887 imbecillitati
1442 1858 1580 1891 nostrae,
1606 1852 1694 1884 cuius
1720 1851 1814 1883 nobis
1837 1851 1939 1894 probe

1184 1903 1186 1950 ζ
1206 1906 1326 1939 conscii
1352 1916 1470 1944 sumus,
1494 1905 1687 1948 quantisque
1713 1910 1744 1936 et
1763 1914 1858 1947 quam
1877 1914 1943 1946 gra-

1206 1959 1297 1991 vibus
1323 1959 1385 1991 hoc
1410 1963 1557 2000 tempore
1582 1956 1766 1999 respublica
1797 1955 1943 1988 christia-

1184 2015 1247 2044 ²na
1271 2012 1430 2044 malorum
1461 2009 1611 2053 procellis
1637 2009 1774 2051 agitetur
1807 2014 1839 2041 et
1871 2018 1942 2050 gra-

1207 2065 1332 2097 viorum
1358 2063 1509 2106 periculis
1533 2062 1680 2105 exposita
1710 2062 1765 2101 sit,
1792 2061 1940 2094 timemus

1208 2127 1246 2149 ne
1266 2126 1338 2149 cum
1363 2116 1523 2159 propheta
1542 2114 1632 2156 regio
1651 2115 1829 2146 exclamare
1848 2123 1941 2156 coga-

1208 2180 1296 2203 mur:
1328 2181 1341 2199 «
1366 2169 1444 2201 Veni
1477 2168 1509 2200 in
1542 2168 1743 2200 altitudinem
1769 2167 1886 2205 maris‚.
1910 2171 1943 2198 et

1211 2227 1383 2265 tempestas
1408 2221 1563 2254 demersit
1592 2231 1643 2253 me
1674 2233 1704 2252 n.
1734 2219 1803 2252 Non
1835 2224 1943 2252 tamen

1210 2274 1419 2308 concedimus
1450 2273 1574 2314 animo,
1601 2274 1656 2306 sed
1689 2283 1820 2306 omnem
1853 2283 1943 2316 spem

1187 2332 1351 2372 [nostram
1378 2327 1410 2359 in
1435 2326 1514 2359 Eum
1548 2326 1762 2359 convertimus
1787 2325 1840 2368 qui
1872 2336 1944 2367 spe-

1210 2385 1317 2413 rantes
1351 2380 1382 2412 in
1415 2390 1448 2412 se
1481 2379 1636 2412 confundi
1667 2389 1733 2411 non
1756 2378 1877 2422 patitur
1911 2382 1944 2409 et

1187 2437 1189 2459 ἱ
1210 2433 1331 2476 gratiae
1352 2443 1428 2465 suae
1454 2432 1613 2465 confortat
1637 2430 1766 2465 auxilio.
1794 2429 1885 2468 Quod
1909 2434 1944 2462 ut

1188 2494 1189 2500 ¹
1210 2497 1282 2519 cum
1297 2486 1441 2519 omnium
1458 2485 1680 2524 ecclesiarum,
1700 2494 1834 2526 quarum
1847 2483 1941 2516 nobis

1211 2540 1333 2572 credita
1363 2544 1410 2571 est
1435 2538 1635 2577 sollicitudo,
1660 2537 1796 2569 utilitate
1829 2547 1943 2570 conse-

1211 2591 1277 2636 qui,
1300 2590 1515 2624 benedicente
1535 2589 1689 2631 Domino,
1714 2590 1886 2632 valeamus,
1902 2590 1942 2623 ad
