2247 3208
128 265 175 290 An.
194 263 221 289 C.
246 262 313 289 inS

951 260 1093 283 cttzussxs
1117 261 1146 284 lx
1172 262 1218 284 Pr.

323 307 727 347 consulibus,consiliariis
742 306 1059 347 etliominibus,tam
1103 318 1215 341 corum
1248 311 1509 353 praedietormii,
1542 318 1575 344 et
1606 313 1676 346 aliis
1706 315 1839 358 quibus-

323 362 368 394 uti
395 361 569 400 universis,
597 372 690 404 quam
718 362 761 394 uti
787 362 936 403 siugulis,
963 361 1059 394 illatis
1103 359 1204 400 libet,
1234 362 1329 394 etiam
1360 362 1560 404 iuramento,
1596 365 1837 402 confirmatione

322 426 378 448 scu
394 412 652 459 i11s01·011‹lis,'per
665 417 797 448 eosdem
816 417 974 453 consules,
985 426 1060 447 con-

322 468 461 502 siliarios
486 479 521 502 ac
546 469 694 502 homines
719 469 757 501 ad
789 479 846 502 uos
880 474 911 501 et
943 468 1058 501 Sedem

323 522 520 565 praedictam
538 522 650 554 baberi
665 522 847 565 contigerit,
867 521 1057 553 auctoritate

322 577 442 613 nostra,
469 586 505 607 ac
530 575 574 607 uti
593 586 610 607 a
628 575 720 607 nobis
739 575 918 617 deputatus,
938 573 1058 613 audias,

323 633 352 661 ct
380 627 471 672 quid‘
500 627 583 661 circa
606 629 680 661 illos
705 633 736 660 ct
756 627 811 661 illa
828 627 868 659 sit.
886 627 1058 669 agendum,

323 681 428 714 eidem
454 680 590 724 principi
616 679 926 727 eit1squeiudieibus
944 679 1058 712 rescri-

322 734 429 767 bendo
455 734 675 778 praescribas,
703 739 733 766 et
758 733 921 776 quomodo
953 733 991 765 ab
1023 733 1059 765 il—

322 787 360 820 lis
385 787 627 830 procedendum
653 787 695 819 sit.
719 786 863 829 dirigas,
891 786 922 818 in
949 786 1057 818 arduis

322 850 414 879 vero,
448 845 478 872 et
514 839 552 871 iis
578 850 660 882 quae
696 840 817 872 bonum
850 840 996 882 regimen
1022 850 1057 873 ac

321 898 435 924 statum
461 893 617 926 dictorum
651 894 797 926 locorum
831 898 1057 933 concernunt,

321 944 565 978 informationes
592 945 747 990 suscipias
768 947 855 979 etad
882 957 939 980 nos
958 952 1059 979 trans-

321 998 436 1039 mittas,
462 1004 497 1032 ut
520 999 596 1042 quid
621 999 722 1042 magis
748 1000 903 1043 expedire
929 1011 1058 1034 censue·

321 1052 433 1091 rimus,
461 1053 637 1086 decernere
662 1058 693 1086 et
712 1054 864 1086 mandare
883 1055 1055 1093 valeamus3

320 1105 517 1149 plenamque
546 1105 599 1137 tibi
626 1105 658 1138 iu
675 1098 864 1150 praemissis
883 1112 914 1139 et
931 1107 1056 1146 ceteris,

322 1169 405 1201 quae
431 1159 515 1192 circa
540 1159 595 1192 illa
618 1165 649 1192 et
674 1170 786 1192 eorum
811 1159 981 1193 occasione
1001 1161 1058 1193 du-

321 1211 406 1243 xeris
439 1212 622 1244 necessaria
657 1218 689 1245 et
720 1219 924 1256 opportuna,
952 1213 1058 1256 provi-

322 1264 419 1296 dendi
443 1263 537 1308 atque
564 1265 724 1298 statuendi
750 1271 781 1298 et
805 1267 977 1300 ordinandi
1004 1279 1058 1300 au-

321 1318 501 1351 ctoritatem
525 1318 732 1351 concedimus
758 1325 788 1351 et
814 1320 1011 1362 delegamus.

404 1370 434 1403 Ξ).
473 1371 659 1404 Mandantes
690 1378 865 1415 propterea
899 1375 1057 1408 moderno

321 1428 353 1455 et
376 1433 436 1466 pro
462 1428 608 1466 tempore
635 1424 782 1456 existenti
808 1425 946 1469 principi
979 1427 1057 1460 Mas-

321 1475 428 1508 serani
454 1481 486 1508 et
509 1476 690 1509 marchioni
715 1476 906 1519 Cievacorii,
930 1490 1056 1513 necnon

319 1527 476 1561 universis
509 1534 540 1561 et
567 1528 702 1572 singulis
731 1530 812 1569 aliis,
834 1531 892 1564 sub
925 1538 1056 1566 nostrae

115 1604 131 1623 ,
319 1580 552 1623 indignationis
566 1581 700 1625 aliisque
718 1588 827 1616 nostro
846 1584 980 1618 arbitrio
998 1586 1058 1618 im-

319 1629 480 1677 ponendis
504 1634 630 1678 poenIS,
656 1640 691 1667 ut
717 1635 772 1668 tibi
802 1637 834 1669 in
867 1638 1056 1680 praemissis

319 1691 476 1729 pareant,
510 1692 543 1720 et
566 1687 725 1732 quidquid
756 1690 958 1723 mandaveris
986 1702 1057 1725 exe-

320 1745 470 1783 quantur,
496 1751 556 1773 nec
579 1741 638 1774 sub
665 1742 777 1785 quovis
804 1750 971 1786 praetextu
1003 1752 1058 1779 aut

320 1794 466 1837 quaesito
493 1795 603 1829 colore
629 1797 677 1830 vel
704 1799 799 1829 causa
819 1803 848 1830 te
874 1798 906 1830 in
931 1800 1058 1841 praedi-

321 1847 379 1879 etis
401 1847 541 1881 audeant
565 1849 613 1881 vel
638 1856 847 1892 praesumant
866 1851 988 1885 directe
1010 1854 1057 1886 vel

321 1900 481 1934 indirecte
506 1901 664 1944 impedire
689 1913 746 1936 seu
770 1905 963 1945 molestare,
1002 1907 1057 1939 sed

322 1953 386 1986 imo
412 1953 468 1986 tibi
494 1954 526 1986 in
552 1955 702 1988 omnibus
735 1957 902 1998 assistant,
934 1970 1057 2003 suoque

140 2016 266 2046 ‘vetretum
286 2018 312 2038 ir·
323 2006 473 2040 adiuvent
497 2007 630 2049 auxili03
657 2009 867 2044 decernentes
886 2011 1009 2045 irritum
1029 2019 1060 2046 et

128 2046 201 2064 'um‘
323 2059 419 2094 inane
445 2059 471 2093 si
495 2071 587 2093 secus
611 2072 708 2105 super
741 2063 791 2095 his
824 2075 841 2096 a
875 2075 1057 2108 quoquam,

323 2113 434 2157 quavis
459 2114 659 2155 auctoritate,
686 2116 826 2149 scienter
843 2119 892 2151 vel
911 2118 1060 2161 ignoran-

323 2170 380 2206 ter,
407 2167 581 2210 contigerit
605 2170 767 2202 attentari.

369 2220 384 2262 ἓ
409 2220 440 2253 3.
467 2220 536 2254 Non
562 2221 766 2255 obstantibus
792 2225 997 2267 praemissis,
1024 2237 1060 2259 ac

325 2272 425 2306 felicis
448 2274 683 2307 recordationis
702 2276 857 2310 Bonisacii
876 2277 979 2321 Papae
996 2278 1060 2311 VIII

324 2326 584 2369 praedecessoris
603 2328 706 2361 nostri
724 2329 763 2362 de
780 2333 854 2371 una,
878 2336 910 2363 et
931 2332 1059 2365 concilii

325 2379 488 2421 generalis
514 2380 553 2412 de
580 2381 703 2414 duabus
728 2382 840 2423 dietis,
865 2394 902 2416 ac
928 2385 1061 2428 quibus-

323 2432 369 2463 vis
400 2431 470 2465 aliis
503 2433 788 2467 constitutionibus
821 2440 854 2468 et
885 2437 1062 2470 ordinatio-

323 2484 418 2518 nibus
437 2485 633 2529 apostolicis,
648 2497 784 2527 necnon,
800 2493 956 2532 quatenus
979 2500 1060 2532 opus

325 2537 385 2578 sit,
420 2538 640 2582 principatus,
676 2541 916 2574 marchionatus
951 2547 982 2574 et
1015 2543 1061 2575 lo-

155 1382 237 1402 Pnpnav
262 1387 311 1411 con·
365 1371 379 1414 ἓ

128 1410 159 1428 tm
189 1408 310 1428 inobedien-

127 1437 159 1455 tes
175 1436 256 1455 statuit.

199 2227 314 2254 Derogatio

131 2255 290 2275 contrariorum.

362 2656 372 2680 1
396 2652 465 2680 Edit.
483 2653 560 2680 Main.
579 2653 642 2690 legit
656 2654 732 2690 quod
747 2655 784 2688 (n.
801 2655 851 2689 Τ.).

1103 414 1290 456 apostolica,
1317 417 1366 462 vel
1393 417 1502 459 quavis
1528 417 1678 451 firmitate
1704 420 1767 453 alia
1791 432 1840 455 ro—

1103 465 1233 507 boratis,
1258 469 1381 501 statutis
1406 475 1437 502 et
1462 472 1839 517 consuetudinibus,pri-

1103 518 1229 561 vilegiis
1256 530 1396 564 quoque,
1423 523 1557 556 indultis
1576 530 1606 557 et
1628 525 1839 570 litterisapo-

1102 571 1235 612 stolicis,
1257 572 1314 605 sub
1333 575 1586 619 quibuscumque
1604 579 1776 612 verborum
1794 585 1839 613 te-

1102 623 1235 656 noribus
1268 631 1298 657 et
1330 625 1465 667 formis,
1501 639 1537 660 ac
1569 639 1641 662 cum
1675 630 1839 674 quibusvis

1102 677 1199 709 etiam
1217 677 1495 720 derogatoriarum
1509 682 1734 725 derogaturus,
1754 686 1838 719 aliis-

1103 741 1164 773 que
1191 730 1428 766 efficacioribus
1454 740 1485 766 ct
1509 735 1648 769 insolitis
1674 739 1838 780 clausulis,

1102 794 1137 815 ae
1154 783 1355 818 irritantibus
1374 791 1403 818 ct
1422 786 1492 820 aliis
1508 789 1657 830 decretis,
1671 791 1703 823 iu
1720 802 1835 834 genere

1103 837 1151 869 vel
1176 836 1209 869 in
1235 837 1352 881 specie,
1380 844 1432 871 aut
1465 840 1543 873 alias
1575 841 1608 874 in
1642 844 1838 878 contrarium

1102 890 1357 932 praemissorum
1382 893 1631 935 quomodolibet
1662 897 1835 937 concessis,

1102 942 1296 976 confirmatis
1313 950 1343 976 et
1360 944 1541 985 innovatis,
1557 946 1673 989 quibus
1690 949 1839 982 omnibus

1102 1000 1133 1027 et
1150 995 1294 1038 singulis,
1310 998 1433 1030 etiamsi
1447 1009 1507 1042 pro
1526 999 1656 1032 illorum
1671 1001 1839 1035 sufficienti

1103 1049 1314 1092 derogatione
1341 1051 1379 1084 dc
1405 1051 1469 1085 illis
1496 1063 1676 1097 eorumque
1703 1054 1776 1088 totis
1796 1061 1841 1088 te-

1103 1103 1236 1135 noribus
1259 1105 1418 1147 specialis,
1447 1106 1606 1149 specifica,
1633 1118 1789 1151 expressa
1809 1115 1840 1142 et

1102 1155 1273 1196 individua,
1300 1168 1335 1189 ac
1361 1159 1399 1190 de
1422 1159 1519 1192 verbo
1546 1161 1584 1192 ad
1610 1161 1752 1202 verbum,
1774 1173 1838 1196 non

1102 1215 1206 1241 autem
1233 1220 1291 1252 per
1308 1211 1467 1244 clausulas
1486 1214 1657 1254 generales
1677 1214 1762 1247 idem
1783 1215 1840 1248 im-

1102 1267 1276 1304 portantes,
1302 1264 1422 1297 mentio
1448 1276 1503 1298 seu
1529 1267 1659 1309 quaevis
1691 1268 1753 1301 alia
1787 1279 1840 1301 ex-

1102 1316 1228 1357 pressio
1255 1317 1402 1350 habenda
1427 1323 1479 1351 aut
1506 1320 1614 1363 aliqua
1638 1321 1701 1354 alia
1732 1322 1840 1365 exqui-

1101 1367 1160 1399 sita
1184 1368 1285 1402 forma
1310 1370 1349 1402 ad
1376 1371 1437 1403 hoc
1463 1373 1619 1405 servanda
1645 1373 1748 1415 soret,
1789 1381 1836 1407 te-

1101 1431 1196 1453 nores
1224 1422 1429 1463 liuiusmodi,
1466 1436 1502 1457 ac
1534 1425 1559 1458 si
1593 1426 1632 1459 de
1668 1427 1766 1460 verbo
1800 1428 1840 1461 ad

1101 1475 1234 1507 verbum
1259 1475 1481 1510 insererentur
1506 1484 1536 1511 et
1561 1479 1840 1522 exprimerentur,

1101 1529 1323 1571 praesentibus
1356 1541 1414 1573 pro
1447 1532 1544 1574 plene
1582 1538 1612 1565 et
1644 1533 1841 1568 sufficienter

1102 1582 1264 1625 expressis
1299 1583 1410 1616 acad
1446 1585 1580 1618 verbum
1614 1586 1744 1619 insertis
1783 1588 1839 1620 ha-

1101 1634 1228 1675 bentes,
1256 1635 1318 1669 illis
1352 1637 1430 1669 alias
1455 1637 1487 1669 in
1520 1648 1578 1671 suo
1612 1639 1730 1672 robore
1764 1651 1840 1684 per-

1102 1688 1284 1728 mansuris,
1321 1689 1358 1721 ad
1384 1690 1635 1732 praemissorum
1669 1691 1838 1734 effectum,

1103 1740 1161 1772 hac
1176 1740 1242 1773 vice
1258 1741 1430 1783 dumtaxat,
1442 1743 1628 1786 specialiter
1642 1750 1673 1777 et
1688 1755 1840 1788 expresso

1103 1794 1320 1835 derogmnus,
1347 1796 1533 1840 ceterisque
1566 1798 1740 1831 contrariis
1773 1799 1842 1842 qui-

1103 1847 1311 1892 buscumque.

1146 1901 1259 1934 Datum
1280 1902 1419 1943 Romae,
1445 1904 1530 1947 apud
1555 1903 1586 1937 S.
1614 1904 1744 1939 Mariam
1778 1906 1841 1939 Ma-

1102 1955 1228 1996 iorem,
1263 1956 1322 1988 sub
1348 1957 1468 1989 annulo
1495 1957 1689 1998 piscatoris,
1716 1959 1767 1992 die
1797 1970 1840 1994 xu

1103 2009 1287 2042 novembris
1306 2019 1483 2051 noetxvlu,
1503 2011 1710 2054 pontificatus
1737 2012 1840 2046 nostri

1104 2073 1188 2096 anno
1215 2073 1250 2096 11.

1140 2127 1196 2153 Dat.
1215 2125 1258 2152 die
1278 2126 1308 2153 12
1323 2126 1477 2153 novembris
1495 2126 1570 2161 1668,
1589 2135 1659 2154 anno
1673 2134 1702 2155 11.

1390 2252 1547 2285 LXXXVI.

1104 2330 1266 2363 Decretum
1281 2329 1324 2362 ad
1347 2331 1490 2373 favorem
1516 2332 1748 2374 ›noyislrorum
1774 2345 1842 2367 cae-

1146 2384 1368 2416 remoniarum
1395 2394 1458 2416 non
1479 2384 1756 2428 participantimn
1776 2387 1842 2420 exi-

1146 2435 1244 2479 yendi
1267 2447 1286 2468 a
1308 2436 1451 2479 sinyulis
1465 2438 1692 2471 cardinalibus
1713 2441 1747 2472 in
1766 2451 1842 2484 pro-

1148 2489 1288 2521 motione
1311 2489 1354 2521 ad
1370 2489 1597 2523 cardinalatus
1615 2491 1767 2525 honorem
1785 2493 1842 2526 lrz'-

1147 2542 1242 2584 ῃῐηία
1265 2553 1320 2575 sea:
1343 2543 1475 2576 ducatos
1495 2545 1572 2576 auri
1596 2544 1633 2577 <Ie
1650 2547 1792 2584 camerni,
1813 2551 1842 2579 et

1145 2599 1216 2637 post
1233 2605 1343 2628 eorum
1360 2596 1493 2636 obitum,
1514 2597 1553 2630 ab
1574 2607 1684 2630 eorum
1699 2599 1842 2631 haeredi-

1151 2648 1207 2680 bus
1233 2649 1352 2692 viyinli
1375 2650 1527 2694 quinlzce,

1741 257 1804 290 7:35
1850 267 1897 295 An.
1920 268 1948 294 c.
1973 269 2038 295 1608
