2247 3208
92 189 145 216 An.
162 186 190 214 C.
213 185 299 223 ¹666,

286 233 571 276 consequendum,
600 232 639 265 de
673 237 856 275 opportuno
881 233 1024 276 pruden-

286 287 364 320 tium
387 286 535 325 consilio,
558 285 737 328 delegimus
755 292 949 318 conventum
969 297 1024 318 no-

286 345 386 373 strum
407 339 437 372 S.
460 339 598 372 Secundi
620 350 722 382 prope
744 338 886 371 inclitam
907 340 1023 371 urbem

286 392 506 432 Venetiarum,
533 392 695 435 siquidem
724 397 755 424 et.
780 391 885 424 insula
919 392 1024 423 minus

286 445 430 488 exposita
449 450 494 477 est
515 445 739 478 occasionibus
762 445 1021 483 distractionum,

287 504 319 532 et
332 499 411 531 tanti
427 498 562 541 emporii
580 498 728 530 vicinitas
744 497 867 530 facilius
885 496 1023 529 admittit

285 551 427 584 virorum
446 551 615 584 doctorum
630 550 662 583 in
675 549 812 593 publicis
831 549 954 581 actibus
972 549 1023 580 lit-

286 604 414 637 terariis
435 604 618 637 necessaria
639 602 843 636 commercia.
873 602 1020 641 Proinde,

287 657 403 690 harum
420 657 512 697 serie,
527 656 692 699 nostrique
709 654 803 688 officii
823 655 1023 695 anctoritate,

286 710 319 743 in
344 709 591 754 praenominato
616 714 775 742 conventu
791 713 903 742 nostro
922 708 953 741 S.
973 708 1023 741 Se-

286 764 382 797 cundi
409 764 519 806 (salva
544 773 674 806 semper
707 768 774 795 tum
797 763 918 795 unione
948 758 1043 805 pro-³

285 816 409 850 vinciae
445 821 510 850 tun]
543 815 696 849 uniformi
731 816 953 849 observantiae
981 815 1023 848 ri-

285 880 363 912 gore
388 869 421 902 in
446 869 712 912 congregatione)
738 868 944 908 instituimus,
968 869 1023 902 da-
1043 881 1044 885 ¹

285 933 369 963 mus,
390 922 554 965 erigimw,
580 921 837 965 institutumque,
863 922 969 954 datum
992 927 1022 954 et

286 981 430 1010 erectum
457 977 656 1008 declaramus
682 975 823 1008 studium
852 981 914 1008 tam
933 976 1022 1009 theo-

285 1029 409 1072 logicae
434 1040 530 1072 quam
563 1028 811 1072 philosophicae
839 1029 1018 1068 facultatis,

285 1083 344 1116 sub
368 1083 481 1122 forma,
506 1082 658 1122 nornine,
683 1081 862 1125 privilegiis
888 1086 917 1113 et
945 1081 1021 1114 iuri-

284 1136 344 1169 bus
370 1135 498 1179 collegii
524 1134 716 1174 scholastici,
743 1135 781 1168 ad
806 1135 937 1168 modum
955 1135 1021 1168 col-

284 1189 361 1231 legii
387 1189 486 1222 nostri
512 1189 627 1221 Montis
651 1188 708 1221 Dei
732 1188 863 1231 Neapoli
891 1188 921 1220 in
947 1198 1021 1220 con-

285 1241 476 1285 gregatione
501 1239 731 1274 Observantiae
748 1240 778 1274 S.
798 1241 914 1273 Mariae
932 1240 1022 1274 Sani-

284 1295 378 1335 tatis,
403 1294 447 1327 sic
472 1299 597 1335 tamen,
632 1300 667 1327 ut
691 1294 723 1329 in
748 1294 811 1327 hoc
841 1304 924 1327 noro
955 1295 1021 1327 col-

283 1348 370 1391 legio
396 1347 476 1394 nulli
511 1352 619 1391 pateat
654 1348 757 1380 aditus
792 1347 858 1380 sive
883 1346 1020 1380 docendi

284 1401 351 1434 sive
376 1401 531 1441 discendi,
555 1400 617 1434 nisi
643 1401 697 1444 qui
722 1401 754 1434 in
780 1412 1020 1444 praememora-

282 1460 348 1488 tam
386 1455 674 1497 congregationem
707 1455 740 1487 B.
769 1454 873 1487 Iacobi
909 1455 1020 1488 Veneti

283 1508 344 1541 rite
362 1508 460 1552 'prius
494 1508 591 1541 fuerit
621 1508 783 1540 'admissus
814 1512 844 1540 et
869 1508 1021 1552 incorpo-

283 1567 391 1601 ratus;
417 1561 513 1604 idque
546 1561 605 1594 sub
631 1561 780 1594 nullitate
813 1561 1018 1603 omnimoda,

283 1614 308 1647 si
334 1614 426 1648 aliter
450 1615 652 1647 subintrarit.
678 1614 822 1658 Denique
849 1615 1019 1648 admodum

282 1668 465 1701 reverendo
478 1667 560 1711 patri
576 1667 695 1700 vicario
713 1668 856 1710 generali
872 1668 1018 1702 eiusdem

283 1721 546 1764 congregationis
580 1721 800 1764 praecipimus
815 1749 822 1761 ,
848 1722 881 1754 in
905 1722 1019 1755 virtute

283 1773 420 1817 Spiritus
441 1774 562 1814 Sancti,
580 1779 709 1807 sanctae
726 1774 943 1815 obedientiae,
961 1776 1020 1808 suh

282 1827 412 1860 formali
436 1832 607 1870 precepto,
633 1832 791 1870 quatenus
817 1828 856 1861 ad
882 1829 1019 1861 forman-

283 1879 358 1912 dum
390 1881 676 1923 populandumque
713 1881 931 1924 supradictum
965 1893 1020 1915 no-

282 1943 355 1965 vum
376 1933 551 1976 collegium
577 1933 752 1977 discipulos
773 1945 809 1967 ex
828 1935 893 1967 suis
913 1946 1020 1978 quam-

282 1987 423 2030 primum
459 1987 623 2029 assignet‚
650 1987 850 2030 professores
882 1999 1020 2022 cic-mo-

282 2039 468 2079 deratores,
502 2050 581 2083 qnos
606 2041 740 2073 seorsim
772 2041 1016 2084 deputavimus,

281 2092 346 2125 suis
371 2092 491 2126 ibidem
517 2093 738 2126 functionibus
764 2094 940 2134 admoveat,
972 2095 1019 2127 ni-

282 2144 395 2189 hilque
421 2147 565 2187 omittat,
602 2147 687 2190 quod
713 2147 752 2180 ad
777 2147 862 2180 illius
889 2148 1018 2191 collegii

284 2199 355 2232 felix
377 2199 563 2243 auspicium,
590 2200 825 2233 incrementum
852 2206 882 2233 et
906 2201 1019 2234 florem

285 2252 399 2285 viderit
414 2253 593 2296 pertinere.
621 2253 655 2286 In
680 2253 809 2286 nomine
834 2253 959 2293 Patris,
988 2260 1019 2287 et

281 2305 362 2347 Filii,
382 2312 414 2339 et
435 2306 572 2349 Spiritus
597 2305 716 2339 Sancti.
744 2308 858 2340 Amen.
886 2307 1019 2346 Quibus-

281 2369 417 2402 cumque
435 2359 468 2392 in
487 2358 684 2392 contrarium
709 2370 773 2393 non
800 2360 1014 2394 obstantibus.

280 2412 315 2445 In
340 2423 481 2456 quorum
513 2411 610 2445 fidem
634 2413 696 2453 his,
724 2413 818 2446 officii
851 2414 952 2447 nostri
978 2415 1018 2447 si-

281 2465 359 2508 gillo
384 2465 526 2507 munitis,
552 2477 649 2499 manu
675 2467 807 2510 propria
832 2467 1018 2510 subscripsi-

280 2529 363 2551 mus.

323 2572 438 2611 Datum
461 2573 600 2613 Romae,
640 2573 671 2606 in
709 2579 867 2606 conventu
907 2580 1016 2607 nostro

877 184 1064 208 stemmati
1090 186 1132 208 Vll
1161 186 1206 209 1³1³.

1703 175 1768 215 4ῗῦ

1118 234 1233 266 Mariae
1253 245 1347 277 supra
1373 236 1557 278 Minervam,
1577 238 1626 271 dic
1644 249 1701 272 xxv
1722 241 1805 283 apri-

1113 314 1119 326 ,
1147 298 1230 320 anno
1257 298 1392 322 nnetxv.

1112 340 1224 374 Frater
1248 341 1384 375 toas-ses
1408 343 1561 378 Barrisu
1588 346 1627 379 de
1660 347 1803 388 Rhamis,

1310 396 1463 437 magister
1487 397 1624 431 Ordinis.

1177 446 1288 479 Frater
1312 448 1537 483 BEnmnnixrs
1569 451 1606 483 de
1637 451 1800 495 venetiis,

1302 501 1457 543 magister
1481 507 1513 534 et
1537 504 1642 537 socius
1661 518 1689 538 ».

1110 551 1124 593 g
1143 551 1173 584 2.
1193 551 1269 585 Cum
1288 559 1405 593 autem,
1421 555 1501 587 sicut
1518 557 1631 590 eadem
1646 560 1803 602 expositio

1066 604 1292 648 subiungebat,
1320 608 1456 649 praefati
1483 616 1682 652 exponentes
1711 623 1803 655 prae-

1066 658 1174 695 missa,
1201 669 1264 701 quo
1284 660 1405 693 firmius
1424 662 1601 695 subsistant
1618 669 1649 696 et
1672 676 1804 698 serven-

1066 715 1115 743 tur
1141 712 1292 751 exactius,
1318 714 1516 756 apostolicae
1549 716 1805 751 confirmationis

1065 770 1196 798 nostrae
1221 765 1386 808 praesidio
1412 768 1570 807 roborari,
1594 774 1625 801 et
1641 770 1721 803 alias
1748 782 1805 814 op-

1066 824 1204 861 portune
1229 819 1288 852 sibi
1315 825 1349 852 ut
1373 820 1456 852 infra
1477 831 1494 853 a
1519 821 1614 853 nobis
1639 823 1804 866 indulgeri

1065 882 1268 915 summopere
1307 873 1510 906 desiderent:
1535 885 1604 915 nos,
1630 876 1803 918 specialem

1064 924 1144 968 ipsis
1170 926 1409 969 exponentibus
1436 927 1572 968 gratiam
1608 928 1713 961 facere
1749 940 1804 962 vo—

1065 980 1181 1019 lentes,
1210 980 1240 1011 e't
1265 989 1377 1012 eorum
1401 979 1581 1022 singulares
1606 991 1764 1024 personas
1786 995 1804 1016 a

1065 1031 1232 1074 quibusvis
1248 1034 1603 1074 excommunicationis,
1621 1035 1804 1078 suspensio-

1065 1085 1112 1117 nis
1139 1090 1169 1118 et
1195 1085 1379 1125 interdicti,
1407 1087 1541 1131 aliisque
1575 1088 1803 1123 ecclesiasticis

1064 1139 1241 1179 sententiis,
1260 1140 1404 1172 censuris
1431 1146 1462 1173 et
1487 1141 1613 1184 poenis,
1632 1153 1649 1174 a
1665 1142 1735 1175 iure
1753 1144 1802 1176 vel

1064 1192 1102 1224 ab
1128 1192 1274 1232 homine,
1302 1192 1413 1236 quavis
1438 1194 1609 1227 occasione
1635 1196 1682 1228 vel
1708 1198 1802 1229 causa

1064 1244 1143 1284 latis,
1170 1245 1194 1277 si
1222 1245 1337 1288 quibus
1363 1247 1608 1289 quomodolibet
1626 1248 1799 1281 innodatae

1064 1298 1212 1337 existunt,
1235 1299 1272 1330 ad
1299 1298 1446 1331 effectum
1473 1300 1693 1342 praesentium
1710 1301 1801 1334 dum-

1064 1356 1149 1383 taxat
1166 1352 1440 1395 consequendum,
1463 1353 1577 1385 harum
1595 1353 1679 1386 serie
1696 1354 1801 1387 absol-

1063 1410 1171 1437 ventes
1192 1411 1223 1437 et
1250 1405 1414 1437 absolutas
1442 1405 1509 1438 fore
1530 1412 1710 1447 censentes,
1728 1417 1802 1450 sup-

1063 1458 1292 1500 plicationibus
1311 1469 1421 1491 eorum
1441 1458 1570 1491 nomine
1593 1459 1688 1492 nobis
1706 1470 1803 1503 super

1064 1511 1125 1543 hoc
1152 1511 1321 1543 humiliter
1346 1511 1502 1554 porrectis
1527 1511 1682 1553 inclinati,
1709 1523 1802 1556 prae-

1063 1564 1200 1597 iusertas
1224 1564 1318 1596 binas
1342 1565 1512 1597 memorati
1538 1565 1681 1607 magistri
1707 1576 1802 1608 gene-

1063 1616 1138 1649 ralis
1164 1621 1310 1660 patentes
1335 1617 1477 1657 litteras,
1500 1628 1571 1650 cum
1598 1618 1746 1650 omnibus
1771 1624 1804 1652 et

1062 1669 1196 1712 singulis
1210 1669 1369 1702 contentis
1383 1670 1415 1702 in
1430 1671 1504 1709 illis,
1519 1671 1710 1705 auctoritate
1729 1682 1801 1715 apo·

1063 1723 1184 1763 stolica,
1198 1728 1310 1756 tenore
1324 1724 1557 1767 praesentium,
1577 1725 1802 1758 confirmamus

1062 1781 1092 1808 et
1117 1777 1345 1820 approbamus,
1360 1777 1489 1820 illisque
1511 1777 1706 1823 inviolabilis
1724 1789 1802 1822 apo-

1061 1830 1194 1862 stolicae
1220 1829 1380 1862 firmitatis
1414 1831 1515 1863 robur
1547 1831 1737 1871 adiicinius,
1765 1843 1801 1865 ac

1062 1893 1173 1916 omnes
1191 1889 1222 1916 et
1238 1884 1383 1926 singulos
1404 1883 1482 1916 iuris
1500 1889 1532 1916 et
1550 1883 1622 1916 facti
1644 1884 1799 1925 defectus,

1062 1937 1086 1969 si
1105 1937 1158 1980 qui
1181 1938 1321 1980 desuper
1346 1937 1594 1980 quomodolibet
1617 1937 1800 1971 intervene—

1061 1990 1135 2030 rint,
1162 1991 1358 2034 supplemus.

1105 2044 1119 2087 ξ
1144 2043 1175 2076 3.
1203 2043 1391 2083 Praeterea,
1417 2055 1455 2076 ne
1482 2044 1520 2077 de
1545 2049 1652 2077 cetero
1684 2044 1798 2079 fratres

1062 2095 1199 2139 professi
1215 2096 1477 2138 congregationis
1491 2097 1653 2140 praefatae
1668 2098 1707 2130 ad
1722 2108 1798 2131 con-

1062 2156 1173 2182 ventus
1199 2150 1402 2193 sultwadictae
1429 2151 1478 2183 vel
1501 2151 1633 2183 alterius
1660 2151 1799 2184 cuiusvis

1061 2202 1245 2246 provinciae
1271 2203 1346 2235 dicti
1364 2203 1492 2237 Ordinis
1508 2204 1630 2247 absque
1649 2206 1798 2247 expressa

1060 2256 1206 2299 magistri
1232 2257 1393 2299 generalis
1418 2257 1561 2290 eiusdem
1586 2257 1713 2291 Ordinis
1737 2269 1797 2302 pro

1061 2315 1207 2353 tempore
1233 2310 1397 2345 existentis
1415 2310 1543 2343 licentia
1569 2312 1707 2344 transire
1726 2322 1798 2355 pos-

1061 2361 1133 2397 sint,
1147 2362 1337 2395 auctoritate
1352 2368 1383 2395 et
1397 2368 1509 2396 tenore
1524 2364 1708 2407 praedictis,
1723 2375 1798 2408 pro-

1061 2416 1206 2449 hibemus
1232 2421 1262 2449 et
1285 2415 1520 2449 interdicimus⁴

1103 2469 1167 2512 gli.
1198 2469 1420 2503 Decernentes
1447 2471 1576 2503 easdem
1602 2477 1796 2514 praesentes

1061 2532 1095 2554 ac
1121 2522 1314 2565 praeisertas
1338 2527 1485 2565 patentes
1510 2523 1636 2556 litteras
1666 2535 1798 2568 semper

1060 2574 1188 2615 firmas,
1220 2575 1341 2607 validas
1369 2581 1400 2608 et
1424 2575 1574 2609 efficaces
1600 2577 1740 2611 existere
1767 2584 1799 2612 et

1068 233 1098 265 S.

1068 286 1106 319 lis

1813 193 1862 218 An.
1885 192 1912 218 C.
1934 193 2000 220 1056

1841 573 1935 593 Pontifex
1951 579 2000 594 con-

1815 598 1889 621 firmat.

1837 2055 1954 2076 Prolubitio
1972 2057 1993 2077 ut

1810 2089 1828 2103 m
1845 2084 1936 2103 rubine.

1836 2480 1946 2500 Dur-sctum
1965 2481 1993 2501 ir-

1809 2509 1881 2526 ritaus.
