2247 3208
150 177 200 203 An.
221 176 250 204 C.
268 177 334 204 1568

166 1611 249 1631 (laruae
265 1610 318 1630 Con·

134 1639 260 1658 utrium-vnis.

337 330 523 374 impressis,
547 340 643 362 manu
669 329 803 363 alicuius
819 329 935 362 notarii
950 329 1072 373 publici

337 383 536 426 subscriptis,
561 388 593 414 et
609 382 718 424 sigillo
740 392 899 425 personae
921 382 954 414 in
972 381 1073 423 digni-

338 441 399 468 tate
436 435 656 468 ecclesiastica
689 435 885 468 constitutae
921 434 1071 471 munitis,

334 488 453 531 ubique
472 489 617 521 locorum
635 492 667 520 et.
684 488 835 530 gentium,
854 487 965 519 eadem
985 497 1072 530 pror-

334 552 385 573 sus
403 540 481 573 tides
499 541 672 580 habeatur,
689 550 770 583 quae
796 540 974 572 haberetur
993 539 1071 581 ipsis

333 594 560 637 praesentibus
577 620 584 634 ,
619 593 645 626 si
682 593 789 626 forent
825 591 987 625 exhibitae
1020 592 1070 624 vel

334 653 496 680 ostensae.

376 699 488 732 Datum
514 699 649 739 Romae,
676 698 761 742 apud
791 697 822 730 S.
850 697 982 730 Mariam
1007 697 1069 730 Ma-

332 753 444 791 iorem,
472 753 531 785 sub
556 753 676 785 annulo
701 750 901 790 piscatoris,
929 751 980 784 die
1006 761 1068 784 xxil
1090 766 1091 773 ι

331 806 526 849 septembris
546 814 721 843 MDCvani,
736 803 944 847 pontificatus
963 804 1068 837 nostri

331 868 417 891 anno
444 868 478 891 ιι.

366 919 425 947 Dat.
447 919 491 947 die
506 919 539 946 22
555 919 718 955 septembris
735 919 812 953 1668,
833 920 929 955 pontif.
953 928 1023 947 anno
1040 926 1066 947 n.

640 1063 756 1096 Lxxx.

331 1143 494 1177 Concessio
525 1142 807 1185 indulqentiarwn
833 1151 890 1185 pro
915 1142 1068 1182 christist-

373 1196 499 1228 delibus
534 1196 645 1229 Status
672 1195 888 1228 Ecclesiastici
926 1195 1066 1227 divinam

373 1259 461 1292 opem
488 1248 739 1292 imploranlibus
761 1258 819 1291 pro
838 1248 973 1279 mitione
990 1247 1067 1279 cii-i-
1088 1264 1090 1280 ι

375 1303 450 1334 tatis
485 1306 512 1334 el
544 1302 637 1342 requi
662 1301 772 1335 Cretae
804 1305 914 1332 contra
948 1301 1067 1333 Tur-cas

372 1365 408 1386 ac
442 1364 501 1397 pro
531 1353 621 1396 felici
656 1353 830 1386 directione
866 1354 1065 1395 ›zessott'orum

963 173 1104 199 CLEMENS
1127 173 1158 197 ix
1181 173 1230 197 PP-

339 226 451 265 uiant,
477 225 624 258 volumus
650 229 685 257 ut
709 223 896 257 earumdem
922 226 1097 266 praesens

338 278 416 311 tium
442 277 664 319 transumptis,
685 287 743 309 seu
777 276 946 319 exemplis,
977 276 1073 309 etiam
1094 274 1096 312 't

372 1407 465 1450 requi
489 1407 655 1440 Polom'ae.

540 1486 673 1513 Clemens
694 1486 772 1520 Papa
793 1486 849 1519 IX,

468 1531 504 1557 ad
523 1531 657 1559 futuram
676 1530 722 1557 rei
741 1530 923 1558 memoriam.

373 1601 388 1644 ,ξ
413 1599 444 1633 1.
464 1599 540 1633 Cum
557 1611 617 1633 nos
638 1600 797 1634 dominica
813 1600 959 1644 proxime
977 1611 1067 1644 prae·
1087 1632 1089 1644 ,

330 1653 424 1686 terita
445 1652 667 1696 processioni¹
686 1653 725 1685 ab
751 1653 888 1686 ecclesia
912 1653 942 1686 S.
965 1653 1067 1686 Stani-

329 1707 387 1739 slai
420 1706 560 1739 nationis
594 1706 788 1740 Polonorum
824 1707 863 1739 ad
898 1707 1066 1740 eeclesiam

328 1759 359 1792 S.
391 1759 486 1792 Marci
505 1759 543 1792 de
569 1754 653 1792 Urbe
678 1769 696 1791 a
719 1758 812 1792 nobis
838 1758 1011 1798 institutae,
1031 1770 1066 1792 ac

328 1812 446 1845 missae
473 1811 619 1852 solemni,
641 1822 724 1855 quae
742 1812 774 1844 in
796 1812 907 1844 eadem
932 1813 1067 1845 ecclesia

329 1865 359 1898 S.
377 1865 473 1898 Marci
491 1865 628 1898 subinde
648 1865 809 1898 celebrata
827 1865 896 1905 suit,
916 1868 978 1898 una
995 1875 1066 1898 cum

328 1917 568 1950 venerabilibus
593 1917 745 1950 fratribus
771 1917 889 1950 nostris
914 1917 944 1950 S.
972 1917 1008 1950 R.
1029 1918 1063 1950 E.
1086 1954 1088 1963 Α

331 1970 559 2010 cardinalibus,
586 1980 713 2003 necnon
738 1970 940 2014 patriarchis,
963 1971 1065 2004 archi-

330 2023 490 2066 episcopis
509 2028 541 2056 et
565 2023 736 2067 episcopis,
759 2023 894 2066 aliisque
912 2024 1064 2067 praelatis

330 2081 362 2108 et
386 2075 577 2109 officialibus
603 2077 747 2119 capellae
784 2082 910 2108 nostrae
936 2075 1065 2119 pontisi-

328 2128 394 2164 ciae
419 2128 677 2168 interfuerimus,
699 2139 737 2161 ae
763 2128 913 2161 omnibus
938 2128 1066 2161 christi-

329 2180 477 2215 fidelibus
494 2192 568 2215 vere
584 2182 827 2226 poenitentibus
852 2188 885 2215 et
907 2182 1063 2214 confessis

327 2240 358 2267 et
380 2237 469 2267 sacra
494 2235 719 2268 communione
746 2235 883 2275 resectis,
909 2235 962 2278 qui
988 2244 1086 2279 pro-³,

327 2287 469 2320 cessioni
487 2292 519 2320 et
533 2288 648 2321 missae
666 2287 840 2331 praedictis
856 2288 1063 2329 interessent,

325 2341 375 2374 vel
404 2345 576 2384 utramque
609 2341 780 2374 ecclesiam
814 2341 999 2374 huiusmodi
1024 2352 1063 2374 eo

326 2394 379 2426 die
402 2393 578 2433 visitarent,
600 2393 709 2436 ibique
729 2394 870 2426 divinum
895 2394 1060 2431 auxilium,
1084 2407 1085 2439 ι

327 2452 391 2480 tam
410 2457 472 2490 pro
497 2446 687 2480 defensione
705 2452 800 2490 atque
826 2447 962 2480 tuitione
988 2447 1064 2480 civi·

364 2564 374 2589 ¹
397 2562 467 2589 Edit.
482 2561 561 2590 Main.
579 2562 642 2598 legit
655 2562 845 2598 processionis
859 2567 896 2597 tn.
914 2564 962 2597 T.)-

1118 221 1191 253 tatis
1209 225 1239 253 et
1257 220 1348 263 regni
1369 220 1479 252 Cretae
1497 224 1607 251 contra
1625 218 1852 261 oppressiones

1117 274 1291 306 Turcarnm
1306 300 1313 313 ,
1336 283 1430 316 quam
1462 283 1519 315 pro
1544 271 1770 315 praesentibus
1797 282 1852 304 ne-

1117 327 1319 360 cessitatibus
1357 325 1505 370 felicique
1539 325 1718 358 directione
1754 335 1852 367 nego-

1117 380 1232 413 tiorum
1257 381 1347 423 regni
1374 380 1525 413 Poloniae
1545 380 1764 422 implorarent,
1785 379 1852 421 ple-

1116 434 1237 466 nariam
1255 434 1397 466 omnium
1424 439 1629 477 peccatorum
1653 442 1786 465 suorum
1803 431 1851 464 in-

1116 487 1312 528 dulgentiam
1349 492 1381 519 et
1416 487 1638 519 remissionem
1671 485 1850 518 misericor-

1115 538 1198 571 diter
1213 538 1244 570 in
1262 539 1398 571 Domino
1425 539 1689 577 concesserimus,
1716 548 1750 569 ac
1768 537 1851 569 eius-

1115 591 1200 623 modi
1216 591 1437 632 indulgentiae
1450 591 1623 634 participes
1638 600 1765 633 quoque
1781 590 1849 622 fieri

1112 643 1310 676 voluerimus
1336 644 1498 685 regulares
1515 643 1682 686 utriusque
1709 653 1803 675 sexus
1818 642 1848 675 in

1113 697 1261 729 clausura
1286 697 1441 739 rigentes,
1461 697 1515 739 qui
1535 698 1572 729 ad
1594 697 1734 729 divinam
1752 707 1846 740 opem

1113 749 1262 783 similiter
1287 749 1517 791 confugerent,

1156 803 1170 845 g
1195 802 1225 834 ⁶2.
1252 802 1289 834 Et
1314 802 1345 834 in
1372 802 1503 835 dirersis
1524 801 1670 835 eiusdem
1690 801 1781 834 L'rbis
1800 812 1848 834 ec-

1113 854 1220 887 clesiis
1259 854 1310 888 55.
1349 854 1569 886 Eucharistiae
1605 853 1847 886 Sacramentum

1112 907 1261 951 publicae
1279 907 1419 940 fidelium
1437 906 1639 939 venerationi
1661 905 1777 948 exponi
1797 916 1848 937 cu-

1111 960 1303 999 raverimus,
1327 959 1462 1003 piasque
1488 959 1526 992 ad
1545 959 1645 991 Deum
1663 968 1776 1001 preces
1799 958 1849 990 his

1112 1013 1226 1046 diebus
1251 1012 1526 1052 indixeri1mis‚ut
1551 1016 1642 1055 pater
1667 1010 1849 1044 misericor-

1112 1065 1235 1099 diarum
1260 1071 1291 1097 et
1315 1066 1397 1099 Deus
1424 1065 1519 1097 totius.
1540 1063 1773 1097 consolationis
1793 1063 1850 1095 Ec-

1111 1119 1241 1152 clesiam
1268 1129 1357 1151 suani
1382 1124 1525 1151 sanctam
1551 1123 1735 1160 protegere,
1766 1116 1849 1148 eius-

1111 1183 1173 1215 que
1199 1172 1338 1205 hostium
1372 1172 1507 1214 impetus
1544 1177 1575 1202 et
1609 1169 1694 1203 vires
1724 1169 1849 1202 virtutis

1110 1236 1184 1258 suae
1211 1225 1356 1268 potentia
1382 1225 1559 1267 reprimere
1584 1229 1678 1266 atque
1705 1222 1848 1256 eonfrin-

1088 1285 1198 1320 Ἥρω,
1226 1288 1467 1321 prosperosque
1499 1285 1607 1310 rerum
1632 1281 1763 1309 eventus
1794 1276 1849 1310 be-

1110 1331 1207 1373 nigne
1232 1330 1342 1373 largiri
1369 1331 1536 1372 dignetur:

1153 1385 1168 1427 ξ
1193 1383 1224 1417 3.
1252 1384 1333 1416 Ilinc
1359 1389 1407 1416 est
1425 1383 1511 1426 quod
1530 1393 1597 1422 nos,
1617 1382 1698 1415 alios
1719 1392 1845 1425 quoque

1111 1436 1337 1470 christifideles
1361 1437 1399 1469 ad
1425 1435 1542 1468 similia
1566 1435 1765 1468 christianae
1783 1435 1847 1478 pie-

1109 1490 1181 1522 tatis
1207 1499 1306 1533 opera
1336 1489 1549 1532 spiritualium
1575 1488 1751 1531 gratiarum
1776 1499 1846 1520 mu-

1109 1543 1239 1576 neribus
1259 1543 1393 1576 incitare
1412 1543 1588 1585 cupientes,
1606 1541 1846 1574 venerabilibus

1110 1598 1259 1646 fratribus
1300 1596 1554 1639 archiepiscopis
1589 1601 1620 1628 et
1654 1596 1843 1638 episcopis,

1109 1650 1245 1694 aliisque
1279 1650 1485 1683 eeclesiarum
1523 1649 1673 1692 praelatis
1699 1653 1731 1681 et
1755 1647 1846 1680 Ordi-

1109 1703 1207 1736 nariis
1233 1703 1452 1737 civitatumet
1477 1703 1660 1736 dioecesum
1678 1729 1685 1741 ,
1714 1702 1846 1745 oppido-

1110 1767 1190 1794 rum,
1209 1763 1365 1789 terrarum
1382 1761 1412 1789 et
1436 1756 1580 1788 locorum
1602 1755 1694 1788 nobis
1713 1760 1743 1788 et
1764 1756 1845 1797 Apo-

1109 1810 1241 1843 stolicae
1266 1809 1341 1842 Sedi
1377 1809 1408 1841 in
1443 1808 1674 1851 temporalibus
1707 1808 1845 1841 mediate

1108 1865 1158 1897 vel
1183 1863 1366 1896 immediate
1392 1861 1624 1900 subiectorum,
1652 1871 1708 1893 seu
1734 1871 1845 1894 eorum

1108 1916 1233 1949 vicariis
1260 1916 1291 1948 in
1310 1915 1529 1958 spiritualibus
1551 1914 1767 1956 generalibus,
1787 1924 1845 1957 per

1108 1974 1296 2013 praesentes
1323 1967 1551 2001 committimus
1576 1972 1608 1999 et
1631 1967 1841 2006 mandamus,

1108 2028 1158 2061 ut,
1193 2023 1299 2054 statim
1325 2027 1420 2065 atque
1447 2021 1590 2064 ipsarum
1626 2020 1845 2063 praesentium

1108 2076 1286 2109 litterarum
1301 2079 1502 2116 transumpta
1515 2084 1571 2106 seu
1590 2074 1736 2116 exempla
1749 2073 1844 2105 etiam

1107 2129 1266 2172 impressa
1290 2128 1329 2161 ad
1350 2138 1405 2160 eos
1428 2126 1644 2170 pervenerint,
1671 2125 1845 2168 processio-

1107 2192 1165 2214 nes
1187 2181 1308 2225 pariter
1324 2180 1355 2213 in
1378 2180 1441 2212 suis
1455 2178 1634 2222 respective
1655 2178 1844 2218 civitatibus,

1108 2235 1246 2279 oppidis,
1265 2234 1358 2267 terris
1385 2239 1415 2265 et
1432 2233 1509 2266 locis
1530 2231 1708 2272 instituant,
1727 2241 1762 2264 ac
1779 2241 1845 2264 me-

1107 2293 1265 2321 moratum
1283 2287 1336 2320 SS.
1356 2284 1576 2318 Eucharistiae
1602 2284 1845 2317 Sacramentum

1107 2342 1139 2374 in
1165 2340 1307 2374 ecclesiis
1324 2349 1382 2383 per
1399 2348 1455 2371 eos
1474 2337 1650 2381 respective
1676 2337 1846 2379 designan-

1108 2395 1155 2427 dis
1180 2393 1324 2426 sidclium
1346 2390 1546 2425 venerationi
1564 2400 1623 2434 per
1640 2395 1743 2423 totum
1760 2400 1846 2423 men-

1108 2457 1174 2480 sem
1200 2447 1363 2480 octobrem
1395 2444 1542 2488 proxime
1568 2448 1737 2476 venturum
1763 2443 1846 2476 simi-

1084 2515 1085 2522 *
1108 2499 1181 2532 liter
1205 2499 1321 2541 exponi
1347 2503 1474 2537 cluent,
1495 2497 1707 2540 publicasque
1732 2506 1844 2540 preces

1107 2553 1266 2594 indicant,
1292 2562 1351 2585 uos
1378 2551 1464 2584 enim
1482 2550 1631 2584 omnibus
1649 2555 1681 2583 et
1706 2549 1843 2593 singulis

1748 161 1812 195 727
1858 171 1906 198 An.
1926 170 1946 198 c
1980 170 2044 196 tecti

1880 809 1923 838 ¹88.
1939 810 2041 831 Euclio-1-

1858 838 1912 856 stiao
1929 840 2040 862 expositio.

1891 1390 1990 1411 Concedit
2011 1391 2041 1412 in-

1857 1417 1975 1438 doleentias
1987 1421 2006 1437 u!
2021 1425 2039 1438 ιιι

1858 1444 1951 1465 rubrica,
