2247 3208
153 253 201 280 An.
219 254 248 280 C.
274 252 338 279 1608

155 1264 189 1285 Ius
199 1264 321 1285 nominati-li

137 1292 164 1310 aa
209 1290 321 1311 aeclesiam

137 1318 301 1337 Tornacensein.

967 246 1047 269 CLEM
1056 246 1091 268 t-:N
1098 247 1115 267 S
1147 245 1176 268 tx
1201 246 1248 268 ΙΨ.

1768 240 1830 273 703
1877 250 1925 275 An.
1944 250 1970 276 e.
1997 251 2060 277 itas

346 300 406 333 bus
433 305 527 342 atque
550 296 720 330 decoribus
747 295 970 337 multipliciter
995 304 1086 336 prae·
1106 298 1108 313 ⁸
1132 293 1313 325 mssorilms
1341 294 1470 335 regilius
1497 295 1690 328 Francorum
1716 298 1867 329 eliristia-

348 353 535 395 sulgentmn,
554 349 791 394 prosequimur,
808 352 959 391 [internae
979 347 1085 378 cliari-
1130 345 1282 384 miss-imis,
1310 346 1362 388 qui
1390 358 1447 389 pro
1470 353 1612 390 tempore
1631 350 1775 382 eamdem
1794 350 1865 383 civi-

346 406 418 438 tatis
445 404 576 437 all'ertus
612 414 670 435 nos
705 407 797 444 urget
826 407 920 443 atque
947 400 1080 443 impellit

344 464 378 491 ut
416 458 472 490 tibi
510 458 638 500 tuisque
675 455 916 487 successoribus
953 453 1083 495 regibus

345 510 620 544 christianissimis
647 510 809 542 luculenta
826 507 1012 550 pontificiae
1031 517 1083 538 no-

343 570 426 597 strae
446 563 656 606 benignitatis
678 563 761 595 dona
780 561 971 603 largiantur,
991 558 1081 591 firma

343 628 399 667 spe
430 622 524 660 atque
554 616 670 649 fiducia
695 615 727 648 in
752 614 887 646 Domino
916 612 985 644 t'reti
1012 612 1079 644 sore

339 677 373 703 ut
400 677 462 703 tam
489 676 519 703 tu
547 681 642 713 quani
679 676 882 701 successores
916 666 959 698 tui
986 676 1080 707 reges

340 724 487 767 praefati,
509 723 576 756 viae
595 727 838 755 antecessorum
854 730 967 761 regum
983 723 1080 750 vesti-

341 776 401 818 giis
426 777 602 819 impressae
622 775 840 813 inhaerentes,
868 773 1006 815 populos
1032 771 1078 803 di-

343 829 423 862 tioni
448 836 572 862 vestrae
597 828 736 860 creditos
762 827 794 859 in
820 825 882 859 fide
916 825 1078 858 catholiea

340 893 375 915 ac
397 888 505 915 vetere
532 892 608 924 erga
634 881 750 913 Sedem
777 879 977 924 praedictam
1003 878 1098 911 obe—=

340 935 462 968 aientia
486 935 651 968 continere
685 934 755 977 pari
788 934 883 966 laude
909 932 1074 972 conaturi,

336 988 651 1031 constitutionesque
673 987 866 1031 apostolicas
893 987 924 1019 in
948 986 1075 1019 univer-

336 1042 378 1074 sis
404 1041 554 1074 dominiis
576 1041 689 1074 vestris
707 1041 834 1073 debitae
853 1050 983 1082 semper
1003 1050 1076 1071 exe-

337 1093 483 1137 quutioni
509 1095 655 1127 mandari
681 1106 715 1126 ae
734 1093 825 1127 Sedis
847 1094 991 1126 eiusdem
1018 1093 1075 1124 ho-

335 1158 448 1181 norem
474 1153 505 1180 et
528 1148 751 1181 auctoritatem
777 1147 919 1180 illibatos
945 1157 1075 1179 conser-

336 1201 401 1233 vari
427 1201 514 1233 omni
540 1200 645 1233 studio
670 1201 738 1233 sitis
764 1200 916 1232 curaturi.

379 1255 394 1297 g
419 1254 449 1286 l.
479 1255 629 1287 Volentes
654 1254 762 1297 itaque
789 1254 857 1292 tibi,
884 1253 950 1296 qui,
972 1259 1006 1286 ut
1024 1265 1074 1287 ac-

334 1307 493 1350 cepimus,
518 1308 679 1340 civitatem
704 1307 951 1345 'l'ornacensem‚
975 1307 1072 1339 maie-

333 1360 407 1392 stati
432 1366 503 1392 tuae
529 1371 547 1392 a
575 1359 743 1392 carissimo
779 1360 810 1392 in
842 1359 971 1392 Christo
1004 1360 1071 1392 lilio

333 1418 446 1446 nostro
471 1413 584 1446 Carolo
611 1413 839 1456 Hispaniarum
865 1423 941 1455 rege
963 1413 1072 1446 catho-

332 1466 396 1499 lico
422 1477 481 1510 per
502 1472 672 1499 tractatum
691 1466 779 1510 pacis
797 1466 883 1499 inter
903 1467 1069 1510 utriusque

331 1524 474 1552 vestrum
520 1519 823 1562 plenipotentiarios
867 1519 899 1551 in
948 1520 1069 1562 oppido

332 1571 542 1614 Aquisgrani,
569 1572 759 1604 Leodiensis
782 1572 950 1612 dioecesis,
975 1573 1025 1605 die
1047 1584 1069 1606 11

332 1625 406 1657 maii
432 1625 577 1668 proxime
602 1625 771 1668 praeteriti
795 1625 920 1665 initum,
947 1630 978 1657 et
996 1627 1071 1658 suh-

331 1677 407 1710 inde
431 1677 582 1720 utrinque
602 1677 803 1718 ratificatum,
823 1678 855 1709 in
877 1684 1069 1720 perpetuum

332 1740 456 1763 cessam
472 1735 503 1762 et
516 1730 745 1769 renunciatum,
763 1730 801 1762 de
817 1731 978 1773 praesenti
995 1742 1070 1774 pos-

332 1782 429 1822 sides,
441 1782 570 1825 tuisque
581 1783 820 1815 successorihus
829 1783 961 1825 regibus
977 1784 1069 1816 Fran-

332 1846 446 1868 corum
471 1835 758 1876 christianissiniis,
786 1847 850 1878 quo
868 1837 989 1878 regiam
1014 1837 1070 1869 be-

332 1889 550 1921 nevolentiam
575 1899 651 1931 erga
675 1899 833 1932 personas
851 1889 1068 1922 benemeritas

331 1942 485 1984 vobisque
521 1947 627 1984 gratas
663 1947 694 1973 et
730 1947 879 1984 acceptas
915 1952 1068 1975 exercere

331 1995 482 2035 valeatis,
509 1994 645 2037 gratiam
672 1995 776 2027 facere
810 1995 1008 2037 specialem,
1034 2006 1070 2028 ac

332 2050 498 2088 sperantes
524 2050 554 2077 te
581 2056 616 2077 ae
641 2045 714 2078 illos
740 2045 771 2077 in
798 2045 1003 2078 nominandis
1030 2046 1068 2078 ad

332 2099 503 2132 eeclesiam
517 2099 753 2131 Tornacensem
769 2110 856 2132 nunc
870 2105 902 2132 et
919 2111 978 2143 pro
997 2105 1068 2132 tem-

332 2163 410 2195 pore
436 2145 577 2195 pastoris
603 2152 720 2185 solatio
747 2152 934 2185 destitutam
956 2164 1069 2196 perso-

333 2204 399 2244 nis,
424 2216 507 2248 quae
530 2205 613 2238 vitae
645 2205 851 2247 integritate,
888 2206 1068 2248 religione,

332 2257 395 2290 side
421 2263 453 2290 et
477 2259 622 2291 doctrina
646 2264 824 2302 praestent,
848 2269 883 2291 ac
900 2260 1069 2303 episcopa-

333 2311 372 2343 lis
396 2311 540 2344 muneris
569 2311 792 2354 praerogativa
824 2311 939 2354 dignae
977 2312 1066 2353 sint,

333 2375 495 2397 summum
520 2365 659 2397 studium
685 2375 907 2408 summamque
936 2365 1070 2407 diligen-

332 2418 409 2450 tiam
429 2420 558 2459 semper
583 2417 799 2457 adamatum,
821 2427 881 2449 nec
906 2418 1070 2450 const-ien-
1089 2426 1090 2450 1

333 2471 409 2502 tiam
435 2476 575 2503 vestram
601 2470 662 2502 hac
679 2470 711 2501 in
730 2480 764 2502 re
783 2470 849 2502 ullo
869 2470 966 2502 modo
986 2470 1067 2503 laedi
1089 2495 1090 2498 η

333 2533 484 2566 passuros
510 2534 596 2563 esse,
618 2528 707 2556 motu
725 2523 858 2566 proprio
876 2533 911 2554 ac
928 2534 962 2555 ex
983 2526 1069 2555 ‹wi-ta

333 2576 467 2609 scientia
491 2576 626 2616 nostris,
654 2576 758 2619 deque
784 2575 981 2618 apostolicae
1013 2586 1069 2617 po-

333 2629 457 2661 testatis
491 2629 717 2673 plenitudine,
755 2628 810 2660 tilii
846 2627 970 2671 tuisque
997 2639 1069 2661 suc-

1130 403 1224 430 tatem
1271 398 1504 432 'Fornace-nsem
1544 403 1772 444 possederint,
1816 403 1865 435 ius

1126 451 1317 483 nominandi
1344 463 1515 494 personam
1542 454 1690 487 idoneam
1716 456 1747 488 in
1776 457 1865 489 theo-

1126 503 1211 545 logia
1236 504 1434 544 magistrum,
1462 512 1512 538 aut
1540 507 1570 538 in
1594 508 1732 540 decretis
1753 510 1864 543 docto·
1884 533 1886 535 -

1126 566 1204 592 reni„
1231 567 1286 588 sen
1313 557 1512 591 licentiatum
1534 560 1690 594 nobilium
1713 562 1863 596 universi-

1126 614 1224 641 tatum
1251 620 1342 642 more
1369 611 1517 653 diligenti
1550 614 1694 647 examine
1727 626 1862 658 praece-

1124 662 1219 693 dente
1235 668 1428 704 promoturo,
1449 665 1486 696 ad
1502 667 1670 699 eeclesiam
1685 667 1860 701 Tornacen-

1123 724 1188 746 sem
1229 716 1429 757 praedictam
1469 729 1552 751 nunc
1593 726 1757 754 vacantem
1780 749 1787 761 ,
1829 728 1860 755 et

1122 768 1393 811 quotiescumque
1420 770 1505 803 illam
1532 783 1643 805 vacare
1670 775 1859 816 contigerit,

1101 820 1214 852 mobis
1242 826 1269 853 et
1297 821 1442 854 Romano
1470 823 1623 864 Pontifici,
1638 825 1765 868 quipro
1784 832 1859 860 tem-

1120 884 1200 917 pore
1227 874 1334 915 suerit,
1356 886 1413 919 per
1431 883 1539 911 noset
1556 878 1705 910 eumdem
1728 879 1859 913 Pontifi-

1120 937 1188 958 cem
1214 927 1245 959 in
1272 928 1459 971 episcopum
1487 929 1723 962 Toruaeensem
1746 932 1784 964 ad
1802 943 1859 965 no-

1120 980 1333 1014 minationem
1375 983 1560 1016 huiusmodi
1601 984 1832 1018 instituendam
1850 1013 1856 1024 ,

1120 1039 1231 1067 tenore
1257 1036 1496 1077 praesentium,
1523 1037 1555 1069 in
1586 1043 1779 1081 perpetuum
1807 1049 2006 1095 re-Howotum
2024 1050 2051 1072 ir·

1879 1082 1941 1096 lans.

1095 1104 1096 1108 =
1119 1098 1286 1121 servamus
1313 1094 1408 1132 atque
1436 1091 1653 1131 concedimus,
1671 1102 1707 1124 ac
1728 1092 1855 1126 irritum

1119 1145 1149 1171 et
1174 1140 1267 1173 inane
1294 1141 1317 1173 si
1345 1153 1434 1175 sin-us
1452 1154 1552 1186 super
1569 1144 1618 1176 liis
1637 1155 1654 1176 a
1679 1155 1855 1188 quoquam,

1118 1193 1228 1235 quavis
1253 1195 1456 1231 auctoritate,
1479 1197 1619 1229 scienter
1636 1198 1685 1230 vel
1704 1198 1855 1240 ignoran-

1118 1247 1374 1288 ter„‹20111ig01·ii
1399 1249 1560 1287 attentari,
1589 1250 1807 1284 decernimus.

1159 1300 1173 1341 g
1199 1298 1229 1330 ⁶2.
1258 1300 1325 1332 Non
1348 1301 1551 1333 obstantibus
1570 1303 1853 1337 constitutionibus

1116 1356 1145 1382 et
1171 1352 1430 1385 ordimuioniluis
1456 1354 1642 1397 apostolicis
1659 1381 1666 1394 ,
1697 1366 1733 1388 ac
1764 1367 1854 1399 prae-

1116 1404 1220 1437 dictae
1247 1406 1403 1439 ecclesiae
1425 1407 1650 1447 Tornaoensis,
1683 1409 1778 1441 etiam
1805 1410 1852 1442 iu-

1114 1465 1278 1497 ramento,
1303 1459 1548 1493 confirmatione
1575 1462 1776 1504 apostolica,
1801 1463 1850 1496 vel

1115 1511 1226 1554 quavis
1252 1511 1402 1544 firmitate
1433 1513 1493 1545 alia
1519 1513 1692 1553 roboratis,
1723 1516 1852 1550 statutis

1114 1568 1143 1595 et
1170 1564 1471 1605 consuetudinibus,
1506 1565 1685 1609 privilegiis
1712 1579 1850 1612 quoque,

1112 1616 1247 1649 indultis
1273 1621 1302 1649 et
1328 1617 1443 1650 litteris
1477 1620 1664 1662 apostolicis
1690 1621 1784 1654 etiam
1808 1623 1853 1655 ei-

1114 1669 1184 1702 dem
1211 1670 1378 1709 ecclesiae,
1405 1671 1537 1714 eiusque
1556 1673 1706 1716 capitulo,
1726 1685 1762 1706 ac
1784 1675 1853 1718 qui-

1113 1722 1221 1755 busvis
1236 1723 1315 1763 aliis,
1330 1725 1387 1756 sul)
1406 1724 1663 1769 quiluiscumque
1683 1728 1851 1761 tenoribus

1113 1781 1144 1808 et
1170 1776 1296 1815 formis,
1323 1787 1359 1808 ae
1383 1788 1456 1809 eum
1483 1778 1649 1821 quibusvis
1675 1781 1769 1813 ctiam
1797 1781 1851 1814 deu

1113 1829 1349 1871 rogatoriarum
1377 1830 1604 1873 derogatoriis,
1632 1832 1767 1876 aliisque
1786 1834 1851 1866 essi-

1112 1882 1294 1914 caeioribus
1320 1888 1351 1914 et
1376 1883 1515 1916 insolitis
1540 1885 1703 1926 clausulis,
1722 1886 1850 1920 irritan-

1114 1935 1262 1978 tibusque
1289 1941 1320 1968 et
1344 1936 1414 1968 aliis
1441 1936 1601 1977 decretis,
1635 1938 1732 1971 etiam
1761 1946 1849 1972 motu

1112 1988 1255 2031 proprio,
1282 2000 1317 2021 ac
1342 2000 1378 2022 ex
1405 1991 1490 2022 certa
1515 1990 1662 2031 scientia,
1691 2003 1727 2024 ac
1748 1994 1850 2026 consi·

1113 2042 1288 2074 storialiter
1313 2043 1474 2075 concessis
1491 2070 1498 2083 ,
1533 2055 1568 2076 ac
1605 2044 1702 2077 etiam
1726 2045 1848 2079 iteratis

1111 2095 1233 2128 vicibus
1259 2095 1455 2129 confirmatis
1480 2102 1512 2129 et
1536 2098 1710 2139 innovatis3
1734 2100 1849 2142 quilius

1113 2149 1274 2189 omnihus,
1302 2149 1427 2181 etiamsi
1452 2161 1511 2193 pro
1530 2151 1661 2184 illorum
1679 2152 1849 2186 sufficienti

1112 2202 1321 2244 derogatione
1348 2203 1387 2234 de
1413 2203 1476 2236 illis
1502 2214 1681 2247 eorumque
1708 2205 1781 2237 totis
1808 2211 1850 2239 te·

1111 2254 1246 2287 noribus
1283 2255 1455 2297 specialis,
1491 2256 1655 2298 specifica,
1693 2268 1848 2300 expressa

1935 1313 2016 1338 Dei-oga
2022 1314 2050 1334 tio

1865 1341 2027 1360 couti-ariorum.

1089 2305 1091 2322 ”
1112 2312 1141 2340 et
1167 2307 1351 2347 individua,
1379 2319 1414 2340 ae
1439 2300 1477 2341 de
1504 2309 1602 2342 verbo
1628 2310 1667 2342 ad
1692 2311 1825 2343 verbum
1841 2338 1848 2352 ,

1111 2372 1177 2394 non
1198 2367 1306 2396 autem
1323 2372 1382 2405 per
1398 2363 1559 2395 clausulas
1579 2365 1745 2405 generales
1764 2365 1848 2397 idem

1111 2415 1340 2458 importantes,
1377 2415 1498 2447 mentio
1536 2426 1592 2447 seu
1629 2417 1760 2459 quaevis
1787 2417 1849 2450 alia

1112 2467 1277 2510 expressio
1310 2468 1460 2500 habenda
1496 2473 1550 2501 aut
1574 2468 1679 2512 aliqua
1710 2470 1771 2502 alia
1796 2481 1849 2503 ex-

1113 2521 1233 2563 quisita
1258 2521 1357 2553 forma
1382 2522 1499 2554 adhoc
1516 2522 1674 2555 servanda
1693 2523 1783 2561 soret,
1804 2529 1849 2556 te-

1113 2584 1205 2606 nores
1242 2574 1448 2615 huiusmodi,
1483 2585 1519 2607 ac
1550 2575 1574 2608 si
1610 2576 1648 2608 de
1684 2577 1783 2608 verbo
1809 2577 1848 2609 ad

1113 2628 1246 2659 verbnm
1270 2627 1491 2659 insererentur
1516 2634 1547 2661 et
1571 2628 1843 2671 exprimerentur,
