2247 3208
227 218 275 246 An.
298 219 327 247 c.
347 220 412 247 ¹607
459 211 523 246 530

249 280 323 301 Simile
341 282 406 302 iuulul-

223 308 264 326 lnui
307 308 406 334 ulai-gitur

220 332 324 354 l‘unlisux.

462 271 476 312 g
501 269 532 301 2.
560 268 637 302 Cum
662 273 770 301 autem
796 278 856 311 pro
882 274 973 312 parte
991 272 1045 301 tua
1064 269 1155 301 nobis

417 322 513 354 suerit
530 321 710 364 expositum
730 321 931 354 maiestatem
951 327 1038 355 tuam
1057 322 1154 355 simili

417 374 626 407 concessione
642 379 673 406 et
691 374 816 407 indulto
835 385 870 407 ex
890 377 1001 407 nostra
1017 381 1048 408 et
1064 375 1155 408 Sedis

415 427 619 470 Apostolicae
650 427 851 469 benignitate
883 428 1025 470 gaudere
1058 439 1153 472 posse

414 479 589 523 plurimum
604 485 786 522 exoptasse:
805 491 873 520 nos,
891 486 962 513 tuae
976 481 1063 521 fidei,
1079 492 1155 514 con-

415 533 552 565 stantiae
579 543 614 565 ac
638 533 830 572 devotionis,
857 533 973 576 quibus
999 544 1075 576 erga
1093 545 1152 566 nos

414 591 445 618 et
480 585 596 618 Sedem
628 586 845 628 Apostolicarn
876 586 1079 629 praefulgere
1106 587 1153 619 di-

414 638 589 680 gnosceris,
616 638 739 671 meritis
764 639 901 678 adducti,
928 639 1054 683 tuisque
1079 650 1154 683 sup-

412 690 643 734 plicationibus
670 691 854 724 huiusmodi
879 691 1044 732 inclinati,
1077 692 1150 732 tibi,

414 746 466 776 tua
492 749 613 776 tantum
640 745 703 776 vita
720 745 867 785 durante,
891 750 923 778 et
948 746 1098 788 quamdiu
1119 746 1150 778 in

414 797 599 830 sinceritate
624 797 698 830 fidei
716 803 747 830 et
767 798 890 831 unitate
916 798 946 831 S.
968 799 1004 831 R.
1024 799 1058 831 E.
1078 809 1152 832 nec-

412 861 478 883 non
505 850 691 883 ohedientia
715 860 751 883 ac
776 851 949 884 devotione
975 852 1095 884 nostris
1121 858 1152 884 et

412 913 636 936 successorum
649 909 835 936 nostrorum
846 904 1064 936 Romanorum
1074 904 1151 936 Pon-

411 956 531 988 tificum
558 956 713 988 canonice
743 956 931 988 intrantium
964 957 1149 989 huiusmodi

409 1008 636 1052 praestiteris¹.
654 1010 701 1041 ius
717 1015 748 1041 et
763 1010 946 1042 facultatem
961 1010 1149 1043 nominandi

410 1061 503 1094 nobis
531 1068 561 1093 et
587 1062 733 1094 Romano
760 1062 905 1094 Pontifici
924 1073 983 1106 pro
1006 1068 1149 1106 tempore

409 1115 558 1147 existenti
593 1120 653 1147 tam
688 1115 725 1147 ad
759 1115 938 1158 praedictas
977 1116 1149 1158 dignitates

410 1167 608 1207 abbatiales,
635 1172 690 1199 aut
715 1178 990 1211 quorumcumque
1023 1180 1150 1202 monas-

409 1220 566 1253 teriorum
592 1220 765 1262 regimina,
792 1221 890 1253 etiam
921 1232 980 1264 per
1012 1221 1148 1265 priores,

408 1278 462 1305 aut
487 1273 691 1316 praepositos
715 1273 783 1315 regi
810 1279 842 1306 et
873 1274 1048 1316 gubernati
1074 1275 1149 1308 soli-

407 1330 525 1366 torum,
545 1336 638 1368 quam
657 1325 752 1358 etiam
770 1326 809 1358 ad
828 1337 1046 1370 quoscumque
1066 1328 1149 1370 prio-

407 1384 516 1418 ratus,
542 1378 784 1421 praeposituras
821 1385 876 1412 aut
909 1381 1146 1424 praepositatus

409 1437 600 1464 conventum
638 1432 821 1472 habentes,
858 1432 941 1465 int'ra
981 1433 1171 1466 districtus!

410 1485 600 1518 eorumdem
618 1485 800 1524 ducatuum,
815 1486 1097 1519 marchionatuum
1116 1492 1148 1519 et

410 1538 547 1571 aliorum
574 1538 790 1571 dominiorum
816 1545 944 1572 tuorum
969 1540 1147 1582 praedicto-

409 1602 490 1630 rum,
502 1602 538 1624 ac
555 1591 723 1624 comitatus
741 1592 954 1634 Burgundiae„
972 1593 1146 1626 dummodo
1167 1602 1169 1634 ζ

409 1644 493 1678 intra
526 1651 617 1687 septa
649 1645 837 1677 eorumdem
869 1645 1084 1679 dominiorum
1117 1653 1148 1679 et

410 1698 580 1731 comitatus
604 1698 809 1740 Burgundiae
839 1699 996 1739 existant,
1023 1700 1145 1733 etiamsi

410 1752 468 1784 sub
495 1752 665 1794 temporali
692 1752 834 1784 dominio
868 1753 1003 1786 aliorum
1032 1748 1147 1796 proce-

409 1815 479 1836 rum
510 1805 688 1836 consistant
707 1806 757 1838 vel
781 1807 992 1848 temporalem
1018 1807 1147 1839 iurisdi-

409 1857 550 1889 ctionem
579 1857 729 1896 babeant,
754 1868 790 1890 ac
822 1858 947 1890 etiamsi
974 1859 1144 1901 prioratus,

409 1910 658 1954 praepositurae
685 1916 740 1942 aut
764 1911 1001 1954 praepositatus
1028 1918 1058 1945 et
1082 1923 1145 1946 non

409 1963 606 1996 monasteria
621 1969 856 2006 nuncupentur,
867 1975 925 2007 pro
941 1971 1083 2008 tempore
1098 1977 1147 1998 va-

410 2022 520 2048 cantes
539 2026 594 2048 sou
612 2016 764 2055 vacantia,
783 2027 842 2059 per
859 2027 917 2049 nos
938 2023 969 2049 et
986 2018 1146 2051 Romanos

409 2068 581 2100 Pontifices
598 2079 805 2101 successores
825 2076 952 2103 nostros
979 2071 1017 2103 ad
1043 2072 1146 2104 nomi-

409 2121 573 2153 nationem
588 2126 670 2153 tuam
688 2121 770 2154 inl'ra
785 2123 896 2155 docem
917 2134 1043 2156 menses
1060 2134 1076 2156 a
1095 2125 1145 2157 die
1168 2155 1169 2167 ,

1167 2186 1169 2189 ·
1189 2180 1222 2206 et
1236 2186 1391 2218 expresse
1415 2175 1624 2217 derogamus,
1641 2175 1827 2218 ceterisque
1851 2185 1926 2208 con-

409 2171 583 2203 cuiuslibet
606 2171 779 2204 vat-ationis
800 2173 986 2213 taciendam,
1006 2185 1041 2206 ac
1053 2175 1145 2207 nobis

410 2224 593 2257 etRomano
609 2225 820 2268 Pontificipro
837 2232 981 2269 tempore
996 2228 1145 2261 existenti

409 2278 690 2320 praesentandam,
708 2279 920 2312 conferendos
937 2286 967 2312 et
981 2282 1146 2314 conseren-

410 2329 457 2369 da,
472 2331 659 2363 auctoritate
675 2333 983 2375 apostoli[·;⁴1,tenore
999 2345 1147 2377 praesen-

410 2381 500 2421 tium,
524 2384 563 2415 de
584 2384 733 2426 specialis
751 2385 837 2417 douo
857 2386 977 2428 gratiae
999 2389 1146 2420 concedi-

409 2446 479 2468 mus
493 2436 756 2479 etindulgemus,
777 2439 818 2470 ita
831 2444 865 2470 ut
880 2440 918 2471 de
937 2439 1028 2472 dictis
1048 2440 1146 2483 digni-

409 2488 526 2521 tatibus
550 2490 780 2532 abbatialibus‚
808 2497 863 2523 aut
888 2492 1145 2536 quibuscumque

445 2604 456 2631 1
476 2602 566 2631 Potius
581 2603 640 2636 lege
658 2604 820 2640 perstiteris
839 2605 878 2641 (n.
895 2607 943 2634 τ.).

999 222 1178 246 mmmmm!
1203 221 1354 247 ROMANUM

1198 269 1421 309 monasteriis,
1449 270 1654 314 prioratibus,
1682 273 1932 317 praeposituris,

1197 322 1472 365 praepositatibus
1501 324 1674 366 praedictis
1699 336 1759 369 pro
1785 332 1934 370 tempore

1196 375 1382 408 vacantibus
1400 369 1758 418 absque'nominatione
1773 383 1827 413 tua
1842 390 1934 423 prae-

1199 426 1291 466 dicta,
1311 428 1349 460 de
1371 428 1442 461 aliis
1456 438 1544 468 vero,
1561 430 1619 462 sub
1635 432 1854 466 nominatione
1875 433 1935 466 hu-

1196 479 1332 513 iusmodi
1346 491 1410 514 non
1424 483 1681 525 comprehensis,
1700 489 1730 516 et
1743 484 1865 528 absque
1880 486 1933 519 illa

1197 532 1297 565 libere
1319 534 1538 574 conserendis,
1560 535 1769 578 dignitatibus
1784 537 1934 572 videlicet

1197 586 1392 619 secularibus
1418 587 1652 630 principalibus
1672 594 1704 621 et
1728 591 1932 632 regularibus

1196 644 1267 670 actu
1282 648 1345 671 non
1359 640 1634 681 conventualibus,
1649 641 1732 674 infra
1746 643 1931 685 praedictos

1196 690 1359 723 districtus
1374 691 1637 733 consistentibus,
1658 694 1786 727 nonnisi
1801 695 1838 727 de
1853 696 1932 729 locis

1195 748 1269 776 tuae
1296 743 1408 776 ditioni
1435 744 1593 785 subiectis,
1619 751 1672 778 aut
1695 746 1755 779 tibi
1780 748 1877 789 gratis
1902 754 1935 782 et

1195 796 1334 839 acceptis
1360 798 1517 840 personis,
1543 809 1601 841 per
1625 809 1683 832 nos
1714 805 1745 833 et
1769 811 1934 834 successo-

1195 859 1246 881 res
1264 856 1391 882 nostros
1406 850 1566 884 Romanos
1579 851 1747 885 Pontifices
1765 858 1797 886 et
1816 853 1930 887 Sedem

1195 902 1341 934 eamdem
1368 913 1427 945 pro
1453 909 1599 946 tempore
1618 905 1748 948 disponi
1768 911 1799 938 et
1823 917 1932 950 respe-

1194 954 1275 987 ctive
1300 956 1464 998 provideri
1488 957 1619 990 minime
1645 959 1760 1001 possit.

1237 1008 1251 1049 g
1275 1006 1306 1040 3.
1335 1007 1404 1040 Non
1438 1009 1644 1042 obstantibus
1674 1011 1930 1056 quibuscumque

1194 1060 1487 1094 constitutionibus
1507 1068 1539 1094 et
1564 1063 1828 1097 ordinationibus
1854 1077 1931 1109 apo-

1193 1112 1331 1152 stolicis,
1349 1124 1385 1145 ac
1398 1114 1598 1156 singulorum
1615 1117 1828 1158 prioratuum,
1843 1129 1931 1161 prae·

1192 1167 1373 1209 positarum
1398 1173 1429 1200 et
1454 1169 1728 1212 praeposiiatuum
1747 1171 1930 1214 praedicto-

1192 1229 1272 1259 rum,
1293 1230 1329 1252 ac
1345 1219 1660 1264 Ordimi1n,(pio1·um
1682 1223 1737 1256 illa
1753 1229 1827 1256 sunt
1843 1235 1898 1257 seu
1913 1236 1931 1258 a

1192 1272 1310 1314 quibus
1325 1273 1519 1316 dependent,
1533 1274 1629 1307 etiam
1646 1275 1840 1315 iuramento,
1853 1288 1930 1309 con-

1190 1323 1374 1357 firmatione
1385 1326 1578 1368 apostolica,
1592 1328 1640 1360 vel
1651 1328 1761 1371 quavis
1776 1328 1928 1362 firmitate

1191 1377 1253 1410 alia
1278 1378 1456 1418 roboratis,
1478 1379 1608 1412 statutis
1627 1385 1659 1413 et
1679 1382 1928 1415 consuetudini-

1191 1431 1264 1471 bus,
1284 1431 1464 1474 privilegiis
1490 1443 1632 1476 quoque,
1659 1433 1795 1467 indultis
1821 1440 1853 1467 et
1878 1436 1929 1469 lit-

1191 1484 1270 1516 teris
1296 1485 1497 1527 apostolicis‚
1519 1486 1578 1518 sub
1604 1486 1862 1531 quibuscumque
1884 1494 1929 1521 tc-

1191 1537 1326 1570 noribus
1364 1544 1395 1571 et
1430 1538 1560 1579 formis,
1592 1550 1626 1571 ac
1659 1550 1731 1572 cum
1763 1541 1928 1584 quibusvis

1191 1591 1340 1624 clausulis
1372 1596 1404 1624 et
1429 1592 1582 1631 decretis,
1608 1593 1639 1625 in
1672 1604 1792 1635 genere
1816 1596 1867 1628 vel
1883 1595 1925 1627 ‘in

1191 1644 1309 1686 specie,
1335 1655 1371 1677 ac
1396 1645 1473 1678 alias
1498 1645 1529 1678 in
1562 1646 1764 1679 contrarium
1791 1658 1928 1690 quomo-

1191 1697 1315 1730 dolibet
1344 1698 1522 1738 concessis,
1553 1699 1742 1741 approbatis
1776 1704 1808 1732 et
1835 1700 1928 1732 inno-

1189 1750 1283 1790 vatis;
1297 1751 1416 1794 quibus
1427 1751 1578 1784 omnibus
1589 1757 1621 1784 et
1634 1752 1783 1794 singulis,
1799 1753 1925 1786 etiamsi

1190 1803 1229 1835 de
1245 1802 1308 1835 illis
1333 1814 1509 1846 eorumque
1529 1803 1602 1836 totis
1620 1804 1787 1837 tenoribus
1803 1806 1927 1848 speciu-

1190 1856 1238 1895 lis,
1261 1856 1419 1899 specifica,
1439 1867 1595 1900 expressa
1613 1863 1644 1890 et
1660 1857 1822 1890 individua
1839 1868 1928 1890 men-

1190 1909 1242 1949 tio,
1269 1920 1326 1942 seu
1352 1909 1480 1953 quaevis
1499 1909 1560 1943 alia
1584 1911 1754 1953 expressio
1776 1911 1926 1944 habenda

1190 1963 1283 2003 soret,
1311 1963 1443 1996 illorum
1461 1968 1593 1996 tenores
1612 1963 1842 2006 praesentibus
1866 1974 1926 2007 pro

1190 2017 1350 2059 expressis
1382 2017 1563 2056 habentes,
1591 2017 1655 2049 illis
1692 2016 1770 2049 alias
1802 2017 1835 2048 in
1866 2027 1925 2049 suo

1189 2070 1309 2102 robore
1335 2069 1574 2112 permansuris,
1600 2069 1639 2101 ad
1666 2069 1924 2112 praemissorum

1190 2121 1354 2163 ellectum,
1375 2122 1435 2154 hac
1458 2122 1525 2154 vice
1544 2123 1720 2161 dumtaxat,
1735 2122 1926 2166 specialiter

1192 2228 1299 2259 trariis
1326 2228 1601 2271 quibusctnnque.

1232 2281 1346 2313 Datum
1375 2281 1506 2321 Romae,
1526 2282 1611 2324 apud
1629 2281 1668 2322 S„
1680 2280 1810 2313 Mariam
1829 2280 1925 2313 Maio-

1190 2346 1274 2373 rem,
1303 2335 1361 2366 sub
1380 2337 1499 2368 annulo
1517 2335 1700 2374 piscatoris,
1719 2334 1771 2367 die
1787 2344 1809 2368 11
1827 2344 1924 2376 augu-

1190 2388 1228 2421 sti
1250 2398 1411 2426 MDCvan,
1437 2388 1643 2431 pontificatus
1665 2387 1766 2421 nostri
1790 2397 1874 2420 antio
1898 2397 1922 2420 1.

1225 2449 1281 2476 Dat.
1300 2451 1343 2476 die
1359 2452 1374 2475 2
1389 2450 1496 2484 augusti
1515 2450 1591 2482 1567,
1607 2450 1706 2484 pontit.
1723 2457 1793 2476 anno
1808 2454 1827 2475 1.

1941 225 1986 250 λη.
2005 225 2032 251 C.
2054 225 2128 252 ·t‹'›t'›7

1969 1022 2061 1047 Dei-ngat
2075 1027 2125 1042 con-

1941 1050 2019 1069 trariis.
