2247 3208
127 213 177 241 Λη.
199 213 227 241 C.
248 214 314 242 1665

159 804 309 829 'framunipto-

124 836 134 851 r
138 838 170 850 11111
185 831 245 851 tides.

155 2230 274 2252 ltnirratio.

916 216 953 239 AL
960 216 1103 240 tzxttNDEn
1127 217 1170 240 Vll
1197 217 1244 240 1¹1¹.

320 263 353 295 in
378 262 578 296 contrarium
602 264 857 307 praemissorum
882 264 1057 306 quomodo-

318 316 399 349 libet
416 317 590 357 concessis,
605 317 802 350 confirmatis
827 323 859 350 et
878 317 1054 356 innovatis;

319 369 437 412 quibus
465 370 615 403 omnibus
642 376 674 404 et
690 371 840 413 siugulis,
857 371 988 403 illorum
1010 375 1057 403 te-

319 432 415 455 nores
440 424 662 466 praesentibus
695 434 755 467 pro
786 425 881 466 plene
907 429 939 456 et
969 422 1057 455 sussi-

319 475 442 508 cientcr
467 476 630 519 expressis
654 482 687 509 et
719 476 849 509 insertis
882 476 1055 515 habentes,

318 527 383 560 illis
409 528 489 561 alias
516 529 547 561 in
573 539 631 562 suo
663 530 779 562 robore
811 528 1032 571 permansuris
1048 554 1055 567 ‚

319 580 359 613 ad
398 582 650 624 praemissorum
684 580 856 620 effectum,
889 580 950 612 hac
990 580 1055 612 vice

320 633 494 674 dumtaxat,
521 633 707 676 specialiter
732 638 763 665 et
788 643 938 676 expresse
964 632 1057 665 dero-

320 697 456 729 gamus5
493 687 677 729 ceterisque
716 686 886 719 contrariis
925 685 1057 728 quibus-

320 749 469 783 cumque.

364 793 379 835 §
411 792 442 830 6.
474 793 626 825 Volumus
664 798 770 826 autcm
803 797 838 824 ut
868 792 1056 825 earumdem

320 846 542 889 praesentium
564 846 745 878 litterarum
764 846 984 888 transumptis,
1001 856 1057 878 seu

321 898 487 941 exemplis,
507 899 602 930 etiam
619 898 797 941 impressis,
813 908 910 930 manu
923 898 1057 931 alicuius

319 950 436 983 notarii
473 950 594 994 publici
629 951 843 993 subscriptis,
887 956 919 983 et
949 951 1055 994 sigillo

319 1014 478 1047 personae
503 1005 535 1036 in
562 1004 780 1037 ecclesiastiea
805 1004 961 1047 dignitate
980 1015 1057 1038 con-

320 1057 449 1090 stitutae
474 1057 629 1097 munitis,
665 1057 777 1090 eadem
809 1068 945 1100 prorsus
975 1057 1056 1090 fides

319 1109 354 1142 in
378 1109 496 1143 iudicio
533 1115 565 1142 et
604 1115 693 1143 extra
723 1110 939 1151 adhibeatur,
974 1122 1056 1154 quae

319 1163 547 1207 praesentibus
570 1163 647 1206 ipsis
671 1163 892 1203 adhiberetur,
907 1164 933 1196 si
950 1164 1058 1196 soreut

321 1216 484 1248 exhibitae
508 1217 559 1248 vel
585 1221 748 1255 ostensae.

362 1269 476 1301 Datum
502 1269 643 1308 Romae,
669 1271 753 1312 apud
778 1269 809 1302 S.
837 1270 965 1303 Mariam
995 1271 1058 1303 Ma-

319 1322 444 1362 iorem,
471 1322 530 1355 sub
555 1323 675 1355 annulo
701 1323 873 1355 piscatoris
889 1350 896 1363 ‚
931 1323 982 1356 dic
1006 1334 1058 1356 xlv

319 1376 513 1419 septembris
538 1386 683 1416 Moerim,
716 1375 921 1419 pontificatus
954 1371 1057 1409 nostri

320 1439 406 1461 anno
431 1439 476 1462 xl.

355 1491 416 1518 Dat.
438 1491 481 1518 die
503 1491 534 1518 14
554 1491 717 1527 septembris
738 1491 821 1524 1665,
839 1490 935 1526 pontif.
956 1499 1000 1518 an.
1023 1497 1058 1518 xt.

642 1633 733 1666 Dxx.

320 1710 465 1745 Damnat
486 1712 651 1755 plurimas
674 1713 909 1757 propositiones
934 1714 1056 1756 parlim
1080 1738 1081 1744 ,

365 1766 432 1797 iam
458 1767 660 1809 ctizlt‘qualas,
681 1767 807 1810 parlim
831 1768 956 1799 variter
979 1777 1057 1810 pro-

368 1818 552 1851 deuntes·th
572 1820 764 1852 animarum
786 1820 974 1863 perniciem,
992 1831 1061 1863 pro-

367 1871 515 1915 hibetque
539 1873 686 1905 ommibus
704 1873 984 1914 christifidelibus,
1004 1873 1060 1906 sub

367 1925 712 1957 eoecommmzicationis
740 1927 843 1968 poem?
878 1926 947 1968 ipso
978 1927 1060 1968 facto

366 1977 585 2017 inem-rendit,
614 1988 666 2010 eas
694 1979 741 2010 rel
776 1989 888 2011 earu-m
913 1979 1060 2022 aliquam

364 2031 522 2073 prii-alim
554 2030 603 2062 vel
631 2031 759 2073 publice
792 2031 979 2073 defendere,
1013 2031 1061 2064 rel

367 2082 467 2123 edere,
494 2083 543 2116 vel
566 2083 609 2115 ad
630 2085 766 2126 praxim
790 2084 949 2117 reducere.

396 2153 475 2181 Feria
489 2161 520 2188 v,
541 2153 585 2180 die
605 2161 670 2181 xxiv
690 2154 851 2189 septembris
872 2161 990 2181 MDeLxx'.

370 2225 404 2257 ln
422 2226 675 2268 congregatione
690 2226 833 2269 generali
851 2232 977 2260 sanctae
999 2227 1061 2259 Ro-

326 2288 439 2310 manae
459 2284 491 2310 et
507 2279 699 2314 universalis
713 2279 934 2322 Inquisitionis
952 2280 1062 2313 habita

324 2331 357 2362 in
382 2331 502 2374 palatio
528 2331 709 2374 apostolico
743 2332 858 2364 Montis
887 2331 1061 2370 Quirinalis

324 2392 435 2415 coram
459 2383 662 2416 sanctissimo
687 2384 722 2416 D.
750 2384 786 2417 N.
814 2384 849 2417 D.
878 2385 1061 2418 Alexandro

325 2435 432 2469 divina
461 2437 666 2480 providentia
698 2437 783 2480 Papa
812 2438 881 2477 VII,
918 2449 953 2471 ac
985 2438 1062 2470 emi-

324 2489 522 2522 nentissimis
558 2495 590 2522 et
619 2490 897 2523 reverendissimis
922 2491 1062 2524 dominis

324 2542 356 2575 S„
383 2543 420 2575 R.
448 2543 483 2575 E.
510 2543 729 2576 cardinalibus
754 2537 786 2575 in
812 2546 877 2576 tota
898 2545 1062 2587 republica

325 2595 500 2629 christiana
526 2596 678 2629 adversus
700 2597 896 2630 haereticam
926 2598 1062 2640 pravita-

1099 269 1163 297 tem
1189 265 1395 307 generalibus
1416 264 1661 308 inquisitoribus
1686 276 1702 297 a
1727 266 1836 297 saneta

1099 318 1179 349 Sede
1207 319 1393 360 Apostoliezi
1417 319 1601 361 specialiter
1626 318 1804 361 deputatis,

1143 372 1157 413 g
1184 370 1214 402 1.
1241 370 1466 403 Sanctissimus
1485 371 1633 405 dominus
1658 376 1769 403 noster
1786 382 1835 403 au-

1100 422 1185 461 divit,
1201 434 1265 456 non
1281 423 1350 456 sine
1366 434 1484 466 magno
1498 424 1594 457 animi
1610 424 1658 456 sui
1673 434 1835 464 moerore,

1099 476 1283 517 complures
1319 475 1489 517 opiniones
1521 475 1716 509 christianae
1743 476 1837 509 disci-

1100 527 1206 570 plinae
1220 529 1409 560 relaxativas
1423 533 1453 560 et
1468 529 1647 561 animarum
1657 530 1836 572 perniciem

1100 580 1285 622 inserentes,
1306 582 1422 624 partim
1443 582 1623 624 antiquatas
1644 583 1760 614 iterum
1785 594 1836 615 su-

1099 633 1217 674 scitari,
1238 634 1360 676 pariter
1384 635 1510 667 noviter
1530 635 1680 677 prodire;
1701 642 1731 668 et
1752 648 1837 668 sum-

1099 697 1183 720 mam
1207 687 1296 720 illam
1317 688 1546 719 luxuriantium
1572 688 1776 730 ingeniorum
1802 690 1838 722 li-

1100 739 1240 772 centiam
1266 740 1297 772 in
1321 740 1388 773 dies
1413 740 1514 782 magis
1547 751 1751 781 excrescere,
1779 752 1838 784 per

1100 804 1197 836 quain
1222 794 1253 825 in
1280 793 1377 825 rebus
1409 794 1448 825 ad
1483 793 1714 826 conscientiam
1740 795 1838 837 perti-

1099 846 1251 878 nentibus
1269 847 1383 879 modus
1397 846 1550 889 opinandi
1564 847 1695 889 irrepsit
1713 847 1837 879 alienus

1100 899 1232 931 omnino
1258 900 1297 931 ab
1322 899 1509 941 evangeliea
1529 899 1745 941 simplicitate,
1768 910 1838 931 san-

1100 957 1290 995 ctorumque
1316 957 1442 994 patrum
1461 952 1621 990 docti·i11a;
1649 959 1680 984 et
1697 964 1793 996 quem
1812 954 1837 985 si

1100 1016 1158 1048 pro
1184 1007 1271 1037 reeta
1296 1006 1409 1048 regula
1433 1005 1546 1038 fideles
1563 1006 1595 1038 in
1614 1007 1705 1049 praxi
1723 1018 1838 1049 seque-

1099 1064 1219 1098 rentur,
1237 1058 1352 1101 ingens
1375 1064 1528 1101 eruptura
1538 1065 1623 1092 esset
1640 1060 1837 1093 christianae

1100 1111 1182 1144 vitae
1204 1112 1400 1155 corruptela.
1420 1111 1535 1152 Quare,
1553 1123 1592 1146 ne
1608 1113 1675 1145 ullo
1694 1124 1837 1156 unquam

1101 1170 1246 1208 tempore
1279 1165 1360 1197 riam
1397 1166 1528 1205 salutis,
1562 1177 1657 1209 quam
1687 1177 1838 1209 suprema

1100 1218 1217 1250 veritas
1240 1217 1345 1258 Deus,
1371 1217 1460 1249 cuius
1486 1218 1582 1250 verba
1607 1219 1639 1250 in
1669 1225 1838 1251 aeternum

1101 1277 1315 1313 permanent,
1350 1276 1469 1303 aretam
1506 1282 1576 1304 esse
1613 1271 1775 1309 definivit,
1806 1273 1839 1303 in

1101 1323 1280 1356 animarum
1305 1324 1483 1367 perniciem
1509 1325 1637 1357 dilatari
1655 1336 1710 1357 seu
1730 1326 1838 1357 verius

1101 1377 1240 1420 perverti
1276 1377 1506 1420 contingeret,
1541 1378 1626 1410 idem
1655 1378 1707 1410 SS.
1736 1378 1771 1410 D.
1799 1377 1835 1410 N.

1101 1436 1135 1462 ut
1159 1441 1233 1463 ores
1257 1430 1316 1463 sibi
1343 1431 1479 1463 creditas
1510 1431 1549 1463 ab
1580 1431 1739 1464 eiusmodi
1767 1442 1839 1474 spa-

1102 1483 1184 1516 tiosa
1208 1484 1337 1527 lataque
1354 1511 1361 1524 ,
1388 1494 1447 1526 per
1473 1495 1567 1526 quam
1599 1484 1662 1515 itur
1695 1485 1733 1516 ad
1767 1495 1839 1526 per-

1103 1537 1277 1576 ditionem,
1302 1537 1368 1576 via,
1401 1548 1459 1580 pro
1494 1537 1646 1580 pastorali
1683 1537 1839 1569 sollicitu-

1103 1590 1197 1631 dine,
1236 1590 1268 1622 in
1307 1595 1427 1623 rectam
1453 1590 1613 1622 semitam
1647 1596 1838 1629 revocaret,

1103 1644 1290 1679 earumdem
1316 1643 1507 1686 opinionum
1530 1654 1664 1675 examen
1690 1643 1839 1686 pluribus

1103 1697 1134 1728 in
1160 1698 1252 1729 sacra
1277 1696 1445 1738 theologia
1470 1697 1642 1739 magistris,
1661 1702 1690 1729 ct
1718 1697 1835 1729 deinde

1103 1749 1365 1781 eminentissimis
1385 1755 1415 1781 et
1433 1749 1712 1783 reveremlissimis
1740 1750 1839 1781 domi-

1102 1803 1151 1835 nis
1175 1803 1394 1835 cardinalibus
1416 1808 1529 1835 contra
1555 1803 1750 1835 haereticam
1770 1813 1839 1845 pra-

1102 1856 1231 1887 vita'tem
1254 1855 1461 1897 generalibus
1487 1855 1733 1898 inquisitoribus
1755 1855 1839 1887 serio

1103 1908 1277 1941 commisit:
1304 1909 1358 1951 qui
1377 1914 1501 1941 tantum
1520 1908 1686 1950 negotium
1708 1914 1839 1941 strenue

1104 1961 1265 2003 aggressi,
1293 1961 1386 2004 cique
1405 1962 1518 1994 sedulo
1540 1962 1777 1998 ineiuubeutes,
1807 1967 1839 1993 et

1104 2020 1226 2046 mature
1253 2014 1402 2046 discussis
1439 2025 1539 2057 usque
1571 2015 1609 2047 ad
1644 2015 1727 2046 hane
1754 2014 1840 2046 diem

1103 2067 1316 2110 infrascriptis
1341 2068 1633 2111 propositionibus,
1651 2078 1750 2110 super
1765 2070 1841 2107 una-

1104 2130 1230 2163 quaque
1251 2119 1394 2163 ipsarum
1420 2131 1475 2153 sua
1499 2120 1650 2162 suffragia
1673 2120 1840 2152 Sanctitati

1103 2172 1183 2205 Suae
1209 2173 1397 2215 singillatim
1424 2180 1654 2217 exposuerunt.

1149 2225 1328 2269 propositio
1353 2237 1374 2260 1.
1398 2227 1502 2259 Ilomo
1527 2228 1616 2259 nullo
1638 2237 1780 2270 unquam
1798 2226 1842 2258 ri-

1105 2284 1155 2311 tae
1182 2290 1259 2311 suae
1278 2285 1425 2323 tempore
1446 2285 1578 2312 tenetur
1599 2280 1719 2313 elicere
1739 2286 1842 2312 artum

1104 2331 1188 2371 fidei,
1207 2333 1277 2375 spei
1303 2339 1335 2365 et
1359 2333 1526 2365 charitatis
1544 2343 1580 2365 cx
1598 2333 1625 2365 vi
1651 2338 1843 2376 pramwpto-

1106 2396 1177 2418 rum
1196 2386 1377 2418 divinorum
1395 2386 1434 2418 ad
1454 2397 1507 2418 eas
1524 2386 1659 2418 virtutes
1677 2387 1844 2429 pertinen-

1107 2439 1197 2472 tium.

1150 2504 1184 2526 11.
1212 2493 1265 2525 Vir
1302 2493 1462 2536 equestris
1493 2494 1531 2526 ad
1562 2493 1704 2526 duellum
1730 2503 1845 2535 provo-

1106 2551 1194 2578 catus
1218 2551 1327 2589 potest
1351 2546 1429 2578 illud
1455 2552 1631 2589 acceptare,
1660 2557 1699 2578 ne
1728 2546 1857 2589 111111111ᾒι

1105 2598 1176 2631 tatis
1202 2604 1310 2631 notam
1336 2600 1421 2641 apud
1449 2600 1527 2631 alios
1554 2599 1708 2632 iuvari-ae

1731 206 1795 240 387
1842 215 1894 242 An.
1915 214 1944 242 C.
1965 213 2031 242 tss05

1871 2232 2032 2260 Proposihonen
