2247 3208
145 217 198 242 Au.
219 215 247 241 C.
268 214 334 241 ¹(ssss

966 213 1108 237 CLEMENS
1134 215 1162 237 lx
1188 215 1234 238 PP.

345 262 536 305 corrigatur,
565 262 713 304 idemque
734 261 782 293 fiat
806 262 829 292 si
857 261 1081 304 praetermise-

341 315 383 347 rit
407 315 590 348 exscribere
609 326 656 353 ca,
676 326 755 357 quae
782 326 798 346 a
825 314 998 347 lectoribus
1018 320 1079 347 tra-

341 369 478 412 (ἰυημπ-γ
505 373 602 410 utque
628 367 731 400 omnis
757 368 851 410 plane
875 368 1006 400 tollatur
1027 361 1079 400 ex-

341 420 499 453 cusationi
523 421 622 459 locus,
643 426 798 463 tempore,
819 431 881 463 quo
900 421 1029 452 scholae
1049 425 1079 452 et

341 473 503 505 exercitiis
539 473 716 512 intersunt,
753 473 872 504 nemini
904 472 998 504 liccat
1022 483 1078 504 eos

340 525 416 558 inde
437 536 582 565 evocare,
598 531 629 558 et
646 526 671 557 si
690 526 806 568 aliquis
825 531 989 565 evocetur,
1004 536 1077 557 eum

339 579 442 612 lector
467 578 556 610 abire
582 588 646 610 non
671 578 849 621 permittat.

384 632 550 664 Lectiones
582 638 647 663 tum
680 630 974 663 controversiarum
1008 635 1075 662 tum

339 684 488 717 arabicae
509 684 639 726 linguae
665 684 742 716 liant
766 683 804 715 de
831 694 925 715 mane
951 683 990 715 ad
1014 682 1076 725 pri-

338 748 422 770 mam
449 747 508 780 per
531 737 690 778 integram
718 737 831 768 horam
847 736 934 768 iuxta
952 740 1075 768 morem

338 789 517 832 religionis.

382 842 473 875 Senis
499 841 755 885 quibuscmnque
781 841 945 873 mensibus
969 842 1075 873 theses

338 895 523 938 theologiae
561 895 693 928 arabico
727 906 762 927 ac
795 895 896 928 latino
923 895 1075 928 idiomate

337 948 536 988 habeantur,
562 947 606 981 uti
632 948 720 991 prius
741 953 979 987 consueverat,
1007 948 1076 990 qui-

337 1003 398 1035 bus
435 1001 520 1034 sicut
544 1007 576 1034 et
600 1001 890 1034 controversiarum
929 1001 1075 1034 thesibus

337 1059 517 1087 conventus
536 1054 733 1097 guardianus
751 1055 909 1087 interesse
930 1060 1076 1087 teneatur

337 1107 377 1140 ad
401 1107 527 1140 animos
545 1107 749 1139 studentibus
771 1107 946 1147 addendos,
963 1108 1076 1150 digno-

338 1162 541 1205 scendosque
578 1172 633 1194 eos
671 1161 723 1204 qui
756 1160 949 1204 proficiunt,
977 1167 1074 1205 utque

338 1216 526 1257 generalem
551 1215 678 1248 Ordinis
695 1218 828 1248 monere
853 1215 953 1258 possit
980 1215 1017 1248 de
1037 1215 1074 1247 iis

338 1269 393 1311 qui
419 1268 529 1301 forsan
554 1268 658 1300 minus
685 1268 789 1301 studio
808 1268 966 1300 eiusmodi
983 1279 1074 1301 vaca-

337 1321 454 1360 verint,
481 1332 545 1364 quo
571 1322 684 1360 valeat,
712 1321 758 1353 eis
783 1321 942 1353 submotis
958 1348 966 1361 ,
993 1322 1091 1355 alios

337 1373 529 1416 subrogare.

382 1426 596 1460 Removeatur
622 1426 753 1459 omnino
779 1437 795 1459 e
821 1432 980 1459 conventu
1009 1431 1075 1459 stu-

338 1479 427 1512 dium
452 1479 673 1522 theologicum
689 1490 794 1522 nuper
811 1479 889 1512 illue
903 1479 1073 1519 invectum,

338 1533 395 1565 sub
421 1532 579 1565 eiusmodi
597 1542 673 1565 vero
694 1532 917 1574 prohibitione
943 1532 1074 1565 minime

338 1585 540 1627 intelligatur
565 1585 840 1628 comprehensum
867 1585 983 1617 artium
1010 1589 1076 1617 stu-

339 1638 438 1677 dium,
465 1629 550 1681 quod
577 1648 635 1680 pro
662 1637 788 1670 clericis
814 1637 892 1669 inibi
919 1634 1015 1670 anteit
1034 1638 1076 1670 vi-

339 1691 447 1733 guisse
469 1691 677 1734 supponitur.
946 1697 949 1699 '

383 1743 540 1782 Quoniam
576 1755 650 1777 vero
682 1755 794 1788 parum
824 1745 1013 1787 prodesset¹
1044 1756 1076 1777 a·

338 1793 456 1830 lumnis
479 1797 622 1840 linguam
640 1795 743 1840 ipsam
764 1797 942 1837 addiscere,
962 1797 1021 1830 nisi
1044 1798 1075 1830 in

339 1849 461 1883 eisdem
490 1849 685 1884 missionum
719 1861 755 1883 ac
785 1850 915 1893 pietatis
944 1850 1075 1893 spiritus

340 1903 503 1943 foveatur;
528 1903 603 1935 ideo
630 1903 802 1945 religiosus
828 1902 943 1946 aliquis
968 1903 1097 1945 magni,

339 1955 471 1998 spiritus
496 1966 532 1988 ac
552 1955 613 1989 zeli
632 1956 824 1998 deputetur,
846 1956 899 1998 qui
925 1956 965 1988 ad
990 1955 1076 1998 ipsos
1096 1967 1097 1970 ¹

339 2006 470 2041 eorum⁹
490 2008 560 2041 aliis
582 2008 734 2041 fratribus
752 2009 887 2051 singulis
912 2009 1075 2041 mensibus

339 2061 530 2093 concionem
570 2061 689 2094 habeat
726 2061 763 2094 de
800 2061 1076 2094 missionariorum

338 2114 484 2147 muneris
507 2115 713 2157 praestantia,
737 2115 840 2157 (leque
859 2115 1076 2158 peculiaribus

340 2167 484 2200 eiusdem
508 2167 739 2208 functionibus,
765 2178 829 2210 quo
849 2168 978 2211 spiritus
999 2178 1077 2211 apo-

340 2220 475 2253 stolicus
501 2220 533 2252 in
559 2219 605 2253 eis
630 2221 845 2253 succendatur
870 2232 905 2253 ae
930 2226 1097 2266 maneat,¹

1096 2272 1097 2282 ¹
1118 2273 1267 2313 studium,
1283 2277 1337 2305 aut
1354 2273 1464 2315 quavis
1482 2273 1543 2306 alia
1561 2273 1600 2306 de
1619 2275 1724 2313 causa,
1746 2280 1856 2307 tenea-

342 2325 422 2358 illud
447 2335 587 2368 congrue
614 2331 646 2359 et
670 2337 741 2358 cum
766 2326 821 2358 Dei
846 2326 950 2368 gloria
983 2337 1097 2369 pera-¹

341 2277 374 2305 et
397 2273 587 2306 erudiantur
611 2273 644 2306 in
669 2274 707 2306 iis
733 2274 898 2312 omnibus,
926 2284 1008 2317 quae
1037 2275 1075 2307 ad

342 2379 482 2420 gendum
506 2379 685 2421 pertinent.

386 2431 552 2464 Generalis
577 2431 716 2471 Ordinis,
741 2432 791 2464 vel
817 2432 886 2464 eius
912 2433 1049 2465 vicarius

1066 2460 1073 2473 7

329 2489 392 2521 ,vel
410 2484 648 2518 commissarius
663 2484 833 2526 generalis,
849 2484 983 2527 singulis
1001 2496 1078 2528 qua-

377 2555 388 2581 1
412 2554 461 2581 Ed.
473 2554 551 2581 Main.
565 2554 630 2589 legit
638 2555 760 2588 prodent
777 2563 824 2590 pro
837 2556 1075 2591 prodessecom.)

376 2598 393 2625 2
411 2599 568 2632 Legendum
590 2607 687 2626 coram
709 2606 755 2634 pro
776 2606 876 2625 eorum
892 2605 929 2633 (R.
943 2600 991 2634 T.).

429 2651 506 2683 Duil.
529 2652 612 2679 Hom.
633 2666 667 2671 —
693 2652 748 2681 Ιόί.
769 2652 862 2680 A'VJI.
1005 2653 1038 2680 94

1124 266 1198 294 tuor
1223 263 1392 296 mensibus
1410 266 1524 297 saltem
1545 266 1685 299 studium
1705 268 1787 302 istud
1802 281 1864 302 om-

1122 315 1200 348 nino
1225 316 1351 356 visitet,
1380 322 1425 357 et,
1460 318 1485 350 si
1512 320 1694 353 studentem
1719 321 1862 365 aliquem

1122 367 1253 401 minime
1287 368 1512 411 proficientem
1546 371 1721 413 invenerit,
1756 375 1862 417 aliqua

1122 421 1326 462 poenitentia
1339 421 1493 461 iniuncta,
1507 435 1567 466 qua
1579 425 1632 457 alii
1646 427 1684 459 ab
1699 433 1861 470 assumpto

1124 483 1256 505 numere
1282 475 1479 517 negligendo
1507 477 1733 510 deterreantur
1746 478 1763 518 ¹,
1786 490 1860 513 eum

1121 525 1160 557 ad
1186 527 1354 567 propriam
1381 528 1582 570 provinciam
1609 530 1714 563 redire
1741 531 1862 572 iubeat,

1121 581 1153 608 et
1178 579 1323 611 eamdem
1349 590 1473 613 sacram
1508 583 1793 624 congregationem
1819 586 1859 617 de

1120 631 1302 663 remotione
1328 640 1469 672 moneat,
1497 635 1658 677 aliumque
1686 636 1717 668 in
1744 637 1859 669 remoti

1120 683 1226 715 locum
1242 685 1480 727 quamprimum
1495 687 1660 729 subroget.
1680 688 1767 721 Ultra
1782 699 1857 721 vero

1120 736 1319 778 praedictam
1352 739 1513 779 generalis
1546 740 1781 781 visitationem,
1810 752 1859 774 se-

1120 789 1278 821 cretarius
1304 790 1415 822 itidem
1442 801 1552 825 sacrae
1579 795 1855 836 congregationis.

1120 842 1264 875 eiusdem
1289 843 1432 883 nomine,
1454 844 1538 876 idem
1556 846 1696 878 studium
1723 847 1858 879 omnino

1119 895 1226 928 visitet
1249 895 1297 928 bis
1322 896 1354 928 in
1380 907 1478 937 anno,
1498 908 1532 929 se
1553 899 1632 937 solo,
1660 899 1781 942 absque
1806 911 1857 932 su-

1119 948 1286 991 periorum
1311 949 1504 989 interventu,
1524 961 1588 993 quo
1607 950 1758 984 visitandi
1775 952 1857 984 libe-

1119 1000 1184 1033 rius
1211 1007 1307 1044 queat
1330 1006 1446 1034 statum
1473 1006 1505 1034 et
1530 1003 1741 1036 necessitates
1762 1005 1847 1037 colle

1119 1053 1161 1095 gii
1186 1063 1365 1096 exponere,
1391 1054 1537 1088 adhibito
1561 1066 1668 1088 secum
1694 1056 1858 1089 dumtaxat

1119 1106 1228 1149 aliquo
1242 1106 1389 1139 arabicae
1404 1107 1532 1149 linguae
1548 1108 1662 1151 perito,
1679 1119 1738 1152 per
1758 1119 1851 1152 quen]

1119 1158 1222 1201 possit
1246 1160 1392 1200 alumnos
1418 1160 1599 1193 examinare
1621 1166 1652 1193 et
1677 1162 1716 1194 de
1741 1172 1856 1195 eorum

1119 1221 1293 1254 progressu
1318 1212 1498 1245 certiorari.

1161 1263 1330 1307 Completo
1344 1266 1449 1298 studio
1471 1266 1587 1299 abeant
1601 1268 1770 1301 studentes
1790 1268 1855 1311 quo

1118 1328 1134 1348 a
1159 1320 1247 1349 sacra
1272 1318 1525 1360 congregatione
1548 1319 1700 1352 destinati
1721 1320 1853 1359 suerint,

1118 1370 1205 1412 quod
1222 1370 1247 1402 si
1262 1371 1370 1402 nullus
1386 1375 1460 1403 tunc
1476 1371 1630 1414 temporis
1649 1372 1691 1404 sit
1708 1372 1741 1404 in
1753 1382 1855 1415 prom-

1117 1428 1173 1465 ptu
1198 1423 1360 1456 missionis
1386 1425 1492 1464 locus,
1519 1425 1689 1457 mittantur
1713 1436 1730 1457 a
1756 1436 1855 1467 gene-

1117 1477 1174 1508 rali
1200 1477 1238 1508 ad
1270 1477 1509 1509 inserviendum
1542 1477 1659 1511 Terrae
1693 1478 1853 1517 Sanctae,

1118 1540 1180 1572 quo
1207 1531 1307 1572 magis
1331 1531 1499 1563 firmentur
1524 1531 1556 1562 in
1582 1531 1711 1564 arabica
1731 1531 1853 1574 lingua,

1118 1584 1227 1627 parati,
1254 1594 1327 1616 cum
1353 1594 1433 1627 opus
1459 1584 1564 1624 suerit,
1591 1595 1699 1617 sacrae
1723 1595 1856 1627 congre-

1118 1637 1238 1680 gationi
1257 1637 1422 1676 inservire,
1436 1637 1460 1669 si
1482 1637 1595 1670 eadem
1613 1638 1688 1671 illos
1709 1638 1856 1680 legitime

1118 1691 1290 1734 impeditos
1317 1701 1382 1722 non
1408 1691 1647 1723 existimaverit.

1161 1743 1217 1781 Qui
1244 1753 1318 1776 vero
1343 1743 1475 1786 propria
1503 1743 1646 1786 ipsorum
1667 1744 1763 1786 culpa
1784 1744 1856 1776 sub-

1096 1797 1333 1829 ‘movebuntur
1368 1807 1385 1828 a
1420 1796 1546 1835 studio,
1573 1796 1781 1828 remittantur
1815 1797 1855 1829 ad

1119 1861 1191 1882 suas
1216 1849 1397 1892 provincias
1430 1859 1503 1881 eum
1535 1848 1713 1892 privatione
1738 1849 1855 1882 utrius-

1119 1914 1180 1946 que
1204 1903 1300 1941 vocis,
1317 1913 1398 1945 quae
1416 1902 1546 1935 nonnisi
1565 1913 1624 1945 per
1638 1913 1762 1935 sacram
1781 1913 1857 1935 con-

1119 1956 1341 1999 gregationem
1366 1955 1486 1989 remitti
1511 1955 1644 1998 poterit.

1163 2009 1209 2042 Ad
1236 2009 1319 2041 hanc
1345 2014 1451 2042 tamen
1483 2018 1623 2051 poenam
1650 2019 1714 2040 non
1740 2018 1855 2051 proce·

1096 2063 1230 2101 ·(latur,
1257 2061 1317 2094 nisi
1344 2060 1478 2094 habita²
1503 2061 1604 2104 ipsius
1635 2063 1748 2104 culpae
1782 2072 1856 2094 cau-

1096 2117 1098 2128 ”
1118 2125 1224 2147 sarum
1249 2114 1399 2157 prudenti
1434 2125 1470 2146 ae
1506 2114 1645 2146 discreta
1670 2114 1856 2147 considera-

1120 2173 1215 2200 t1one.

1162 2219 1401 2253 Discedentium
1434 2230 1511 2252 vero
1548 2225 1621 2262 post
1657 2222 1856 2264 completum

1119 2332 1170 2358 tur
1195 2325 1390 2368 guardianus
1416 2326 1498 2358 infra
1524 2327 1592 2359 dies
1620 2332 1692 2360 octo
1711 2328 1855 2360 notulam

1118 2379 1157 2411 ad
1175 2388 1301 2411 sacram
1318 2379 1608 2421 congregationem
1625 2380 1854 2421 transmittere,

1118 2432 1199 2464 sieut
1229 2431 1325 2464 etiam
1358 2442 1469 2464 eorum
1501 2433 1555 2475 qui
1582 2433 1620 2465 de
1654 2443 1735 2466 novo
1761 2434 1856 2466 adve-

1118 2485 1228 2518 nerint
1245 2490 1277 2517 et
1295 2484 1509 2517 iuramentum
1528 2486 1697 2518 emiserint
1714 2497 1786 2518 eum
1803 2497 1855 2519 ex-

1157 2558 1166 2582 1
1189 2555 1260 2582 Edit.
1277 2554 1356 2582 Main.
1373 2555 1438 2589 legit
1453 2555 1641 2583 deterranlur
1657 2559 1693 2590 (tt.
1708 2558 1758 2590 Τ.).

1154 2600 1176 2643 ⁹2-
1189 2599 1255 2627 Mate
1272 2603 1300 2627 ut
1314 2603 1377 2634 puto
1393 2599 1435 2626 ed.
1452 2599 1532 2627 Main.
1549 2601 1615 2637 legit
1629 2601 1745 2629 habitae
1759 2604 1795 2636 (n.
1806 2604 1854 2637 τ.).

1757 212 1820 245 745
1867 223 1916 249 An.
1935 224 1960 250 e.
1987 226 2053 253 1:68
