2247 3208
118 210 171 237 An.
193 210 221 237 C.
240 211 306 239 1664

145 1533 232 1556 Motiva.

904 212 919 235 A
925 213 1047 236 LlCXAND
1054 213 1091 236 ER
1113 213 1157 235 Vll
1183 212 1231 235 1³1¹.

313 265 457 304 tempore
483 260 659 302 constringi
685 270 800 303 posse,
833 260 887 291 scd
918 261 1043 303 pensio-

312 314 420 346 narios
446 319 477 346 et
502 314 660 346 fructuum
698 313 880 345 huiusmodi
906 324 1047 345 reserva-

313 367 410 399 tarios
429 367 467 400 ad
487 367 683 399 decimarum
710 367 947 409 praedictarum
966 377 1045 398 onus

311 420 500 452 solvendum
525 421 656 453 omnino
682 420 801 459 teueri;

355 473 369 515 ἓ
394 472 424 505 ⁶2.
452 473 568 506 Omnes
593 483 666 506 vero
680 472 895 505 consessiones
914 477 941 503 et
958 472 1047 514 quie-

312 526 435 565 tantias,
462 527 663 569 receptiones
681 525 876 558 decimarum
894 536 911 557 a
932 535 1046 567 procu-

313 579 470 612 ratoribus
504 584 535 611 et
567 579 720 611 ministris
746 578 848 610 dictae
877 587 1043 615 camerae,

312 638 375 664 tam
401 632 650 665 conductoribus
675 630 850 663 censuariis
875 635 906 662 et
926 631 1046 663 locato-

311 685 399 717 ribus
411 685 539 718 nomine
553 695 684 717 suorum
695 683 935 727 principalium,
951 694 1045 725 quam

312 738 408 770 etiam
432 737 520 780 ipsis,
547 747 675 769 necnon
700 736 950 779 possessoribus,
975 746 1047 767 usu-

312 790 495 822 fructuariis
520 793 551 822 et
574 789 644 822 aliis
661 789 835 832 pensiones
852 799 908 821 seu
925 788 1046 820 fructus

311 844 433 875 solvere
459 841 650 874 debentibus
675 841 803 874 nomine
828 841 1046 884 pensionario-

311 905 380 926 rum
405 893 567 927 faciendas
592 893 728 937 perinde
752 894 869 933 valere,
897 898 991 936 atque
1013 893 1045 925 in

311 948 428 981 iudicio
454 953 486 980 ct
509 953 598 980 extra
633 948 712 980 illud
748 947 868 990 ubique
900 948 1046 979 locorum

310 1000 408 1034 fidem
432 1002 556 1041 facere,
583 1012 619 1033 ac
643 1002 668 1033 si
694 1001 837 1044 ipsismet
863 1001 1048 1044 principali-

310 1053 370 1086 bus
395 1059 426 1086 et
450 1054 664 1097 pensionariis
689 1054 914 1097 praesentibus
931 1058 963 1086 et
987 1054 1047 1086 sol-

311 1106 459 1141 ventibus
492 1107 591 1139 sactae
630 1112 662 1139 et
697 1107 861 1140 exhibitae
896 1106 1045 1145 fuissent,

311 1165 409 1203 prout
432 1160 464 1192 in
489 1160 605 1192 nostris
630 1160 744 1193 litteris
769 1160 827 1192 sub
859 1161 932 1193 data
962 1171 1046 1192 anno

312 1212 542 1245 incarnationis
559 1213 742 1246 Dominicae
760 1223 872 1253 mnerx,
889 1224 919 1246 ix
940 1214 1049 1247 kalen-

313 1265 367 1298 das
392 1265 513 1305 martii,
538 1265 742 1308 pontificatus
775 1266 876 1298 nostri
906 1276 991 1298 anno
1016 1277 1046 1299 Vt

312 1319 450 1361 desuper
474 1318 636 1359 confectis,
661 1330 797 1362 quarum
813 1324 941 1352 tenores
957 1330 1049 1362 prae-

311 1372 455 1404 sentibus
480 1382 538 1415 pro
563 1371 721 1414 expressis
750 1383 787 1404 ac
812 1372 851 1404 de
883 1372 982 1405 verbo
1008 1373 1047 1405 ad

311 1424 446 1457 verbum
471 1424 597 1457 insertis
616 1424 729 1457 haberi
746 1425 1048 1468 volumus,'plenius

314 1477 510 1510 continetur.

355 1530 370 1573 ἓ
393 1529 425 1564 3.
453 1530 529 1563 Cum
554 1535 671 1571 autem,
696 1531 778 1563 sicut
802 1531 996 1574 accepimus,
1015 1531 1045 1563 in

312 1583 473 1627 aliquibus
497 1585 770 1617 reservationibus
788 1590 819 1617 et
835 1585 1049 1627 impositioni-

311 1637 370 1669 bus
395 1637 635 1680 praedictarum
655 1637 849 1681 pensionum
866 1637 995 1681 ipsimet
1012 1638 1049 1669 ti-

312 1687 431 1722 tulare's
449 1694 480 1722 et
497 1690 785 1730 administratores,
801 1701 837 1723 ex
854 1695 947 1733 pacto
966 1691 1049 1724 inter

312 1748 418 1785 partes
431 1743 583 1788 inito,vel
598 1744 694 1776 etiam
710 1755 745 1777 ex
760 1744 863 1777 libero
878 1754 1045 1782 consensu,

313 1800 366 1826 aut
383 1795 469 1835 alias,
488 1806 568 1828 onus
587 1806 865 1839 quarumcumque
887 1797 1049 1830 contribu-

312 1847 435 1879 tionum
446 1849 571 1880 ratione
582 1849 773 1891 pensionum
786 1850 940 1892 ipsarum,
952 1850 1046 1882 etiam

312 1901 352 1932 ad
378 1900 562 1933 instantiam
583 1901 795 1944 imperatoris,
817 1907 847 1934 et
864 1913 922 1945 pro
941 1903 1049 1935 desen—

312 1953 401 1986 sione
427 1953 501 1986 fidei
523 1954 701 1987 catholicae
721 1955 949 1995 faciendarum,
970 1957 1001 1988 in
1015 1966 1047 1988 se

312 2012 343 2039 et
363 2017 564 2040 successores
580 2018 654 2040 suos
672 2007 767 2040 etiam
787 2008 845 2040 sub
870 2009 1048 2042 iuramento

312 2065 344 2092 et
361 2060 560 2103 obligatione
585 2062 735 2094 camerali
758 2063 998 2105 assumpserint,
1014 2074 1049 2095 ac

312 2112 485 2155 pensiones
502 2113 586 2155 ipsas
604 2114 643 2145 ab
659 2113 817 2146 eiusmodi
833 2108 976 2155 decimis,
993 2115 1050 2147 im-

311 2164 527 2207 positionibus
553 2170 583 2197 et
608 2166 677 2198 aliis
703 2166 958 2210 quibuscumque
977 2178 1048 2210 gra-

311 2217 508 2257 vaminibus,
533 2218 803 2262 quandocumque
827 2221 876 2252 vel
904 2232 941 2253 ex
971 2232 1048 2263 qua-

312 2280 450 2312 cumque
476 2273 581 2311 causa,
604 2271 700 2304 etiam
723 2273 994 2306 necessariissima
1018 2279 1049 2306 et

311 2323 562 2365 urgentissima,
597 2335 633 2357 ac
665 2325 761 2357 etiam
793 2327 978 2369 specialiter
1011 2338 1047 2360 ex

310 2376 495 2418 praemissis
520 2377 693 2419 pensiones
726 2379 860 2419 liberas,
890 2380 1048 2414 immunes

312 2433 344 2461 et
360 2434 523 2472 exemptas
541 2441 577 2462 ac
595 2430 736 2473 integras
755 2436 785 2464 et
802 2433 986 2466 nullatenus
1004 2433 1050 2466 di-

312 2482 452 2515 minutas
470 2484 594 2517 solvere
615 2485 837 2527 promiserint;
857 2486 933 2528 quin
952 2487 1048 2520 etiam

311 2536 486 2578 pensiones
510 2537 597 2580 ipsae
623 2538 655 2569 in
680 2543 829 2572 eventum
847 2541 1047 2573 necessariae

310 2589 482 2623 solutionis
495 2595 527 2624 et
543 2591 791 2626 contributionis
808 2592 974 2627 faciendae
988 2604 1047 2638 pro

1723 203 1781 237 ⁰251

1088 262 1154 292 rata
1173 258 1363 302 pensiones¹
1379 260 1461 303 ipsas
1477 266 1627 303 tangente
1646 268 1755 294 auctae
1773 264 1822 295 vel

1088 314 1268 355 augendae,
1287 319 1318 345 et
1337 314 1443 346 forsan
1468 315 1562 346 ctiam
1581 316 1661 347 aliae
1679 317 1823 348 cautelae

1088 377 1159 398 cum
1185 367 1480 408 praegnantissimis
1501 369 1672 401 verborum
1693 380 1823 412 expres-

1088 419 1232 451 sionibus
1258 419 1288 450 in
1314 420 1519 461 expeditione
1545 422 1739 463 pensionum
1764 422 1823 454 liu-

1090 472 1224 503 iusmodi
1250 477 1424 514 conceptae
1451 474 1665 515 reperiantur,
1693 481 1723 507 et
1752 486 1824 518 pro-

1088 529 1200 567 pterca
1224 525 1371 557 nonnulli
1398 526 1594 567 pensionarii
1621 540 1637 561 a
1663 530 1825 561 contribu-

1088 577 1173 609 tione
1200 582 1231 609 et
1255 578 1415 610 solutione
1448 579 1479 610 in
1512 580 1684 622 praedictis
1709 582 1824 614 litteris

1088 632 1241 662 contenta
1273 641 1305 663 se
1343 631 1444 671 tueri,
1478 642 1624 675 onusque
1655 635 1824 666 solutionis

1089 675 1175 715 ratae
1193 683 1383 726 pensionem
1402 685 1581 727 tangentis²
1599 686 1630 718 in
1649 686 1735 729 ipsos
1754 687 1825 719 titu-

1088 738 1171 770 lares
1205 748 1259 769 seu
1289 738 1563 771 administratores
1593 740 1822 780 ecclesiarum,

1088 790 1353 830 canonicatuum,
1381 791 1588 833 dignitatum,
1618 804 1820 833 mensarum,

1088 843 1289 886 aliorumque
1321 843 1573 885 beneficiorum,
1609 850 1672 878 tam
1702 847 1825 878 secula-

1088 896 1171 928 rium
1189 907 1283 939 quam
1299 897 1495 939 regularium
1513 898 1761 940 praedictorum,
1776 910 1825 931 rc-

1089 949 1186 981 iicere
1205 954 1236 981 et
1256 954 1446 993 retorquere
1461 951 1668 990 contendant,
1686 956 1716 983 et
1733 952 1826 983 desu-

1090 1012 1147 1044 per
1188 1003 1365 1035 nonnullae
1409 1003 1479 1035 lites
1518 1008 1550 1036 et
1585 1005 1824 1036 controversiae

1089 1060 1194 1087 motae
1220 1056 1346 1096 suerint,
1362 1061 1393 1088 et
1410 1056 1447 1089 de
1465 1058 1628 1099 praesenti
1648 1058 1754 1090 forsan
1772 1058 1825 1089 ad-

1091 1108 1152 1140 huc
1176 1109 1340 1151 pendeant
1364 1110 1536 1142 indecisae:

1133 1162 1147 1203 ᾖ
1172 1161 1203 1193 lt.
1231 1161 1302 1201 Nos,
1323 1163 1544 1203 ecclesiarum,
1563 1174 1758 1203 mensarum,
1776 1174 1827 1196 ca-

1090 1214 1309 1254 nonicatuum,
1326 1215 1525 1257 dignitatum,
1549 1216 1752 1259 aliorumque
1770 1216 1826 1249 be-

1091 1266 1279 1299 neficiorum
1305 1267 1490 1300 huiusmodi
1523 1268 1725 1301 indemnitati
1755 1280 1827 1301 con-

1090 1321 1205 1361 sulere,
1232 1326 1263 1352 et
1287 1331 1326 1354 ne
1352 1321 1470 1353 fructus
1495 1320 1624 1354 illarum
1645 1326 1676 1353 et
1696 1322 1826 1354 illorum

1090 1374 1161 1415 plus
1198 1383 1303 1415 aequo
1337 1378 1508 1415 graventur
1540 1374 1732 1416 providere,
1760 1385 1827 1407 om·

1090 1436 1228 1468 nemque
1242 1426 1451 1459 dubitationis
1466 1431 1497 1459 et
1514 1427 1752 1460 controversiae
1767 1438 1827 1459 ma-

1091 1479 1206 1512 teriam
1221 1485 1350 1513 nostrae
1369 1480 1597 1513 declarationis
1615 1481 1746 1513 oraculo
1765 1486 1827 1513 ter—

1090 1533 1214 1565 minare
1239 1535 1396 1574 volentes,
1416 1544 1452 1566 ac
1470 1534 1614 1566 omnium
1633 1539 1664 1566 et
1687 1534 1828 1576 singula-

1091 1596 1162 1617 rum
1180 1591 1414 1618 reservatarum
1433 1586 1636 1629 pensiomnn,
1655 1592 1825 1630 pactorum

1091 1644 1122 1671 et
1143 1640 1393 1672 conventionum
1420 1645 1451 1672 et
1476 1640 1507 1672 in
1533 1640 1577 1673 eis
1603 1645 1827 1673 contentarum

1090 1693 1307 1725 clausularum
1332 1697 1470 1732 tenores,
1489 1704 1526 1725 ac
1546 1693 1649 1725 litium
1670 1698 1702 1725 et
1719 1704 1827 1726 causa-

1090 1755 1159 1777 rum
1177 1755 1273 1788 super
1291 1746 1474 1788 praemissis
1492 1756 1601 1778 coram
1622 1757 1826 1789 quocumque

1091 1797 1195 1830 iudice
1220 1798 1432 1840 pendentium
1457 1803 1573 1830 statum
1608 1804 1639 1830 et
1673 1803 1773 1830 status
1798 1803 1829 1830 et

1090 1851 1224 1891 merita,
1259 1851 1383 1883 etiamsi
1418 1852 1495 1884 talia
1526 1852 1632 1884 serent
1669 1852 1753 1894 quod
1789 1852 1828 1883 de

1091 1904 1154 1936 illis
1179 1904 1325 1946 specialis
1357 1910 1389 1937 et
1422 1904 1586 1937 individua
1611 1906 1730 1937 mentio
1757 1905 1828 1937 sieri

1092 1956 1236 1997 deberet,
1264 1957 1399 1999 perinde
1424 1968 1460 1989 ac
1480 1958 1504 1989 si
1532 1957 1570 1989 de
1590 1957 1688 1989 verbo
1707 1958 1745 1990 ad
1763 1968 1828 1990 ver-

1091 2008 1167 2041 bum
1192 2009 1334 2052 expressi
1360 2015 1391 2041 et
1415 2020 1565 2052 expressa
1590 2015 1711 2050 essent,
1738 2021 1830 2053 prae-

1091 2063 1235 2095 sentibus
1272 2073 1332 2106 pro
1369 2063 1526 2106 expressis
1560 2063 1734 2103 habentes,
1762 2074 1829 2096 eas-

1091 2116 1228 2159 demque
1239 2116 1310 2149 lites
1321 2121 1352 2149 et
1365 2127 1475 2149 causas
1493 2117 1525 2149 in
1540 2121 1621 2149 statu
1636 2122 1665 2149 et
1680 2117 1827 2150 terminis

1093 2169 1123 2201 in
1150 2169 1266 2211 quibus
1292 2170 1497 2212 reperiuntur
1519 2181 1536 2202 a
1560 2181 1764 2213 quocumque
1786 2171 1828 2202 iu-

1092 2222 1162 2254 dice
1177 2227 1208 2255 et
1222 2223 1386 2261 tribunali,
1406 2227 1469 2255 tam
1487 2223 1583 2255 liuius
1598 2222 1692 2255 Urbis
1707 2223 1827 2255 Romae

1092 2285 1188 2317 quam
1214 2275 1283 2308 aliis
1309 2275 1567 2318 quibuscumque
1592 2276 1681 2315 locis,
1706 2281 1737 2308 et
1765 2281 1829 2308 tam

1091 2328 1124 2360 in
1148 2328 1237 2361 Statu
1262 2333 1372 2362 nostro
1389 2328 1611 2362 Ecclesiastico
1629 2340 1725 2372 quam
1741 2334 1830 2361 extra

1091 2381 1203 2421 illum,
1229 2381 1423 2425 ubicumque
1453 2387 1609 2424 agantur,
1641 2383 1763 2415 etiamsi
1795 2383 1827 2414 in

1130 2472 1139 2497 1
1158 2471 1228 2498 Male
1244 2470 1308 2498 edit.
1325 2471 1404 2498 Maia.
1417 2471 1481 2506 legit
1492 2472 1643 2506 pensionis
1658 2479 1705 2507 pro
1718 2472 1830 2506 pensio-

1092 2523 1141 2541 nes
1156 2516 1195 2550 (R.
1212 2517 1261 2544 T.)-

1126 2559 1142 2585 Ξ
1162 2559 1228 2586 Male
1244 2559 1286 2587 ed.
1303 2560 1385 2588 Maia.
1399 2560 1465 2596 legit
1480 2563 1577 2589 ratam
1592 2560 1743 2596 pensionis
1763 2557 1829 2589 tait-

1090 2604 1184 2638 yemis
1198 2604 1236 2638 (R.
1253 2604 1301 2639 Τ.).

1833 213 1881 240 An.
1902 212 1930 240 C.
1949 212 2016 240 166³

1895 1173 2018 1203 Declaratio

1836 1203 1918 1222 montis.
