2247 3208
289 217 342 244 Aa.
361 217 390 245 c.
407 216 476 244 ieee
522 208 586 241 470

310 692 430 714 Exordium.

308 1894 397 1915 cimam
406 1894 433 1915 ad
441 1900 463 1914 se

281 1924 364 1942 avocat.

799 263 899 296 DLlll.

478 342 630 374 Diversae
656 341 876 374 ordinationes
906 352 965 384 pro
996 341 1216 384 metropolita-

522 395 573 425 m's
598 394 736 426 ecclesiis
761 395 800 426 B.
827 394 954 426 Mariae
984 394 1021 426 cle
1042 394 1153 426 Pilari
1188 398 1218 426 et

521 446 555 478 S.
580 446 761 479 Salvatoris
785 447 927 479 civitatis
946 447 1217 489 Caesaraugusta-

522 498 612 530 παρ’.

680 569 844 596 Alexander
860 569 937 602 Papa
953 570 1013 596 vn.

599 613 635 639 ad
651 616 826 646 perpetuam
845 613 889 640 rei
909 613 1090 640 memoriam.

524 681 724 715 Sacrosancti
750 684 946 725 apostolatus
978 683 1189 716 ministerium
1205 710 1212 723 ,

480 735 567 778 quod
591 734 809 768 inscrutabilis
836 735 960 768 divinae
993 736 1214 779 providentiae.

477 787 613 821 altitudo
636 788 808 821 humilitati
841 794 970 821 nostrae
986 815 993 827 ,
1027 789 1117 822 nullo
1142 789 1215 822 licet

477 840 666 873 meritorum
692 846 872 874 nostrorum
890 840 1049 883 suffragio,
1068 842 1215 884 impone-

477 903 510 925 re
537 892 666 935 dignata
691 898 749 932 est,
777 893 815 926 ad
841 893 984 926 omnium
1006 894 1214 927 ecclesiarum

477 944 688 978 sollicitudini
714 951 843 978 nostrae
869 944 907 977 ab
935 945 1065 978 AEterno
1086 946 1214 979 Pastore

477 997 717 1029 commissarum
739 997 951 1037 commodum,
979 1003 1134 1040 quantum
1158 1008 1215 1030 no-

476 1048 525 1081 bis
550 1059 587 1082 ex
613 1050 677 1082 alto
701 1049 900 1089 conceditur,
930 1049 1101 1082 salubriter
1125 1060 1214 1082 exer-

477 1111 549 1134 cere
583 1101 648 1144 iugi
685 1101 851 1144 vigilantia
874 1107 1077 1144 satagentes,
1103 1108 1215 1136 exorta

477 1153 562 1186 inter
587 1153 697 1186 fideles
722 1164 953 1197 quoscumque,
969 1160 999 1188 et
1026 1155 1214 1198 praesertim

478 1216 553 1246 eos,
579 1207 645 1249 qui,
676 1207 708 1239 in
734 1213 853 1240 sortem
878 1207 1002 1240 Domini
1037 1208 1138 1240 vocati
1165 1219 1214 1241 sa-

478 1259 604 1301 crisque
628 1260 830 1293 monasteriis
854 1260 996 1300 addicti,
1023 1261 1055 1293 in
1080 1271 1157 1304 pace
1184 1267 1215 1294 et

477 1311 633 1344 charitate
653 1312 794 1344 fraterna
815 1312 977 1345 assiduum
995 1313 1157 1346 Altissimo
1176 1314 1214 1345 sa-

476 1364 631 1396 mulatum
663 1370 827 1407 praestare
861 1365 1001 1405 debent,
1035 1366 1214 1399 animorum

477 1415 627 1456 dissidia,
652 1417 827 1450 secundum
851 1419 1021 1462 aequitatis
1047 1424 1141 1462 atque
1168 1420 1235 1452 iu-*

475 1468 580 1501 stitiae
597 1469 733 1511 regulas,
753 1469 912 1511 dirimere,
932 1471 1066 1514 illisque,
1086 1482 1125 1504 ne
1147 1482 1215 1503 rur-

476 1530 529 1552 sus
555 1521 822 1564 quandocumque
848 1523 978 1555 excitari
1002 1524 1140 1563 valeant,
1160 1535 1215 1556 an-

476 1583 541 1606 sam
567 1579 689 1606 mature
715 1575 903 1617 praecidere
929 1576 1103 1617 studemus,
1122 1577 1211 1617 sicut,

475 1625 625 1668 prudenti
644 1627 877 1660 deliberatione
896 1629 1034 1671 praevia,
1054 1629 1093 1662 ad
1111 1630 1214 1667 omni-

475 1678 618 1721 potentis
644 1678 698 1711 Dei
724 1679 877 1721 gloriam,
904 1681 1112 1713 ecclesiarum
1131 1681 1213 1724 ipsa-

476 1740 546 1763 rum
573 1731 731 1764 honorem
757 1738 788 1764 et
812 1733 976 1776 quietem,
1004 1744 1039 1766 ac
1065 1734 1213 1777 spiritua-

476 1783 538 1816 lem
564 1783 714 1816 dominici
741 1785 846 1827 gregis
876 1785 1133 1819 aedificationem
1161 1798 1213 1820 ex-

475 1835 588 1877 pedire
613 1835 645 1868 in
670 1835 806 1870 Domino
831 1837 1033 1871 arbitramur.

519 1887 584 1930 §i
612 1888 720 1931 Itaque
748 1899 861 1922 causae
890 1891 1152 1931 cathedralitatiS,
1181 1892 1234 1924 inf

476 1946 523 1972 ter
540 1940 676 1973 dilectos
701 1942 783 1975 filios
808 1943 962 1986 priorem,
988 1945 1162 1986 capitulum
1182 1951 1213 1977 et
1232 1957 1233 1960 ¹

475 1994 648 2027 canonicos
683 1996 950 2038 metropolitanae
983 1998 1141 2030 ecclesiae
1175 1999 1208 2031 B.

475 2045 590 2079 Mariae
617 2047 655 2079 de
680 2046 846 2087 Columna,
863 2059 927 2089 seu,
954 2055 987 2081 ut
1013 2051 1107 2092 vulgo
1134 2051 1211 2083 dici-

476 2104 534 2139 tur,
557 2099 594 2132 de
610 2099 714 2139 Pilari,
733 2101 867 2135 civitatis
885 2101 1209 2145 Caesaraugustanae,

474 2161 510 2184 ex
535 2154 610 2192 una,
635 2163 670 2185 ac
697 2153 832 2186 dilectos
858 2154 978 2197 pariter
1003 2154 1087 2188 filios
1119 2157 1211 2189 deca-

475 2213 561 2245 num,
587 2205 763 2249 capitulum
788 2211 819 2239 et
836 2208 1007 2240 canonicos
1026 2209 1211 2252 metropoli-

475 2262 568 2290 tanae
586 2259 742 2292 ecclesiae
760 2260 790 2292 S.
811 2259 983 2293 Salvatoris
1001 2261 1146 2295 eiusdem
1167 2262 1210 2293 ci-

474 2311 577 2343 vitatis
603 2321 638 2343 ex
664 2313 767 2344 altera
784 2313 931 2355 partibus
951 2314 1096 2354 vertenti,
1111 2313 1208 2347 sinen]

475 2364 643 2407 imponere
658 2366 837 2408 cupientes,
857 2367 895 2399 de
915 2368 1145 2400 nonnullorum
1165 2378 1210 2400 ve-

476 2416 665 2449 nerabilium
691 2418 822 2450 fratrum
849 2425 1034 2452 nostrorum
1060 2419 1090 2452 S.
1114 2419 1150 2452 R.
1171 2420 1205 2452 E.

475 2469 686 2502 cardinalium
713 2477 744 2502 et
769 2472 959 2504 dilectorum
984 2471 1123 2505 tiliorum
1149 2473 1210 2505 Ro-

512 2583 522 2608 1
547 2581 582 2608 Ex
603 2583 709 2618 Regest.
733 2585 756 2609 in
778 2585 879 2612 Secret.
902 2585 978 2612 Brev.

1064 215 1244 254 BULLAmUti
1268 215 1418 240 ROMANL‘M

1259 273 1371 295 manae
1396 263 1503 296 curiae
1528 265 1746 307 praelatorum
1771 275 1869 308 super
1897 267 1994 298 causa

1259 315 1445 348 huiusmodi
1471 326 1488 348 a
1512 316 1605 349 nobis
1642 317 1829 360 specialiter
1859 317 1993 360 deputa-

1260 372 1374 407 torum,
1400 368 1452 411 qui
1479 368 1642 410 negotium
1668 376 1792 402 mature
1816 369 1993 413 perpende-

1259 425 1334 452 runt
1353 426 1564 463 accurateque
1590 421 1822 462 discusserunt,
1847 421 1991 454 unanimi

1258 473 1400 513 consilio,
1420 479 1507 506 motu
1525 473 1665 516 proprio,
1682 484 1717 506 ac
1735 485 1772 507 ex
1790 478 1875 507 certa
1891 475 1992 508 scien-

1258 525 1300 557 tia
1325 531 1356 557 et
1380 527 1504 558 matura
1529 526 1762 559 deliberatione
1788 528 1914 567 nostris,
1940 528 1992 561 de-

1258 587 1319 620 que
1350 578 1544 621 apostolicae
1577 579 1742 622 potestatis
1767 580 1990 623 plenitudine,

1257 630 1402 663 eamdem
1427 640 1553 663 causam
1583 642 1618 664 ac
1648 631 1720 664 lites
1750 637 1782 664 et
1806 638 1992 666 controver-

1256 683 1376 716 versias
1401 693 1618 727 quascumque
1636 684 1720 717 inter
1741 690 1848 728 partes
1872 686 1992 719 antedi-

1256 741 1321 768 ctas
1346 736 1592 779 quomodolibet
1611 742 1643 770 et
1669 738 1702 770 in
1724 748 1925 782 quacumque
1946 739 1993 771 in-

1256 788 1384 827 stantia,
1412 795 1475 822 tam
1508 789 1539 822 in
1571 789 1650 822 sacri
1684 790 1792 832 palatii
1824 791 1991 833 apostolici

1256 851 1422 875 causarum
1446 843 1615 882 auditorio,
1634 853 1729 887 quam
1747 843 1779 876 in
1799 844 1862 877 alio
1881 844 1991 887 quovis

1257 894 1432 934 tribunali,
1465 895 1559 928 etiam
1591 895 1800 928 nunciaturae
1826 896 1992 939 Hispania-

1256 956 1336 985 rum,
1362 952 1394 980 et
1417 957 1526 980 coram
1556 958 1758 991 quocumque
1783 948 1888 981 iudice
1913 959 1989 992 pen-

1258 999 1371 1032 dentes
1394 1001 1543 1043 (quarum
1568 1001 1710 1033 omnium
1734 1006 1766 1034 et
1789 1001 1991 1044 singularum

1257 1056 1371 1084 statum
1397 1057 1427 1085 et
1451 1053 1572 1091 merita,
1599 1053 1794 1095 nominaque
1819 1059 1851 1086 et
1873 1063 1991 1095 cogno-

1257 1104 1364 1144 mina,
1392 1115 1427 1137 ac
1452 1105 1622 1148 qualitates
1659 1105 1800 1139 iudicum
1826 1111 1856 1139 et
1880 1106 1991 1139 colliti·

1257 1157 1409 1198 gantium,
1428 1162 1459 1190 et
1480 1156 1541 1190 alia
1562 1167 1792 1201 quaecumque,
1810 1157 1906 1191 etiam
1925 1168 1992 1202 spe-

1256 1209 1368 1243 cialem
1393 1216 1423 1242 et
1448 1209 1644 1242 individuam
1667 1211 1863 1244 mentionem
1889 1217 1920 1244 et
1944 1222 1991 1244 ex-

1257 1263 1458 1305 pressionem
1491 1263 1707 1306 requirentia,
1740 1274 1801 1306 pro
1834 1264 1928 1307 plene
1961 1270 1991 1298 et

1256 1315 1450 1348 sufficienter
1474 1315 1633 1358 expressis
1650 1327 1686 1349 ac
1704 1316 1902 1349 exactissime
1919 1325 1991 1360 spe·

1257 1367 1388 1399 cfficatis
1409 1367 1519 1399 haberi
1536 1368 1707 1410 volumus),
1726 1367 1758 1400 in
1777 1373 1858 1400 statu
1879 1373 1911 1401 et
1928 1374 1991 1401 ter-

1256 1420 1350 1452 minis
1378 1421 1410 1452 in
1436 1421 1551 1463 quibus
1579 1421 1617 1453 de
1643 1421 1804 1463 praesenti
1828 1421 1992 1464 reperiun-

1257 1477 1314 1513 tur,
1336 1483 1353 1504 a
1377 1473 1527 1516 praefatis
1556 1479 1585 1506 et
1611 1473 1681 1506 aliis
1706 1474 1868 1516 quibusvis
1892 1474 1992 1507 tribu-

1257 1525 1381 1558 nalibus
1407 1531 1437 1558 et
1463 1526 1620 1559 iudicibus
1638 1527 1677 1559 ad
1695 1536 1752 1559 nos
1774 1527 1888 1560 harum
1908 1526 1989 1560 serie

1256 1588 1444 1618 avocamuS,
1479 1578 1612 1621 illasque
1649 1588 1761 1611 omnes
1793 1583 1825 1611 et
1848 1579 1990 1622 singulas

1256 1630 1384 1672 penitus
1409 1635 1438 1663 et
1464 1630 1595 1663 omnino
1629 1637 1786 1674 perpetuo
1818 1631 1991 1674 supprimi-

1256 1692 1334 1721 mus,
1362 1682 1559 1725 perimimus,
1584 1683 1801 1726 extinguimus
1828 1688 1859 1715 et
1883 1683 1989 1717 abole—

1255 1745 1332 1775 mus,
1349 1745 1384 1767 ac
1402 1742 1592 1778 perpetuum
1607 1736 1744 1779 desuper
1760 1736 1888 1779 utrique
1908 1736 1989 1779 parti

1255 1787 1418 1820 silentium
1436 1788 1639 1831 imponimus,
1658 1799 1759 1831 osque
1776 1789 1986 1822 occludimus.

1299 1842 1313 1884 g
1338 1840 1368 1873 ⁶2.
1397 1841 1567 1874 Praeterea
1599 1842 1638 1874 ad
1663 1841 1826 1874 evitandas
1850 1841 1934 1875 rixas
1958 1847 1991 1875 et

1255 1894 1366 1926 crebra
1380 1895 1537 1934 scandala,
1553 1904 1633 1937 quae
1650 1895 1727 1927 oriri
1741 1896 1847 1927 solent
1861 1895 1989 1938 quando

1255 1946 1285 1979 in
1321 1947 1458 1989 publicis
1491 1947 1708 1980 functionibus
1742 1947 1837 1980 simul
1874 1958 1990 1980 conve-

1255 2000 1347 2032 niunt
1371 2001 1509 2043 capitula
1535 2006 1566 2033 et
1587 2001 1733 2033 canonici
1751 2000 1918 2044 utriusque
1939 2012 1990 2034 ec-

1254 2052 1370 2085 clesiae
1388 2052 1580 2092 huiusmodi,
1598 2059 1696 2093 motu,
1713 2053 1853 2094 scientia,
1870 2053 1991 2086 delibe-

1254 2106 1376 2138 ratione
1393 2110 1424 2137 et
1444 2105 1613 2148 potestatis
1627 2105 1829 2148 plenitudine
1846 2106 1988 2149 paribus,

1255 2158 1439 2190 earumdem
1475 2163 1586 2190 tenore
1611 2158 1843 2200 praesentium,
1878 2157 1990 2191 statui-

1254 2220 1336 2250 mus,
1354 2214 1389 2241 ut
1405 2209 1488 2241 inter
1512 2210 1569 2242 has
1587 2210 1665 2242 duas
1689 2211 1843 2243 ecclesias
1868 2220 1991 2244 earum·

1254 2272 1315 2305 que
1341 2262 1479 2305 capitula
1504 2267 1535 2294 et
1558 2272 1717 2304 personas
1742 2263 1893 2305 deinceps
1918 2273 1990 2306 per—

1254 2315 1359 2357 petuis
1386 2315 1500 2347 suturis
1519 2315 1719 2358 temporibus
1739 2320 1885 2347 servetur
1909 2315 1988 2348 ordo

1254 2368 1460 2400 alternativae
1487 2367 1518 2400 in
1545 2367 1679 2410 singulis
1701 2367 1919 2400 functionibus
1937 2377 1989 2400 ca-

1254 2420 1453 2452 tbedralitati
1487 2420 1768 2463 competentibus,
1801 2420 1987 2453 inchoando

1253 2474 1293 2505 ab
1319 2473 1454 2506 ecclesia
1487 2474 1520 2505 B.
1548 2473 1663 2505 Mariae
1692 2473 1731 2505 de
1762 2473 1876 2512 Pilari,
1903 2482 1985 2515 quae

1252 2525 1341 2568 prior
1369 2525 1433 2558 sive
1468 2525 1628 2567 antiquior
1661 2531 1689 2557 et
1717 2525 1850 2557 actualis
1875 2525 1986 2558 cathe-

1252 2578 1350 2611 dralis
1372 2578 1504 2610 civitatis
1521 2578 1835 2621 Caesaraugustanae
1861 2577 1980 2611 existit:

1998 217 2048 243 Αιι.
2070 217 2098 244 C.
2118 216 2184 243 16³2ss

2034 1849 2185 1870 Atternaunm

2000 1875 2057 1895 circa
2097 1881 2185 1901 praeci·-

2001 1901 2093 1921 dentiam
2129 1901 2184 1922 int-:r

2000 1927 2054 1948 haec
2069 1927 2111 1948 duo
2128 1928 2185 1952 cani-

2000 1954 2044 1974 tula
2060 1953 2080 1974 in
2096 1954 2185 1974 ῐυιπῐιη-

2000 1980 2062 2000 nibus
2098 1979 2186 2000 mandat

2000 2006 2081 2027 servari
2092 2009 2155 2032 prout
2165 2006 2185 2026 in

2001 2032 2095 2054 rubrica.
