2247 3208
218 277 267 304 An.
285 277 313 304 C.
335 277 402 304 'loos

255 2077 393 2097 Prooemium

456 269 519 301 704

418 325 644 369 praesentibus
677 334 736 366 pro
766 323 863 365 plene
895 327 927 354 ct
958 321 1156 354 sufficienter

418 378 579 422 expressis
610 387 645 408 ac
680 377 717 408 de
742 376 839 408 verbo
873 375 913 407 ad
940 375 1075 407 verbnm
1108 374 1156 406 in·

417 432 513 464 sertis
535 430 699 469 babentes,
719 429 783 462 illis
803 428 881 460 alias
898 428 931 460 in
950 437 1009 460 suo
1035 428 1154 460 robore

418 482 649 528 permansuris,
666 481 703 513 ad
722 480 977 524 praemissorum
995 479 1153 521 effectum,

418 537 479 569 hac
492 535 559 567 vicc
571 535 746 574 dumtaxat,
762 534 947 577 specialiter
961 538 993 565 et
1003 543 1155 576 expresse

418 589 629 631 derogamus,
658 587 777 630 illaque
803 587 955 619 adversus
977 586 1155 630 praemissa

417 641 586 683 suffragari
614 641 802 674 nullomodo
827 650 924 684 posse
951 650 1006 672 seu
1034 639 1153 672 debere

418 695 640 734 decernimus,
666 694 845 738 ceterisque
881 693 1051 726 contrariis
1086 693 1155 736 qui-

416 750 630 791 buscurnquc.

461 801 574 833 Datum
600 800 730 840 Romae,
749 800 833 843 apud
858 800 889 832 S.
909 799 1040 832 Mariam
1059 799 1156 832 Maio-

418 865 503 895 rem,
528 854 587 887 sub
613 854 733 886 annulo
759 853 955 893 piscatoris,
988 852 1040 885 (lie
1070 853 1165 885 xxvli'

417 907 545 950 augusti
585 917 749 941 nnctxvni
763 933 770 947 ,
809 905 1017 950 pontificatus
1052 906 1154 938 nostri

418 972 504 993 anno
526 971 561 994 11.

451 1024 512 1050 Dat.
535 1023 578 1050 die
598 1022 630 1049 27
650 1022 756 1057 augusti
777 1022 857 1054 1668,
875 1022 970 1057 pontif.
987 1030 1033 1049 an.
1048 1027 1079 1049 11.

718 1163 846 1196 LXXIV.

416 1244 601 1288 Ampliatio
618 1243 703 1275 iuris
717 1242 913 1275 nominandi
925 1241 967 1274 ad
978 1241 1073 1285 (tigni
1077 1245 1156 1274 tates

461 1297 637 1330 abbatiale-s
648 1301 676 1329 et
690 1296 852 1339 reqimina
869 1296 1152 1334 monasteriorum,

460 1352 644 1394 prioratus,
670 1350 913 1392 praeposituras
937 1359 991 1380 seu
1014 1359 1153 1392 praepo-

461 1404 579 1435 sitatus
597 1406 784 1434 conventum
799 1401 957 1440 habentes,
974 1402 1010 1433 in
1023 1401 1156 1444 quibus-

462 1457 539 1489 dam
568 1455 744 1488 ditionibus
768 1455 908 1497 Belgyicis
932 1455 1155 1496 consistentia,

462 1511 532 1552 reqi
556 1508 830 1541 christianissimo
854 1508 991 1540 antehac
1007 1509 1154 1547 concessi,

463 1563 505 1596 od
534 1562 662 1594 similia
695 1561 846 1603 beneficia
881 1561 1088 1593 consistentia
1123 1562 1158 1593 in

463 1617 542 1649 aliis
562 1615 739 1648 ditionibus
765 1614 924 1657 Belqicis,
956 1614 986 1646 ei
1007 1624 1066 1656 per
1089 1624 1154 1646 nu-

461 1679 576 1712 perum
603 1672 776 1700 tractatum
798 1667 888 1710 pacis
911 1678 930 1699 a
954 1677 1026 1710 resse
1043 1668 1154 1701 catho-

465 1723 526 1754 lico
551 1721 704 1753 concessis
728 1725 757 1753 et
780 1720 984 1753 renunciatis
1000 1719 1018 1752 ¹.

421 1802 579 1830 Carissimo
599 1802 629 1828 in
651 1801 768 1829 Christo
789 1801 849 1828 filio
869 1804 970 1828 nostro
990 1801 1157 1835 Ludovico,

521 1846 697 1873 Francorum
717 1846 779 1880 reqi
800 1845 1065 1877 christianissimo,

637 1891 771 1917 Clemens
792 1891 871 1925 Papa
891 1891 937 1917 1x.

525 1952 682 1980 Carlssime
699 1952 729 1979 in
746 1953 863 1980 Christo
879 1952 922 1979 fili
937 1955 1051 1987 noster,

455 1998 586 2024 salutem
607 2000 637 2024 et
657 1999 854 2030 apostolicam
873 1997 1121 2024 benedictionem.

465 2068 479 2111 g
503 2068 534 2101 l.
576 2068 744 2101 Praeclara
779 2067 954 2101 maiestatis
991 2072 1063 2101 tuae
1077 2095 1084 2108 ‚
1122 2081 1159 2103 ac

422 2121 665 2164 progenitorum
700 2126 731 2152 et
764 2120 922 2154 maiorum
953 2126 1082 2154 tuorum
1107 2133 1159 2155 rc-

422 2185 496 2216 gum
522 2174 875 2212 christianissimorum,
893 2174 1075 2217 principum
1093 2176 1159 2207 lon-

422 2237 461 2269 ge
501 2226 771 2265 clarissimorum,
810 2226 1158 2270 invictissimorumque

422 2279 538 2312 Christi
558 2280 762 2319 athletarum,
788 2290 824 2312 ac
841 2280 1049 2322 egregiorum
1067 2280 1158 2313 Sedis

423 2331 628 2374 Apostolicae
644 2332 1005 2375 cultorum,promerita
1015 2333 1157 2376 exigunt,

423 2395 460 2416 ac
477 2384 680 2427 praecipuus,
702 2395 766 2428 quo
792 2385 938 2419 eamdem
956 2385 1158 2419 maiestatem

425 2441 522 2476 tuam,
542 2436 630 2469 filiali
652 2448 728 2479 erga
744 2449 802 2471 nos
825 2443 856 2470 et
873 2439 1020 2471 eamdem
1043 2438 1158 2472 Sedem

424 2490 631 2523 observantia
657 2501 691 2523 ac
709 2491 839 2534 pictate,
860 2491 1060 2524 orthodoxae
1084 2491 1158 2525 fidei

425 2543 666 2577 conservandae
684 2549 715 2576 et
733 2545 962 2587 propagandae
980 2546 1061 2586 zelo,
1075 2545 1160 2578 aliis-

462 2660 474 2686 1
497 2657 533 2685 Ex
554 2657 658 2694 Regest.
679 2658 706 2684 in
726 2658 828 2685 Secret.
845 2659 925 2686 Brev.

996 273 1176 297 BULLARIUM
1200 272 1351 296 ROMANUM

1198 330 1260 363 que
1273 330 1348 363 rege
1361 319 1631 353 christianissimo
1645 321 1751 364 dignis
1764 321 1933 354 virtutibus

1199 378 1293 416 atque
1304 373 1478 405 decoribus
1496 373 1718 416 multipliciter
1732 375 1935 417 praefulgen-

1199 430 1276 465 tem,
1303 425 1553 468 prosequimur,
1586 431 1738 467 paternae
1768 426 1934 459 charitatis

1198 477 1331 511 affectus
1356 488 1415 510 nos
1439 483 1533 520 urget
1553 483 1647 521 atque
1664 478 1803 521 impellit
1818 484 1853 512 ut
1876 479 1931 511 tibi

1198 530 1352 563 uberiora
1377 530 1563 573 pontificiae
1578 536 1706 564 nostrae
1724 531 1935 574 benignitatis

1199 584 1284 616 dona
1309 583 1496 625 largiamur;
1516 583 1606 616 firma
1625 594 1681 626 spe
1701 589 1796 627 atque
1817 584 1933 617 fiducia

1199 637 1231 669 in
1264 636 1400 670 Domino
1434 636 1505 669 sreti
1537 636 1604 669 sore
1637 642 1672 668 ut
1704 642 1756 677 tu,
1788 637 1857 670 viae
1882 648 1936 677 eo-

1199 690 1348 723 rumdem
1373 689 1529 722 maiorum
1555 695 1686 722 tuorum
1709 690 1852 733 vestigiis
1878 691 1935 723 im-

1198 753 1332 786 pressae
1358 743 1542 782 inhaerens,
1568 744 1707 786 populos
1726 743 1840 776 ditioni
1861 749 1932 776 tuae

1199 796 1338 829 creditos
1364 796 1396 828 in
1422 795 1484 828 fide
1498 796 1666 835 catholica,
1680 806 1715 828 ac
1732 801 1841 829 vetere
1856 807 1933 838 erga

1199 848 1314 882 Sedem
1340 849 1538 892 praedictam
1563 849 1749 882 obedientia
1765 849 1932 882 continere

1199 902 1267 945 pari
1293 903 1387 935 laude
1413 907 1602 942 conaturus,
1623 902 1933 945 constitutionesque

1197 955 1389 998 apostolicas
1422 955 1456 987 in
1490 955 1647 988 universis
1684 956 1834 989 dominiis
1873 957 1934 989 tuis

1199 1008 1325 1041 debitae
1350 1018 1480 1050 semper
1509 1007 1687 1040 executioni
1719 1009 1863 1040 mandari
1898 1019 1935 1041 ac

1198 1061 1289 1095 Sedis
1315 1061 1463 1094 eiusdem
1489 1061 1645 1094 honorem
1661 1061 1934 1094 etauctoritatem

1198 1115 1340 1148 illibatos
1366 1114 1550 1147 conservari
1575 1115 1663 1148 omni
1688 1115 1794 1148 studio
1821 1116 1864 1148 sis
1882 1126 1934 1148 cu-

1198 1173 1337 1201 raturus.

1242 1221 1256 1263 ς
1280 1220 1311 1253 2.
1339 1220 1425 1252 Alias
1451 1219 1612 1263 siquidem
1631 1230 1700 1260 nos,
1724 1219 1785 1252 tuis
1810 1219 1935 1264 suppli-

1199 1274 1341 1307 tionibus
1368 1273 1528 1313 inclinati,
1555 1273 1629 1312 tibi,
1647 1275 1700 1305 tua
1725 1277 1848 1305 tantun]
1871 1273 1935 1305 vita

1199 1328 1344 1366 durante,
1371 1331 1402 1358 et
1427 1326 1581 1368 quamdiu
1598 1325 1631 1358 in
1651 1325 1834 1358 sinceritate
1859 1325 1934 1358 fidei

1937 273 1989 299 An.
2007 273 2035 299 C.
2059 273 2127 300 1668

1966 1229 2000 1250 lus
2008 1229 2129 1250 nominandi

1945 1256 1973 1277 ad
2015 1256 2129 1281 dignitates

1946 1282 2066 1303 abbatialos
2075 1283 2129 1303 ahAs

1947 1310 1990 1334 regi
2012 1309 2039 1329 ad
2065 1312 2126 1329 vitan-

1947 1335 2041 1355 Pontifex
2078 1341 2126 1356 con-

1909 1379 1914 1383 ,
1924 1380 1931 1387 ,
1947 1364 2048 1382 cesserat.

1200 1386 1232 1413 et
1255 1380 1379 1412 unitate
1403 1379 1434 1412 S.
1462 1380 1498 1411 R.
1525 1379 1572 1419 E„
1598 1389 1725 1412 necnon
1751 1378 1937 1412 obedientia

1200 1439 1231 1466 et
1256 1433 1427 1465 devotione
1448 1432 1565 1465 nostris
1586 1436 1618 1464 et
1634 1442 1862 1465 successorum
1879 1443 1936 1466 no—

1200 1492 1339 1519 strorum
1364 1486 1584 1518 Romanorum
1612 1483 1802 1518 Pontificum
1838 1496 1936 1519 cano—

1201 1539 1271 1572 nice
1295 1539 1483 1572 intrantium
1501 1538 1703 1581 persisteres,
1724 1538 1771 1570 ius
1789 1543 1821 1571 et
1840 1539 1937 1572 facul-

1201 1598 1297 1625 tatem
1322 1591 1510 1624 nominandi
1536 1586 1629 1623 nobis
1649 1595 1679 1623 ct
1697 1591 1843 1624 Romano
1858 1591 1936 1624 Pon-

1201 1644 1276 1678 tifici
1316 1655 1374 1688 pro
1417 1649 1561 1687 tempore
1602 1644 1750 1676 existenti
1791 1648 1857 1676 tam
1896 1644 1937 1677 ad

1201 1698 1373 1741 dignitates
1391 1697 1568 1729 abbatiales
1587 1701 1641 1728 aut
1657 1706 1937 1739 quorumcumque

1201 1750 1473 1784 monasteriorum
1488 1749 1658 1792 regimina,
1673 1749 1769 1782 eliam
1783 1760 1841 1792 per
1854 1751 1938 1793 prio-

1201 1815 1252 1837 res
1279 1809 1333 1836 aut
1357 1803 1560 1846 praepositos
1592 1802 1661 1844 regi
1696 1807 1728 1835 et
1762 1802 1937 1844 gubernari

1202 1858 1382 1896 solitorum,
1407 1866 1504 1899 quam
1529 1855 1625 1887 etiam
1647 1855 1686 1887 ad
1712 1865 1937 1898 quoscumque

1201 1911 1373 1955 prioratus,
1387 1909 1631 1953 praeposituras
1657 1914 1711 1940 aut
1735 1908 1935 1951 praeposita-

1202 1971 1251 1997 tus
1265 1968 1459 1997 conventum
1473 1963 1629 1994 habentes
1645 1961 1728 1993 intra
1742 1961 1937 1994 urbesAtre-

1201 2015 1518 2055 batu1n,llesdinnm,
1529 2014 1935 2057 Bapalmam,Bethuniam,

1202 2069 1360 2108 Lilerium,
1376 2068 1571 2107 Lcntiacum,
1587 2067 1773 2100 comitatum
1790 2067 1821 2100 S.
1836 2067 1936 2107 Pauli,

1201 2122 1391 2160 Teruanam,
1416 2121 1569 2161 Passium,
1596 2130 1770 2162 earumque
1791 2119 1936 2152 ballivia-

1202 2181 1269 2215 tus,
1294 2175 1439 2217 aliosque
1463 2173 1646 2206 balliviatus
1671 2178 1703 2205 et
1727 2172 1934 2205 castellanias

1202 2228 1271 2270 agri
1295 2226 1531 2266 Atrebatensis,
1565 2236 1694 2258 necnon
1726 2225 1937 2265 Rentiacum,

1201 2281 1298 2312 urbes
1324 2279 1436 2312 itidem
1460 2289 1614 2321 arcesque
1639 2278 1875 2320 Gravelingam,
1891 2287 1937 2310 ar-

1202 2344 1271 2366 cem
1295 2332 1517 2375 Philippeam‚
1545 2331 1687 2372 Slusam,
1716 2331 1935 2370 llannuinum,

1202 2386 1404 2428 Burburgnni
1440 2390 1472 2417 et
1505 2384 1619 2417 urbem
1653 2384 1685 2418 S.
1719 2383 1866 2417 Venantii
1904 2384 1937 2416 in

1202 2439 1362 2479 Flandria,
1387 2438 1617 2471 Landreceium
1641 2443 1672 2471 et
1695 2429 1887 2476 Que1²cetum
1903 2437 1937 2469 in

1202 2492 1384 2531 Hannonia,
1402 2492 1565 2524 Avennam
1583 2500 1724 2533 quoque,
1742 2489 1937 2521 Mariaebur-

1203 2556 1278 2588 gum
1299 2550 1330 2578 et
1354 2544 1618 2587 Philippopolim,
1644 2543 1777 2586 insuper
1801 2542 1834 2574 in
1858 2552 1936 2584 agro

1203 2597 1455 2640 Lucemburgico
1473 2597 1657 2630 Theodonis
1673 2596 1793 2635 villam,
1809 2595 1937 2628 Malme-

1203 2651 1310 2693 dium,
1337 2650 1602 2691 Damuillerium,
1635 2649 1747 2683 urbem
1774 2648 1935 2691 Ivodium,
