2247 3208
444 229 507 263 312

406 287 490 320 dinis
527 284 745 329 parochorum
778 282 905 326 priores
943 293 998 315 seu
1031 282 1142 315 vicarii

405 350 470 373 non
495 339 534 370 ab
559 336 709 380 ipsismet
731 335 894 379 parochis,
913 336 968 369 sed
993 346 1011 368 a
1035 336 1143 378 singu-

405 394 509 426 larum
543 389 783 434 provinciarum
819 387 1075 432 provincialibus
1109 388 1142 421 in

405 444 546 487 graviori
572 443 762 476 earumdem
795 446 955 475 conventu
988 451 1045 484 per
1069 446 1143 474 vota

404 502 530 531 secreta
557 497 696 530 decisiva
720 495 889 529 duodecim
906 495 945 528 ad
964 495 1069 527 minus
1087 505 1143 527 an-

404 551 568 594 tiquorum
605 550 760 589 fratrum,
786 548 812 581 si
839 554 928 581 extra
964 547 1142 591 capitulum

403 602 605 647 provinciale
631 602 736 641 suerit,
757 601 817 633 rite
844 607 876 633 et
899 600 1054 634 canonice
1084 600 1142 633 eli-

404 662 529 700 gantur,
544 655 660 688 sivero
679 655 814 688 durante
829 653 1024 693 definitorio‚
1039 664 1056 686 a
1071 663 1142 697 pro-

405 709 534 743 vinciali
552 715 583 741 et
603 708 824 741 definitoribus
843 707 957 740 eodem
975 707 1071 740 modo
1089 706 1141 739 eli-

405 768 532 806 gantur,
549 761 702 805 quodque
717 760 845 804 priores
865 760 1085 803 parochorum
1102 758 1141 791 ad

405 816 437 848 id
456 815 597 848 muneris
623 813 742 847 assumi
760 818 933 856 nequeant,
954 812 1014 845 nisi
1029 822 1141 844 revera

405 874 454 901 sat
477 869 615 901 calleant
630 866 799 910 proprium
818 866 937 899 idioma
955 864 1071 908 plebis,
1091 863 1140 895 cui

405 926 567 963 tamquam
589 920 715 963 priores
747 929 802 951 seu
826 918 935 950 vicarii
956 916 1142 959 praeficien-

404 979 467 1014 tur,
488 979 519 1006 et
544 973 631 1016 quod
649 972 745 1005 iidem
765 982 822 1004 sno
840 971 962 1014 populo
987 969 1140 1001 continue

403 1026 563 1065 assistant,
581 1025 624 1057 ita
643 1030 677 1057 ut
694 1034 796 1066 neque
816 1023 995 1065 capitulum
1011 1021 1142 1065 provin-

404 1078 485 1111 ciale
511 1078 609 1117 adire,
639 1087 745 1120 neque
771 1076 849 1108 alias
874 1085 1017 1118 unquam
1042 1085 1059 1106 a
1085 1075 1142 1106 sua

402 1130 582 1175 parochiali
598 1128 774 1162 residentia
790 1129 876 1161 ultra
890 1127 1027 1171 spatium
1045 1126 1142 1159 trium

402 1185 567 1217 leucarum
592 1183 746 1225 elongare
773 1192 807 1214 se
831 1181 977 1224 possint,
1003 1179 1065 1212 nisi
1090 1189 1142 1212 re-

402 1236 480 1269 licto
495 1236 616 1269 ibidem
634 1235 753 1268 idoneo
772 1234 946 1266 substituto
960 1232 1046 1265 illius
1065 1231 1142 1264 idio-

402 1290 497 1324 matis
510 1290 593 1322 bene
612 1298 720 1331 gnaro,
741 1287 931 1320 auctoritate
950 1285 1140 1329 apostolica,

404 1351 516 1377 tenore
537 1341 771 1387 praesentium,
790 1339 1008 1379 decernimus,
1031 1339 1142 1371 statui-

406 1408 477 1431 mus
502 1402 535 1429 et
559 1395 756 1428 ordinamus.

449 1451 463 1493 ξ
481 1449 512 1482 5.
531 1449 752 1481 Decernentes
771 1446 890 1490 pariter
904 1446 1036 1478 easdem
1049 1452 1142 1488 prae-

406 1509 516 1537 sentes
539 1503 662 1535 litteras
681 1511 812 1544 semper
830 1499 951 1539 firmas,
971 1499 1092 1532 validas
1110 1504 1143 1531 et

404 1557 554 1590 efficaces
581 1556 721 1588 existere
747 1559 779 1586 et
804 1554 882 1593 sore,
905 1563 1046 1595 suosque
1072 1553 1141 1595 ple-

404 1610 514 1643 narios
540 1615 573 1642 et
589 1609 735 1651 integros
754 1606 887 1640 effectus
909 1606 1018 1639 sortiri
1037 1610 1070 1638 et
1086 1606 1142 1638 ob-

404 1664 520 1703 tinere,
547 1673 583 1695 ac
609 1663 648 1695 ab
674 1661 755 1700 illis,
781 1661 818 1693 ad
847 1670 927 1703 quos
958 1664 1086 1702 spectat
1110 1664 1141 1691 et

405 1728 466 1762 pro
486 1723 632 1759 tempore
652 1714 821 1758 spectabit,
837 1712 1073 1746 inviolabiliter
1089 1712 1140 1746 ob·

408 1780 545 1809 servam,
570 1769 681 1811 sieque
701 1767 732 1800 in
750 1766 940 1810 praemissis
962 1776 1023 1809 per
1048 1775 1141 1808 quos-

406 1834 543 1867 cumque
575 1822 699 1855 iudices
734 1820 919 1853 ordinarios
953 1824 985 1851 et
1010 1819 1141 1860 delega-

408 1882 473 1916 tos,
512 1876 608 1909 etiam
644 1884 813 1908 causarum
831 1872 941 1917 palatii
968 1871 1140 1915 apostolici

407 1930 583 1969 auditores,
597 1928 732 1961 iudicari
752 1933 783 1960 et
807 1926 935 1960 definiri
954 1926 1085 1965 debere,
1105 1936 1141 1957 ac

407 1983 535 2015 irritum
560 1988 591 2015 et
616 1982 711 2014 inane
734 1981 759 2013 si
786 1991 878 2013 secus
911 1988 1010 2022 super
1042 1979 1093 2011 his
1125 1989 1142 2010 a

409 2047 585 2079 quoquam,
620 2034 730 2078 quavis
764 2033 971 2072 auctoritate,
999 2031 1142 2064 scienter

408 2091 458 2121 vel
491 2089 697 2131 ignoranter,
724 2086 899 2129 contigerit
924 2084 1088 2117 attentari.

452 2142 466 2184 ἓ
490 2141 521 2174 6.
545 2140 613 2173 Non
640 2139 842 2172 obstantibus
864 2138 1049 2181 praemissis
1066 2164 1073 2178 ,
1107 2148 1143 2170 ac

409 2193 695 2227 commilitionibus
722 2198 753 2225 et
782 2191 1041 2224 ordinationibus
1067 2201 1144 2233 apo-

409 2247 554 2287 stolicis,
592 2256 717 2278 necnon
742 2245 817 2278 dicti
843 2244 988 2284 Ordinis,
1017 2249 1049 2276 et
1073 2243 1143 2276 aliis

409 2300 589 2343 quibusvis,
620 2299 714 2331 etiam
743 2298 945 2338 iuramento,
973 2297 1144 2329 confirma-

409 2353 496 2385 tione
515 2352 701 2395 apostolica,
720 2352 768 2383 vel
787 2350 897 2394 quavis
914 2350 1065 2383 firmitate
1082 2350 1145 2382 alia

408 2405 590 2445 roboratis,
618 2404 742 2436 statutis
778 2409 809 2436 et
834 2402 1142 2443 consuetudinum,

408 2458 587 2503 privilegiis
613 2467 769 2500 quoque,
803 2456 936 2489 indultis
967 2461 998 2488 et
1029 2455 1145 2488 litteris

409 2511 594 2556 apostolicis
618 2510 651 2542 in
676 2509 871 2542 contrarirun
890 2508 1145 2552 praemissorum

411 2564 659 2608 quomodolibet
681 2562 866 2601 concessis,
894 2561 1090 2593 confirmatis
1115 2567 1143 2593 et

410 2618 595 2659 innovatis,
622 2617 736 2661 quibus
764 2615 912 2649 omnibus
944 2620 974 2648 et
999 2614 1144 2657 singulis,

211 239 259 266 An.
277 239 306 265 C.
331 238 398 265 1664

223 1490 225 1492 η
238 1463 349 1484 Decretum
366 1463 393 1483 ir-

211 1492 283 1510 rilaus.

282 2149 397 2173 normano

214 2177 328 2196 conlsarwi
335 2182 374 2196 nui.

988 234 1166 259 Bt'LLARtt'M
1192 234 1342 260 ROMANL'M

1187 282 1318 316 illorum
1337 288 1468 316 tenores
1495 284 1721 327 praesentibus
1739 294 1799 328 pro
1824 286 1922 328 plene

1188 341 1220 368 et
1245 335 1446 369 sufficienter
1466 337 1630 380 expressis
1656 343 1687 370 et
1710 338 1841 371 insertis
1867 338 1923 370 ha-

1185 389 1322 429 bentes,
1349 389 1413 423 illis
1442 389 1521 423 alias
1548 389 1580 422 in
1610 401 1667 423 suo
1703 391 1823 424 robore
1849 401 1924 434 per-

1186 443 1369 483 mansuris,
1394 443 1433 476 ad
1466 443 1724 486 praemissorum
1754 444 1920 484 effectum,

1186 496 1247 530 hac
1281 496 1350 529 vice
1387 497 1567 537 dumtaxat,
1595 496 1783 540 specialiter
1808 503 1839 530 et
1870 508 1924 530 ex-

1185 558 1297 591 presse
1315 549 1528 591 derogarnus;
1549 549 1731 593 ceterisque
1749 550 1920 582 contrariis

1186 602 1454 645 quibuscumque.

1227 655 1241 698 ἓ
1267 655 1297 688 7.
1331 656 1487 688 Volumus
1519 661 1629 689 autem
1660 661 1696 688 ut
1732 657 1921 690 earumdem

1183 708 1409 752 praesentium
1427 710 1654 752 transumptis,
1674 719 1729 742 seu
1754 710 1920 752 exemplis,

1185 761 1281 794 etiam
1307 761 1491 805 impressis,
1515 772 1612 794 manu
1638 761 1777 794 alicuius
1802 762 1921 794 notarii

1184 814 1309 857 publici
1336 815 1543 858 subscriptis,
1569 820 1601 847 et
1632 815 1740 857 sigillo
1757 825 1920 858 personae

1184 868 1217 900 in
1258 868 1483 901 ecclesiastica
1524 869 1681 911 dignitate
1723 869 1920 900 constitutae

1184 921 1336 959 munitis,
1364 921 1478 954 eadem
1504 920 1584 953 fides
1610 922 1641 953 in
1667 921 1788 953 indicio
1814 927 1846 953 et
1871 931 1923 954 cx-

1185 979 1231 1006 tra
1253 974 1457 1013 adhibeatur,
1477 984 1560 1016 quae
1585 974 1815 1016 praesentibus
1840 974 1920 1016 ipsis

1185 1026 1427 1065 adhiberetur,
1462 1026 1487 1058 si
1526 1026 1634 1059 forent
1670 1026 1834 1058 exhibitae
1872 1027 1920 1059 vel

1186 1084 1351 1111 ostensae.

1228 1132 1341 1164 Datum
1367 1132 1504 1172 Romae,
1529 1132 1613 1175 apud
1645 1131 1675 1165 S.
1704 1132 1833 1164 Mariam
1859 1132 1919 1164 Ma-

1184 1185 1309 1225 iorem,
1334 1186 1391 1218 sub
1425 1187 1545 1219 annulo
1570 1185 1762 1224 piscatoris,
1788 1185 1839 1217 die
1862 1195 1920 1218 v111

1184 1239 1369 1272 novembris
1393 1247 1547 1278 MDCfflV,
1574 1237 1781 1282 pontificatus
1816 1237 1920 1270 nostri

1185 1302 1269 1325 anno
1295 1303 1323 1325 x.

1219 1352 1277 1380 Dat.
1294 1353 1338 1380 die
1357 1353 1373 1380 8
1393 1352 1548 1379 novembris
1566 1352 1643 1385 1664,
1660 1352 1758 1387 pontif.
1775 1359 1821 1379 an.
1843 1358 1870 1378 Χ.

1428 1450 1433 1454 ’
1475 1473 1623 1506 οῡΧοιν.

1226 1543 1351 1577 Erectio
1372 1542 1521 1576 ecclesiae
1547 1541 1876 1584 Reqinolzradecensis

1357 1598 1392 1629 in
1415 1607 1512 1639 reyno
1537 1594 1743 1629 Bohemffle'.

1375 1667 1537 1694 Alexander
1558 1666 1726 1699 episcopus,

1378 1719 1482 1738 servus
1499 1718 1651 1737 servorum
1667 1710 1730 1743 Dei,

1308 1758 1343 1783 ad
1363 1759 1537 1790 perpetuam
1556 1755 1600 1781 rei
1621 1754 1801 1780 memoriam.

1226 1819 1330 1863 Super
1366 1818 1532 1850 universas
1566 1816 1654 1849 orbis
1680 1816 1851 1857 ecclesias,
1877 1815 1920 1849 Eo

1184 1874 1394 1916 disponente,
1421 1871 1474 1913 qui
1500 1870 1624 1903 cunctis
1655 1869 1794 1912 imperat
1814 1875 1844 1901 et
1869 1869 1920 1901 cui

1184 1925 1292 1959 onmia
1317 1924 1488 1964 obediunt,
1521 1927 1815 1965 quantumcunulue
1851 1922 1921 1954 sine

1184 1979 1303 2012 nostris
1319 1977 1452 2015 meritis,
1467 1975 1642 2015 constituti,
1656 1977 1797 2008 levantes
1812 1975 1843 2006 in
1859 1975 1922 2007 cir-

1184 2032 1269 2064 cuitu
1293 2031 1361 2073 agri
1387 2029 1540 2063 dominici
1559 2030 1669 2062 oculos
1690 2034 1819 2060 nostrae
1838 2038 1923 2060 men-

1185 2085 1223 2117 tis
1250 2094 1339 2117 more
1372 2082 1536 2126 pervigilis
1570 2081 1708 2124 pastoris
1741 2080 1921 2124 inspecturi

1185 2137 1260 2180 quid
1286 2135 1524 2179 provinciarum
1549 2139 1581 2166 et
1604 2135 1748 2166 locorum
1773 2144 1922 2176 quorum-

1185 2190 1263 2223 libet
1280 2188 1374 2221 statui
1389 2192 1555 2229 congruat,
1571 2187 1686 2229 quidve
1708 2187 1846 2229 desuper
1860 2187 1922 2219 hoc

1185 2241 1376 2286 praesertim
1402 2245 1559 2282 tempore,
1586 2250 1648 2282 quo
1674 2238 1806 2270 humani
1825 2249 1922 2281 gene-

1186 2295 1229 2327 ris
1255 2294 1357 2327 hostis
1383 2293 1470 2327 omni
1496 2298 1612 2326 conatu
1637 2293 1676 2325 ad
1695 2292 1839 2335 ipsarum
1861 2292 1922 2324 ani-

1186 2358 1309 2380 marum
1336 2347 1512 2390 perniciem
1537 2352 1568 2378 et
1593 2346 1665 2378 fidei
1691 2345 1868 2378 catholicae
1893 2356 1924 2378 e-

1186 2400 1369 2433 versionem
1394 2399 1559 2439 incumbit,
1579 2398 1704 2441 disponi
1731 2399 1856 2437 debeat,
1878 2398 1924 2431 di-

1186 2453 1260 2486 vino
1286 2452 1355 2485 sulti
1381 2452 1553 2495 praesidio,
1570 2452 1701 2494 dignum
1719 2450 1795 2493 quin
1816 2451 1922 2493 potius

1188 2505 1329 2539 debitum
1354 2505 1549 2537 arbitramur
1565 2505 1598 2536 in
1611 2503 1733 2545 irriguo
1755 2502 1922 2536 militantis

1186 2558 1346 2592 Ecclesiae
1372 2568 1450 2600 agro
1476 2568 1572 2589 novas
1599 2557 1801 2600 episcopales
1826 2557 1929 2589 sedes>

1222 2623 1233 2648 1
1257 2621 1293 2648 Ex
1315 2620 1420 2655 Regest.
1442 2620 1468 2646 in
1489 2620 1592 2646 Secret.
1614 2618 1690 2645 Brev.

1931 235 1982 262 An.
2002 235 2029 262 C.
2049 236 2113 262 1654
2238 0 2247 326 !

2244 479 2245 500 l

1968 666 2116 691 Transumpto·

1933 697 1976 712 rum
1992 693 2050 713 nutes.

1957 1826 2098 1848 Prooemium.
