2247 3208
188 233 236 259 An.
260 233 286 259 n.
307 232 372 260 1663
418 224 481 257 17⁶2

221 398 333 418 Confirmat
347 399 369 417 ul

186 426 207 446 iu
224 425 315 445 rubrica.

212 2069 319 2091 clausulas
330 2070 366 2092 ad-

958 229 1136 253 BULLARIUM
1160 229 1312 253 ROMANUM

386 281 555 324 provi‹.lere
582 284 613 311 et
637 284 671 310 ut
695 277 777 310 infra
801 278 969 320 indulgere
995 277 1034 309 de
1060 277 1117 309 be·
1150 287 1243 309 secus
1269 287 1369 319 super
1385 276 1436 309 his
1455 288 1472 309 a
1489 287 1657 320 quoquam,
1678 277 1788 320 quavis
1807 287 1881 310 auc-

386 334 542 375 nignitate
567 331 746 374 apostolica
771 331 990 373 dignaremur.

1149 329 1295 368 toritate‚
1323 329 1466 361 scienter
1489 330 1539 362 vel
1572 329 1777 372 ignoranter,
1803 340 1881 363 con-

428 386 441 425 }
466 384 496 416 3.
524 384 586 416 Nos
616 383 729 425 igitur,
756 384 861 426 ipsum
885 383 1017 415 Petrum
1041 393 1116 425 spe·
1148 380 1259 423 tigerit
1282 380 1445 413 attentari.

384 436 517 467 cialibus
555 436 716 468 favoribus
749 440 780 467 et
812 435 922 477 gratiis
958 434 1115 478 prosequi

382 488 538 526 volentes,
572 492 603 520 et
627 498 644 519 a
669 487 835 530 quibusvis
861 487 1117 519 excommunica-

382 540 489 579 tionis,
519 539 745 582 suspensionis
772 545 804 572 et
827 540 1002 579 interdicti,
1029 539 1116 573 aliis-

383 604 444 636 que
461 593 693 625 ecclesiasticis
709 592 890 631 sententiis,
917 592 1063 625 censuris
1085 598 1117 625 et

382 645 518 687 poenis,
546 657 562 677 a
587 645 655 677 iure
680 646 731 678 vel
757 646 796 677 ab
822 644 953 677 homine
970 671 977 685 ,
1004 645 1114 688 quavis

383 698 554 730 occasione
580 699 629 730 vel
651 699 747 730 causa
764 697 845 737 latis,
862 697 887 729 si
909 697 1023 740 quibus
1042 708 1116 740 quo-

382 750 563 782 modolibet
592 750 765 783 innodatus
791 750 948 790 extiterit,
975 750 1014 782 ad
1040 749 1116 782 effe-

383 808 467 834 ctum
484 803 706 845 praesentium
727 803 889 835 dumtaxat
912 813 1116 845 consequen-

384 855 473 894 dum,
508 856 622 888 harum
652 856 737 888 serie
774 856 980 888 absolventes
1006 861 1038 887 et
1062 856 1116 887 ab·

384 909 526 940 solutum
546 908 614 940 sore
632 912 818 947 censentes,
834 908 1022 940 huiusmodi
1040 918 1116 950 sup-

384 961 617 1003 plicationibus
641 961 799 999 inclinati,
823 961 861 994 de
878 960 1115 993 venerabilium

385 1013 514 1044 fratrum
540 1017 721 1045 nostrorum
747 1012 777 1044 S.
795 1012 831 1044 R.
851 1013 885 1044 E.
906 1012 1116 1045 cardinalium

385 1065 522 1106 negotiis
538 1069 569 1096 et
583 1064 874 1097 consultationibus
889 1064 1116 1108 episcoporum

385 1122 416 1149 et
441 1116 636 1159 regularium
667 1117 928 1160 praepositorum
954 1117 1090 1149 consilio
1106 1143 1114 1157 ,

385 1170 514 1201 attentis
541 1170 688 1209 narratis,
713 1170 903 1203 auctoritate
926 1170 1114 1213 apostolica,

384 1228 498 1254 tenore
516 1223 747 1265 praesentium,
763 1223 967 1256 decernimus
988 1233 1117 1255 servan-

385 1275 456 1306 dam
483 1285 550 1307 esse
575 1275 707 1308 sormam
732 1286 768 1307 ac
793 1275 1036 1318 dispositionem
1055 1285 1116 1307 me·

385 1332 577 1359 moratarum
602 1327 772 1360 Clementis
796 1327 1053 1371 praedecessoris
1071 1327 1117 1360 lit-

385 1385 523 1412 terarum
549 1380 644 1412 etiam
669 1381 701 1412 in
730 1381 893 1423 provincia
917 1380 1116 1413 Maioricensi

385 1430 511 1464 Ordinis
547 1433 751 1472 huiusmodi,
779 1437 875 1475 atque
900 1433 944 1464 ita
967 1432 1116 1465 fratribus

385 1484 555 1516 cuiuslibet
578 1484 705 1517 Ordinis
730 1485 938 1518 Mendicantis
962 1495 1117 1517 novorum

385 1543 607 1576 conventuum,
630 1537 854 1580 hospitiorum,
875 1548 929 1570 seu
947 1538 1116 1571 domorum

385 1594 416 1620 et
441 1589 497 1620 sub
523 1589 635 1632 quovis
669 1590 762 1622 titulo
786 1590 1022 1624 habitationum
1046 1601 1117 1635 per-

385 1641 580 1673 manentium
605 1643 812 1683 erectionem,
838 1643 958 1686 absque
988 1649 1116 1676 sanctae

385 1692 474 1725 Sedis
500 1694 704 1736 Apostolicae
728 1695 866 1736 licentia,
891 1700 1002 1728 contra
1026 1700 1117 1728 teno-

385 1756 451 1778 rem
478 1746 631 1779 dictarum
661 1747 830 1780 Clementis
859 1748 1116 1791 praedecessoris

385 1798 560 1831 litterarum
586 1805 615 1831 et
642 1799 886 1842 apostolicarum
918 1801 1116 1833 constitutio-

384 1861 468 1889 num,
494 1852 527 1883 in
552 1852 694 1894 praefata
719 1852 881 1894 provincia
905 1853 1116 1895 prohibemus

384 1907 415 1934 et
438 1903 673 1944 interdicimus;
696 1905 781 1936 salva
807 1910 911 1937 tamen
936 1916 1063 1949 semper
1083 1905 1116 1938 in

383 1956 566 1997 praemissis
583 1957 772 1989 auctoritate
790 1958 1051 2000 congregationis
1069 1969 1116 1991 eo-

382 2009 527 2041 rumdem
553 2009 776 2042 cardinalium.

425 2062 440 2103 ῇ
463 2062 495 2093 li.
522 2062 742 2096 Decernentes
768 2063 900 2095 easdem
923 2069 1115 2106 praesentes

383 2114 507 2147 litteras
533 2125 664 2158 semper
688 2115 819 2156 firmas,
846 2116 967 2149 validas
995 2122 1027 2149 et
1051 2117 1117 2149 effi-

383 2178 476 2199 caces
503 2168 644 2200 existere
669 2173 701 2200 et
726 2169 803 2208 sore,
838 2179 978 2212 suosque
1005 2170 1118 2212 plena-

384 2220 448 2257 rios
474 2225 507 2253 et
530 2220 677 2262 integros
709 2220 841 2253 ess‘ectus
868 2221 977 2254 sortiri
1004 2227 1036 2254 et
1061 2223 1117 2254 ol)-

382 2273 497 2313 tinere,
524 2285 561 2306 ac
586 2275 625 2307 ab
651 2274 731 2313 illis,
758 2275 795 2306 ad
823 2285 903 2317 quos
935 2280 1062 2318 spectat
1086 2280 1117 2308 et

381 2337 441 2369 pro
467 2332 614 2369 tempore
646 2327 914 2370 quandocumque
946 2328 1114 2370 spectabit,

380 2378 615 2411 inviolabiliter
636 2379 817 2419 observari,
843 2380 954 2422 sicque
973 2379 1004 2411 in
1021 2390 1117 2423 prae-

381 2432 488 2464 missis
525 2443 585 2475 per
619 2443 839 2475 quoscumque
872 2432 996 2465 iudices
1030 2433 1116 2465 ordi—

382 2485 491 2516 narios
525 2490 557 2517 et
593 2486 777 2527 delegatos,
816 2485 911 2517 etiam
947 2496 1116 2518 causarum

383 2537 493 2579 palatii
519 2537 690 2580 apostolici
717 2538 899 2577 auditores,
924 2538 1059 2570 iudicari
1085 2543 1117 2570 et

384 2589 509 2621 definiri
537 2591 666 2630 debere,
693 2601 729 2622 ac
754 2590 880 2622 irritum
905 2596 937 2623 et
960 2590 1056 2624 inane
1089 2590 1115 2623 si

1192 433 1207 475 ἓ
1232 432 1262 464 5.
1290 432 1359 464 Non
1383 432 1584 465 obstantibus
1615 433 1817 475 praemissis,
1844 444 1881 466 ac

1148 484 1427 517 constitutionibus
1440 489 1471 516 et
1491 484 1745 517 ordinationibus
1757 491 1881 528 aposto-

1148 536 1226 575 licis,
1251 546 1376 569 necnon
1402 535 1583 579 quorumvis
1600 536 1765 576 Ordinum,
1785 537 1880 570 etiam

1148 588 1340 628 iuramento,
1367 588 1609 620 confirmatione
1630 588 1813 631 apostolica,
1829 589 1879 621 vel

1149 641 1259 684 quavis
1284 640 1430 673 firmitate
1449 640 1510 673 alia
1526 640 1693 680 roboratis,
1712 641 1836 673 statutis
1849 645 1882 672 et

1148 694 1441 733 consuetudinitms,
1468 693 1643 736 privilegiis
1669 703 1812 736 quoque,
1837 693 1881 725 in-

1149 746 1245 779 dultis
1259 751 1291 778 et
1307 746 1420 778 litteris
1438 745 1620 788 apostolicis
1638 745 1669 777 in
1687 746 1881 778 contrarium

1148 799 1394 841 praemissorum
1421 798 1663 841 quomodolibet
1696 798 1878 838 concessis,

1148 850 1334 893 approbatis
1351 855 1382 882 et
1398 850 1571 890 innovatis;
1599 850 1712 893 quibus
1732 849 1881 882 omnibus

1148 908 1180 935 et
1204 903 1350 945 singulis,
1368 903 1497 935 illorum
1514 908 1641 935 tenores
1657 902 1880 946 praesentibus

1148 965 1206 998 pro
1230 957 1325 998 plene
1343 960 1374 987 et
1397 955 1594 988 sufficienter
1611 955 1769 998 expressis
1787 965 1823 987 ac
1841 954 1880 987 de

1147 1007 1244 1040 verbo
1264 1008 1304 1040 ad
1327 1008 1461 1040 verbum
1478 1007 1607 1040 insertis
1633 1008 1801 1047 habentes,
1817 1007 1881 1040 iltis

1149 1060 1227 1092 alias
1263 1060 1294 1092 in
1326 1070 1383 1092 suo
1416 1060 1530 1092 robore
1566 1059 1783 1102 permansuris
1799 1085 1806 1099 ,
1841 1059 1881 1091 ad

1148 1113 1396 1156 praemissorum
1421 1112 1586 1152 ell'ectum,
1613 1113 1674 1144 hac
1696 1111 1764 1144 vice
1789 1112 1882 1144 dum-

1149 1170 1243 1205 taxat,
1262 1165 1445 1208 specialiter
1462 1170 1494 1197 et
1512 1174 1661 1207 expresse
1678 1164 1882 1207 derogamus3

1148 1219 1326 1261 ceterisque
1351 1217 1520 1250 contrariis
1545 1218 1814 1260 quibuscumque.

1192 1271 1307 1303 Datum
1327 1270 1468 1309 Romae,
1496 1270 1582 1313 apud
1607 1269 1637 1303 S.
1665 1270 1795 1302 Mariam
1820 1269 1883 1302 Ma-

1149 1324 1266 1363 iorem,
1285 1324 1346 1356 sub
1371 1323 1492 1356 annulo
1516 1322 1704 1362 piscatoris,
1735 1323 1786 1355 die
1811 1332 1882 1355 xxvi

1149 1376 1225 1409 maii
1250 1386 1394 1409 MDCLXIII
1413 1402 1422 1416 ,
1448 1374 1658 1419 pontificatus
1690 1373 1795 1407 nostri
1827 1383 1884 1406 an-

1149 1440 1191 1462 no
1217 1440 1258 1463 ix.

1186 1491 1243 1518 Dat.
1261 1490 1304 1517 die
1319 1490 1352 1518 26
1368 1490 1432 1518 maii
1449 1490 1527 1524 1663,
1542 1490 1637 1526 pontif.
1655 1497 1723 1517 anno
1738 1496 1772 1517 lx.

1460 1606 1571 1640 CDXL.

1148 1676 1298 1710 Decernic
1322 1682 1352 1710 et
1382 1676 1525 1709 declarat
1552 1676 1636 1719 quod
1659 1676 1775 1719 fratres
1802 1675 1881 1709 uni-

1191 1731 1276 1771 versi
1306 1734 1334 1762 et
1363 1730 1491 1772 sinyuli
1518 1729 1652 1762 Ordinis
1676 1729 1885 1762 Praedicato-

1194 1793 1291 1822 rum,
1326 1783 1446 1826 ubique
1483 1787 1661 1821 terrarum,
1693 1783 1886 1825 priusquam

1193 1835 1235 1867 ad
1259 1846 1364 1868 sacros
1389 1835 1515 1868 ordines
1538 1834 1726 1871 ascendant,
1749 1838 1886 1866 aetatem

1193 1888 1236 1920 acl
1270 1887 1459 1920 huiusmodi
1499 1888 1628 1920 ordines
1669 1886 1885 1929 suscipiendos

1193 1940 1365 1983 eoeplevisse
1384 1940 1529 1981 debeant,
1545 1941 1639 1973 iuxta
1662 1940 1798 1974 Conciliz'
1815 1939 1886 1971 Tri-

1193 1993 1321 2026 clentini
1343 1993 1478 2026 decreta.

1343 2064 1507 2091 Alexander
1526 2064 1604 2097 Papa
1623 2063 1687 2096 VII,

1291 2110 1326 2135 ad
1346 2109 1477 2135 futuram
1496 2108 1540 2135 rei
1560 2107 1740 2134 memoriam.

1194 2169 1340 2202 Creditae
1369 2169 1463 2201 nobis
1492 2168 1625 2201 caelitus
1658 2168 1883 2211 dispositionis

1150 2222 1232 2254 ratio
1257 2222 1408 2264 postulat,
1426 2227 1468 2261 ut,
1494 2227 1662 2264 paternam
1688 2221 1884 2254 christifide-

1150 2275 1239 2315 lium,
1268 2274 1321 2318 qui
1347 2285 1363 2307 e
1388 2275 1536 2307 fluctibus
1565 2275 1665 2307 seculi
1694 2275 1727 2307 in
1751 2275 1884 2318 religio-

1150 2338 1205 2361 sae
1239 2328 1322 2360 vitae
1358 2333 1487 2370 portum
1513 2328 1748 2370 confugerunt,
1775 2338 1884 2361 curam

1151 2385 1319 2423 gerentes,
1344 2380 1420 2419 illa,
1447 2391 1527 2423 quae
1554 2380 1637 2413 felici
1663 2391 1775 2413 eorum
1801 2380 1884 2413 dire-

1150 2433 1248 2465 ctioni
1266 2437 1297 2465 et
1314 2433 1454 2475 regulari
1470 2433 1659 2475 disciplinae
1678 2433 1806 2466 officere
1825 2443 1883 2466 no-

1150 2490 1301 2525 scuntur,
1330 2486 1368 2518 de
1393 2486 1501 2518 medio
1533 2487 1649 2518 tollere
1675 2486 1882 2527 studeamus,

1149 2538 1230 2570 sicut
1253 2538 1286 2570 in
1311 2538 1446 2572 Domino
1471 2538 1685 2582 conspicimus
1710 2538 1884 2572 salubriter

1149 2590 1314 2634 expedire.

1894 227 1943 256 An.
1964 227 1992 256 C.
2010 228 2077 261 1663

1896 444 2005 465 Contraria
2016 444 2076 465 tollit.

1926 2175 2066 2199 Prooemium.
