2247 3208
212 255 261 282 an.
282 254 312 283 c.
336 255 403 282 1669
446 245 512 279 77⁶2

404 314 466 346 qua
491 302 552 334 alia
571 301 727 344 exquisita
749 301 850 333 forma
873 301 911 333 ad
933 301 994 333 hoc
1014 312 1139 334 servan-

404 355 442 387 da
469 355 573 393 soret,
599 359 728 386 tenores
753 353 959 393 huiusmodi,
986 365 1022 387 ac
1046 355 1072 386 si
1099 354 1137 387 de

401 407 497 439 verbo
522 406 560 438 ad
593 406 724 438 verbum
749 405 830 443 nihil
867 406 993 448 penitus
1018 407 1135 440 omisso

400 465 431 491 et
460 460 562 491 forma
588 459 619 491 in
644 458 707 490 illis
734 459 850 490 tradita
875 459 1054 500 observata,
1072 465 1132 492 etc.

399 510 582 551 habentes¹‚
602 512 664 544 illis
683 512 760 544 alias
784 512 816 544 in
840 523 898 545 suo
919 513 1036 546 robore
1062 525 1134 557 per-

397 565 563 604 mansuris,
580 565 618 598 ad
633 565 881 607 praemissorum
895 565 1053 606 ellectum,
1074 567 1134 599 hac

396 617 463 649 vice
490 617 675 657 dumtaxat,
701 618 885 660 specialiter
920 624 951 650 et
983 629 1131 661 expresse

396 668 598 710 derogamus,
625 674 656 702 et
673 670 861 712 derogatum
887 681 955 703 esse
986 672 1131 704 volumus

395 725 426 752 et
441 721 652 761 decernimus3
671 722 849 765 ceterisque
867 724 1035 756 contrariis
1061 724 1131 766 qui-

392 772 602 816 huscumque.

435 825 547 859 Datum
570 827 707 867 Romae,
734 828 819 870 apud
852 828 883 861 S.
911 828 1042 861 Mariam
1068 829 1129 861 Ma-

390 889 510 919 sorem,
544 880 603 912 sub
635 882 756 913 annulo
794 880 984 920 Piscatorss,
1013 882 1064 914 die
1090 893 1126 915 xx

389 930 544 964 februarii
580 938 743 973 MDCinx',
776 933 982 975 pontificatus
1022 934 1124 967 nostri

389 993 474 1016 anno
501 994 535 1017 n.

422 1044 481 1071 Dat.
503 1045 545 1072 die
564 1045 598 1072 20
617 1046 744 1074 februarii
767 1048 843 1080 1669,
860 1048 952 1082 pontif.
970 1056 1039 1076 anno
1059 1055 1087 1075 11.

699 1189 811 1222 XCVII.

383 1265 568 1299 Declaratio
592 1268 742 1300 incursus
760 1269 796 1300 in
821 1270 1120 1302 excommunicatio-

427 1330 499 1351 nem
524 1324 552 1352 et
568 1321 743 1352 amilliema
761 1321 909 1364 aliasque
934 1332 1053 1364 poenas
1070 1333 1120 1354 ca-

425 1373 580 1413 nom‘cas,
611 1384 647 1406 ac
678 1375 967 1406 excommunicatio
992 1380 1020 1407 et
1040 1386 1119 1408 ana-

427 1425 647 1458 thematizatio
671 1427 909 1468 interfectorum
938 1428 1036 1459 bonae
1060 1439 1118 1461 me-

423 1479 545 1511 moriae
560 1479 696 1511 Ioannis
713 1480 743 1511 F
745 1481 883 1512 rancisci
902 1481 1042 1524 episcopi
1058 1482 1117 1514 lvi-

423 1532 602 1564 coterensis.

591 1611 725 1638 Clemens
752 1612 830 1646 Papa
851 1613 896 1645 IX⁷

517 1657 552 1682 ad
573 1656 704 1682 futuram
725 1657 767 1683 rei
788 1657 968 1684 memoriam.

986 254 1166 279 BULLARIUM
1190 255 1342 280 ROMANUM

1181 301 1270 334 Pauli
1296 313 1332 335 ac
1356 305 1472 343 nostra,
1491 315 1601 338 omnes
1627 312 1658 338 et
1682 305 1836 349 singulos,
1863 306 1916 350 qui

1181 354 1392 388 homicidium
1430 356 1461 388 in
1502 360 1641 399 persona
1678 359 1752 391 dicti
1790 359 1916 392 loannis

1179 405 1340 439 Francisci
1367 408 1510 451 episcopi
1536 410 1779 450 commiserunt,
1806 417 1857 443 aut
1878 411 1916 444 il-

1178 459 1232 491 lud
1257 458 1326 492 fieri
1357 461 1608 502 mandaverunt,
1639 473 1695 494 seu
1728 463 1843 495 sactum
1874 465 1913 496 ab

1177 512 1247 545 aliis
1272 518 1375 545 ratum
1402 513 1592 553 habuerunt,
1619 516 1666 547 vel
1691 516 1768 548 socii
1793 517 1825 548 in
1851 517 1913 549 hoc

1177 565 1306 597 suerunt
1330 566 1532 608 facientium,
1558 573 1611 600 aut
1635 568 1802 601 consilium
1819 595 1826 609 ‚
1857 580 1912 602 au-

1175 618 1285 651 xilium
1311 621 1360 652 vel
1388 620 1526 653 favorem
1559 621 1623 653 illis
1648 621 1829 662 dederunt,
1855 633 1910 655 seu

1174 669 1247 702 illos
1283 671 1424 704 scienter
1460 673 1709 706 desensaverunt
1735 675 1785 708 vel
1821 685 1910 708 rece-

1174 729 1360 765 ptaverunt,
1395 731 1427 758 et
1459 727 1656 769 generaliter
1687 738 1908 772 quoscumque

1172 781 1235 807 tam
1273 778 1451 811 detestandi
1492 780 1623 812 sceleris
1664 780 1908 823 quomodolibet

1171 830 1343 872 complices
1380 836 1411 863 et
1446 832 1649 874 culpabiles,
1676 833 1906 877 cuiuscumque

1170 886 1283 921 status,
1310 884 1447 925 gradus,
1475 885 1689 925 conditionis,
1717 887 1902 929 qualitatis,

1169 934 1302 974 ordinis,
1319 936 1591 977 praeeminentiae
1606 944 1638 970 et
1651 938 1827 981 dignitatis,
1838 939 1904 972 sive

1169 987 1421 1027 ecclesiasticae,
1440 990 1504 1022 sive
1530 991 1690 1031 secularis,
1712 992 1807 1024 etiam
1832 1003 1904 1035 spe-

1168 1039 1278 1072 cialem
1304 1046 1335 1072 et
1360 1041 1556 1075 individuam
1590 1044 1829 1086 expressionem
1854 1055 1903 1078 re-

1167 1092 1339 1134 quirentis,
1368 1093 1513 1133 existant,
1542 1096 1755 1129 anathematis
1784 1102 1817 1129 et
1851 1107 1903 1135 ex-

1166 1145 1466 1179 communicationis
1479 1147 1608 1181 maioris
1620 1148 1762 1192 aliasque
1779 1160 1901 1192 poenas

1165 1208 1403 1242 quascumcpie,
1431 1210 1448 1232 a
1473 1200 1571 1233 sacris
1597 1202 1795 1243 canonibus,
1823 1214 1901 1235 con-

1164 1251 1310 1283 ciliorum
1335 1253 1534 1293 generalium
1560 1254 1696 1287 decretis
1725 1261 1756 1288 et
1781 1256 1899 1288 consti-

1164 1304 1338 1337 tuitionibus¹
1368 1307 1567 1348 apostolicis⁷
1589 1313 1619 1339 et
1647 1309 1815 1351 speciatim
1845 1309 1898 1342 illa

1162 1358 1333 1399 quotannis
1366 1358 1417 1390 die
1454 1359 1578 1392 Coenae
1604 1360 1731 1393 Domini
1757 1362 1820 1403 legi
1846 1373 1898 1394 so-

1160 1409 1215 1441 lii-a
1240 1410 1398 1450 inflictas,
1427 1422 1463 1443 eo
1488 1412 1560 1455 ipso
1586 1413 1815 1446 damnabiliter
1846 1415 1896 1446 in-

1160 1463 1308 1503 currisse,
1324 1469 1433 1496 tenore
1447 1465 1666 1507 praesentium
1683 1467 1893 1507 declaramus,

1158 1515 1309 1558 ipsosque
1335 1521 1366 1548 et
1391 1527 1503 1549 corum
1529 1519 1718 1560 quemlibet,
1746 1525 1773 1552 et
1802 1531 1895 1562 quos—

1158 1578 1293 1611 cumque
1330 1569 1496 1602 scientiam
1527 1571 1565 1602 de
1591 1571 1765 1613 praedictis
1792 1573 1895 1605 delin-

1158 1622 1330 1664 quentibus
1368 1623 1523 1655 babentes
1560 1630 1591 1655 ct
1615 1634 1680 1656 non
1710 1625 1892 1657 revelantes

1157 1674 1462 1707 anatlicniatizaimis
1495 1682 1525 1708 et
1551 1676 1889 1719 excommunicamus,

1925 259 1971 284 Αη,
1993 258 2021 284 fl
2047 258 2111 285 icoo

1155 1737 1190 1758 ac
1215 1728 1501 1761 anathematizatos
1533 1734 1564 1761 et
1596 1730 1891 1763 excommunicatos

1155 1779 1357 1821 publicamus
1385 1786 1416 1813 et
1441 1781 1645 1814 nunciamus.

1198 1834 1212 1876 ᾗ
1237 1832 1267 1865 Q.
1296 1834 1342 1865 Ab
1361 1834 1701 1867 excommunicationis
1728 1841 1834 1868 autem
1860 1841 1891 1868 et

190 1732 364 1779 ”mlsszlxnbgffigip
420 1725 506 1766 Cum>
532 1726 614 1758 sicut
641 1737 703 1758 non
730 1728 798 1759 sine
826 1729 913 1770 gravi
941 1729 1036 1761 animi
1058 1741 1113 1762 no-

179 1779 431 1830 ,¹''{‘s'„'³.1''⁰'¹‚¹.'‘³'msm
458 1779 702 1821 perturbatione
721 1780 912 1823 accepimus,
931 1781 1033 1813 bonae
1052 1793 1112 1815 me-
1132 1796 1134 1803 ⁴

177 1817 494 1884 fiiiss.¹i.⁰r¹³}⁶gi⁰'3moriae
528 1831 662 1864 Ioannes
688 1832 886 1872 Franciscus,
920 1834 995 1866 dum
1022 1835 1108 1875 vixit,
1131 1861 1133 1892 Ι,

1960 1843 2084 1864 Ιὶοεεννῑιῐίι)

1901 1869 2040 1890 absolutionis
2071 1877 2083 1890 a

374 1883 544 1926 episcopus
568 1884 795 1925 Nicoterensis,
815 1886 844 1917 in
871 1886 939 1928 ipsa
964 1890 1019 1919 sna
1037 1889 1111 1920 civi-

374 1940 438 1968 tate
464 1936 663 1970 Nicoterensi
696 1948 711 1969 a
737 1940 900 1973 nonnullis
933 1941 1109 1984 iniquitatis

373 1987 464 2029 filiis,
491 1989 543 2031 qui
570 1990 607 2022 ad
633 2001 787 2033 praesens
814 1991 1027 2033 ignorantur,
1055 2005 1109 2027 ne-

373 2040 450 2073 farie
477 2042 664 2075 interfectus
692 2044 806 2076 fuerit:

416 2095 430 2136 ξ
455 2095 486 2127 t.
511 2095 583 2135 Nos,
601 2097 720 2128 crimen
746 2098 826 2130 adeo
850 2098 1056 2139 horrendum,
1076 2104 1108 2132 et

372 2148 458 2189 quod
479 2158 538 2180 nos
556 2148 603 2181 sui
625 2150 790 2182 atrocitate
816 2151 972 2191 confudit,
992 2152 1105 2194 poenis

370 2209 429 2241 per
454 2211 563 2233 sacros
587 2212 746 2242 canones,
776 2204 984 2237 conciliorum
1010 2215 1106 2246 gene-

371 2252 486 2284 ralium
512 2254 640 2286 decreta
658 2261 687 2287 et
705 2256 952 2290 constitutiones
977 2263 1105 2300 aposto-

368 2304 447 2336 licas
472 2305 598 2338 inflictis
624 2312 655 2339 et
680 2309 890 2350 promulgatis
923 2320 981 2352 pro
1007 2310 1102 2342 officii

367 2357 470 2388 nostri
496 2358 605 2391 debito
623 2359 783 2393 γίυάἰῡῑυτῑ
805 2367 836 2393 et
852 2362 968 2406 punire
993 2364 1104 2395 volen-

367 2413 437 2441 tes:
465 2419 501 2441 ex
527 2416 617 2452 parte
642 2412 697 2444 Dei
723 2414 976 2456 omnipotentis,
1002 2415 1102 2447 Patris

368 2467 399 2493 et
432 2462 502 2494 Filii
528 2468 559 2495 et
591 2463 727 2507 Spiritus
759 2466 886 2508 Sancti,
914 2468 1101 2500 auctoritate

367 2525 497 2557 quoque
519 2516 687 2549 beatorum
712 2521 929 2561 apostolorum
955 2520 1039 2552 Petri
1072 2526 1103 2553 et

404 2586 412 2611 1
433 2585 481 2612 Ed.
498 2585 576 2612 Malu.
595 2586 742 2621 habctpro
758 2591 868 2616 servatii
886 2591 1036 2624 habentes5
1058 2599 1101 2617 ce-

366 2632 452 2656 terum
469 2638 537 2662 quac
554 2630 650 2657 desunt
665 2632 787 2665 suppleat
807 2632 889 2659 lector
904 2633 975 2660 scius
993 2636 1032 2668 (R.
1050 2636 1100 2669 T.).

1131 1886 1364 1918 =anatliematis
1391 1887 1573 1919 huiusmodi
1599 1888 1767 1920 sententiis
1792 1899 1888 1922 nemo

1131 1938 1389 1982 'praedictorum
1421 1951 1479 1983 per
1507 1942 1603 1974 alium
1637 1953 1731 1985 quam
1766 1953 1824 1975 nos
1857 1949 1888 1976 et

1153 1993 1332 2026 Romanum
1353 1994 1539 2027 Pontificem
1566 2006 1624 2038 pro
1651 2001 1798 2039 tempore
1825 1996 1889 2029 exi-

1151 2053 1288 2080 stentem
1314 2049 1554 2091 (praeterquam
1571 2049 1684 2082 mortis
1701 2050 1733 2082 i⁷n
1752 2050 1886 2082 articulo

1150 2101 1354 2141 constitutus,
1369 2112 1428 2134 nec
1443 2103 1628 2134 etiamtunc
1644 2103 1703 2135 nisi
1719 2103 1757 2135 de
1772 2103 1886 2135 stando

1148 2153 1307 2186 Ecclesiae
1334 2155 1492 2187 mandatis
1521 2160 1550 2187 et
1569 2155 1793 2187 satisfaciendo
1812 2166 1886 2188 cau-

1149 2206 1234 2238 tione
1260 2206 1427 2249 praestita,
1455 2211 1550 2249 atque
1577 2218 1646 2239 cum
1672 2206 1884 2240 reincidentia

1147 2269 1185 2291 eo
1210 2259 1278 2301 ipso
1304 2260 1387 2302 quod
1407 2261 1632 2303 convaluerit),
1650 2260 1746 2293 etiam
1773 2262 1882 2303 vigore

1146 2322 1201 2343 seu
1227 2317 1395 2355 praetextu
1421 2313 1550 2345 inbilaei
1577 2314 1651 2345 anni
1677 2314 1788 2353 sancti,
1813 2324 1884 2346 cru-

1146 2364 1245 2398 ciatae
1271 2371 1409 2406 sanctae,
1435 2366 1636 2408 aliorumque
1657 2367 1882 2406 iubilaeorum,

1145 2416 1439 2460 indulgentiarum,
1459 2418 1669 2460 indultorum,
1696 2419 1881 2452 Facultatum

1146 2476 1177 2502 et
1201 2471 1452 2513 privilegiorum⁷
1473 2472 1566 2504 etiam
1593 2472 1725 2515 speciali
1751 2482 1881 2515 expres-

1145 2523 1232 2556 sione
1252 2523 1436 2565 dignorum,
1457 2525 1709 2567 quibuscumque
1732 2525 1881 2557 ecclesia·

1145 2573 1253 2613 sticis,
1280 2574 1496 2613 secularibus,
1522 2581 1554 2607 et
1578 2575 1764 2618 quorumvis
1789 2574 1881 2607 Ordi-

1144 2637 1231 2666 num,
1248 2627 1343 2658 etiam
1363 2627 1620 2665 Mendicantiuin,
1640 2639 1674 2660 ac
1692 2627 1879 2660 militiarum

1900 1897 1994 1924 censuris
2022 1902 2084 1922 prae·

1916 1924 1969 1943 'cl-15.
