2247 3208
107 212 158 241 An.
178 212 206 240 C.
222 213 290 242 1663

145 1042 147 1045 .
161 1015 282 1041 Sequuntur

99 1044 178 1071 motiva
192 1047 281 1062 revoca-

99 1070 170 1090 uouis-

136 2071 229 2092 Pontifex
247 2071 282 2092 ab·

100 2101 161 2123 regat
184 2100 282 2118 statutum

99 2124 214 2145 iunocentii
231 2124 256 2145 X.

886 214 1069 237 ‚tLExttNutiu
1097 214 1137 236 t'lt
1164 214 1210 236 1¹1³.

302 263 386 294 ultra
401 261 592 296 triennium>
607 260 820 294 nihilominus
840 266 948 294 tamen
967 262 1039 305 ipse·

300 314 449 348 Clemens
474 315 722 358 praedeeessor,
749 321 857 348 motus
882 315 1053 357 precibus¹

301 368 448 402 eiusdem
485 367 675 406 Societatis,
702 368 897 409 mitigaverit
935 367 1032 400 variis

301 420 405 454 modis
430 420 510 453 illud
537 432 631 453 suum
653 422 851 459 mandatum,
871 421 958 463 quod
976 429 1034 462 po-

300 479 369 506 stea
395 474 559 517 praefatus
593 474 710 508 Paulus
743 474 764 505 V
797 474 1034 516 praedecessor

299 537 360 570 per
380 537 454 559 suas
480 526 605 559 litteras
623 526 825 570 supradictas
848 526 1032 567 (decretum

299 580 563 622 congregationis
590 580 722 622 quintae
748 579 909 621 generalis
933 589 1032 621 supra

300 644 490 677 expressum
505 632 655 676 specifice
669 631 876 670 confirmans,
893 636 924 664 et
940 642 1033 674 prae-

299 686 450 719 fixionem
472 686 600 719 termini
623 686 654 718 in
680 685 919 728 gubernatione
938 696 1032 728 supe-

299 740 423 773 riorum
455 739 606 772 localium
643 738 784 781 graviter
819 738 1029 782 ii'nprobans,

299 804 336 826 ac
372 792 612 825 machinatores
649 797 762 825 eontra
796 791 828 824 id
864 792 1049 851 decretunq

299 850 461 889 tamquam
493 846 740 889 perturbatores
765 845 934 878 Societatis
960 856 1049 887 gra--

297 895 438 929 vissimis
462 896 579 939 poenis
604 896 702 939 plecti
736 896 865 939 iubens)
897 895 1049 935 omnino3

297 948 466 991 abrogavit
477 960 484 989 ;
1046 940 1049 953 ²

341 1001 411 1044 {7-
439 1001 582 1045 Cumque
619 1001 703 1035 dieta
739 1001 882 1034 Societas
918 1002 1032 1034 subse-

299 1055 409 1098 quenti
431 1060 577 1098 tempore
602 1065 705 1098 usque
731 1055 770 1088 ad
795 1055 912 1088 dictam
937 1065 1032 1097 prae-

298 1107 395 1141 fatam
420 1107 598 1141 Innocentii
624 1107 889 1151 praedecessoris
911 1107 1032 1139 consti-

298 1160 457 1195 tutionem
474 1161 656 1204 praelatum
675 1162 879 1203 gubernandi
900 1163 1030 1195 modum

296 1224 415 1256 magno
441 1224 514 1246 eum
541 1214 645 1246 fructu
670 1214 837 1257 ipsiusque
863 1215 1031 1248 Societatis

295 1266 532 1310 tranquillitate
558 1266 756 1306 servaverit3
777 1266 861 1299 edita
881 1277 960 1299 vero
979 1270 1047 1300 ea-‚

296 1319 370 1352 dem
391 1318 622 1352 constitutione
648 1319 795 1363 plurimis
816 1320 1031 1362 gravissimis-

296 1382 359 1415 que
376 1371 489 1405 assecta
506 1372 603 1405 suerit
619 1372 844 1412 incommodis,
863 1374 1030 1416 multoque

295 1425 390 1467 plura
408 1429 440 1457 et
456 1424 606 1467 graviora
630 1425 777 1468 pericula
798 1425 1032 1458 inconvenien-

296 1476 339 1510 tia
364 1477 509 1510 subitura
534 1477 685 1517 extiterit,
708 1477 769 1510 nisi
795 1488 854 1510 nos
881 1488 940 1521 per
962 1489 1032 1511 sus-

296 1530 474 1574 pensiones
489 1532 654 1574 praesatas
675 1531 738 1564 illis
759 1531 1029 1572 occurrissemus;

298 1589 330 1619 et
362 1594 399 1616 ex
437 1583 487 1617 his
520 1583 641 1617 nostris
674 1584 945 1627 suspensionibus
975 1596 1031 1617 seu

297 1634 596 1680 dispensationibus
615 1647 676 1680 per
699 1642 824 1680 septem
844 1638 911 1670 sere
929 1648 1030 1670 annos

296 1699 433 1732 magnae
459 1694 491 1722 et
514 1690 711 1733 multiplices
749 1690 853 1723 dictae
880 1691 1031 1724 Societati

295 1742 450 1776 utilitates
477 1743 680 1784 obvenerint,
699 1754 758 1776 nee
786 1744 949 1787 quidpiam
975 1745 1032 1777 ali-

296 1795 386 1828 cuius
400 1796 556 1828 momenti
571 1796 604 1829 in
621 1797 820 1829 contrarium
834 1797 927 1830 nobis
943 1797 1033 1830 exbi-

295 1848 398 1881 bitum
423 1847 553 1887 suerat¹,
576 1854 612 1881 ut
633 1849 772 1892 proinde
792 1860 807 1881 e
826 1860 860 1881 re
886 1849 1032 1883 eiusdem

297 1901 466 1934 Societatis
482 1901 704 1945 maximopere
720 1902 859 1935 futurum
876 1903 1030 1942 videatur,
1048 1909 1049 1928 ἰ

297 1954 322 1987 si
338 1954 484 1987 eiusdem
499 1954 680 1987 Innocentii
698 1955 966 1998 praedecessoris
981 1967 1033 1989 or-

299 2008 421 2041 dinatio
447 2008 634 2052 supradicta
658 2008 786 2052 penitus
813 2010 1008 2052 abrogetur:

343 2061 358 2105 g
384 2060 414 2094 8.
442 2061 523 2094 Hine
549 2066 599 2094 est
629 2062 716 2105 quod
741 2072 820 2103 nos,
848 2063 951 2095 dictae
977 2064 1033 2096 Sa-

299 2115 423 2148 ‹tietatis
457 2115 543 2148 felici
579 2115 775 2156 directioni,
802 2116 1032 2161 religiosisque

298 2168 530 2211 progressibus
557 2173 589 2201 et
611 2168 820 2202 incrementis
835 2196 842 2209 ,
877 2176 1032 2212 quantum

298 2221 393 2254 nobis
419 2231 456 2253 ex
477 2222 542 2254 alto
568 2222 767 2262 conceditur,
786 2224 959 2255 consulere
978 2234 1033 2255 cu-

298 2274 436 2317 pientes,
451 2284 579 2307 necnon
596 2275 814 2318 praesatarum
837 2281 1030 2316 nostrarum,

299 2339 336 2360 ae
361 2327 510 2370 Gregorii
541 2327 615 2368 xlv,
647 2328 737 2361 Pauli
768 2329 791 2360 V
821 2334 853 2362 et
875 2329 1033 2363 Innocen-

299 2380 332 2413 tii
348 2380 383 2421 X,
403 2380 578 2413 aliarumve
604 2381 823 2424 quarumlibet
843 2383 1032 2417 eorumdem

299 2439 331 2466 et
354 2434 494 2467 aliorum
519 2434 814 2479 praedecessorum
844 2441 1032 2469 nostrorum

298 2487 519 2529 praefatorum
533 2487 713 2520 litterarum
727 2487 921 2521 Societatem
939 2500 1034 2533 prae-

299 2539 396 2579 fatam
421 2540 710 2581 concernentium,
737 2552 773 2573 ae
798 2541 899 2585 ipsius
924 2542 1034 2575 Socie-

336 2603 347 2633 1
364 2601 477 2629 Videtur
491 2602 635 2638 legendum
651 2603 741 2638 fecerit
756 2612 804 2640 pro
818 2605 915 2640 fuerat
930 2606 966 2641 (R.
983 2607 1031 2640 τι).

1073 260 1144 293 tatis
1170 260 1444 299 constitutionum,
1464 267 1495 294 et
1515 263 1721 294 decretorum
1746 273 1800 304 ge-

1071 313 1228 346 neralium
1249 314 1333 347 illius
1351 314 1649 356 congregationum,
1669 321 1800 348 tenores

1071 372 1102 399 et
1126 368 1228 407 datas,
1255 368 1390 411 aliaque,
1417 368 1513 400 etiam
1539 368 1671 411 speciali
1697 374 1729 402 et
1752 369 1799 402 in-

1069 420 1198 453 dividua
1224 421 1389 453 mentione
1419 421 1537 463 digna,
1572 423 1797 464 praesentibus

1068 483 1127 515 pro
1145 473 1242 515 plene
1261 479 1292 505 et
1309 473 1508 506 sufficienter
1524 470 1685 517 expressis
1704 486 1739 509 ac
1758 476 1797 508 de

1067 526 1167 558 verbo
1185 526 1224 558 ad
1246 527 1381 558 verbum
1400 526 1530 559 insertis
1553 527 1723 567 habentes,
1744 538 1798 561 eo·

1067 579 1280 621 rumdemque
1306 578 1393 611 Pauli
1419 579 1472 619 Ill,
1499 579 1567 611 Iulii
1593 579 1649 618 ΙΙΙ,
1676 580 1797 623 Grego—

1067 630 1105 662 rii
1130 630 1204 671 XIII,
1231 629 1378 673 Gregorii
1404 631 1477 670 XIV,
1497 636 1528 664 et
1544 631 1631 664 Pauli
1657 631 1679 663 V
1703 640 1798 674 prae-

1066 684 1298 724 decessorum,
1326 684 1380 727 qui
1406 694 1519 716 omnes
1545 684 1645 717 dictas
1677 685 1798 717 consti-

1067 736 1206 770 tutiones
1232 736 1330 769 sancti
1356 736 1469 779 Ignatii
1501 742 1533 769 et
1556 737 1714 769 rationem
1740 748 1798 780 gu-

1066 789 1224 822 bernandi
1257 789 1289 821 in
1314 790 1359 822 eis
1385 800 1572 833 expressam
1604 791 1796 830 laudarunt,

1066 843 1289 886 approbarunt
1318 848 1349 875 et
1373 843 1626 883 confirmarunt,
1652 843 1797 886 vestigiis

1066 895 1285 937 inhaerentes,
1311 901 1400 929 motu
1426 896 1569 939 proprio,
1596 907 1632 929 ac
1652 906 1689 929 ex
1710 899 1798 930 certa

1066 948 1200 981 scientia
1222 954 1253 981 et
1273 951 1395 982 matura
1414 949 1652 982 deliberatione
1666 949 1796 989 nostris,

1066 1007 1097 1034 et
1132 1003 1330 1045 apostolieae
1368 1002 1539 1046 potestatis
1573 1002 1795 1046 plenitudine,

1065 1055 1235 1088 memorati
1254 1055 1432 1088 Innocentii
1454 1055 1719 1098 praedecessoris
1735 1060 1798 1089 sta-

1066 1113 1177 1149 tutum,
1196 1110 1394 1149 mandatum,
1417 1114 1629 1152 praeceptum
1656 1114 1687 1141 et
1710 1109 1798 1143 ordi-

1065 1161 1231 1194 nationem
1261 1166 1295 1193 ut
1319 1172 1432 1194 omnes
1453 1167 1485 1194 et
1509 1161 1629 1203 singuli
1650 1161 1798 1195 eiusdem

1066 1213 1235 1247 Societatis
1250 1214 1475 1257 provinciales,
1495 1213 1685 1254 visitatores,
1704 1225 1798 1258 prae-

1065 1267 1172 1310 positi,
1199 1272 1282 1299 reeta
1295 1277 1356 1307 res,
1383 1266 1573 1310 superiores
1599 1267 1736 1307 locales,
1767 1272 1800 1300 et

1066 1319 1118 1352 alii
1144 1318 1300 1353 officiales
1327 1319 1587 1353 iurisdictionem
1619 1330 1675 1352 seu
1701 1330 1799 1363 supe-

1066 1373 1245 1406 rioritatem
1264 1373 1433 1412 habentes,
1453 1372 1702 1416 quomodolibet
1718 1383 1800 1405 nun-

1065 1426 1180 1469 cupati,
1199 1426 1343 1470 exeeptis
1360 1425 1522 1468 magistris
1543 1425 1746 1465 novitiorum,
1766 1425 1798 1458 in

1065 1490 1179 1513 eorum
1204 1479 1385 1522 respective
1418 1478 1619 1519 muneribus,
1652 1479 1800 1521 superio-

1065 1534 1224 1573 ritatibus,
1242 1532 1441 1573 ministeriis
1465 1532 1797 1566 administrationibus

1066 1592 1097 1619 et
1128 1585 1242 1618 ol‘ticiis
1279 1585 1454 1628 praedietis
1491 1585 1797 1629 quomodocumque

1065 1640 1260 1683 nuncupatis
1286 1650 1345 1683 per
1371 1639 1545 1672 triennium
1563 1640 1725 1673 dumtaxat
1741 1640 1799 1672 du-

1066 1703 1138 1726 rare
1154 1693 1304 1733 debeant,
1324 1704 1441 1736 eaque,
1461 1694 1573 1736 elapso
1589 1693 1729 1726 triennio
1745 1693 1799 1725 hu-

1065 1747 1215 1787 iusmodi,
1234 1757 1273 1779 eo
1295 1746 1365 1789 ipso
1388 1751 1512 1786 vacent,
1536 1751 1568 1779 et
1589 1757 1701 1779 vacare
1723 1756 1800 1779 een·

1066 1805 1207 1839 scantur,
1227 1798 1352 1842 ipsique
1371 1799 1410 1831 ad
1429 1798 1490 1831 alia
1504 1799 1636 1842 quaevis
1654 1799 1799 1832 eiusdem

1066 1851 1235 1884 Societatis
1262 1862 1407 1891 munera,
1427 1851 1687 1895 superioritates,
1707 1852 1800 1885 mini-

1066 1904 1175 1945 steria,
1196 1904 1493 1937 administrationes
1520 1909 1552 1937 et
1576 1904 1681 1937 officia
1705 1915 1800 1947 prae-

1067 1958 1140 1997 fata,
1159 1957 1407 2000 quomodolibet
1422 1962 1614 2000 nuncupata,
1637 1957 1735 1991 etiam
1755 1956 1800 1990 vi-

1066 2010 1324 2054 eeprovincialis‚
1339 2020 1395 2042 seu
1410 2010 1679 2054 viee-praepositi,
1694 2012 1745 2045 vel
1759 2011 1800 2044 vi-

1066 2063 1263 2102 eta-rectoris,
1282 2064 1465 2096 nullatenus
1484 2063 1569 2106 eligi,
1589 2074 1646 2096 seu
1668 2064 1797 2105 assumi,

1066 2117 1116 2149 vel
1142 2116 1291 2159 deputari
1318 2117 1467 2157 valeant,
1499 2117 1561 2149 nisi
1593 2127 1653 2160 per
1677 2128 1799 2151 annum

1066 2180 1139 2202 eum
1165 2169 1299 2202 dimidio
1325 2170 1452 2209 saltem,
1470 2180 1487 2201 a
1507 2168 1570 2208 fine
1597 2170 1674 2203 dicti
1699 2169 1800 2203 trien-

1065 2223 1109 2256 nii
1136 2223 1412 2266 computandum,
1439 2234 1455 2255 a
1480 2223 1655 2267 praedietis
1686 2234 1800 2256 mune-

1066 2277 1168 2317 ribus,
1195 2276 1489 2319 superioritatibus,
1511 2276 1710 2317 ministeriis,
1745 2278 1800 2310 ad-

1066 2329 1361 2363 ministrationibus
1387 2335 1419 2362 et
1442 2329 1556 2363 officiis
1583 2331 1798 2371 cessaverint,

1066 2383 1190 2427 pluries
1212 2394 1230 2415 a
1249 2383 1343 2415 nobis
1369 2393 1538 2427 suspensa,
1556 2389 1590 2416 ut
1606 2384 1798 2427 praefertur,

1067 2441 1108 2477 et,
1127 2442 1285 2480 quatenus
1304 2436 1358 2468 illa
1378 2442 1591 2476 concernunt,
1616 2436 1799 2479 praedictas

1067 2489 1213 2521 eiusdem
1237 2488 1418 2522 Innocentii
1450 2489 1718 2532 praedecessoris
1750 2489 1801 2522 lit-

1067 2548 1153 2575 teras
1180 2541 1285 2584 (firma
1310 2548 1416 2575 tamen
1442 2547 1474 2575 et
1498 2542 1611 2576 illaesa
1636 2553 1672 2575 ac
1692 2542 1723 2575 in
1741 2553 1799 2575 suo

1067 2598 1188 2630 robore
1213 2597 1245 2629 in
1270 2597 1402 2641 reliquis
1428 2597 1578 2630 omnibus
1605 2603 1637 2630 et
1665 2596 1799 2640 singulis

1809 214 1856 239 An⁴
1877 214 1904 241 C.
1930 214 1995 241 moa
