<?xml version="1.0" encoding="UTF-8"?>
<!DOCTYPE html PUBLIC "-//W3C//DTD XHTML 1.0 Transitional//EN"
    "http://www.w3.org/TR/xhtml1/DTD/xhtml1-transitional.dtd">
<html xmlns="http://www.w3.org/1999/xhtml" xml:lang="en" lang="en">
 <head>
  <title>
</title>
<meta http-equiv="Content-Type" content="text/html;charset=utf-8" />
  <meta name='ocr-system' content='tesseract 3.04.00' />
  <meta name='ocr-capabilities' content='ocr_page ocr_carea ocr_par ocr_line ocrx_word'/>
</head>
<body>
  <div class='ocr_page' id='page_1' title='image "./bullarumdiplomat17cath_0421.png"; bbox 0 0 2247 3208; ppageno 0'>
   <div class='ocr_carea' id='block_1_1' title="bbox 160 209 345 237">
    <p class='ocr_par' dir='ltr' id='par_1_1' title="bbox 160 209 345 237">
     <span class='ocr_line' id='line_1_1' title="bbox 160 209 345 237; baseline 0.005 -1"><span class='ocrx_word' id='word_1_1' title='bbox 160 210 208 236; x_wconf 74' lang='lat' dir='ltr'>An.</span> <span class='ocrx_word' id='word_1_2' title='bbox 231 209 259 236; x_wconf 89' lang='lat' dir='ltr'>C.</span> <span class='ocrx_word' id='word_1_3' title='bbox 281 209 345 237; x_wconf 74' lang='lat'>1665</span> 
     </span>
    </p>
   </div>
   <div class='ocr_carea' id='block_1_2' title="bbox 946 204 1273 229">
    <p class='ocr_par' dir='ltr' id='par_1_2' title="bbox 946 204 1273 229">
     <span class='ocr_line' id='line_1_2' title="bbox 946 204 1273 229; baseline -0.006 0"><span class='ocrx_word' id='word_1_4' title='bbox 946 206 1065 229; x_wconf 63' lang='lat' dir='ltr'>ALEXAN</span> <span class='ocrx_word' id='word_1_5' title='bbox 1072 204 1133 228; x_wconf 69' lang='grc' dir='ltr'>ΗΕΒ</span> <span class='ocrx_word' id='word_1_6' title='bbox 1156 205 1200 228; x_wconf 81' lang='lat' dir='ltr'>vii</span> <span class='ocrx_word' id='word_1_7' title='bbox 1227 205 1273 227; x_wconf 67' lang='lat' dir='ltr'>FP.</span> 
     </span>
    </p>
   </div>
   <div class='ocr_carea' id='block_1_3' title="bbox 351 255 1094 1146">
    <p class='ocr_par' dir='ltr' id='par_1_3' title="bbox 351 255 1091 724">
     <span class='ocr_line' id='line_1_3' title="bbox 351 255 1087 299; baseline -0.005 -9"><span class='ocrx_word' id='word_1_8' title='bbox 351 255 451 290; x_wconf 73' lang='lat' dir='ltr'>nove¹</span> <span class='ocrx_word' id='word_1_9' title='bbox 465 257 615 293; x_wconf 81' lang='lat' dir='ltr'>electum,</span> <span class='ocrx_word' id='word_1_10' title='bbox 635 256 664 288; x_wconf 90' lang='lat' dir='ltr'>in</span> <span class='ocrx_word' id='word_1_11' title='bbox 684 266 748 299; x_wconf 88' lang='lat' dir='ltr'>quo</span> <span class='ocrx_word' id='word_1_12' title='bbox 767 255 971 295; x_wconf 76' lang='lat' dir='ltr'>admonetur,</span> <span class='ocrx_word' id='word_1_13' title='bbox 990 264 1087 287; x_wconf 81' lang='lat' dir='ltr'>curae</span> 
     </span>
     <span class='ocr_line' id='line_1_4' title="bbox 352 307 1088 351; baseline -0.005 -9"><span class='ocrx_word' id='word_1_14' title='bbox 352 310 381 342; x_wconf 92' lang='lat' dir='ltr'>ei</span> <span class='ocrx_word' id='word_1_15' title='bbox 414 311 533 342; x_wconf 74' lang='lat' dir='ltr'>debere</span> <span class='ocrx_word' id='word_1_16' title='bbox 565 319 635 341; x_wconf 79' lang='lat' dir='ltr'>esse</span> <span class='ocrx_word' id='word_1_17' title='bbox 670 315 733 340; x_wconf 85' lang='lat' dir='ltr'>tam</span> <span class='ocrx_word' id='word_1_18' title='bbox 769 308 934 351; x_wconf 83' lang='lat' dir='ltr'>propriam</span> <span class='ocrx_word' id='word_1_19' title='bbox 969 307 1088 350; x_wconf 78' lang='lat' dir='ltr'>ipsius,</span> 
     </span>
     <span class='ocr_line' id='line_1_5' title="bbox 352 360 1090 406; baseline -0.005 -12"><span class='ocrx_word' id='word_1_20' title='bbox 352 373 450 406; x_wconf 86' lang='lat' dir='ltr'>quam</span> <span class='ocrx_word' id='word_1_21' title='bbox 485 364 618 394; x_wconf 72' lang='lat' dir='ltr'>[latrum</span> <span class='ocrx_word' id='word_1_22' title='bbox 645 361 940 394; x_wconf 65' lang='lat' dir='ltr'>mortificationem.</span> <span class='ocrx_word' id='word_1_23' title='bbox 965 360 1090 401; x_wconf 58' lang='lat' dir='ltr'>I&#39;xepor-</span> 
     </span>
     <span class='ocr_line' id='line_1_6' title="bbox 352 413 1090 457; baseline -0.007 -9"><span class='ocrx_word' id='word_1_24' title='bbox 352 415 445 449; x_wconf 74' lang='lat' dir='ltr'>tatis‘z</span> <span class='ocrx_word' id='word_1_25' title='bbox 475 427 546 448; x_wconf 82' lang='lat' dir='ltr'>eam</span> <span class='ocrx_word' id='word_1_26' title='bbox 582 416 620 447; x_wconf 63' lang='lat' dir='ltr'>atl</span> <span class='ocrx_word' id='word_1_27' title='bbox 646 415 856 448; x_wconf 66' lang='lat' dir='ltr'>obedientiae</span> <span class='ocrx_word' id='word_1_28' title='bbox 890 413 1090 457; x_wconf 83' lang='lat' dir='ltr'>praedictam</span> 
     </span>
     <span class='ocr_line' id='line_1_7' title="bbox 351 465 1091 509; baseline -0.009 -7"><span class='ocrx_word' id='word_1_29' title='bbox 351 480 509 509; x_wconf 78' lang='lat' dir='ltr'>mensam,</span> <span class='ocrx_word' id='word_1_30' title='bbox 537 479 571 500; x_wconf 86' lang='lat' dir='ltr'>ae</span> <span class='ocrx_word' id='word_1_31' title='bbox 597 479 656 500; x_wconf 88' lang='lat' dir='ltr'>suo</span> <span class='ocrx_word' id='word_1_32' title='bbox 684 469 756 500; x_wconf 79' lang='lat' dir='ltr'>loco</span> <span class='ocrx_word' id='word_1_33' title='bbox 781 467 884 499; x_wconf 87' lang='lat' dir='ltr'>sedet.</span> <span class='ocrx_word' id='word_1_34' title='bbox 919 465 1091 507; x_wconf 80' lang='lat' dir='ltr'>Eliguntur</span> 
     </span>
     <span class='ocr_line' id='line_1_8' title="bbox 353 518 1089 562; baseline -0.008 -8"><span class='ocrx_word' id='word_1_35' title='bbox 353 522 470 555; x_wconf 80' lang='lat' dir='ltr'>deinde</span> <span class='ocrx_word' id='word_1_36' title='bbox 498 527 562 553; x_wconf 79' lang='lat' dir='ltr'>tres</span> <span class='ocrx_word' id='word_1_37' title='bbox 588 521 642 553; x_wconf 88' lang='lat' dir='ltr'>alii</span> <span class='ocrx_word' id='word_1_38' title='bbox 668 519 827 562; x_wconf 84' lang='lat' dir='ltr'>deputati,</span> <span class='ocrx_word' id='word_1_39' title='bbox 858 518 1089 559; x_wconf 83' lang='lat' dir='ltr'>secundusque</span> 
     </span>
     <span class='ocr_line' id='line_1_9' title="bbox 353 569 1091 613; baseline -0.009 -6"><span class='ocrx_word' id='word_1_40' title='bbox 353 574 595 607; x_wconf 74' lang='lat' dir='ltr'>ecclesiasticus</span> <span class='ocrx_word' id='word_1_41' title='bbox 617 574 723 606; x_wconf 89' lang='lat' dir='ltr'>locum</span> <span class='ocrx_word' id='word_1_42' title='bbox 741 582 832 604; x_wconf 85' lang='lat' dir='ltr'>suum</span> <span class='ocrx_word' id='word_1_43' title='bbox 854 574 1002 613; x_wconf 85' lang='lat' dir='ltr'>occupat.</span> <span class='ocrx_word' id='word_1_44' title='bbox 1023 569 1091 601; x_wconf 85' lang='lat' dir='ltr'>Fla-</span> 
     </span>
     <span class='ocr_line' id='line_1_10' title="bbox 353 623 1089 671; baseline -0.008 -10"><span class='ocrx_word' id='word_1_45' title='bbox 353 628 485 671; x_wconf 75' lang='lat' dir='ltr'>gellatio</span> <span class='ocrx_word' id='word_1_46' title='bbox 512 628 641 660; x_wconf 86' lang='lat' dir='ltr'>demum</span> <span class='ocrx_word' id='word_1_47' title='bbox 667 630 699 658; x_wconf 85' lang='lat' dir='ltr'>et</span> <span class='ocrx_word' id='word_1_48' title='bbox 733 630 841 658; x_wconf 85' lang='lat' dir='ltr'>cetera</span> <span class='ocrx_word' id='word_1_49' title='bbox 874 634 955 667; x_wconf 89' lang='lat' dir='ltr'>quae</span> <span class='ocrx_word' id='word_1_50' title='bbox 988 623 1089 656; x_wconf 90' lang='lat' dir='ltr'>moris</span> 
     </span>
     <span class='ocr_line' id='line_1_11' title="bbox 353 680 682 724; baseline -0.009 -10"><span class='ocrx_word' id='word_1_51' title='bbox 353 687 427 714; x_wconf 86' lang='lat' dir='ltr'>suut</span> <span class='ocrx_word' id='word_1_52' title='bbox 453 680 682 724; x_wconf 80' lang='lat' dir='ltr'>expediuntur.</span> 
     </span>
    </p>

    <p class='ocr_par' dir='ltr' id='par_1_4' title="bbox 352 730 1094 1146">
     <span class='ocr_line' id='line_1_12' title="bbox 398 730 1090 776; baseline -0.006 -11"><span class='ocrx_word' id='word_1_53' title='bbox 398 735 448 773; x_wconf 80' lang='lat' dir='ltr'>At,</span> <span class='ocrx_word' id='word_1_54' title='bbox 477 733 553 776; x_wconf 87' lang='lat' dir='ltr'>quia</span> <span class='ocrx_word' id='word_1_55' title='bbox 578 731 700 765; x_wconf 85' lang='lat' dir='ltr'>eunctis</span> <span class='ocrx_word' id='word_1_56' title='bbox 722 730 916 764; x_wconf 82' lang='lat' dir='ltr'>officialibus</span> <span class='ocrx_word' id='word_1_57' title='bbox 943 730 981 762; x_wconf 92' lang='lat' dir='ltr'>de</span> <span class='ocrx_word' id='word_1_58' title='bbox 1008 739 1090 762; x_wconf 86' lang='lat' dir='ltr'>novo</span> 
     </span>
     <span class='ocr_line' id='line_1_13' title="bbox 353 782 1093 825; baseline -0.007 -7"><span class='ocrx_word' id='word_1_59' title='bbox 353 785 571 825; x_wconf 84' lang='lat' dir='ltr'>venientibus,</span> <span class='ocrx_word' id='word_1_60' title='bbox 599 784 714 817; x_wconf 86' lang='lat' dir='ltr'>deesse</span> <span class='ocrx_word' id='word_1_61' title='bbox 743 784 775 816; x_wconf 90' lang='lat' dir='ltr'>in</span> <span class='ocrx_word' id='word_1_62' title='bbox 807 782 1017 816; x_wconf 77' lang='lat' dir='ltr'>consessibus</span> <span class='ocrx_word' id='word_1_63' title='bbox 1039 782 1093 814; x_wconf 86' lang='lat' dir='ltr'>de-</span> 
     </span>
     <span class='ocr_line' id='line_1_14' title="bbox 352 835 1090 882; baseline -0.005 -12"><span class='ocrx_word' id='word_1_64' title='bbox 352 843 540 882; x_wconf 72' lang='lat' dir='ltr'>putatorum</span> <span class='ocrx_word' id='word_1_65' title='bbox 567 837 707 880; x_wconf 79' lang='lat' dir='ltr'>aliquem</span> <span class='ocrx_word' id='word_1_66' title='bbox 732 838 817 869; x_wconf 88' lang='lat' dir='ltr'>bene</span> <span class='ocrx_word' id='word_1_67' title='bbox 843 836 1033 868; x_wconf 87' lang='lat' dir='ltr'>instructum</span> <span class='ocrx_word' id='word_1_68' title='bbox 1051 835 1090 867; x_wconf 87' lang='lat' dir='ltr'>de</span> 
     </span>
     <span class='ocr_line' id='line_1_15' title="bbox 353 888 1092 932; baseline -0.005 -8"><span class='ocrx_word' id='word_1_69' title='bbox 353 892 459 925; x_wconf 85' lang='lat' dir='ltr'>causis</span> <span class='ocrx_word' id='word_1_70' title='bbox 485 896 518 923; x_wconf 85' lang='lat' dir='ltr'>et</span> <span class='ocrx_word' id='word_1_71' title='bbox 542 890 722 923; x_wconf 82' lang='lat' dir='ltr'>rationibus</span> <span class='ocrx_word' id='word_1_72' title='bbox 743 899 851 922; x_wconf 85' lang='lat' dir='ltr'>rerum</span> <span class='ocrx_word' id='word_1_73' title='bbox 872 889 962 932; x_wconf 85' lang='lat' dir='ltr'>prius</span> <span class='ocrx_word' id='word_1_74' title='bbox 981 888 1092 920; x_wconf 86' lang='lat' dir='ltr'>decre-</span> 
     </span>
     <span class='ocr_line' id='line_1_16' title="bbox 353 941 1094 987; baseline -0.005 -10"><span class='ocrx_word' id='word_1_75' title='bbox 353 950 457 977; x_wconf 85' lang='lat' dir='ltr'>tarum</span> <span class='ocrx_word' id='word_1_76' title='bbox 476 944 713 987; x_wconf 84' lang='lat' dir='ltr'>praeiudicium</span> <span class='ocrx_word' id='word_1_77' title='bbox 733 942 867 985; x_wconf 80' lang='lat' dir='ltr'>aliquod</span> <span class='ocrx_word' id='word_1_78' title='bbox 898 941 1020 974; x_wconf 79' lang='lat' dir='ltr'>inferre</span> <span class='ocrx_word' id='word_1_79' title='bbox 1037 951 1094 983; x_wconf 82' lang='lat' dir='ltr'>po-</span> 
     </span>
     <span class='ocr_line' id='line_1_17' title="bbox 353 993 1094 1040; baseline -0.007 -9"><span class='ocrx_word' id='word_1_80' title='bbox 353 998 440 1039; x_wconf 85' lang='lat' dir='ltr'>terit,</span> <span class='ocrx_word' id='word_1_81' title='bbox 466 997 714 1040; x_wconf 69' lang='lat' dir='ltr'>congregationi</span> <span class='ocrx_word' id='word_1_82' title='bbox 739 996 945 1028; x_wconf 79' lang='lat' dir='ltr'>antianoruin</span> <span class='ocrx_word' id='word_1_83' title='bbox 962 993 1094 1037; x_wconf 86' lang='lat' dir='ltr'>permit-</span> 
     </span>
     <span class='ocr_line' id='line_1_18' title="bbox 353 1046 1091 1092; baseline -0.005 -10"><span class='ocrx_word' id='word_1_84' title='bbox 353 1051 432 1083; x_wconf 85' lang='lat' dir='ltr'>titur</span> <span class='ocrx_word' id='word_1_85' title='bbox 451 1050 612 1092; x_wconf 79' lang='lat' dir='ltr'>reeligere</span> <span class='ocrx_word' id='word_1_86' title='bbox 624 1058 720 1092; x_wconf 76' lang='lat' dir='ltr'>posse</span> <span class='ocrx_word' id='word_1_87' title='bbox 739 1058 820 1085; x_wconf 80' lang='lat' dir='ltr'>eum,</span> <span class='ocrx_word' id='word_1_88' title='bbox 833 1058 928 1090; x_wconf 82' lang='lat' dir='ltr'>quem</span> <span class='ocrx_word' id='word_1_89' title='bbox 942 1046 1091 1085; x_wconf 85' lang='lat' dir='ltr'>voluerit,</span> 
     </span>
     <span class='ocr_line' id='line_1_19' title="bbox 355 1098 1094 1146; baseline -0.008 -10"><span class='ocrx_word' id='word_1_90' title='bbox 355 1114 392 1136; x_wconf 81' lang='lat' dir='ltr'>ex</span> <span class='ocrx_word' id='word_1_91' title='bbox 419 1109 559 1146; x_wconf 85' lang='lat' dir='ltr'>quatuor</span> <span class='ocrx_word' id='word_1_92' title='bbox 584 1101 762 1145; x_wconf 84' lang='lat' dir='ltr'>deputatis,</span> <span class='ocrx_word' id='word_1_93' title='bbox 789 1100 844 1144; x_wconf 92' lang='lat' dir='ltr'>qui</span> <span class='ocrx_word' id='word_1_94' title='bbox 874 1100 998 1143; x_wconf 85' lang='lat' dir='ltr'>primus</span> <span class='ocrx_word' id='word_1_95' title='bbox 1031 1098 1094 1132; x_wconf 86' lang='lat' dir='ltr'>erit</span> 
     </span>
    </p>
   </div>
   <div class='ocr_carea' id='block_1_4' title="bbox 1111 924 1115 1075">
    <p class='ocr_par' dir='ltr' id='par_1_5' title="bbox 1111 924 1115 1075">
     <span class='ocr_line' id='line_1_20' title="bbox 1111 924 1115 1075; baseline 0 2133"><span class='ocrx_word' id='word_1_96' title='bbox 1111 924 1115 1075; x_wconf 95' lang='lat' dir='ltr'> </span> 
     </span>
    </p>
   </div>
   <div class='ocr_carea' id='block_1_5' title="bbox 1107 249 1872 836">
    <p class='ocr_par' dir='ltr' id='par_1_6' title="bbox 1107 249 1872 836">
     <span class='ocr_line' id='line_1_21' title="bbox 1107 249 1866 293; baseline -0.007 -9"><span class='ocrx_word' id='word_1_97' title='bbox 1107 254 1110 293; x_wconf 66' lang='lat' dir='ltr'>I</span> <span class='ocrx_word' id='word_1_98' title='bbox 1131 252 1296 284; x_wconf 69' lang='lat' dir='ltr'>iliensibus</span> <span class='ocrx_word' id='word_1_99' title='bbox 1323 251 1454 293; x_wconf 69' lang='lat' dir='ltr'>eligant.</span> <span class='ocrx_word' id='word_1_100' title='bbox 1471 250 1715 292; x_wconf 81' lang='lat' dir='ltr'>Collationeque</span> <span class='ocrx_word' id='word_1_101' title='bbox 1734 249 1821 280; x_wconf 80' lang='lat' dir='ltr'>inter</span> <span class='ocrx_word' id='word_1_102' title='bbox 1833 259 1866 280; x_wconf 87' lang='lat' dir='ltr'>se</span> 
     </span>
     <span class='ocr_line' id='line_1_22' title="bbox 1108 297 1867 348; baseline -0.005 -11"><span class='ocrx_word' id='word_1_103' title='bbox 1108 297 1111 314; x_wconf 70' lang='lat'>¹</span> <span class='ocrx_word' id='word_1_104' title='bbox 1133 307 1234 345; x_wconf 71' lang='lat' dir='ltr'>taeta,</span> <span class='ocrx_word' id='word_1_105' title='bbox 1260 316 1360 348; x_wconf 74' lang='lat' dir='ltr'>super</span> <span class='ocrx_word' id='word_1_106' title='bbox 1385 305 1443 344; x_wconf 77' lang='lat' dir='ltr'>iis,</span> <span class='ocrx_word' id='word_1_107' title='bbox 1478 305 1531 347; x_wconf 84' lang='lat' dir='ltr'>qui</span> <span class='ocrx_word' id='word_1_108' title='bbox 1564 303 1664 345; x_wconf 75' lang='lat' dir='ltr'>magis</span> <span class='ocrx_word' id='word_1_109' title='bbox 1693 301 1802 335; x_wconf 83' lang='lat' dir='ltr'>idonei</span> <span class='ocrx_word' id='word_1_110' title='bbox 1828 300 1867 333; x_wconf 86' lang='lat' dir='ltr'>ad</span> 
     </span>
     <span class='ocr_line' id='line_1_23' title="bbox 1132 354 1869 390; baseline -0.003 -2"><span class='ocrx_word' id='word_1_111' title='bbox 1132 358 1213 390; x_wconf 83' lang='lat' dir='ltr'>baec</span> <span class='ocrx_word' id='word_1_112' title='bbox 1237 368 1372 390; x_wconf 83' lang='lat' dir='ltr'>munera</span> <span class='ocrx_word' id='word_1_113' title='bbox 1399 357 1483 388; x_wconf 83' lang='lat' dir='ltr'>inter</span> <span class='ocrx_word' id='word_1_114' title='bbox 1504 358 1618 389; x_wconf 78' lang='lat' dir='ltr'>fratres</span> <span class='ocrx_word' id='word_1_115' title='bbox 1636 356 1767 387; x_wconf 77' lang='lat' dir='ltr'>scholae</span> <span class='ocrx_word' id='word_1_116' title='bbox 1785 354 1869 386; x_wconf 76' lang='lat' dir='ltr'>vide·</span> 
     </span>
     <span class='ocr_line' id='line_1_24' title="bbox 1131 407 1866 450; baseline -0.004 -9"><span class='ocrx_word' id='word_1_117' title='bbox 1131 410 1260 450; x_wconf 81' lang='lat' dir='ltr'>buntur,</span> <span class='ocrx_word' id='word_1_118' title='bbox 1287 410 1351 442; x_wconf 76' lang='lat' dir='ltr'>sive</span> <span class='ocrx_word' id='word_1_119' title='bbox 1377 420 1414 441; x_wconf 73' lang='lat' dir='ltr'>cx</span> <span class='ocrx_word' id='word_1_120' title='bbox 1439 420 1611 447; x_wconf 76' lang='lat' dir='ltr'>consensu,</span> <span class='ocrx_word' id='word_1_121' title='bbox 1638 409 1704 441; x_wconf 87' lang='lat' dir='ltr'>sive</span> <span class='ocrx_word' id='word_1_122' title='bbox 1726 418 1784 450; x_wconf 76' lang='lat' dir='ltr'>per</span> <span class='ocrx_word' id='word_1_123' title='bbox 1808 407 1866 438; x_wconf 60' lang='lat' dir='ltr'>sul*-</span> 
     </span>
     <span class='ocr_line' id='line_1_25' title="bbox 1132 461 1869 504; baseline -0.004 -10"><span class='ocrx_word' id='word_1_124' title='bbox 1132 463 1232 504; x_wconf 80' lang='lat' dir='ltr'>sragia</span> <span class='ocrx_word' id='word_1_125' title='bbox 1257 468 1391 499; x_wconf 75' lang='lat' dir='ltr'>secreta,</span> <span class='ocrx_word' id='word_1_126' title='bbox 1416 462 1627 494; x_wconf 85' lang='lat' dir='ltr'>nominabunt</span> <span class='ocrx_word' id='word_1_127' title='bbox 1656 461 1869 493; x_wconf 59' lang='lat' dir='ltr'>seerctarium</span> 
     </span>
     <span class='ocr_line' id='line_1_26' title="bbox 1132 513 1870 558; baseline -0.004 -11"><span class='ocrx_word' id='word_1_128' title='bbox 1132 515 1265 558; x_wconf 78' lang='lat' dir='ltr'>eiusque</span> <span class='ocrx_word' id='word_1_129' title='bbox 1291 514 1528 551; x_wconf 81' lang='lat' dir='ltr'>coadiutorem,</span> <span class='ocrx_word' id='word_1_130' title='bbox 1554 524 1674 546; x_wconf 88' lang='lat' dir='ltr'>annum</span> <span class='ocrx_word' id='word_1_131' title='bbox 1701 514 1739 545; x_wconf 87' lang='lat' dir='ltr'>ad</span> <span class='ocrx_word' id='word_1_132' title='bbox 1766 513 1870 544; x_wconf 83' lang='lat' dir='ltr'>minus</span> 
     </span>
     <span class='ocr_line' id='line_1_27' title="bbox 1131 565 1870 611; baseline -0.005 -11"><span class='ocrx_word' id='word_1_133' title='bbox 1131 579 1232 600; x_wconf 87' lang='lat' dir='ltr'>unum</span> <span class='ocrx_word' id='word_1_134' title='bbox 1259 567 1458 611; x_wconf 72' lang='lat' dir='ltr'>antiquitatis</span> <span class='ocrx_word' id='word_1_135' title='bbox 1485 567 1659 605; x_wconf 81' lang='lat' dir='ltr'>babentes,</span> <span class='ocrx_word' id='word_1_136' title='bbox 1690 565 1870 607; x_wconf 77' lang='lat' dir='ltr'>requisitis-</span> 
     </span>
     <span class='ocr_line' id='line_1_28' title="bbox 1133 619 1870 664; baseline -0.007 -11"><span class='ocrx_word' id='word_1_137' title='bbox 1133 632 1195 664; x_wconf 83' lang='lat' dir='ltr'>que</span> <span class='ocrx_word' id='word_1_138' title='bbox 1221 621 1284 654; x_wconf 89' lang='lat' dir='ltr'>illis</span> <span class='ocrx_word' id='word_1_139' title='bbox 1309 625 1381 653; x_wconf 85' lang='lat' dir='ltr'>ante</span> <span class='ocrx_word' id='word_1_140' title='bbox 1407 620 1440 652; x_wconf 91' lang='lat' dir='ltr'>in</span> <span class='ocrx_word' id='word_1_141' title='bbox 1458 620 1562 662; x_wconf 85' lang='lat' dir='ltr'>capite</span> <span class='ocrx_word' id='word_1_142' title='bbox 1584 630 1601 651; x_wconf 91' lang='lat' dir='ltr'>v</span> <span class='ocrx_word' id='word_1_143' title='bbox 1618 619 1780 651; x_wconf 84' lang='lat' dir='ltr'>annotatis</span> <span class='ocrx_word' id='word_1_144' title='bbox 1796 629 1870 657; x_wconf 57' lang='lat' dir='ltr'>gau-</span> 
     </span>
     <span class='ocr_line' id='line_1_29' title="bbox 1134 671 1870 716; baseline -0.008 -9"><span class='ocrx_word' id='word_1_145' title='bbox 1134 676 1267 714; x_wconf 87' lang='lat' dir='ltr'>dentes,</span> <span class='ocrx_word' id='word_1_146' title='bbox 1295 674 1444 716; x_wconf 86' lang='lat' dir='ltr'>duosque</span> <span class='ocrx_word' id='word_1_147' title='bbox 1470 673 1600 705; x_wconf 89' lang='lat' dir='ltr'>nuntios</span> <span class='ocrx_word' id='word_1_148' title='bbox 1617 671 1746 710; x_wconf 80' lang='lat' dir='ltr'>altaris,</span> <span class='ocrx_word' id='word_1_149' title='bbox 1775 677 1870 712; x_wconf 80' lang='lat' dir='ltr'>atque</span> 
     </span>
     <span class='ocr_line' id='line_1_30' title="bbox 1134 722 1870 768; baseline -0.01 -8"><span class='ocrx_word' id='word_1_150' title='bbox 1134 728 1215 760; x_wconf 87' lang='lat' dir='ltr'>duos</span> <span class='ocrx_word' id='word_1_151' title='bbox 1242 727 1456 765; x_wconf 87' lang='lat' dir='ltr'>coadiutores,</span> <span class='ocrx_word' id='word_1_152' title='bbox 1483 725 1537 768; x_wconf 91' lang='lat' dir='ltr'>qui</span> <span class='ocrx_word' id='word_1_153' title='bbox 1563 723 1772 757; x_wconf 64' lang='lat' dir='ltr'>ecelesiastici</span> <span class='ocrx_word' id='word_1_154' title='bbox 1790 722 1870 754; x_wconf 85' lang='lat' dir='ltr'>sint:</span> 
     </span>
     <span class='ocr_line' id='line_1_31' title="bbox 1110 777 1872 836; baseline -0.008 -23"><span class='ocrx_word' id='word_1_155' title='bbox 1110 781 1212 836; x_wconf 61' lang='lat' dir='ltr'>&#39;duos</span> <span class='ocrx_word' id='word_1_156' title='bbox 1237 780 1314 812; x_wconf 86' lang='lat' dir='ltr'>item</span> <span class='ocrx_word' id='word_1_157' title='bbox 1345 779 1474 812; x_wconf 87' lang='lat' dir='ltr'>nuntios</span> <span class='ocrx_word' id='word_1_158' title='bbox 1508 784 1640 821; x_wconf 86' lang='lat' dir='ltr'>portae,</span> <span class='ocrx_word' id='word_1_159' title='bbox 1669 782 1763 819; x_wconf 88' lang='lat' dir='ltr'>atque</span> <span class='ocrx_word' id='word_1_160' title='bbox 1790 777 1872 808; x_wconf 83' lang='lat' dir='ltr'>duos</span> 
     </span>
    </p>
   </div>
   <div class='ocr_carea' id='block_1_6' title="bbox 1109 829 1870 930">
    <p class='ocr_par' dir='ltr' id='par_1_7' title="bbox 1109 829 1870 930">
     <span class='ocr_line' id='line_1_32' title="bbox 1110 829 1870 882; baseline -0.008 -16"><span class='ocrx_word' id='word_1_161' title='bbox 1110 833 1338 882; x_wconf 55' lang='lat' dir='ltr'>{coadiutores</span> <span class='ocrx_word' id='word_1_162' title='bbox 1364 834 1540 870; x_wconf 81' lang='lat' dir='ltr'>seculares,</span> <span class='ocrx_word' id='word_1_163' title='bbox 1568 832 1638 864; x_wconf 85' lang='lat' dir='ltr'>eius</span> <span class='ocrx_word' id='word_1_164' title='bbox 1664 829 1870 867; x_wconf 83' lang='lat' dir='ltr'>conditionis,</span> 
     </span>
     <span class='ocr_line' id='line_1_33' title="bbox 1109 884 1870 930; baseline -0.008 -11"><span class='ocrx_word' id='word_1_165' title='bbox 1109 884 1113 919; x_wconf 82' lang='lat' dir='ltr'>l</span> <span class='ocrx_word' id='word_1_166' title='bbox 1134 897 1215 930; x_wconf 86' lang='lat' dir='ltr'>quae</span> <span class='ocrx_word' id='word_1_167' title='bbox 1242 886 1325 919; x_wconf 86' lang='lat' dir='ltr'>dicta</span> <span class='ocrx_word' id='word_1_168' title='bbox 1351 886 1410 918; x_wconf 84' lang='lat' dir='ltr'>suit</span> <span class='ocrx_word' id='word_1_169' title='bbox 1432 886 1465 918; x_wconf 89' lang='lat' dir='ltr'>in</span> <span class='ocrx_word' id='word_1_170' title='bbox 1491 885 1596 928; x_wconf 85' lang='lat' dir='ltr'>capite</span> <span class='ocrx_word' id='word_1_171' title='bbox 1621 895 1663 923; x_wconf 77' lang='lat' dir='ltr'>vr,</span> <span class='ocrx_word' id='word_1_172' title='bbox 1689 885 1870 925; x_wconf 77' lang='lat' dir='ltr'>saltemque</span> 
     </span>
    </p>
   </div>
   <div class='ocr_carea' id='block_1_7' title="bbox 1112 937 1871 1149">
    <p class='ocr_par' dir='ltr' id='par_1_8' title="bbox 1134 937 1869 1025">
     <span class='ocr_line' id='line_1_34' title="bbox 1134 937 1780 980; baseline -0.008 -8"><span class='ocrx_word' id='word_1_173' title='bbox 1134 945 1208 972; x_wconf 69' lang='lat' dir='ltr'>octo</span> <span class='ocrx_word' id='word_1_174' title='bbox 1234 949 1361 971; x_wconf 85' lang='lat' dir='ltr'>menses</span> <span class='ocrx_word' id='word_1_175' title='bbox 1386 938 1585 980; x_wconf 76' lang='lat' dir='ltr'>antiquitatis</span> <span class='ocrx_word' id='word_1_176' title='bbox 1607 937 1780 969; x_wconf 79' lang='lat' dir='ltr'>habentes.</span> 
     </span>
     <span class='ocr_line' id='line_1_35' title="bbox 1177 986 1869 1025; baseline -0.009 -1"><span class='ocrx_word' id='word_1_177' title='bbox 1177 991 1255 1024; x_wconf 73' lang='lat' dir='ltr'>XIX.</span> <span class='ocrx_word' id='word_1_178' title='bbox 1273 990 1491 1024; x_wconf 84' lang='lat' dir='ltr'>Attentissime</span> <span class='ocrx_word' id='word_1_179' title='bbox 1505 989 1732 1023; x_wconf 81' lang='lat' dir='ltr'>considerandi</span> <span class='ocrx_word' id='word_1_180' title='bbox 1748 992 1822 1020; x_wconf 87' lang='lat' dir='ltr'>sunt</span> <span class='ocrx_word' id='word_1_181' title='bbox 1838 986 1869 1025; x_wconf 91' lang='lat' dir='ltr'>ii,</span> 
     </span>
    </p>

    <p class='ocr_par' dir='ltr' id='par_1_9' title="bbox 1136 1039 1871 1087">
     <span class='ocr_line' id='line_1_36' title="bbox 1136 1039 1871 1087; baseline -0.008 -10"><span class='ocrx_word' id='word_1_182' title='bbox 1136 1045 1188 1087; x_wconf 89' lang='lat' dir='ltr'>qui</span> <span class='ocrx_word' id='word_1_183' title='bbox 1206 1045 1245 1077; x_wconf 83' lang='lat' dir='ltr'>ad</span> <span class='ocrx_word' id='word_1_184' title='bbox 1263 1045 1344 1077; x_wconf 81' lang='lat' dir='ltr'>lianc</span> <span class='ocrx_word' id='word_1_185' title='bbox 1363 1048 1502 1076; x_wconf 84' lang='lat' dir='ltr'>sanctam</span> <span class='ocrx_word' id='word_1_186' title='bbox 1520 1043 1665 1075; x_wconf 80' lang='lat' dir='ltr'>scholam</span> <span class='ocrx_word' id='word_1_187' title='bbox 1680 1039 1871 1073; x_wconf 86' lang='lat' dir='ltr'>admittendi</span> 
     </span>
    </p>

    <p class='ocr_par' dir='ltr' id='par_1_10' title="bbox 1112 1093 1870 1149">
     <span class='ocr_line' id='line_1_37' title="bbox 1112 1093 1870 1149; baseline -0.009 -19"><span class='ocrx_word' id='word_1_188' title='bbox 1112 1103 1244 1149; x_wconf 43' lang='lat' dir='ltr'>{erunt3</span> <span class='ocrx_word' id='word_1_189' title='bbox 1272 1097 1436 1140; x_wconf 87' lang='lat' dir='ltr'>siquidem</span> <span class='ocrx_word' id='word_1_190' title='bbox 1461 1096 1535 1129; x_wconf 83' lang='lat' dir='ltr'>inde</span> <span class='ocrx_word' id='word_1_191' title='bbox 1565 1094 1768 1128; x_wconf 74' lang='lat' dir='ltr'>conservatio</span> <span class='ocrx_word' id='word_1_192' title='bbox 1794 1093 1870 1131; x_wconf 84' lang='lat' dir='ltr'>eius,</span> 
     </span>
    </p>
   </div>
   <div class='ocr_carea' id='block_1_8' title="bbox 1763 192 2059 225">
    <p class='ocr_par' dir='ltr' id='par_1_11' title="bbox 1763 192 2059 225">
     <span class='ocr_line' id='line_1_38' title="bbox 1763 192 2059 225; baseline 0.003 -2"><span class='ocrx_word' id='word_1_193' title='bbox 1763 192 1826 223; x_wconf 60' lang='lat'>335</span> <span class='ocrx_word' id='word_1_194' title='bbox 1872 198 1921 225; x_wconf 85' lang='lat' dir='ltr'>An.</span> <span class='ocrx_word' id='word_1_195' title='bbox 1943 196 1972 224; x_wconf 85' lang='lat' dir='ltr'>C.</span> <span class='ocrx_word' id='word_1_196' title='bbox 1990 196 2059 224; x_wconf 72' lang='lat'>1665</span> 
     </span>
    </p>
   </div>
   <div class='ocr_carea' id='block_1_9' title="bbox 1883 993 2068 1145">
    <p class='ocr_par' dir='ltr' id='par_1_12' title="bbox 1883 993 2068 1145">
     <span class='ocr_line' id='line_1_39' title="bbox 1907 993 2042 1014; baseline 0 0"><span class='ocrx_word' id='word_1_197' title='bbox 1907 993 1975 1014; x_wconf 57' lang='lat' dir='ltr'>emur</span> <span class='ocrx_word' id='word_1_198' title='bbox 1990 993 2042 1014; x_wconf 76' lang='lat' dir='ltr'>XIX.</span> 
     </span>
     <span class='ocr_line' id='line_1_40' title="bbox 1883 1020 2067 1046; baseline 0.005 -7"><span class='ocrx_word' id='word_1_199' title='bbox 1883 1020 1911 1040; x_wconf 66' lang='lat' dir='ltr'>De</span> <span class='ocrx_word' id='word_1_200' title='bbox 1925 1021 2067 1046; x_wconf 64' lang='lat' dir='ltr'>qualitatihus</span> 
     </span>
     <span class='ocr_line' id='line_1_41' title="bbox 1883 1047 2062 1066; baseline 0 0"><span class='ocrx_word' id='word_1_201' title='bbox 1883 1047 1969 1066; x_wconf 78' lang='lat' dir='ltr'>admitt·</span> <span class='ocrx_word' id='word_1_202' title='bbox 1994 1047 2062 1066; x_wconf 73' lang='lat' dir='ltr'>turum</span> 
     </span>
     <span class='ocr_line' id='line_1_42' title="bbox 1884 1073 2067 1093; baseline -0.011 0"><span class='ocrx_word' id='word_1_203' title='bbox 1884 1074 1909 1093; x_wconf 64' lang='lat' dir='ltr'>arl</span> <span class='ocrx_word' id='word_1_204' title='bbox 1935 1073 1946 1093; x_wconf 81' lang='lat' dir='ltr'>b</span> <span class='ocrx_word' id='word_1_205' title='bbox 2019 1078 2067 1092; x_wconf 77' lang='lat' dir='ltr'>san-</span> 
     </span>
     <span class='ocr_line' id='line_1_43' title="bbox 1884 1099 2068 1122; baseline 0.005 -5"><span class='ocrx_word' id='word_1_206' title='bbox 1884 1103 1938 1119; x_wconf 69' lang='lat' dir='ltr'>ctim</span> <span class='ocrx_word' id='word_1_207' title='bbox 1961 1099 2054 1119; x_wconf 58' lang='lat' dir='ltr'>«tlt-ilani</span> <span class='ocrx_word' id='word_1_208' title='bbox 2063 1114 2068 1122; x_wconf 92' lang='grc'>,</span> 
     </span>
     <span class='ocr_line' id='line_1_44' title="bbox 1884 1125 2068 1145; baseline 0 0"><span class='ocrx_word' id='word_1_209' title='bbox 1884 1132 1908 1145; x_wconf 57' lang='grc' dir='ltr'>ω’</span> <span class='ocrx_word' id='word_1_210' title='bbox 1919 1126 1944 1145; x_wconf 71' lang='lat' dir='ltr'>tle</span> <span class='ocrx_word' id='word_1_211' title='bbox 1956 1125 2021 1145; x_wconf 75' lang='lat' dir='ltr'>fornia</span> <span class='ocrx_word' id='word_1_212' title='bbox 2032 1130 2068 1145; x_wconf 67' lang='lat' dir='ltr'>ecs</span> 
     </span>
    </p>
   </div>
   <div class='ocr_carea' id='block_1_10' title="bbox 1954 1053 2022 1089">
    <p class='ocr_par' dir='ltr' id='par_1_13' title="bbox 1954 1053 2022 1089">
     <span class='ocr_line' id='line_1_45' title="bbox 1954 1053 2022 1089; baseline 0 2119"><span class='ocrx_word' id='word_1_213' title='bbox 1954 1053 2022 1089; x_wconf 95' lang='lat' dir='ltr'> </span> 
     </span>
    </p>
   </div>
   <div class='ocr_carea' id='block_1_11' title="bbox 355 1146 2008 1197">
    <p class='ocr_par' dir='ltr' id='par_1_14' title="bbox 355 1146 2008 1197">
     <span class='ocr_line' id='line_1_46' title="bbox 355 1146 2008 1197; baseline -0.007 -9"><span class='ocrx_word' id='word_1_214' title='bbox 355 1157 387 1188; x_wconf 92' lang='lat' dir='ltr'>in</span> <span class='ocrx_word' id='word_1_215' title='bbox 414 1166 473 1188; x_wconf 84' lang='lat' dir='ltr'>suo</span> <span class='ocrx_word' id='word_1_216' title='bbox 499 1155 627 1188; x_wconf 79' lang='lat' dir='ltr'>ordine.</span> <span class='ocrx_word' id='word_1_217' title='bbox 655 1154 692 1186; x_wconf 89' lang='lat' dir='ltr'>Et</span> <span class='ocrx_word' id='word_1_218' title='bbox 716 1154 844 1197; x_wconf 84' lang='lat' dir='ltr'>quando</span> <span class='ocrx_word' id='word_1_219' title='bbox 863 1154 907 1185; x_wconf 88' lang='lat' dir='ltr'>ita</span> <span class='ocrx_word' id='word_1_220' title='bbox 925 1152 1093 1195; x_wconf 78' lang='lat' dir='ltr'>placuerit,</span> <span class='ocrx_word' id='word_1_221' title='bbox 1112 1152 1114 1161; x_wconf 84' lang='lat'><strong><em>¹</em></strong></span> <span class='ocrx_word' id='word_1_222' title='bbox 1136 1156 1434 1193; x_wconf 81' lang='lat' dir='ltr'>augumentumque</span> <span class='ocrx_word' id='word_1_223' title='bbox 1467 1154 1521 1181; x_wconf 89' lang='lat' dir='ltr'>aut</span> <span class='ocrx_word' id='word_1_224' title='bbox 1552 1147 1709 1180; x_wconf 74' lang='lat' dir='ltr'>relaxatio</span> <span class='ocrx_word' id='word_1_225' title='bbox 1739 1146 2008 1179; x_wconf 68' lang='lat' dir='ltr'>omninoremkum-</span> 
     </span>
    </p>
   </div>
   <div class='ocr_carea' id='block_1_12' title="bbox 355 1207 1101 2151">
    <p class='ocr_par' dir='ltr' id='par_1_15' title="bbox 355 1207 1095 1357">
     <span class='ocr_line' id='line_1_47' title="bbox 355 1207 1095 1248; baseline -0.005 -7"><span class='ocrx_word' id='word_1_226' title='bbox 355 1208 512 1241; x_wconf 86' lang='lat' dir='ltr'>reelectio</span> <span class='ocrx_word' id='word_1_227' title='bbox 538 1208 670 1241; x_wconf 83' lang='lat' dir='ltr'>scholae</span> <span class='ocrx_word' id='word_1_228' title='bbox 700 1207 875 1245; x_wconf 82' lang='lat' dir='ltr'>reseretur,</span> <span class='ocrx_word' id='word_1_229' title='bbox 908 1215 1095 1248; x_wconf 87' lang='lat' dir='ltr'>proponen-</span> 
     </span>
     <span class='ocr_line' id='line_1_48' title="bbox 356 1257 1094 1304; baseline -0.007 -10"><span class='ocrx_word' id='word_1_230' title='bbox 356 1267 475 1304; x_wconf 82' lang='lat' dir='ltr'>turque</span> <span class='ocrx_word' id='word_1_231' title='bbox 512 1261 541 1294; x_wconf 90' lang='lat' dir='ltr'>ei</span> <span class='ocrx_word' id='word_1_232' title='bbox 574 1271 628 1294; x_wconf 84' lang='lat' dir='ltr'>sex</span> <span class='ocrx_word' id='word_1_233' title='bbox 654 1265 777 1292; x_wconf 90' lang='lat' dir='ltr'>tantum</span> <span class='ocrx_word' id='word_1_234' title='bbox 810 1269 869 1302; x_wconf 87' lang='lat' dir='ltr'>pro</span> <span class='ocrx_word' id='word_1_235' title='bbox 894 1258 999 1291; x_wconf 82' lang='lat' dir='ltr'>tribus</span> <span class='ocrx_word' id='word_1_236' title='bbox 1023 1257 1094 1290; x_wconf 87' lang='lat' dir='ltr'>aliis</span> 
     </span>
     <span class='ocr_line' id='line_1_49' title="bbox 357 1313 532 1357; baseline -0.011 -10"><span class='ocrx_word' id='word_1_237' title='bbox 357 1313 532 1357; x_wconf 83' lang='lat' dir='ltr'>deputatis.</span> 
     </span>
    </p>

    <p class='ocr_par' dir='ltr' id='par_1_16' title="bbox 357 1363 1098 1675">
     <span class='ocr_line' id='line_1_50' title="bbox 399 1363 1095 1407; baseline -0.006 -8"><span class='ocrx_word' id='word_1_238' title='bbox 399 1365 593 1399; x_wconf 84' lang='lat' dir='ltr'>Obedientia</span> <span class='ocrx_word' id='word_1_239' title='bbox 618 1365 735 1397; x_wconf 86' lang='lat' dir='ltr'>iterum</span> <span class='ocrx_word' id='word_1_240' title='bbox 759 1365 836 1407; x_wconf 76' lang='lat' dir='ltr'>eligi</span> <span class='ocrx_word' id='word_1_241' title='bbox 868 1365 907 1397; x_wconf 90' lang='lat' dir='ltr'>ad</span> <span class='ocrx_word' id='word_1_242' title='bbox 939 1364 1001 1396; x_wconf 87' lang='lat' dir='ltr'>hoe</span> <span class='ocrx_word' id='word_1_243' title='bbox 1026 1363 1095 1396; x_wconf 81' lang='lat' dir='ltr'>offi-</span> 
     </span>
     <span class='ocr_line' id='line_1_51' title="bbox 357 1416 1095 1460; baseline -0.004 -9"><span class='ocrx_word' id='word_1_244' title='bbox 357 1420 442 1451; x_wconf 89' lang='lat' dir='ltr'>cium</span> <span class='ocrx_word' id='word_1_245' title='bbox 459 1419 523 1451; x_wconf 84' lang='lat' dir='ltr'>sive</span> <span class='ocrx_word' id='word_1_246' title='bbox 544 1418 582 1451; x_wconf 83' lang='lat' dir='ltr'>ad</span> <span class='ocrx_word' id='word_1_247' title='bbox 603 1419 740 1451; x_wconf 82' lang='lat' dir='ltr'>alterum</span> <span class='ocrx_word' id='word_1_248' title='bbox 757 1417 881 1460; x_wconf 88' lang='lat' dir='ltr'>nequit,</span> <span class='ocrx_word' id='word_1_249' title='bbox 899 1416 960 1449; x_wconf 84' lang='lat' dir='ltr'>nisi</span> <span class='ocrx_word' id='word_1_250' title='bbox 981 1417 1095 1459; x_wconf 84' lang='lat' dir='ltr'>elapso</span> 
     </span>
     <span class='ocr_line' id='line_1_52' title="bbox 357 1469 1095 1516; baseline -0.003 -12"><span class='ocrx_word' id='word_1_251' title='bbox 357 1470 608 1516; x_wconf 81' lang='lat' dir='ltr'>quadrimestri3</span> <span class='ocrx_word' id='word_1_252' title='bbox 637 1481 698 1503; x_wconf 88' lang='lat' dir='ltr'>nec</span> <span class='ocrx_word' id='word_1_253' title='bbox 722 1469 866 1513; x_wconf 84' lang='lat' dir='ltr'>deputati</span> <span class='ocrx_word' id='word_1_254' title='bbox 891 1470 1000 1502; x_wconf 90' lang='lat' dir='ltr'>denuo</span> <span class='ocrx_word' id='word_1_255' title='bbox 1019 1469 1095 1512; x_wconf 84' lang='lat' dir='ltr'>eligi</span> 
     </span>
     <span class='ocr_line' id='line_1_53' title="bbox 358 1525 1094 1568; baseline -0.003 -10"><span class='ocrx_word' id='word_1_256' title='bbox 358 1526 398 1558; x_wconf 88' lang='lat' dir='ltr'>ad</span> <span class='ocrx_word' id='word_1_257' title='bbox 423 1525 509 1558; x_wconf 90' lang='lat' dir='ltr'>idem</span> <span class='ocrx_word' id='word_1_258' title='bbox 535 1534 653 1557; x_wconf 90' lang='lat' dir='ltr'>munus</span> <span class='ocrx_word' id='word_1_259' title='bbox 677 1528 827 1568; x_wconf 81' lang='lat' dir='ltr'>possunt,</span> <span class='ocrx_word' id='word_1_260' title='bbox 858 1527 994 1566; x_wconf 76' lang='lat' dir='ltr'>excepto</span> <span class='ocrx_word' id='word_1_261' title='bbox 1019 1533 1094 1562; x_wconf 88' lang='lat' dir='ltr'>uno,</span> 
     </span>
     <span class='ocr_line' id='line_1_54' title="bbox 357 1575 1098 1618; baseline -0.004 -7"><span class='ocrx_word' id='word_1_262' title='bbox 357 1579 403 1611; x_wconf 89' lang='lat' dir='ltr'>uti</span> <span class='ocrx_word' id='word_1_263' title='bbox 429 1579 549 1611; x_wconf 84' lang='lat' dir='ltr'>dietum</span> <span class='ocrx_word' id='word_1_264' title='bbox 575 1584 637 1618; x_wconf 89' lang='lat' dir='ltr'>est·‚</span> <span class='ocrx_word' id='word_1_265' title='bbox 663 1583 696 1610; x_wconf 87' lang='lat' dir='ltr'>at</span> <span class='ocrx_word' id='word_1_266' title='bbox 719 1587 795 1610; x_wconf 80' lang='lat' dir='ltr'>vero</span> <span class='ocrx_word' id='word_1_267' title='bbox 819 1577 852 1609; x_wconf 94' lang='lat' dir='ltr'>in</span> <span class='ocrx_word' id='word_1_268' title='bbox 873 1575 1098 1609; x_wconf 89' lang='lat' dir='ltr'>Obedientiam</span> 
     </span>
     <span class='ocr_line' id='line_1_55' title="bbox 361 1630 881 1675; baseline -0.004 -11"><span class='ocrx_word' id='word_1_269' title='bbox 361 1631 502 1675; x_wconf 80' lang='lat' dir='ltr'>quilibet</span> <span class='ocrx_word' id='word_1_270' title='bbox 525 1641 638 1664; x_wconf 86' lang='lat' dir='ltr'>eorum</span> <span class='ocrx_word' id='word_1_271' title='bbox 656 1635 769 1674; x_wconf 86' lang='lat' dir='ltr'>potest</span> <span class='ocrx_word' id='word_1_272' title='bbox 793 1630 881 1672; x_wconf 77' lang='lat' dir='ltr'>eligi.</span> 
     </span>
    </p>

    <p class='ocr_par' dir='ltr' id='par_1_17' title="bbox 359 1682 1101 2151">
     <span class='ocr_line' id='line_1_56' title="bbox 403 1682 1098 1725; baseline -0.004 -8"><span class='ocrx_word' id='word_1_273' title='bbox 403 1684 473 1717; x_wconf 82' lang='lat' dir='ltr'>Fiet</span> <span class='ocrx_word' id='word_1_274' title='bbox 506 1684 624 1717; x_wconf 81' lang='lat' dir='ltr'>electio</span> <span class='ocrx_word' id='word_1_275' title='bbox 647 1683 859 1716; x_wconf 86' lang='lat' dir='ltr'>Obedientiae</span> <span class='ocrx_word' id='word_1_276' title='bbox 890 1693 926 1715; x_wconf 87' lang='lat' dir='ltr'>ac</span> <span class='ocrx_word' id='word_1_277' title='bbox 963 1682 1098 1725; x_wconf 84' lang='lat' dir='ltr'>deputa-</span> 
     </span>
     <span class='ocr_line' id='line_1_57' title="bbox 359 1735 1098 1778; baseline -0.005 -8"><span class='ocrx_word' id='word_1_278' title='bbox 359 1743 469 1770; x_wconf 86' lang='lat' dir='ltr'>torum</span> <span class='ocrx_word' id='word_1_279' title='bbox 494 1738 591 1770; x_wconf 88' lang='lat' dir='ltr'>modo</span> <span class='ocrx_word' id='word_1_280' title='bbox 617 1737 680 1769; x_wconf 87' lang='lat' dir='ltr'>iam</span> <span class='ocrx_word' id='word_1_281' title='bbox 715 1736 818 1777; x_wconf 87' lang='lat' dir='ltr'>dieto,</span> <span class='ocrx_word' id='word_1_282' title='bbox 850 1740 924 1778; x_wconf 84' lang='lat' dir='ltr'>post</span> <span class='ocrx_word' id='word_1_283' title='bbox 953 1735 1098 1776; x_wconf 75' lang='lat' dir='ltr'>singulos</span> 
     </span>
     <span class='ocr_line' id='line_1_58' title="bbox 361 1787 1098 1834; baseline -0.007 -11"><span class='ocrx_word' id='word_1_284' title='bbox 361 1795 497 1834; x_wconf 86' lang='lat' dir='ltr'>quatuor</span> <span class='ocrx_word' id='word_1_285' title='bbox 516 1800 656 1829; x_wconf 80' lang='lat' dir='ltr'>menses,</span> <span class='ocrx_word' id='word_1_286' title='bbox 683 1798 801 1832; x_wconf 87' lang='lat' dir='ltr'>nempe</span> <span class='ocrx_word' id='word_1_287' title='bbox 826 1788 859 1820; x_wconf 90' lang='lat' dir='ltr'>in</span> <span class='ocrx_word' id='word_1_288' title='bbox 879 1787 942 1820; x_wconf 84' lang='lat' dir='ltr'>fine</span> <span class='ocrx_word' id='word_1_289' title='bbox 969 1788 1098 1821; x_wconf 82' lang='lat' dir='ltr'>decem-</span> 
     </span>
     <span class='ocr_line' id='line_1_59' title="bbox 360 1841 1099 1886; baseline -0.005 -10"><span class='ocrx_word' id='word_1_290' title='bbox 360 1843 558 1886; x_wconf 81' lang='lat' dir='ltr'>bris,aprilis</span> <span class='ocrx_word' id='word_1_291' title='bbox 578 1848 610 1875; x_wconf 89' lang='lat' dir='ltr'>et</span> <span class='ocrx_word' id='word_1_292' title='bbox 630 1842 766 1884; x_wconf 75' lang='lat' dir='ltr'>augusti.</span> <span class='ocrx_word' id='word_1_293' title='bbox 786 1841 877 1873; x_wconf 83' lang='lat' dir='ltr'>Prior</span> <span class='ocrx_word' id='word_1_294' title='bbox 898 1841 952 1873; x_wconf 86' lang='lat' dir='ltr'>illa</span> <span class='ocrx_word' id='word_1_295' title='bbox 973 1841 1099 1873; x_wconf 87' lang='lat' dir='ltr'>decem-</span> 
     </span>
     <span class='ocr_line' id='line_1_60' title="bbox 360 1893 1098 1938; baseline -0.005 -10"><span class='ocrx_word' id='word_1_296' title='bbox 360 1896 427 1929; x_wconf 88' lang='lat' dir='ltr'>bris</span> <span class='ocrx_word' id='word_1_297' title='bbox 454 1901 689 1938; x_wconf 73' lang='lat' dir='ltr'>anteponetur,</span> <span class='ocrx_word' id='word_1_298' title='bbox 724 1895 803 1926; x_wconf 81' lang='lat' dir='ltr'>itaut</span> <span class='ocrx_word' id='word_1_299' title='bbox 826 1905 886 1928; x_wconf 83' lang='lat' dir='ltr'>nec</span> <span class='ocrx_word' id='word_1_300' title='bbox 916 1894 948 1925; x_wconf 90' lang='lat' dir='ltr'>in</span> <span class='ocrx_word' id='word_1_301' title='bbox 979 1893 1098 1926; x_wconf 85' lang='lat' dir='ltr'>Natalis</span> 
     </span>
     <span class='ocr_line' id='line_1_61' title="bbox 363 1945 1098 1989; baseline -0.008 -7"><span class='ocrx_word' id='word_1_302' title='bbox 363 1949 516 1982; x_wconf 80' lang='lat' dir='ltr'>dominici</span> <span class='ocrx_word' id='word_1_303' title='bbox 535 1948 661 1988; x_wconf 78' lang='lat' dir='ltr'>diebus,</span> <span class='ocrx_word' id='word_1_304' title='bbox 682 1958 741 1980; x_wconf 87' lang='lat' dir='ltr'>nec</span> <span class='ocrx_word' id='word_1_305' title='bbox 763 1947 796 1979; x_wconf 91' lang='lat' dir='ltr'>in</span> <span class='ocrx_word' id='word_1_306' title='bbox 813 1946 961 1989; x_wconf 82' lang='lat' dir='ltr'>vesperis</span> <span class='ocrx_word' id='word_1_307' title='bbox 978 1945 1040 1983; x_wconf 80' lang='lat' dir='ltr'>fiat,</span> <span class='ocrx_word' id='word_1_308' title='bbox 1060 1945 1098 1977; x_wconf 87' lang='lat' dir='ltr'>ad</span> 
     </span>
     <span class='ocr_line' id='line_1_62' title="bbox 362 1998 1100 2035; baseline -0.005 -1"><span class='ocrx_word' id='word_1_309' title='bbox 362 2002 425 2035; x_wconf 83' lang='lat' dir='ltr'>hoc</span> <span class='ocrx_word' id='word_1_310' title='bbox 450 2007 485 2034; x_wconf 86' lang='lat' dir='ltr'>ut</span> <span class='ocrx_word' id='word_1_311' title='bbox 511 2001 665 2034; x_wconf 75' lang='lat' dir='ltr'>exercitia</span> <span class='ocrx_word' id='word_1_312' title='bbox 690 2001 808 2034; x_wconf 82' lang='lat' dir='ltr'>horum</span> <span class='ocrx_word' id='word_1_313' title='bbox 837 2000 962 2032; x_wconf 81' lang='lat' dir='ltr'>dierum</span> <span class='ocrx_word' id='word_1_314' title='bbox 992 1998 1100 2031; x_wconf 82' lang='lat' dir='ltr'>onmia</span> 
     </span>
     <span class='ocr_line' id='line_1_63' title="bbox 362 2052 1100 2097; baseline -0.005 -10"><span class='ocrx_word' id='word_1_315' title='bbox 362 2055 427 2087; x_wconf 89' lang='lat' dir='ltr'>sint</span> <span class='ocrx_word' id='word_1_316' title='bbox 444 2054 732 2097; x_wconf 82' lang='lat' dir='ltr'>contemplationis</span> <span class='ocrx_word' id='word_1_317' title='bbox 754 2059 786 2086; x_wconf 90' lang='lat' dir='ltr'>et</span> <span class='ocrx_word' id='word_1_318' title='bbox 806 2053 924 2085; x_wconf 80' lang='lat' dir='ltr'>amoris</span> <span class='ocrx_word' id='word_1_319' title='bbox 945 2063 1021 2094; x_wconf 74' lang='lat' dir='ltr'>erga</span> <span class='ocrx_word' id='word_1_320' title='bbox 1039 2052 1100 2084; x_wconf 83' lang='lat' dir='ltr'>hoe</span> 
     </span>
     <span class='ocr_line' id='line_1_64' title="bbox 363 2104 1101 2151; baseline -0.005 -11"><span class='ocrx_word' id='word_1_321' title='bbox 363 2118 539 2151; x_wconf 82' lang='lat' dir='ltr'>supernum</span> <span class='ocrx_word' id='word_1_322' title='bbox 554 2113 585 2140; x_wconf 86' lang='lat' dir='ltr'>et</span> <span class='ocrx_word' id='word_1_323' title='bbox 599 2108 692 2140; x_wconf 80' lang='lat' dir='ltr'>dulce</span> <span class='ocrx_word' id='word_1_324' title='bbox 714 2106 914 2150; x_wconf 64' lang='lat' dir='ltr'>mysterium,</span> <span class='ocrx_word' id='word_1_325' title='bbox 930 2105 1018 2138; x_wconf 85' lang='lat' dir='ltr'>omni</span> <span class='ocrx_word' id='word_1_326' title='bbox 1040 2104 1101 2137; x_wconf 80' lang='lat' dir='ltr'>alia</span> 
     </span>
    </p>
   </div>
   <div class='ocr_carea' id='block_1_13' title="bbox 1111 1272 1117 1407">
    <p class='ocr_par' dir='ltr' id='par_1_18' title="bbox 1111 1272 1117 1407">
     <span class='ocr_line' id='line_1_65' title="bbox 1111 1272 1117 1407; baseline 0 1801"><span class='ocrx_word' id='word_1_327' title='bbox 1111 1272 1117 1407; x_wconf 95' lang='lat' dir='ltr'> </span> 
     </span>
    </p>
   </div>
   <div class='ocr_carea' id='block_1_14' title="bbox 1113 1409 1117 1500">
    <p class='ocr_par' dir='ltr' id='par_1_19' title="bbox 1113 1409 1117 1500">
     <span class='ocr_line' id='line_1_66' title="bbox 1113 1409 1117 1500; baseline 0 1708"><span class='ocrx_word' id='word_1_328' title='bbox 1113 1409 1117 1500; x_wconf 95' lang='lat' dir='ltr'> </span> 
     </span>
    </p>
   </div>
   <div class='ocr_carea' id='block_1_15' title="bbox 1113 1189 1876 1513">
    <p class='ocr_par' dir='ltr' id='par_1_20' title="bbox 1113 1189 1876 1513">
     <span class='ocr_line' id='line_1_67' title="bbox 1113 1189 1873 1254; baseline -0.007 -18"><span class='ocrx_word' id='word_1_329' title='bbox 1113 1189 1116 1254; x_wconf 55' lang='lat' dir='ltr'>i</span> <span class='ocrx_word' id='word_1_330' title='bbox 1135 1204 1266 1247; x_wconf 83' lang='lat' dir='ltr'>pendet.</span> <span class='ocrx_word' id='word_1_331' title='bbox 1286 1203 1320 1235; x_wconf 87' lang='lat' dir='ltr'>In</span> <span class='ocrx_word' id='word_1_332' title='bbox 1345 1213 1409 1245; x_wconf 88' lang='lat' dir='ltr'>qua</span> <span class='ocrx_word' id='word_1_333' title='bbox 1428 1213 1461 1234; x_wconf 83' lang='lat' dir='ltr'>re</span> <span class='ocrx_word' id='word_1_334' title='bbox 1486 1202 1519 1234; x_wconf 93' lang='lat' dir='ltr'>id</span> <span class='ocrx_word' id='word_1_335' title='bbox 1537 1201 1688 1234; x_wconf 88' lang='lat' dir='ltr'>omnibus</span> <span class='ocrx_word' id='word_1_336' title='bbox 1708 1210 1873 1233; x_wconf 75' lang='lat' dir='ltr'>commen-</span> 
     </span>
     <span class='ocr_line' id='line_1_68' title="bbox 1136 1252 1873 1299; baseline -0.009 -9"><span class='ocrx_word' id='word_1_337' title='bbox 1136 1258 1241 1295; x_wconf 85' lang='lat' dir='ltr'>datur,</span> <span class='ocrx_word' id='word_1_338' title='bbox 1264 1255 1519 1299; x_wconf 85' lang='lat' dir='ltr'>praesertimque</span> <span class='ocrx_word' id='word_1_339' title='bbox 1537 1253 1746 1287; x_wconf 83' lang='lat' dir='ltr'>Obedientiae</span> <span class='ocrx_word' id='word_1_340' title='bbox 1769 1258 1799 1285; x_wconf 89' lang='lat' dir='ltr'>et</span> <span class='ocrx_word' id='word_1_341' title='bbox 1827 1252 1873 1284; x_wconf 81' lang='lat' dir='ltr'>of-</span> 
     </span>
     <span class='ocr_line' id='line_1_69' title="bbox 1135 1305 1874 1349; baseline -0.008 -7"><span class='ocrx_word' id='word_1_342' title='bbox 1135 1310 1317 1349; x_wconf 84' lang='lat' dir='ltr'>ficialibus,</span> <span class='ocrx_word' id='word_1_343' title='bbox 1345 1314 1380 1341; x_wconf 87' lang='lat' dir='ltr'>ut</span> <span class='ocrx_word' id='word_1_344' title='bbox 1410 1307 1614 1341; x_wconf 79' lang='lat' dir='ltr'>exactissime</span> <span class='ocrx_word' id='word_1_345' title='bbox 1646 1306 1812 1349; x_wconf 87' lang='lat' dir='ltr'>inquirant</span> <span class='ocrx_word' id='word_1_346' title='bbox 1841 1305 1874 1337; x_wconf 89' lang='lat' dir='ltr'>in</span> 
     </span>
     <span class='ocr_line' id='line_1_70' title="bbox 1137 1357 1874 1402; baseline -0.009 -6"><span class='ocrx_word' id='word_1_347' title='bbox 1137 1363 1206 1396; x_wconf 89' lang='lat' dir='ltr'>eius</span> <span class='ocrx_word' id='word_1_348' title='bbox 1223 1363 1378 1402; x_wconf 87' lang='lat' dir='ltr'>indolem,</span> <span class='ocrx_word' id='word_1_349' title='bbox 1397 1367 1429 1395; x_wconf 91' lang='lat' dir='ltr'>et</span> <span class='ocrx_word' id='word_1_350' title='bbox 1442 1360 1539 1393; x_wconf 88' lang='lat' dir='ltr'>animi</span> <span class='ocrx_word' id='word_1_351' title='bbox 1556 1361 1659 1400; x_wconf 87' lang='lat' dir='ltr'>dotes,</span> <span class='ocrx_word' id='word_1_352' title='bbox 1677 1359 1730 1402; x_wconf 90' lang='lat' dir='ltr'>qui</span> <span class='ocrx_word' id='word_1_353' title='bbox 1748 1357 1874 1390; x_wconf 87' lang='lat' dir='ltr'>admitti</span> 
     </span>
     <span class='ocr_line' id='line_1_71' title="bbox 1138 1411 1875 1457; baseline -0.009 -8"><span class='ocrx_word' id='word_1_354' title='bbox 1138 1417 1330 1456; x_wconf 85' lang='lat' dir='ltr'>desiderat,</span> <span class='ocrx_word' id='word_1_355' title='bbox 1356 1415 1400 1447; x_wconf 90' lang='lat' dir='ltr'>nil</span> <span class='ocrx_word' id='word_1_356' title='bbox 1434 1419 1571 1457; x_wconf 88' lang='lat' dir='ltr'>propter</span> <span class='ocrx_word' id='word_1_357' title='bbox 1603 1413 1783 1444; x_wconf 84' lang='lat' dir='ltr'>humanum</span> <span class='ocrx_word' id='word_1_358' title='bbox 1820 1411 1875 1443; x_wconf 84' lang='lat' dir='ltr'>ali-</span> 
     </span>
     <span class='ocr_line' id='line_1_72' title="bbox 1139 1463 1876 1513; baseline -0.009 -11"><span class='ocrx_word' id='word_1_359' title='bbox 1139 1480 1237 1513; x_wconf 87' lang='lat' dir='ltr'>quem</span> <span class='ocrx_word' id='word_1_360' title='bbox 1261 1472 1448 1511; x_wconf 83' lang='lat' dir='ltr'>respectum</span> <span class='ocrx_word' id='word_1_361' title='bbox 1474 1465 1706 1500; x_wconf 82' lang='lat' dir='ltr'>dissimulando</span> <span class='ocrx_word' id='word_1_362' title='bbox 1735 1470 1790 1497; x_wconf 86' lang='lat' dir='ltr'>aut</span> <span class='ocrx_word' id='word_1_363' title='bbox 1815 1463 1876 1496; x_wconf 84' lang='lat' dir='ltr'>dis-</span> 
     </span>
    </p>
   </div>
   <div class='ocr_carea' id='block_1_16' title="bbox 1111 1505 1318 1566">
    <p class='ocr_par' dir='ltr' id='par_1_21' title="bbox 1111 1505 1318 1566">
     <span class='ocr_line' id='line_1_73' title="bbox 1111 1505 1318 1566; baseline -0.01 -10"><span class='ocrx_word' id='word_1_364' title='bbox 1111 1505 1118 1566; x_wconf 63' lang='lat' dir='ltr'>i</span> <span class='ocrx_word' id='word_1_365' title='bbox 1138 1522 1318 1566; x_wconf 85' lang='lat' dir='ltr'>pensando.</span> 
     </span>
    </p>
   </div>
   <div class='ocr_carea' id='block_1_17' title="bbox 1139 1568 1881 2188">
    <p class='ocr_par' dir='ltr' id='par_1_22' title="bbox 1139 1568 1881 2188">
     <span class='ocr_line' id='line_1_74' title="bbox 1182 1568 1877 1618; baseline -0.01 -10"><span class='ocrx_word' id='word_1_366' title='bbox 1182 1575 1217 1608; x_wconf 91' lang='lat' dir='ltr'>In</span> <span class='ocrx_word' id='word_1_367' title='bbox 1241 1575 1345 1618; x_wconf 88' lang='lat' dir='ltr'>capite</span> <span class='ocrx_word' id='word_1_368' title='bbox 1372 1583 1394 1607; x_wconf 93' lang='lat'>11</span> <span class='ocrx_word' id='word_1_369' title='bbox 1420 1572 1541 1606; x_wconf 87' lang='lat' dir='ltr'>dictum</span> <span class='ocrx_word' id='word_1_370' title='bbox 1566 1571 1624 1604; x_wconf 87' lang='lat' dir='ltr'>suit</span> <span class='ocrx_word' id='word_1_371' title='bbox 1653 1571 1770 1614; x_wconf 87' lang='lat' dir='ltr'>quibus</span> <span class='ocrx_word' id='word_1_372' title='bbox 1797 1568 1877 1602; x_wconf 85' lang='lat' dir='ltr'>doti-</span> 
     </span>
     <span class='ocr_line' id='line_1_75' title="bbox 1139 1623 1877 1672; baseline -0.009 -11"><span class='ocrx_word' id='word_1_373' title='bbox 1139 1629 1200 1661; x_wconf 88' lang='lat' dir='ltr'>bus</span> <span class='ocrx_word' id='word_1_374' title='bbox 1224 1627 1363 1672; x_wconf 89' lang='lat' dir='ltr'>praediti</span> <span class='ocrx_word' id='word_1_375' title='bbox 1390 1637 1460 1659; x_wconf 89' lang='lat' dir='ltr'>esse</span> <span class='ocrx_word' id='word_1_376' title='bbox 1487 1626 1608 1658; x_wconf 87' lang='lat' dir='ltr'>debent</span> <span class='ocrx_word' id='word_1_377' title='bbox 1632 1625 1763 1656; x_wconf 85' lang='lat' dir='ltr'>scholae</span> <span class='ocrx_word' id='word_1_378' title='bbox 1782 1623 1877 1655; x_wconf 83' lang='lat' dir='ltr'>huius</span> 
     </span>
     <span class='ocr_line' id='line_1_76' title="bbox 1141 1677 1878 1722; baseline -0.009 -8"><span class='ocrx_word' id='word_1_379' title='bbox 1141 1682 1266 1721; x_wconf 84' lang='lat' dir='ltr'>fratres,</span> <span class='ocrx_word' id='word_1_380' title='bbox 1284 1680 1334 1713; x_wconf 76' lang='lat' dir='ltr'>ut¹</span> <span class='ocrx_word' id='word_1_381' title='bbox 1352 1680 1383 1712; x_wconf 88' lang='lat' dir='ltr'>in</span> <span class='ocrx_word' id='word_1_382' title='bbox 1403 1679 1617 1722; x_wconf 83' lang='lat' dir='ltr'>sequentibus</span> <span class='ocrx_word' id='word_1_383' title='bbox 1639 1677 1744 1721; x_wconf 85' lang='lat' dir='ltr'>qualis</span> <span class='ocrx_word' id='word_1_384' title='bbox 1764 1686 1878 1709; x_wconf 86' lang='lat' dir='ltr'>eorum</span> 
     </span>
     <span class='ocr_line' id='line_1_77' title="bbox 1140 1729 1878 1778; baseline -0.011 -11"><span class='ocrx_word' id='word_1_385' title='bbox 1140 1733 1313 1778; x_wconf 79' lang='lat' dir='ltr'>professio,</span> <span class='ocrx_word' id='word_1_386' title='bbox 1336 1731 1488 1765; x_wconf 78' lang='lat' dir='ltr'>exercitia</span> <span class='ocrx_word' id='word_1_387' title='bbox 1506 1738 1536 1763; x_wconf 89' lang='lat' dir='ltr'>et</span> <span class='ocrx_word' id='word_1_388' title='bbox 1562 1730 1790 1772; x_wconf 74' lang='lat' dir='ltr'>obligationes.</span> <span class='ocrx_word' id='word_1_389' title='bbox 1808 1729 1878 1761; x_wconf 78' lang='lat' dir='ltr'>qu-</span> 
     </span>
     <span class='ocr_line' id='line_1_78' title="bbox 1143 1781 1878 1829; baseline -0.01 -10"><span class='ocrx_word' id='word_1_390' title='bbox 1143 1793 1238 1829; x_wconf 85' lang='lat' dir='ltr'>taque</span> <span class='ocrx_word' id='word_1_391' title='bbox 1264 1784 1537 1823; x_wconf 84' lang='lat' dir='ltr'>considerabitur,</span> <span class='ocrx_word' id='word_1_392' title='bbox 1565 1792 1604 1815; x_wconf 85' lang='lat' dir='ltr'>an</span> <span class='ocrx_word' id='word_1_393' title='bbox 1631 1783 1668 1823; x_wconf 82' lang='lat' dir='ltr'>is,</span> <span class='ocrx_word' id='word_1_394' title='bbox 1687 1782 1741 1824; x_wconf 84' lang='lat' dir='ltr'>qui</span> <span class='ocrx_word' id='word_1_395' title='bbox 1768 1792 1802 1813; x_wconf 79' lang='lat' dir='ltr'>se</span> <span class='ocrx_word' id='word_1_396' title='bbox 1828 1781 1878 1813; x_wconf 85' lang='lat' dir='ltr'>ad-</span> 
     </span>
     <span class='ocr_line' id='line_1_79' title="bbox 1142 1835 1877 1882; baseline -0.01 -11"><span class='ocrx_word' id='word_1_397' title='bbox 1142 1839 1222 1871; x_wconf 88' lang='lat' dir='ltr'>mitti</span> <span class='ocrx_word' id='word_1_398' title='bbox 1248 1839 1406 1882; x_wconf 84' lang='lat' dir='ltr'>postulat,</span> <span class='ocrx_word' id='word_1_399' title='bbox 1432 1837 1471 1868; x_wconf 88' lang='lat' dir='ltr'>iis</span> <span class='ocrx_word' id='word_1_400' title='bbox 1496 1835 1704 1878; x_wconf 65' lang='lat' dir='ltr'>qualitatihus</span> <span class='ocrx_word' id='word_1_401' title='bbox 1731 1835 1877 1876; x_wconf 64' lang='lat' dir='ltr'>gaudeat,</span> 
     </span>
     <span class='ocr_line' id='line_1_80' title="bbox 1143 1887 1880 1935; baseline -0.008 -12"><span class='ocrx_word' id='word_1_402' title='bbox 1143 1902 1221 1935; x_wconf 84' lang='lat' dir='ltr'>quas</span> <span class='ocrx_word' id='word_1_403' title='bbox 1240 1890 1424 1923; x_wconf 86' lang='lat' dir='ltr'>institutum</span> <span class='ocrx_word' id='word_1_404' title='bbox 1444 1890 1506 1920; x_wconf 81' lang='lat' dir='ltr'>hoe</span> <span class='ocrx_word' id='word_1_405' title='bbox 1533 1888 1683 1930; x_wconf 73' lang='lat' dir='ltr'>requirit3</span> <span class='ocrx_word' id='word_1_406' title='bbox 1702 1890 1738 1919; x_wconf 77' lang='lat' dir='ltr'>ea</span> <span class='ocrx_word' id='word_1_407' title='bbox 1757 1887 1880 1918; x_wconf 74' lang='lat' dir='ltr'>seilicet</span> 
     </span>
     <span class='ocr_line' id='line_1_81' title="bbox 1143 1940 1879 1976; baseline -0.008 0"><span class='ocrx_word' id='word_1_408' title='bbox 1143 1942 1425 1976; x_wconf 67' lang='lat' dir='ltr'>animadversione</span> <span class='ocrx_word' id='word_1_409' title='bbox 1443 1941 1554 1973; x_wconf 77' lang='lat' dir='ltr'>habita</span> <span class='ocrx_word' id='word_1_410' title='bbox 1573 1940 1789 1971; x_wconf 77' lang='lat' dir='ltr'>necessarium</span> <span class='ocrx_word' id='word_1_411' title='bbox 1813 1948 1879 1971; x_wconf 88' lang='lat' dir='ltr'>non</span> 
     </span>
     <span class='ocr_line' id='line_1_82' title="bbox 1144 1992 1880 2039; baseline -0.007 -12"><span class='ocrx_word' id='word_1_412' title='bbox 1144 2008 1216 2029; x_wconf 83' lang='lat' dir='ltr'>esse</span> <span class='ocrx_word' id='word_1_413' title='bbox 1243 1996 1326 2039; x_wconf 87' lang='lat' dir='ltr'>quod</span> <span class='ocrx_word' id='word_1_414' title='bbox 1352 1995 1534 2037; x_wconf 83' lang='lat' dir='ltr'>completus</span> <span class='ocrx_word' id='word_1_415' title='bbox 1556 1992 1596 2024; x_wconf 88' lang='lat' dir='ltr'>sit</span> <span class='ocrx_word' id='word_1_416' title='bbox 1620 1993 1753 2024; x_wconf 83' lang='lat' dir='ltr'>fratrum</span> <span class='ocrx_word' id='word_1_417' title='bbox 1774 2001 1880 2023; x_wconf 88' lang='lat' dir='ltr'>nume-</span> 
     </span>
     <span class='ocr_line' id='line_1_83' title="bbox 1143 2046 1881 2089; baseline -0.008 -8"><span class='ocrx_word' id='word_1_418' title='bbox 1143 2060 1217 2089; x_wconf 71' lang='lat' dir='ltr'>rus,</span> <span class='ocrx_word' id='word_1_419' title='bbox 1245 2047 1336 2081; x_wconf 80' lang='lat' dir='ltr'>sicuti</span> <span class='ocrx_word' id='word_1_420' title='bbox 1362 2046 1584 2079; x_wconf 80' lang='lat' dir='ltr'>necessarium</span> <span class='ocrx_word' id='word_1_421' title='bbox 1609 2051 1656 2077; x_wconf 79' lang='lat' dir='ltr'>est</span> <span class='ocrx_word' id='word_1_422' title='bbox 1688 2055 1799 2077; x_wconf 83' lang='lat' dir='ltr'>eorum</span> <span class='ocrx_word' id='word_1_423' title='bbox 1825 2054 1881 2076; x_wconf 46' lang='grc' dir='ltr'>Πρω</span> 
     </span>
     <span class='ocr_line' id='line_1_84' title="bbox 1144 2097 1881 2142; baseline -0.008 -8"><span class='ocrx_word' id='word_1_424' title='bbox 1144 2102 1265 2134; x_wconf 85' lang='lat' dir='ltr'>minem</span> <span class='ocrx_word' id='word_1_425' title='bbox 1292 2109 1426 2142; x_wconf 76' lang='lat' dir='ltr'>magnae</span> <span class='ocrx_word' id='word_1_426' title='bbox 1452 2098 1577 2131; x_wconf 81' lang='lat' dir='ltr'>virtutis</span> <span class='ocrx_word' id='word_1_427' title='bbox 1604 2102 1635 2130; x_wconf 90' lang='lat' dir='ltr'>et</span> <span class='ocrx_word' id='word_1_428' title='bbox 1659 2097 1797 2139; x_wconf 79' lang='lat' dir='ltr'>exempli</span> <span class='ocrx_word' id='word_1_429' title='bbox 1817 2106 1881 2129; x_wconf 90' lang='lat' dir='ltr'>non</span> 
     </span>
     <span class='ocr_line' id='line_1_85' title="bbox 1145 2166 1227 2188; baseline -0.012 0"><span class='ocrx_word' id='word_1_430' title='bbox 1145 2166 1227 2188; x_wconf 81' lang='lat' dir='ltr'>esse.</span> 
     </span>
    </p>
   </div>
   <div class='ocr_carea' id='block_1_18' title="bbox 170 2161 1103 2413">
    <p class='ocr_par' dir='ltr' id='par_1_23' title="bbox 170 2161 1103 2413">
     <span class='ocr_line' id='line_1_86' title="bbox 365 2161 664 2203; baseline -0.003 -10"><span class='ocrx_word' id='word_1_431' title='bbox 365 2164 440 2193; x_wconf 75' lang='lat' dir='ltr'>cura</span> <span class='ocrx_word' id='word_1_432' title='bbox 464 2161 664 2203; x_wconf 78' lang='lat' dir='ltr'>posthabita.</span> 
     </span>
     <span class='ocr_line' id='line_1_87' title="bbox 171 2211 1103 2271; baseline -0.002 -27"><span class='ocrx_word' id='word_1_433' title='bbox 171 2221 355 2271; x_wconf 49' lang='lat' dir='ltr'>qureffiffie</span> <span class='ocrx_word' id='word_1_434' title='bbox 400 2214 504 2246; x_wconf 70' lang='lat' dir='ltr'>XVIII.</span> <span class='ocrx_word' id='word_1_435' title='bbox 517 2213 584 2252; x_wconf 82' lang='lat' dir='ltr'>Quo</span> <span class='ocrx_word' id='word_1_436' title='bbox 596 2214 646 2246; x_wconf 88' lang='lat' dir='ltr'>die</span> <span class='ocrx_word' id='word_1_437' title='bbox 658 2224 742 2246; x_wconf 88' lang='lat' dir='ltr'>novo</span> <span class='ocrx_word' id='word_1_438' title='bbox 753 2211 964 2245; x_wconf 80' lang='lat' dir='ltr'>Obedientiae</span> <span class='ocrx_word' id='word_1_439' title='bbox 978 2211 1103 2253; x_wconf 86' lang='lat' dir='ltr'>placue-</span> 
     </span>
     <span class='ocr_line' id='line_1_88' title="bbox 170 2264 1101 2327; baseline -0.004 -28"><span class='ocrx_word' id='word_1_440' title='bbox 170 2276 355 2327; x_wconf 43' lang='lat' dir='ltr'>{ffoerruentssruhafflg</span> <span class='ocrx_word' id='word_1_441' title='bbox 366 2266 418 2307; x_wconf 88' lang='lat' dir='ltr'>rit,</span> <span class='ocrx_word' id='word_1_442' title='bbox 435 2272 508 2299; x_wconf 90' lang='lat' dir='ltr'>ante</span> <span class='ocrx_word' id='word_1_443' title='bbox 525 2272 632 2299; x_wconf 86' lang='lat' dir='ltr'>tamen</span> <span class='ocrx_word' id='word_1_444' title='bbox 646 2266 781 2309; x_wconf 89' lang='lat' dir='ltr'>primam</span> <span class='ocrx_word' id='word_1_445' title='bbox 795 2265 834 2297; x_wconf 84' lang='lat' dir='ltr'>ab</span> <span class='ocrx_word' id='word_1_446' title='bbox 849 2264 926 2296; x_wconf 74' lang='lat' dir='ltr'>sua³</span> <span class='ocrx_word' id='word_1_447' title='bbox 940 2264 1101 2296; x_wconf 80' lang='lat' dir='ltr'>electione</span> 
     </span>
     <span class='ocr_line' id='line_1_89' title="bbox 172 2317 1102 2362; baseline -0.004 -10"><span class='ocrx_word' id='word_1_448' title='bbox 172 2328 326 2350; x_wconf 71' lang='lat' dir='ltr'>coadiutorum.</span> <span class='ocrx_word' id='word_1_449' title='bbox 367 2319 479 2352; x_wconf 76' lang='lat' dir='ltr'>seriam</span> <span class='ocrx_word' id='word_1_450' title='bbox 505 2319 670 2362; x_wconf 87' lang='lat' dir='ltr'>quintam,</span> <span class='ocrx_word' id='word_1_451' title='bbox 693 2317 908 2360; x_wconf 73' lang='lat' dir='ltr'>congregabit</span> <span class='ocrx_word' id='word_1_452' title='bbox 931 2317 1102 2359; x_wconf 81' lang='lat' dir='ltr'>deputatos</span> 
     </span>
     <span class='ocr_line' id='line_1_90' title="bbox 367 2369 1103 2413; baseline -0.005 -9"><span class='ocrx_word' id='word_1_453' title='bbox 367 2382 440 2405; x_wconf 87' lang='lat' dir='ltr'>cum</span> <span class='ocrx_word' id='word_1_454' title='bbox 455 2371 632 2404; x_wconf 85' lang='lat' dir='ltr'>secretario</span> <span class='ocrx_word' id='word_1_455' title='bbox 650 2370 796 2413; x_wconf 66' lang='lat' dir='ltr'>anticulo,</span> <span class='ocrx_word' id='word_1_456' title='bbox 816 2375 851 2401; x_wconf 72' lang='lat' dir='ltr'>utv</span> <span class='ocrx_word' id='word_1_457' title='bbox 867 2379 987 2401; x_wconf 78' lang='lat' dir='ltr'>novum</span> <span class='ocrx_word' id='word_1_458' title='bbox 1005 2369 1103 2401; x_wconf 78' lang='lat' dir='ltr'>alium</span> 
     </span>
    </p>
   </div>
   <div class='ocr_carea' id='block_1_19' title="bbox 368 2422 1103 2466">
    <p class='ocr_par' dir='ltr' id='par_1_24' title="bbox 368 2422 1103 2466">
     <span class='ocr_line' id='line_1_91' title="bbox 368 2422 1103 2466; baseline -0.007 -8"><span class='ocrx_word' id='word_1_459' title='bbox 368 2425 579 2458; x_wconf 81' lang='lat' dir='ltr'>secretarium</span> <span class='ocrx_word' id='word_1_460' title='bbox 597 2430 629 2456; x_wconf 92' lang='lat' dir='ltr'>et</span> <span class='ocrx_word' id='word_1_461' title='bbox 645 2424 776 2456; x_wconf 87' lang='lat' dir='ltr'>nuntios</span> <span class='ocrx_word' id='word_1_462' title='bbox 792 2434 853 2466; x_wconf 87' lang='lat' dir='ltr'>pro</span> <span class='ocrx_word' id='word_1_463' title='bbox 873 2428 1012 2465; x_wconf 90' lang='lat' dir='ltr'>quatuor</span> <span class='ocrx_word' id='word_1_464' title='bbox 1038 2422 1103 2454; x_wconf 87' lang='lat' dir='ltr'>suis</span> 
     </span>
    </p>
   </div>
   <div class='ocr_carea' id='block_1_20' title="bbox 1124 2204 1884 2511">
    <p class='ocr_par' dir='ltr' id='par_1_25' title="bbox 1124 2204 1884 2511">
     <span class='ocr_line' id='line_1_92' title="bbox 1188 2204 1882 2246; baseline -0.009 -5"><span class='ocrx_word' id='word_1_465' title='bbox 1188 2208 1362 2241; x_wconf 80' lang='lat' dir='ltr'>Habebunt.</span> <span class='ocrx_word' id='word_1_466' title='bbox 1375 2207 1489 2239; x_wconf 80' lang='lat' dir='ltr'>saltem</span> <span class='ocrx_word' id='word_1_467' title='bbox 1506 2206 1538 2238; x_wconf 90' lang='lat' dir='ltr'>in</span> <span class='ocrx_word' id='word_1_468' title='bbox 1556 2210 1659 2237; x_wconf 83' lang='lat' dir='ltr'>aetate</span> <span class='ocrx_word' id='word_1_469' title='bbox 1679 2204 1789 2246; x_wconf 69' lang='lat' dir='ltr'>viginti</span> <span class='ocrx_word' id='word_1_470' title='bbox 1808 2213 1882 2245; x_wconf 77' lang='lat' dir='ltr'>qua-</span> 
     </span>
     <span class='ocr_line' id='line_1_93' title="bbox 1145 2257 1882 2300; baseline -0.008 -6"><span class='ocrx_word' id='word_1_471' title='bbox 1145 2268 1217 2294; x_wconf 85' lang='lat' dir='ltr'>tuor</span> <span class='ocrx_word' id='word_1_472' title='bbox 1242 2271 1356 2299; x_wconf 89' lang='lat' dir='ltr'>annos,</span> <span class='ocrx_word' id='word_1_473' title='bbox 1374 2258 1435 2291; x_wconf 86' lang='lat' dir='ltr'>nisi</span> <span class='ocrx_word' id='word_1_474' title='bbox 1453 2269 1524 2290; x_wconf 84' lang='lat' dir='ltr'>eum</span> <span class='ocrx_word' id='word_1_475' title='bbox 1542 2258 1651 2300; x_wconf 86' lang='lat' dir='ltr'>aliquo</span> <span class='ocrx_word' id='word_1_476' title='bbox 1676 2257 1709 2288; x_wconf 93' lang='lat' dir='ltr'>in</span> <span class='ocrx_word' id='word_1_477' title='bbox 1737 2257 1797 2288; x_wconf 80' lang='lat' dir='ltr'>boe</span> <span class='ocrx_word' id='word_1_478' title='bbox 1820 2257 1882 2288; x_wconf 79' lang='lat' dir='ltr'>dis-</span> 
     </span>
     <span class='ocr_line' id='line_1_94' title="bbox 1146 2310 1880 2357; baseline -0.008 -10"><span class='ocrx_word' id='word_1_479' title='bbox 1146 2313 1305 2357; x_wconf 86' lang='lat' dir='ltr'>pensandi</span> <span class='ocrx_word' id='word_1_480' title='bbox 1330 2311 1504 2355; x_wconf 78' lang='lat' dir='ltr'>peculiaris</span> <span class='ocrx_word' id='word_1_481' title='bbox 1530 2311 1638 2353; x_wconf 86' lang='lat' dir='ltr'>aliqua</span> <span class='ocrx_word' id='word_1_482' title='bbox 1667 2310 1762 2342; x_wconf 78' lang='lat' dir='ltr'>suerit</span> <span class='ocrx_word' id='word_1_483' title='bbox 1784 2310 1880 2349; x_wconf 82' lang='lat' dir='ltr'>ratio;</span> 
     </span>
     <span class='ocr_line' id='line_1_95' title="bbox 1146 2361 1882 2409; baseline -0.008 -11"><span class='ocrx_word' id='word_1_484' title='bbox 1146 2367 1177 2398; x_wconf 84' lang='lat' dir='ltr'>in</span> <span class='ocrx_word' id='word_1_485' title='bbox 1197 2377 1260 2409; x_wconf 90' lang='lat' dir='ltr'>quo</span> <span class='ocrx_word' id='word_1_486' title='bbox 1279 2374 1479 2397; x_wconf 87' lang='lat' dir='ltr'>concurrere</span> <span class='ocrx_word' id='word_1_487' title='bbox 1498 2374 1579 2406; x_wconf 90' lang='lat' dir='ltr'>opus</span> <span class='ocrx_word' id='word_1_488' title='bbox 1599 2363 1658 2395; x_wconf 89' lang='lat' dir='ltr'>erit</span> <span class='ocrx_word' id='word_1_489' title='bbox 1677 2363 1754 2394; x_wconf 79' lang='lat' dir='ltr'>duas</span> <span class='ocrx_word' id='word_1_490' title='bbox 1774 2361 1882 2393; x_wconf 79' lang='lat' dir='ltr'>tertias</span> 
     </span>
     <span class='ocr_line' id='line_1_96' title="bbox 1124 2415 1883 2461; baseline -0.007 -11"><span class='ocrx_word' id='word_1_491' title='bbox 1124 2427 1126 2447; x_wconf 62' lang='lat' dir='ltr'>i·</span> <span class='ocrx_word' id='word_1_492' title='bbox 1147 2424 1255 2461; x_wconf 86' lang='lat' dir='ltr'>partes</span> <span class='ocrx_word' id='word_1_493' title='bbox 1270 2417 1499 2459; x_wconf 67' lang='lat' dir='ltr'>sutll‘agiorum</span> <span class='ocrx_word' id='word_1_494' title='bbox 1511 2416 1542 2447; x_wconf 91' lang='lat' dir='ltr'>in</span> <span class='ocrx_word' id='word_1_495' title='bbox 1557 2415 1812 2457; x_wconf 72' lang='lat' dir='ltr'>congregatione</span> <span class='ocrx_word' id='word_1_496' title='bbox 1833 2424 1883 2446; x_wconf 82' lang='lat' dir='ltr'>an-</span> 
     </span>
     <span class='ocr_line' id='line_1_97' title="bbox 1148 2467 1884 2511; baseline -0.007 -8"><span class='ocrx_word' id='word_1_497' title='bbox 1148 2471 1324 2511; x_wconf 79' lang='lat' dir='ltr'>tianorum3</span> <span class='ocrx_word' id='word_1_498' title='bbox 1352 2469 1491 2502; x_wconf 87' lang='lat' dir='ltr'>naturali</span> <span class='ocrx_word' id='word_1_499' title='bbox 1525 2468 1690 2501; x_wconf 77' lang='lat' dir='ltr'>docilitate</span> <span class='ocrx_word' id='word_1_500' title='bbox 1716 2473 1747 2499; x_wconf 87' lang='lat' dir='ltr'>et</span> <span class='ocrx_word' id='word_1_501' title='bbox 1770 2467 1884 2510; x_wconf 84' lang='lat' dir='ltr'>probi-</span> 
     </span>
    </p>
   </div>
   <div class='ocr_carea' id='block_1_21' title="bbox 405 2502 1881 2564">
    <p class='ocr_par' dir='ltr' id='par_1_26' title="bbox 405 2502 1881 2564">
     <span class='ocr_line' id='line_1_98' title="bbox 405 2502 1881 2564; baseline -0.007 -2"><span class='ocrx_word' id='word_1_502' title='bbox 405 2503 708 2539; x_wconf 80' lang='lat' dir='ltr'>1V1deturtegendum</span> <span class='ocrx_word' id='word_1_503' title='bbox 724 2502 887 2536; x_wconf 49' lang='lat' dir='ltr'>nomeriss‘</span> <span class='ocrx_word' id='word_1_504' title='bbox 904 2503 952 2532; x_wconf 68' lang='grc' dir='ltr'>Τ’)’</span> <span class='ocrx_word' id='word_1_505' title='bbox 1147 2530 1212 2557; x_wconf 85' lang='lat' dir='ltr'>tate</span> <span class='ocrx_word' id='word_1_506' title='bbox 1238 2523 1342 2557; x_wconf 81' lang='lat' dir='ltr'>ornati</span> <span class='ocrx_word' id='word_1_507' title='bbox 1369 2533 1440 2555; x_wconf 84' lang='lat' dir='ltr'>esse</span> <span class='ocrx_word' id='word_1_508' title='bbox 1467 2522 1594 2561; x_wconf 69' lang='lat' dir='ltr'>debent,</span> <span class='ocrx_word' id='word_1_509' title='bbox 1622 2526 1653 2554; x_wconf 80' lang='lat' dir='ltr'>et</span> <span class='ocrx_word' id='word_1_510' title='bbox 1678 2522 1731 2564; x_wconf 88' lang='lat' dir='ltr'>qui</span> <span class='ocrx_word' id='word_1_511' title='bbox 1757 2532 1828 2553; x_wconf 83' lang='lat' dir='ltr'>sese</span> <span class='ocrx_word' id='word_1_512' title='bbox 1848 2521 1881 2552; x_wconf 88' lang='lat' dir='ltr'>in</span> 
     </span>
    </p>
   </div>
   <div class='ocr_carea' id='block_1_22' title="bbox 404 2546 1101 2627">
    <p class='ocr_par' dir='ltr' id='par_1_27' title="bbox 404 2546 1101 2627">
     <span class='ocr_line' id='line_1_99' title="bbox 404 2546 966 2584; baseline -0.009 -8"><span class='ocrx_word' id='word_1_513' title='bbox 404 2550 421 2576; x_wconf 73' lang='lat'><strong>2</strong></span> <span class='ocrx_word' id='word_1_514' title='bbox 436 2549 544 2576; x_wconf 81' lang='lat' dir='ltr'>Videtur</span> <span class='ocrx_word' id='word_1_515' title='bbox 558 2548 702 2584; x_wconf 81' lang='lat' dir='ltr'>legendum</span> <span class='ocrx_word' id='word_1_516' title='bbox 717 2549 847 2582; x_wconf 66' lang='lat' dir='ltr'>reportat</span> <span class='ocrx_word' id='word_1_517' title='bbox 862 2546 900 2580; x_wconf 80' lang='lat' dir='ltr'>(n.</span> <span class='ocrx_word' id='word_1_518' title='bbox 918 2546 966 2572; x_wconf 59' lang='lat' dir='ltr'>TA.</span> 
     </span>
     <span class='ocr_line' id='line_1_100' title="bbox 406 2587 1101 2627; baseline -0.01 -6"><span class='ocrx_word' id='word_1_519' title='bbox 406 2594 422 2622; x_wconf 87' lang='lat'><strong>3</strong></span> <span class='ocrx_word' id='word_1_520' title='bbox 437 2593 506 2621; x_wconf 87' lang='lat' dir='ltr'>Edit.</span> <span class='ocrx_word' id='word_1_521' title='bbox 523 2593 601 2620; x_wconf 77' lang='lat' dir='ltr'>Mam.</span> <span class='ocrx_word' id='word_1_522' title='bbox 618 2593 682 2627; x_wconf 81' lang='lat' dir='ltr'>legit</span> <span class='ocrx_word' id='word_1_523' title='bbox 695 2600 745 2618; x_wconf 72' lang='lat' dir='ltr'>suo</span> <span class='ocrx_word' id='word_1_524' title='bbox 759 2599 807 2626; x_wconf 87' lang='lat' dir='ltr'>pro</span> <span class='ocrx_word' id='word_1_525' title='bbox 822 2591 875 2617; x_wconf 63' lang='lat' dir='ltr'>suci</span> <span class='ocrx_word' id='word_1_526' title='bbox 891 2589 933 2616; x_wconf 86' lang='lat' dir='ltr'>vel</span> <span class='ocrx_word' id='word_1_527' title='bbox 947 2589 992 2616; x_wconf 80' lang='lat' dir='ltr'>sui</span> <span class='ocrx_word' id='word_1_528' title='bbox 1007 2587 1101 2624; x_wconf 79' lang='lat' dir='ltr'>(R.T.).</span> 
     </span>
    </p>
   </div>
   <div class='ocr_carea' id='block_1_23' title="bbox 1119 1786 1127 2613">
    <p class='ocr_par' dir='ltr' id='par_1_28' title="bbox 1119 1786 1127 2613">
     <span class='ocr_line' id='line_1_101' title="bbox 1119 1786 1127 2613; baseline 0 0"><span class='ocrx_word' id='word_1_529' title='bbox 1119 1786 1127 2613; x_wconf 95' lang='lat' dir='ltr'> </span> 
     </span>
    </p>
   </div>
   <div class='ocr_carea' id='block_1_24' title="bbox 1183 2583 1745 2620">
    <p class='ocr_par' dir='ltr' id='par_1_29' title="bbox 1183 2583 1745 2620">
     <span class='ocr_line' id='line_1_102' title="bbox 1183 2583 1745 2620; baseline -0.005 -8"><span class='ocrx_word' id='word_1_530' title='bbox 1183 2588 1194 2612; x_wconf 93' lang='lat'>1</span> <span class='ocrx_word' id='word_1_531' title='bbox 1218 2585 1319 2612; x_wconf 77' lang='lat' dir='ltr'>Forsan</span> <span class='ocrx_word' id='word_1_532' title='bbox 1334 2584 1475 2620; x_wconf 63' lang='lat' dir='ltr'>legendum</span> <span class='ocrx_word' id='word_1_533' title='bbox 1492 2587 1518 2611; x_wconf 81' lang='lat' dir='ltr'>el</span> <span class='ocrx_word' id='word_1_534' title='bbox 1533 2591 1581 2618; x_wconf 80' lang='lat' dir='ltr'>pro</span> <span class='ocrx_word' id='word_1_535' title='bbox 1600 2586 1628 2611; x_wconf 78' lang='lat' dir='ltr'>ul</span> <span class='ocrx_word' id='word_1_536' title='bbox 1643 2585 1680 2617; x_wconf 79' lang='lat' dir='ltr'>(n.</span> <span class='ocrx_word' id='word_1_537' title='bbox 1697 2583 1745 2617; x_wconf 84' lang='grc' dir='ltr'><strong>Τ.).</strong></span> 
     </span>
    </p>
   </div>
  </div>
 </body>
</html>
