2247 3208
169 221 217 247 An.
236 220 263 247 C.
289 216 354 248 1068

989 218 1131 242 CLEMENS
1157 219 1183 240 ix
1211 219 1257 240 cr.

366 268 466 300 nerali
493 267 639 306 auditori,
667 267 697 298 in
720 278 838 309 genere
860 268 907 299 rel
931 267 962 298 in
982 266 1100 309 specie,
1122 282 1123 288 1

365 320 501 359 clericis,
528 320 789 362 praesidentibus
819 330 977 358 annonae,
1004 330 1103 351 came-

367 374 451 406 rario
467 400 474 413 ‚
513 372 677 415 magistris
714 373 859 412 viarum,
900 372 1100 405 auditoribus

365 437 534 459 causarum
559 432 648 459 rotae
675 427 817 459 eiusdem
841 426 950 469 palatii
976 430 1102 468 aposto-

365 480 428 516 livi,
454 480 675 523 agricolturae
701 485 732 512 et
757 480 827 512 aliis
850 478 1012 522 quibusvis
1030 488 1101 510 con-

365 533 500 571 sulibus,
519 532 714 575 doganeriis,
733 531 1026 567 conservatoribus,
1052 541 1101 562 sc-

364 586 467 617 uatori
494 591 525 617 et
552 585 623 617 aliis
655 585 909 628 quibuscumque
943 583 1100 615 iudicibus

364 644 393 669 ct
421 638 638 670 tribunalibus
663 637 826 670 concessis
856 641 887 669 et
916 635 1098 675 innovatis,

363 691 647 733 concedendisque
674 696 705 723 et
729 688 932 727 innovandis,
959 698 1022 720 non
1051 688 1097 719 t‘a-

362 743 521 776 cientibus
547 744 585 776 de
604 742 828 786 praesentibus
847 741 965 774 nostris
984 741 1100 772 litteris

361 795 536 838 specialem
550 800 581 828 et
594 795 794 826 individuam
812 793 1008 826 mentionem
1027 804 1099 825 cum

361 848 491 881 illorum
517 847 695 880 insertione
723 848 760 879 de
786 847 885 879 verbo
903 846 942 878 ad
966 846 1099 878 verbum

360 910 425 933 non
450 905 558 933 autem
576 911 635 943 per
649 901 807 932 clausulas
825 904 854 931 ct
874 900 968 932 verba
988 899 1099 942 aequi-

360 953 528 995 pollentia,
544 962 579 985 ac
592 954 703 995 regul-:1
728 953 766 985 de
790 963 853 985 non
872 952 1015 985 tollendo
1030 953 1098 985 iure

361 1005 516 1048 quaesito,
539 1012 698 1049 quatenus
718 1016 800 1048 opus
819 1005 868 1045 sit,
888 1016 1014 1038 necnon
1033 1016 1098 1038 om-

361 1058 457 1091 nibus
502 1059 565 1092 illis
608 1070 689 1102 quae
731 1059 761 1090 in
804 1059 940 1100 siugulis
980 1059 1096 1091 litteris

360 1111 536 1154 praedictis
559 1122 709 1154 expressa
729 1112 857 1144 suerunt
875 1122 938 1145 non
954 1111 1095 1152 obstare;

361 1165 476 1207 quibus
494 1165 665 1208 pmnibus,
690 1165 813 1198 etiamsi
831 1165 869 1197 de
888 1165 950 1198 illis
967 1176 1098 1198 eorum-

360 1228 423 1261 que
447 1219 522 1251 totis
549 1219 730 1258 tenoribus,
755 1218 921 1261 specialis,
946 1218 1097 1261 specifica

360 1277 391 1304 et.
416 1282 588 1314 expressa,
615 1282 658 1304 ac‘
677 1272 714 1304 de
740 1272 839 1304 verbo
872 1272 909 1303 ad
946 1272 1095 1311 verbum,

360 1335 425 1357 non
443 1330 549 1357 autem
567 1335 625 1368 per
643 1326 802 1358 clausulas
824 1326 992 1367 generales
1010 1325 1095 1358 idem

359 1377 581 1420 importantes,
606 1378 728 1410 mentio
750 1387 804 1410 seu
824 1378 952 1420 quaeris
970 1378 1032 1410 alia
1049 1389 1096 1410 ex-

359 1430 486 1473 pressio
512 1430 663 1463 babenda
687 1436 740 1462 aut
764 1431 873 1474 aliqua
901 1431 962 1463 alia
987 1431 1096 1474 exqui-

359 1482 419 1514 sita
443 1482 546 1515 forma
570 1483 608 1515 ad
636 1483 698 1516 hoc
723 1484 878 1516 servanda
904 1484 1007 1523 soret,
1032 1483 1095 1517 illis

360 1536 436 1568 alias
470 1535 503 1568 in
534 1546 593 1569 suo
618 1537 736 1569 robore
769 1537 1003 1580 permansuris,
1035 1537 1095 1569 hac

361 1589 428 1621 vice
455 1589 631 1629 dumtaxat,
658 1591 845 1633 specialiter
878 1596 909 1623 et
942 1600 1094 1633 expresse

361 1643 565 1685 derogamus3
583 1643 763 1686 ceterisque
782 1643 952 1676 contrariis
970 1644 1096 1686 quibus<

360 1705 517 1738 curnque;
546 1701 599 1727 aut
630 1696 655 1728 si
687 1696 850 1739 aliquibus
880 1696 1096 1729 communiter

360 1749 408 1780 vel
434 1748 560 1781 divisim
579 1749 617 1781 ab
633 1749 745 1782 eadem
763 1749 803 1781 sit
828 1749 910 1782 Sede
936 1750 1095 1782 indultum

361 1802 450 1844 quod
475 1801 633 1841 interdici,
660 1802 815 1845 suspendi
841 1804 889 1835 vcl
916 1813 1097 1836 excommu-

360 1854 462 1887 nicari
487 1865 554 1887 non
578 1855 704 1898 possint
734 1866 793 1898 per
816 1855 940 1888 litteras
966 1861 1096 1898 aposto·
1117 1866 1118 1881 1

360 1907 440 1940 licas
459 1917 524 1940 non
543 1908 696 1940 facientes
714 1909 844 1950 plenam
864 1914 893 1940 et
911 1919 1096 1951 expressam
1117 1920 1118 1926 ¹

361 1971 397 1993 ac
422 1961 461 1994 de
486 1961 587 1994 verbo
609 1962 647 1994 ad
673 1961 806 1994 verbum
832 1962 871 1994 de
896 1962 1022 1995 indulto
1041 1962 1097 1994 hu-
1118 2002 1119 2014 ἵ

360 2014 502 2047 iusmodi
527 2014 739 2047 mentionem.
766 2014 849 2047 Nulli
872 2026 948 2058 ergo
966 2015 1097 2048 omnino

363 2067 531 2100 hominum
554 2068 650 2100 liceat
674 2067 759 2100 hanc
784 2068 935 2111 paginam
968 2074 1097 2101 nostrae

361 2121 618 2164 approbationis,
646 2121 918 2160 confirmationis,
944 2122 1098 2154 adiectio-

361 2174 421 2214 nis,
448 2174 678 2217 suppletionis,
706 2174 921 2214 decretorum,
942 2175 1098 2208 avocatio-

362 2226 421 2266 nis,
447 2227 707 2269 suppressionis,
735 2227 959 2267 extinctionis,
985 2229 1099 2260 annul-

361 2279 503 2318 lationis‚
530 2279 761 2322 impositionis,
788 2280 1025 2320 concessionis,
1051 2281 1099 2313 in-

363 2332 536 2371 dultorum,
557 2332 677 2371 statuti,
695 2332 928 2371 ordinationis,
957 2333 1100 2366 declara-

363 2385 469 2424 tionis,
489 2384 714 2427 exemptionis,
729 2385 942 2425 liberationis,
960 2385 1099 2428 imparti-
1120 2395 1121 2402 ¹

363 2437 468 2478 tionis,
483 2437 696 2478 inhibitionis,
715 2437 890 2470 voluntatis
912 2443 943 2470 et
967 2439 1100 2480 deroga-

363 2490 459 2523 tionis
484 2490 673 2532 insringere,
691 2490 741 2522 vel
767 2490 795 2522 ei
821 2500 901 2522 ausu
926 2490 1099 2523 temerario

362 2544 549 2584 contraire;
577 2544 601 2576 si
629 2544 700 2586 quis
725 2548 829 2576 autem
857 2544 916 2576 boc
942 2548 1099 2576 attentare

362 2597 634 2640 praesumpserit,
666 2596 926 2638 indignationem
951 2596 1100 2641 omnipo-

434 2659 514 2689 Bult.
529 2661 611 2688 Rom.
627 2674 659 2679 —
680 2659 738 2687 Vol.
755 2659 848 2688 XVII.
993 2658 1025 2686 87

1145 265 1241 298 tentis
1268 265 1321 297 Dei
1354 275 1389 296 ae
1421 265 1589 297 beatorum
1623 265 1708 297 Petri
1736 272 1767 297 et
1791 266 1880 299 Pauli

1144 319 1363 361 apostolorum
1381 318 1449 350 eius
1467 329 1499 350 se
1517 318 1643 351 noverit
1664 319 1879 353 incursurum.

1179 379 1272 406 Datum
1294 380 1403 411 Romae,
1424 379 1492 415 apud
1514 380 1542 406 S.
1561 380 1683 413 Petrum,
1701 389 1769 407 anuo
1792 382 1882 407 lucar-

1143 424 1259 450 nationis
1275 424 1424 451 dominicae
1441 432 1555 457 MDCXXI,
1578 431 1612 451 xit
1638 425 1766 452 kalendas
1782 427 1880 460 martii,

1143 468 1313 503 pontificatus
1334 469 1418 495 nostri
1440 477 1509 495 anno
1530 472 1582 497 11⁸.

1187 530 1255 572 §2
1283 530 1360 563 Cum
1396 536 1523 569 autem,
1562 532 1643 564 sicut
1675 534 1876 575 acecpimus,
1916 543 2074 591 ,diflamamur

1890 576 1942 595 prm
1953 576 2007 595 egra.

1144 583 1365 626 praeinsertae
1398 583 1529 626 quidem
1567 584 1714 627 Gregorii
1746 587 1880 628 pi'aedc-

1143 636 1279 668 cessoris
1304 636 1430 668 litterae
1457 637 1536 668 etin
1552 637 1596 669 eis
1621 637 1880 671 contenta21‘1ac-

1144 693 1234 720 tenus
1258 688 1390 723 illibate.
1416 694 1450 720 ut
1476 700 1533 731 par
1550 695 1606 729 est,
1626 691 1794 724 observata
1813 692 1878 723 sue-

1142 741 1216 781 rint,
1242 741 1440 784 plenumque
1475 742 1616 783 rigorem
1643 743 1811 776 obtineant
1838 745 1877 777 de

1142 793 1320 836 praesenti3
1347 793 1468 826 firmius
1488 800 1594 827 tamen
1620 801 1715 838 atque
1743 797 1877 830 solidius

1142 846 1318 889 persistant
1343 851 1373 879 et
1398 852 1581 889 perennent
1605 848 1662 887 illa
1690 859 1772 891 quae
1799 851 1878 892 Apo-

1141 899 1272 932 stolicae
1297 899 1388 932 Sedis
1413 900 1603 933 auctoritate
1630 901 1757 944 saepius
1776 913 1878 936 corro-

1141 953 1318 985 borantur:
1347 953 1423 985 hinc
1449 958 1496 985 est
1513 954 1599 996 quod
1626 965 1696 994 nos,
1720 956 1878 998 praemis-

1141 1016 1249 1038 sorum
1270 1005 1415 1038 omnium
1430 1011 1461 1038 et
1478 1006 1679 1048 singulorum
1698 1006 1878 1041 inviolabili

1139 1058 1262 1099 robori,
1291 1057 1432 1091 firmitati
1459 1064 1490 1091 et
1515 1059 1694 1099 efficaciae,
1722 1065 1877 1103 quantum

1140 1112 1234 1144 nobis
1261 1123 1296 1144 ex
1318 1112 1382 1144 alto
1408 1113 1606 1151 conceditur,
1629 1114 1800 1145 consulere
1830 1124 1878 1146 cu-

1140 1165 1278 1208 pientes,
1301 1170 1387 1198 motu
1406 1165 1510 1203 simili,
1533 1176 1567 1197 ac
1585 1176 1621 1198 ex
1641 1168 1728 1198 certa
1744 1167 1878 1200 scientia

1140 1223 1171 1251 et
1194 1220 1320 1250 matura
1345 1218 1580 1251 deliberatione
1606 1218 1745 1259 nostris,
1773 1220 1877 1262 deque

1139 1271 1338 1313 apostolicae
1374 1271 1542 1313 potestatis
1580 1271 1800 1314 plenitudine,
1837 1273 1877 1305 ad

1140 1324 1408 1356 abundantiorem
1444 1325 1618 1363 cautelam,
1649 1330 1680 1357 et
1718 1330 1877 1368 quatenus

1140 1388 1220 1421 opus
1248 1377 1307 1417 sit,
1332 1377 1439 1410 omnia
1464 1383 1495 1409 et
1519 1377 1646 1420 singula
1682 1378 1851 1421 privilegia
1869 1405 1876 1417 ,

1141 1431 1318 1469 facultates,
1343 1430 1595 1469 iurisdictiones,
1613 1430 1875 1473 superioritates,

1140 1483 1391 1527 praerogativas,
1417 1484 1537 1525 gratias
1564 1488 1596 1516 et
1613 1483 1738 1516 indulta
1756 1494 1878 1516 memo-

1139 1542 1208 1569 rato
1234 1537 1396 1579 collegio,
1422 1537 1556 1579 eiusque
1582 1536 1748 1578 personis,
1781 1537 1878 1570 rebus

1140 1595 1171 1622 et
1194 1589 1297 1629 bonis,
1324 1600 1359 1622 ac
1384 1594 1514 1622 sanctae
1532 1589 1692 1622 Romanae
1714 1589 1878 1622 Ecclesiae

1139 1642 1354 1675 cardinalibus
1380 1641 1526 1674 eiusdem
1551 1641 1680 1684 collegii
1715 1647 1879 1685 protecto-

1140 1696 1237 1735 ribus,
1265 1701 1296 1727 et
1319 1694 1398 1727 alias
1423 1694 1668 1738 quomodolibet
1688 1705 1705 1727 a
1724 1695 1876 1738 praefatis

1140 1748 1220 1780 lulio
1247 1748 1301 1787 llI,
1329 1747 1487 1790 Gregorio
1512 1748 1599 1785 Xlll,
1626 1747 1789 1780 Clemente
1814 1747 1878 1780 vill

1140 1806 1171 1833 et
1196 1800 1351 1843 Gregorio
1378 1801 1426 1832 XV
1452 1800 1769 1843 praedecessoribus,
1795 1800 1879 1833 sicut

1139 1853 1368 1896 praemittitur,
1390 1852 1571 1896 respective
1596 1863 1751 1885 concessa
1777 1858 1807 1885 et
1833 1858 1879 1885 at-

1140 1906 1279 1945 tributa,
1320 1916 1356 1938 ac
1392 1905 1579 1938 confirmata
1613 1910 1645 1937 et
1676 1905 1876 1948 approbata,

1140 1969 1319 2002 omnesque
1346 1964 1377 1991 et
1402 1959 1545 2000 singulas
1570 1959 1757 1991 eorumdem
1787 1969 1880 2001 prae-

1141 2013 1345 2045 decessorum
1371 2012 1495 2044 litteras
1522 2011 1664 2054 desuper
1693 2016 1877 2051 emanatas,

1142 2069 1173 2097 et
1198 2065 1389 2107 liraesertim
1414 2063 1629 2107 praeinsertas
1651 2063 1726 2095 dieti
1759 2063 1880 2106 Grego-

1142 2117 1180 2149 rii
1205 2117 1255 2149 xi*
1281 2117 1556 2160 praedecessoris.
1577 2127 1649 2148 cum
1673 2115 1821 2149 omnibus
1848 2121 1880 2149 et

1141 2170 1274 2213 singulis
1301 2170 1332 2202 in
1354 2170 1400 2202 eis
1420 2169 1581 2202 contentis
1599 2173 1630 2201 et
1648 2169 1822 2211 expressis,
1843 2179 1880 2201 ac

1142 2224 1216 2256 inde
1241 2223 1385 2265 legitime
1410 2222 1553 2265 sequutis
1581 2226 1612 2254 et
1638 2222 1794 2254 secuturis
1808 2223 1880 2266 qui-

1141 2276 1354 2318 buscumque,
1380 2280 1492 2307 tenore
1519 2273 1735 2318 praesentium
1760 2285 1880 2318 perpe-

1142 2334 1196 2362 tuo
1222 2328 1439 2372 approbamus
1458 2332 1490 2360 et
1503 2326 1740 2367 confirmamus,
1761 2332 1880 2361 aerata

1143 2388 1174 2415 et
1197 2387 1285 2425 grata
1310 2381 1484 2420 babemus,
1513 2379 1640 2423 illisque
1673 2380 1822 2413 omnibus
1849 2385 1881 2413 et

1143 2435 1279 2478 singulis
1306 2439 1482 2478 perpetuae
1518 2439 1615 2477 atque
1647 2433 1879 2476 irrefragabilis

1178 2518 1189 2542 1
1214 2515 1269 2542 Non
1283 2514 1347 2541 satis
1360 2514 1407 2540 ista
1424 2513 1587 2546 cohaerent;
1608 2513 1651 2540 vel
1671 2512 1812 2547 legendum
1828 2522 1878 2540 an.

1144 2559 1228 2593 1622,
1251 2558 1290 2585 vel
1307 2558 1412 2592 pontif.
1434 2565 1483 2583 αη.
1505 2557 1522 2583 Ι
1539 2558 1575 2592 (R.
1593 2557 1642 2590 T.).

1177 2605 1195 2631 2
1213 2603 1280 2631 Male
1295 2603 1338 2631 ed.
1355 2602 1434 2629 Mam.
1450 2601 1515 2637 legit
1529 2601 1669 2629 contentis
1685 2602 1722 2636 (n.
1738 2603 1786 2635 T.)-

1785 209 1849 241 <589
1894 218 1941 244 An,
1960 219 1987 245 c.
2012 220 2077 246 teos
