2247 3208
115 235 165 263 nn.
183 235 212 263 C.
235 235 303 263 1609

138 1929 212 1949 Narrat
236 1931 295 1948 teno-

206 1955 295 1975 alterius

112 1984 276 2002 constitutionis.

304 339 486 379 innovatis;
509 339 624 381 quibus
656 340 802 372 omnibus
831 345 863 372 et
886 339 1040 382 singulis,

304 392 432 425 illorum
465 398 592 425 tenores
617 393 838 435 praesentibus
864 404 921 436 pro
946 395 1041 436 plene

304 450 335 477 ct
367 445 563 478 sufficienter
596 446 755 488 expressis
781 452 812 479 et
837 446 965 480 insertis
991 446 1042 478 lia-

303 497 426 533 bentes,
441 498 505 530 illis
524 498 601 530 alias
629 499 662 530 in
687 510 744 532 suo
766 499 879 531 robore
894 509 1041 541 perman-

303 551 404 591 suris,
440 552 478 584 ad
504 552 749 594 praemissorum
787 550 949 587 effectum,
982 552 1041 582 liae

303 603 370 636 vice
402 603 579 643 dumtaxat,
613 604 795 647 specialiter
827 609 858 636 et
891 614 1040 646 expresse

304 656 510 699 dcrogamns;
529 658 706 700 ceterisque
728 657 894 690 contrariis
911 657 1040 699 quibus-

304 719 450 752 cumque.

347 764 458 798 Datum
484 763 623 802 Romae,
650 763 733 805 apud
765 762 795 794 S.
823 762 951 794 Mariam
980 762 1041 794 Ma-

303 816 426 856 iorem,
453 817 512 849 sub
541 816 662 848 annulo
688 815 876 855 piscatoris,
912 815 962 847 die
988 825 1039 848 xvi

302 869 409 902 martii
434 878 581 908 MDCLXlX,
615 868 823 911 pontificatus
859 868 959 901 nostri
990 879 1041 900 an-

303 932 346 954 no
371 932 406 955 11.

339 983 397 1010 Dat.
415 983 458 1010 die
476 983 508 1010 16
523 983 614 1010 martii
631 982 709 1015 1669,
727 982 821 1018 pontis.
839 989 908 1009 anno
925 988 951 1008 n.

635 1124 708 1157 CIII.

302 1204 427 1238 *Omnia
451 1203 529 1236 bona
553 1205 838 1247 conyreyntitmum
859 1213 1040 1247 suppressa-

346 1268 421 1289 rum
446 1257 672 1289 canonicorum
690 1257 721 1289 S.
746 1256 876 1298 Georqii
901 1257 935 1288 in
952 1256 1039 1299 Alqa

353 1309 567 1347 Venetiarwn,
593 1319 630 1341 ac
653 1309 797 1351 fratrum
824 1308 1039 1349 Iesuatorum,

348 1366 376 1394 et
406 1363 548 1403 fratrum
577 1362 682 1393 sant-ti
706 1361 900 1403 Hieronymi
924 1360 961 1392 de
979 1362 1039 1394 Fe-

346 1415 426 1446 sulis
455 1415 610 1456 (ezceptis
645 1415 769 1455 sacris),
795 1415 830 1446 in
862 1425 957 1457 refluo
982 1415 1035 1447 Si-

346 1467 443 1499 ciliae
475 1467 564 1499 ultra
596 1467 747 1499 Pharum
772 1467 959 1507 existentia,
984 1479 1040 1510 ap-

348 1578 377 1605 et
400 1574 493 1614 reyni
512 1574 620 1606 Cretae
637 1584 673 1605 ac
698 1573 910 1616 expeditionis
931 1577 1040 1606 contra

351 1626 377 1658 T
377 1625 504 1658 arcas¹.

304 1697 474 1724 Venerabili
483 1696 569 1723 fratri
580 1697 804 1731 archiepiscopo
821 1698 1041 1729 Panormitano,

523 1751 656 1778 Clemens
678 1752 755 1784 Papa
775 1751 821 1778 IX.

1039 1786 1060 1804 ζ

322 1812 507 1839 Venerabilis
521 1812 626 1845 frater,
644 1814 773 1839 satutem
790 1816 819 1839 et
835 1813 1028 1846 apostolicam

549 1857 794 1884 benedictionem.

350 1918 364 1961 ξ
388 1918 418 1950 1.
447 1918 524 1950 Cum
550 1928 617 1958 nos,
640 1919 836 1961 gravissimis
854 1925 885 1951 et
902 1919 1042 1951 rationa-

306 1970 426 2003 bilibus
443 1971 547 2003 causis
570 1972 661 2004 nobis
680 1971 765 2004 notis
787 1971 929 2011 adducti,
950 1972 1037 2004 ew.

350 2023 461 2055 Datum
487 2023 627 2063 Romae,
657 2024 742 2066 apud
767 2023 797 2055 S.
825 2024 955 2057 Mariam
982 2027 1041 2058 Ma-

306 2076 422 2117 iorem,
449 2077 507 2109 sub
533 2079 652 2109 annulo
677 2077 857 2117 piscatoris,
884 2078 935 2110 die
964 2089 1039 2112 xxui

306 2129 411 2163 martii
438 2140 590 2169 meaux,
617 2130 822 2173 pontificatus
849 2131 949 2163 nostri
986 2142 1042 2162 an-

306 2192 348 2214 no
374 2192 409 2216 11.

343 2243 400 2270 Dat.
421 2244 465 2270 die
479 2244 513 2270 23
529 2244 617 2271 martii
635 2245 712 2279 1669,
730 2245 823 2280 pontif.
841 2253 911 2272 anno
930 2253 960 2272 n.

344 2333 356 2358 1
379 2331 416 2358 Ex
436 2331 542 2366 aegest.
563 2332 590 2358 in
611 2332 712 2359 Secret.
733 2334 813 2360 Brev.

344 2377 359 2402 2
371 2376 459 2402 Tenor
471 2376 551 2402 huius
562 2377 760 2404 constitutionis
773 2378 922 2413 ipsissimus
933 2382 973 2404 est
983 2386 1042 2404 cum

308 2419 434 2454 superius
453 2420 537 2446 relato
554 2429 613 2455 pag.
636 2421 696 2454 748,
717 2422 772 2448 solo
794 2426 896 2448 mutato
917 2422 991 2448 titulo
1017 2425 1043 2448 et

309 2463 389 2497 dato3
409 2464 524 2500 ideoque
543 2472 600 2491 eant
621 2465 721 2491 iterare
741 2465 833 2492 inutile
850 2466 1043 2500 reputavimus,

309 2509 420 2536 retentis
441 2509 527 2536 solum
547 2509 738 2536 mutationibus
753 2510 900 2545 praedictis
915 2512 952 2545 (n.
967 2511 1016 2544 T.).

931 237 1073 262 CLEMENS
1102 239 1131 263 rx
1156 239 1203 262 1³1².

306 285 547 328 quomodolibet
582 285 761 327 concessis,
794 286 988 319 confirmatis
1013 288 1068 320 etl

1419 289 1489 322 CIV.

1090 357 1129 390 Ut
1153 359 1337 391 exercitium
1363 360 1446 393 artis
1458 362 1552 393 serici
1568 362 1603 393 in
1624 362 1751 394 civitate
1766 363 1824 395 Pi-

1129 414 1277 444 saurensi
1301 412 1464 446 nobilitati
1488 424 1550 446 non
1573 414 1802 457 praeiudicet¹.

1307 494 1439 520 Clemens
1461 495 1538 527 Papa
1558 495 1604 521 lX.

1207 535 1243 562 ad
1262 541 1437 570 perpetuam
1453 538 1496 565 rei
1516 539 1696 566 memoriam.

1128 604 1309 638 Constantis
1346 606 1419 639 fidei
1445 613 1475 639 et
1500 608 1644 642 sincerae
1677 609 1822 643 devotio-

1085 657 1133 689 nis
1160 656 1311 697 affectus,
1339 669 1433 701 quem
1461 661 1568 693 dilecti
1595 662 1650 695 filii
1678 673 1822 695 commu-

1084 710 1168 742 nitas
1193 716 1224 743 et
1249 711 1395 743 homines
1415 712 1550 746 civitatis
1568 720 1697 748 nostrae
1718 715 1823 748 Pisau-

1084 763 1185 795 rensis
1221 774 1298 805 erga
1323 774 1381 796 nos
1406 770 1438 797 et
1462 766 1576 799 Sedem
1603 768 1821 810 Apostolicam

1084 825 1195 858 gerere
1228 818 1495 860 comprobantur,
1528 819 1755 862 promeretur⁹
1787 826 1822 853 ut

1084 879 1193 900 eorum
1219 870 1397 902 commodis
1423 871 1591 914 dictaeque
1613 873 1747 906 civitatis
1768 874 1822 906 de-

1083 921 1149 953 cori
1175 924 1309 964 paterna
1332 923 1531 965 benignitate
1549 925 1688 957 libenter
1705 936 1820 958 consu-

1084 975 1197 1007 lamus.

1127 1028 1141 1069 ξ
1166 1027 1197 1059 t.
1224 1027 1300 1060 Cum
1327 1028 1444 1071 itaque,
1473 1030 1554 1062 sicut
1575 1031 1659 1063 dicta
1683 1041 1819 1065 commn-

1080 1080 1166 1111 nitas
1200 1085 1232 1112 et
1266 1081 1415 1114 homines
1448 1083 1541 1115 nobis
1574 1094 1677 1127 nuper
1701 1086 1819 1129 exponi

1084 1132 1240 1173 fecerunt,
1268 1134 1340 1177 ipsi,
1367 1140 1400 1166 ut
1426 1135 1572 1168 eiusdem
1598 1136 1733 1172 civitatis
1758 1138 1820 1170 uti-

1083 1186 1161 1218 litati
1188 1191 1219 1218 et
1244 1187 1423 1219 levamento
1442 1190 1640 1229 consulatur,
1659 1195 1759 1223 artem
1777 1201 1819 1224 se-

1082 1239 1138 1271 rici
1164 1239 1195 1271 in
1221 1239 1337 1272 dictam
1364 1240 1524 1273 civitatem
1548 1242 1754 1276 introducere
1773 1244 1820 1276 in-

1084 1291 1234 1331 tendant3
1261 1302 1300 1323 ne
1323 1298 1427 1324 autem
1450 1293 1534 1326 illius
1557 1295 1744 1328 exercitium
1765 1307 1822 1329 no-

1082 1343 1198 1375 bilitati
1225 1343 1341 1376 civium
1367 1345 1525 1378 nobilium
1557 1346 1657 1389 ipsius
1684 1348 1818 1380 civitatis

1071 1395 1316 1437 'praeiudicium
1337 1397 1470 1437 adserat,
1490 1405 1674 1441 opportune
1693 1410 1710 1432 a
1727 1400 1820 1433 nobis

1083 1448 1245 1490 provideri
1272 1454 1303 1481 et
1328 1454 1361 1480 ut
1387 1449 1469 1482 infra
1493 1451 1656 1494 indulgeri
1682 1463 1820 1485 summo-

345 1520 448 1562 Plicat
473 1520 508 1552 in
531 1520 714 1552 subsidium
732 1520 875 1553 civitatis
897 1520 1041 1554 Candiae
1061 1523 1063 1543 ἒ
1083 1511 1157 1543 pere
1196 1501 1406 1534 des¹de¹'‘³m³
1436 1513 1493 1536 ¹¹0³
1507 1531 1514 1544 >
1549 1506 1721 1547 5ΡΒΕῙΠῙθΠ]
1758 1517 1819 1548 ¹PS¹

1083 1555 1303 1587 communitati
1337 1560 1369 1587 et
1399 1556 1585 1590 hominibus
1611 1559 1745 1600 gratiam
1779 1559 1821 1591 sa-

1083 1617 1156 1640 cere
1181 1609 1336 1647 volentes⁷
1355 1614 1387 1640 et
1412 1619 1525 1641 eorum
1551 1610 1730 1653 singulares
1747 1622 1820 1654 per-

1083 1670 1177 1692 sonas
1213 1671 1230 1692 a
1265 1660 1428 1703 quibusvis
1453 1663 1793 1696 excommunicationis
1811 1691 1818 1704 ,

1083 1713 1306 1756 suspensionis
1336 1719 1369 1746 et
1397 1714 1575 1755 interdicti,
1602 1716 1738 1759 aliisque
1770 1727 1821 1749 ec0

1083 1766 1268 1798 clesiasticis
1286 1767 1464 1807 sententiis,
1488 1769 1632 1801 censuris
1651 1775 1681 1801 et
1694 1770 1817 1812 poenis,

1083 1829 1100 1850 a
1124 1818 1192 1850 iure
1209 1819 1258 1850 vel
1279 1819 1318 1851 ab
1344 1820 1484 1859 homine,
1511 1821 1622 1863 quavis
1647 1822 1819 1855 occasione

1083 1871 1131 1903 vel
1156 1873 1251 1903 causa
1277 1871 1357 1910 latis,
1384 1872 1409 1904 si
1432 1873 1549 1915 quibus
1575 1874 1821 1916 quomodolibet

1083 1923 1256 1956 innodatae
1270 1923 1419 1965 existunt,
1436 1926 1474 1958 ad
1494 1925 1644 1958 effectum
1667 1937 1820 1970 praesen-

1084 1976 1164 2008 tium
1197 1977 1363 2009 dumtaxat
1388 1980 1675 2021 consequendum,
1703 1980 1819 2013 harum

1084 2029 1169 2061 serie
1195 2030 1405 2062 absolventes
1427 2035 1458 2062 et
1476 2032 1642 2064 absolutas
1657 2033 1725 2065 sore
1744 2043 1820 2066 cen-

1083 2087 1201 2121 senteS,
1233 2082 1522 2125 supplicationibus
1549 2095 1662 2117 eorum
1688 2086 1819 2118 nomine

1084 2135 1178 2167 nobis
1204 2145 1302 2178 super
1328 2137 1389 2168 hoc
1408 2137 1573 2170 humiliter
1592 2139 1748 2181 porrectis
1774 2139 1821 2171 in-

1084 2188 1206 2227 clinati,
1235 2188 1385 2221 omnibus
1406 2194 1437 2221 et
1461 2190 1596 2232 singulis
1622 2198 1819 2225 memoratae

1084 2240 1218 2273 civitatis
1257 2241 1460 2274 pisaurensis
1501 2243 1621 2276 civibus
1657 2245 1820 2277 nobilibus

1085 2294 1311 2336 praesentibus
1338 2300 1369 2327 et
1393 2295 1520 2335 futuris,
1547 2302 1580 2327 ut
1606 2302 1707 2329 artem
1726 2298 1820 2331 serici

1085 2346 1281 2388 praedictam
1304 2357 1456 2379 exercere
1477 2347 1578 2380 libere
1596 2354 1627 2381 et
1644 2349 1729 2383 licite
1747 2360 1821 2393 pos-

1085 2398 1148 2429 sint
1173 2403 1204 2430 et
1228 2399 1368 2439 valeant,
1388 2399 1431 2431 ita
1447 2405 1481 2431 ut
1499 2402 1621 2433 nullum
1647 2408 1821 2445 propterea

1085 2460 1196 2482 eorum
1221 2451 1381 2484 nobilitati
1403 2453 1637 2495 praeiudicium
1651 2455 1819 2495 inseratur,

1086 2509 1140 2535 aut
1165 2503 1288 2536 illatum
1314 2515 1445 2548 quoquo
1471 2507 1567 2540 modo
1587 2508 1648 2540 dici
1668 2510 1716 2542 vel
1734 2520 1820 2552 prae-

1122 2576 1131 2600 i
1156 2574 1193 2600 Ex
1214 2574 1321 2609 Regest.
1336 2566 1369 2602 in
1390 2576 1494 2603 Secret.
1516 2577 1592 2604 Brev.

1122 2617 1139 2643 2
1154 2617 1224 2644 Edit.
1242 2619 1323 2646 Main.
1340 2619 1403 2655 legit
1415 2626 1623 2656 promerentur
1638 2623 1676 2658 (n.
1691 2625 1736 2657 T).

1722 233 1780 267 7811
1830 244 1879 270 An.
1897 244 1924 271 c.
1948 243 2013 273 ico)

1858 609 1945 630 Mouva.

1856 1043 1974 1070 Expositis.
