2247 3208
116 234 166 261 An.
184 233 213 261 C.
236 232 302 261 1662

133 824 270 847 Prooemium.

128 1353 244 1380 Expositio.

906 232 983 254 §LEX
993 229 1092 253 xxm-tr.
1115 229 1158 251 5'11
1184 230 1231 251 Pr.

635 280 722 313 CDX.

308 362 457 395 Licentia
490 362 633 405 episcopo
658 367 685 394 e!
711 362 792 393 clero
820 361 960 393 cim‘mtis
988 361 1049 392 Pa-

352 415 476 454 εἰθηείκ,
491 415 622 458 eiusque
637 415 804 453 territorii,
820 414 1047 446 conti-ilmmnlf

350 478 513 500 summam
548 469 666 509 riqinli
701 468 844 500 millium
882 471 1064 497 sturni-nm.

347 531 408 563 pro
425 521 643 563 rt'dmnplitmf‘
660 521 764 551 dislffl‘
789 521 930 551 civitam·
951 523 978 549 ιἸ
1000 530 1047 549 1¹0-

349 573 430 605 satis
455 573 491 605 cle
516 574 720 613 Surrentino,
751 573 882 615 eiusque
913 572 1044 603 territo-

348 626 394 658 rit
408 625 428 658 ¹.

499 699 663 724 Alexander
684 697 761 730 Papa
782 697 843 730 VII,

447 742 483 768 ad
503 741 636 768 futuram
657 741 699 768 rei
721 741 902 767 memoriam.

349 812 560 854 Apostolatus
587 810 752 850 officium,
781 811 868 853 qnod
907 816 1040 843 airictore

304 865 370 899 Deo
386 866 540 908 gerimus,
558 865 656 907 exigit
670 871 705 898 ut
722 866 760 897 ad
775 876 821 904 ea,
841 876 923 908 quae
943 865 1041 898 liber-

303 919 377 952 tatis
415 919 659 952 ecclesiasticae
694 919 978 952 conservationem
1004 930 1039 951 ac

302 983 519 1016 personarum
541 972 763 1016 quarumlibet
784 973 815 1005 in
833 978 956 1005 sortem
979 972 1040 1005 Do-

302 1025 381 1058 mini
406 1031 593 1058 rocatarum
620 1026 794 1058 utilitatem
823 1030 1037 1065 concernunt,

301 1079 445 1112 libenter
469 1079 698 1119 intendamus,
725 1084 757 1111 et
782 1079 955 1122 pastoralis
982 1090 1039 1111 no—

302 1137 388 1164 strae
404 1131 633 1165 sollicitudinis
647 1138 757 1175 partes
777 1133 920 1175 desuper
937 1132 1039 1164 inter-

301 1195 471 1228 ponamus,
498 1190 613 1227 prout,
643 1187 769 1217 matura
798 1185 1036 1217 deliberatione

302 1237 458 1277 adhibita,
485 1238 714 1279 cognoscimus
736 1238 766 1269 in
789 1237 925 1270 Domino
951 1238 1038 1270 salu-

300 1290 406 1322 briter
431 1291 599 1333 expedire.
950 1282 954 1285 ’

344 1343 413 1385 §l
447 1343 572 1386 Exponi
608 1344 770 1386 siquidem
802 1344 895 1377 nobis
929 1354 1036 1387 nuper

299 1396 449 1429 fecerunt
482 1397 680 1429 venerabilis
721 1398 821 1430 frater
856 1398 1033 1430 modernus

300 1449 473 1493 episcopus
499 1450 687 1490 PactensiS,
710 1461 747 1483 ao
772 1451 880 1483 dilecti
906 1450 963 1483 filii
989 1450 1035 1483 di-

298 1502 437 1544 gnitates
471 1503 683 1543 obtinentes,
710 1504 879 1543 canonici,
914 1504 1033 1547 aliique

296 1556 512 1598 praebendati
539 1557 736 1589 cathedralis
763 1557 932 1597 ecclesiae,
958 1568 1034 1590 nec-

296 1618 362 1641 non
387 1610 583 1653 presbyteffl,
612 1610 751 1650 diaconi,
783 1611 975 1644 subdiaconi
1002 1616 1033 1643 et

296 1662 402 1694 clerus
416 1662 588 1695 universus
603 1663 739 1696 civitatis
752 1664 930 1704 Pactensis,
947 1663 1033 1696 eius-

297 1725 360 1758 que
378 1715 546 1756 territorii,
567 1717 654 1759 quod
673 1716 811 1749 dilectus
829 1716 915 1750 tilius
934 1718 1032 1750 Asca-

294 1768 368 1800 nius
385 1769 588 1809 ,Ansalonus,
609 1770 672 1802 dux
698 1775 803 1803 terrae
829 1770 917 1803 della
940 1771 1032 1803 Mon-

296 1825 396 1864 laqna
419 1828 647 1865 nuncupatae,
675 1823 751 1855 olim
778 1823 892 1856 casalis
924 1823 1029 1856 dictae

295 1874 453 1916 civitatis,
485 1881 516 1908 et
541 1877 580 1908 ad
605 1876 692 1909 illius
723 1877 926 1909 territorium
956 1888 1030 1920 spe-

294 1928 423 1968 ctantiS,
450 1930 597 1962 eamdem
624 1929 787 1962 civitatem
814 1930 1026 1970 Pactensem,

294 1991 377 2023 quae
391 1980 478 2013 inter
495 1982 641 2015 civitates
656 1983 748 2025 regni
764 1983 890 2015 Siciliae
907 1984 1026 2027 quinta,

292 2034 528 2078 nonnullisque
560 2035 629 2067 aliis
666 2036 909 2079 episcopalibus
943 2037 1029 2069 eius-

293 2087 367 2119 dem
392 2088 484 2130 regni
520 2089 704 2121 civitatibus
731 2090 845 2122 ordino
872 2095 904 2122 et
929 2090 1028 2122 maio—

292 2141 387 2173 ritate
413 2142 565 2185 superior
595 2143 724 2184 existit,
758 2154 830 2175 cum
863 2144 960 2176 casali
988 2144 1026 2176 de

291 2193 483 2227 Surrentino
509 2195 645 2239 eiusque
672 2196 839 2229 territorio
867 2202 941 2229 ante
970 2198 1027 2230 ali-

291 2257 374 2290 quos
400 2258 502 2280 annos
530 2248 736 2292 subreptitie,
766 2255 801 2282 ut
825 2250 982 2290 creditur,
1009 2262 1026 2283 a

291 2300 461 2334 carissimo
494 2301 527 2333 in
558 2301 688 2335 Christo
713 2302 780 2336 filio
805 2309 918 2337 nostro
950 2303 1025 2336 Phi-

289 2354 380 2397 lippo
406 2353 637 2397 I‘Iispaniarum
661 2366 739 2399 rege
765 2357 942 2397 catholico,
970 2357 1025 2400 qui

290 2410 323 2439 et
346 2405 475 2439 Siciliae
502 2418 557 2440 rex
583 2408 711 2449 existit,
745 2409 842 2450 emit;
880 2409 1024 2442 venditio

289 2464 399 2492 tamen
417 2460 554 2494 civitatis
579 2472 615 2494 ac
639 2462 754 2495 casalis
773 2463 812 2495 de
831 2463 1024 2495 Surrentino

289 2518 322 2546 et
337 2513 496 2547 territorii
510 2514 699 2548 huiusmodi
714 2514 864 2549 effectum
879 2517 1024 2549 nondum

287 2566 412 2608 habuit,
435 2568 511 2611 quia
531 2574 633 2602 status
659 2569 782 2613 publici
814 2569 971 2604 militares
993 2575 1026 2603 et

326 2632 339 2659 1
359 2630 398 2658 Ex
418 2631 524 2667 Regest.
544 2632 572 2659 in
591 2632 691 2660 Secret.
713 2632 790 2660 Brev.

1059 604 1062 618 ¹
1082 594 1238 625 laicorum
1261 606 1355 637 quain
1375 595 1682 634 ecclesiasticorum7
1702 597 1816 628 adver-

1059 646 1143 677 tsari
1169 653 1419 687 cognoscerent.
1448 647 1525 679 Nam
1555 659 1591 680 ex
1619 651 1715 680 rausa
1747 660 1814 681 em·-

1085 288 1120 307 ee
1146 275 1313 308 lesiastiei¹
1334 276 1437 308 dictae
1452 276 1591 307 civitatis
1609 276 1744 318 eiusque
1761 281 1821 307 ter-

1084 330 1202 369 ritorii,
1222 336 1250 361 et
1273 330 1448 372 praecipue
1471 329 1696 369 ecclesiastici-i,
1718 329 1763 361 illi
1777 340 1817 361 rse

1064 394 1116 423 ¹se
1136 389 1371 425 swpcffltwruut,
1395 395 1464 415 cum
1488 384 1684 426 emptionem
1705 383 1818 415 liuius-

1063 436 1168 468 tuiodi
1198 437 1249 468 ttoi
1277 437 1408 468 serritio
1431 449 1466 468 ar.
1496 437 1736 468 conservationi
1763 448 1817 469 eo-

1082 499 1152 519 rum
1176 489 1335 521 libertatis
1355 496 1386 521 et
1408 491 1529 532 patriae
1553 491 1718 529 naturalis,
1742 502 1817 523 nec-

1081 552 1144 572 non
1171 541 1272 584 ‹eltiieti
1310 543 1427 574 virium
1465 548 1492 573 et
1521 543 1724 581 incolarum,
1753 549 1816 576 lain

1079 698 1199 741 ptionis
1216 699 1291 731 dicti
1304 700 1420 732 ‹Jzisalis
1435 700 1520 732 (Μία
1542 701 1718 743 illonlaglua
1733 712 1815 733 nun-

1078 752 1199 794 cupati,
1217 752 1367 784 effectum
1385 752 1543 792 sortitae'3,
1564 764 1600 785 ac
1615 753 1813 786 vinulitionis

1077 804 1214 837 civitatis
1241 812 1273 838 et
1296 806 1413 838 casalis
1441 807 1478 839 de
1509 806 1701 839 Surrentino
1728 807 1814 839 eius-

1077 868 1139 900 que
1178 860 1333 892 territorii
1372 860 1558 892 huiusmodi
1596 862 1712 902 longae
1738 861 1812 893 lites

1075 922 1111 943 ac
1138 911 1357 946 dissentiones
1390 914 1475 946 inter
1507 914 1688 956 litl‘t'tt‘stlttltil
1716 915 1813 947 Asca-

1075 965 1162 997 nium
1201 966 1315 998 ducem
1346 978 1382 999 ac
1411 972 1514 999 status
1540 967 1645 1000 dictae
1671 967 1811 1000 civitatis

1075 1025 1205 1051 exortae
1226 1020 1375 1060 suerunt,
1395 1025 1534 1063 propter
1548 1031 1629 1063 quas
1648 1031 1811 1063 personae

1074 1072 1265 1104 eorumdem
1284 1073 1413 1112 status³‚
1434 1079 1465 1105 et
1490 1073 1685 1115 praesertim
1704 1074 1811 1106 eccle-

1073 1125 1233 1165 siasticae,
1253 1126 1329 1158 dicti
1351 1127 1479 1159 Ascanii
1506 1127 1595 1160 ducis
1622 1127 1733 1159 odium
1762 1127 1811 1160 in-

1073 1184 1259 1211 currerunt.
1288 1179 1387 1219 Unde,
1407 1180 1432 1212 si
1454 1180 1599 1213 venditio
1619 1180 1808 1213 huiusmodi

1072 1231 1222 1264 effectum
1249 1232 1397 1272 liaberet,
1422 1238 1453 1265 et
1473 1233 1563 1265 laicis
1583 1234 1664 1266 dura
1684 1244 1744 1266 nec
1764 1235 1809 1266 fe-

1072 1286 1173 1318 renda
1198 1285 1367 1325 subiectio,
1388 1291 1420 1318 ct
1448 1286 1680 1319 ecclesiasticis
1706 1287 1809 1330 pluri-

1071 1349 1142 1371 mae
1167 1349 1348 1381 gravesque
1382 1339 1588 1373 difficultates
1615 1340 1808 1373 subeundae

1070 1392 1188 1424 forent.
1216 1392 1254 1424 Et
1277 1392 1355 1424 licet
1379 1393 1418 1424 ab
1445 1393 1569 1425 eisdem
1595 1393 1745 1433 statibus,
1772 1397 1809 1425 ut.

1070 1444 1132 1477 lioc
1149 1445 1359 1488 importabile
1380 1445 1493 1487 iugum
1512 1445 1681 1486 evitarent,
1701 1446 1808 1479 diver=

1069 1509 1122 1531 sae
1148 1499 1217 1531 viae
1253 1504 1420 1539 tentatae,
1453 1500 1613 1543 multique
1650 1510 1805 1533 recursus

1068 1553 1105 1584 ad
1125 1558 1343 1585 memoratum
1365 1553 1553 1596 Philippum
1571 1564 1683 1595 regem
1702 1553 1806 1586 habiti

1068 1606 1207 1647 fueriut3
1234 1607 1366 1639 tandem
1393 1612 1501 1639 tamen
1523 1612 1729 1650 compertum
1755 1611 1806 1639 est

1051 1659 1098 1692 ⁴id
1123 1659 1193 1693 sieri
1219 1660 1358 1703 nequire
1380 1660 1442 1693 nisi
1468 1660 1632 1693 mediante
1658 1665 1805 1703 praesta-

1068 1714 1155 1747 tione
1182 1715 1349 1757 octoginta
1366 1714 1504 1746 millium
1523 1719 1555 1747 et
1573 1714 1713 1757 amplius
1732 1725 1805 1747 scu-

1067 1773 1173 1801 torum
1198 1773 1367 1809 monetae3
1387 1779 1447 1811 pro
1467 1769 1585 1811 quibus
1608 1767 1801 1811 colligendis

1065 1826 1168 1855 status
1193 1823 1352 1855 secularis
1379 1827 1411 1855 et
1436 1822 1586 1855 militaris
1605 1832 1675 1854 eam
1702 1822 1803 1854 maio-

1065 1886 1151 1915 rem,
1179 1886 1275 1918 quam
1300 1886 1361 1919 pro
1387 1876 1484 1908 modo
1510 1875 1702 1907 facultatum
1728 1886 1802 1907 sua-

1064 1939 1134 1960 rum
1161 1934 1329 1971 poterunt,
1349 1928 1564 1971 pecuniarum
1583 1927 1799 1971 quantitatem

1063 1982 1274 2014 contribuere
1293 1982 1398 2024 parati
1421 1987 1512 2022 sunt,
1533 1982 1631 2025 idque
1653 1982 1800 2014 median-

1063 2035 1148 2067 tibus
1170 2035 1365 2078 quibusdam
1384 2035 1499 2067 annuis
1520 2035 1797 2078 impositionibus,

1062 2099 1163 2131 super
1188 2089 1306 2131 quibus
1333 2099 1505 2121 assensum
1524 2089 1633 2121 dilecti
1658 2088 1715 2120 filii
1741 2099 1799 2121 no-

1062 2142 1135 2174 bilis
1163 2142 1221 2174 viri
1247 2142 1397 2174 moderni
1423 2142 1574 2185 proregis
1601 2141 1677 2174 dicti
1704 2142 1798 2184 regni

1061 2194 1189 2228 Siciliae
1215 2195 1279 2228 iam
1304 2195 1530 2229 obtinuerunt.

1104 2248 1162 2291 §il
1179 2248 1257 2281 Cum
1272 2253 1392 2289 autem,
1407 2249 1491 2281 sicut
1505 2247 1619 2281 eadem
1635 2246 1796 2291 expositio

1060 2302 1297 2344 subiungebat,
1320 2302 1479 2335 laicorum
1505 2302 1676 2334 facultates
1702 2312 1797 2344 prae-

1060 2356 1194 2389 standae
1232 2356 1380 2398 integrae
1407 2366 1554 2388 summae
1579 2354 1795 2398 pecuniarum

1060 2409 1250 2443 huiusmodi
1265 2420 1329 2443 non
1349 2409 1527 2449 sufficiant,
1552 2409 1628 2442 dicti
1646 2420 1724 2442 vero
1743 2419 1796 2441 ex-

1059 2469 1220 2507 ponentes
1247 2464 1398 2507 <provide
1423 2463 1673 2496 considerantes
1695 2463 1734 2495 do
1759 2472 1795 2495 re

1095 2545 1105 2570 1
1126 2543 1216 2570 Potius
1231 2543 1373 2571 militaris
1389 2546 1415 2571 ee
1430 2543 1635 2570 ecclesiasticus
1649 2542 1685 2578 (R.
1702 2543 1751 2575 Τ.).,

1093 2588 1109 2613 Ξ
1124 2587 1195 2614 Edit.
1212 2587 1294 2614 Malu.
1312 2588 1376 2623 legit
1391 2588 1493 2616 sortita
1509 2590 1545 2620 (a.
1562 2587 1610 2623 T.).

1093 2633 1109 2661 3
1124 2632 1279 2668 tegendum
1294 2636 1424 2662 statuum
1438 2635 1475 2668 (a.
1493 2633 1540 2667 T.).

1745 218 1787 250 723
1835 226 1884 252 An.
1901 225 1929 253 C.
1948 225 2016 252 1662

1838 2251 1928 2275 Metita.
