2247 3208
105 189 109 192 ’
143 202 190 229 -An
225 203 252 228 c.
277 201 342 228 ies-1

154 1630 281 1660 *Decretum
299 1631 325 1652 ir-

141 1660 216 1678 rizans.

165 2567 283 2589 Contrariis
292 2568 327 2589 dc·

141 2598 213 2621 regai-

946 198 1133 223 ³153·anssss
1156 199 1201 222 VH
1226 196 1274 222 PP-

345 247 409 280 seri
433 248 482 280 vel
508 248 676 290 praetendi
692 247 805 290 quovis
824 247 919 280 modo
938 253 1080 290 possent,
1102 250 1105 270 ⁴
1125 246 1317 285 decessoris,
1344 257 1391 285 ac,
1420 252 1578 289 quatenus
1608 257 1688 289 opus
1714 247 1764 283 sit,
1791 247 1862 289 piae

343 301 533 343 supplemus
559 305 589 332 et
615 310 793 337 sanamus..
815 311 851 332 ac
885 300 1027 333 tollimus
1052 305 1083 332 et

342 353 532 392 abolemus·,
570 353 648 385 citra
686 352 938 386 immutationem
972 358 1080 384 tamen

341 407 391 438 vel
410 406 632 438 alterationem
657 405 906 438 concessionum
934 410 965 437 et
996 405 1081 437 inve-

343 457 530 490 stiturarum
557 458 631 490 dicti
650 458 736 491 feudi
757 457 937 494 Montatiae,
956 467 1082 489 earum-

342 521 404 554 que
436 516 590 550 naturae,
625 521 661 543 ac
686 510 754 543 siue
781 510 847 542 ullo
882 508 1080 552 praeiudicio

343 573 619 606 quorumcumque
633 563 748 595 iurium
765 568 796 596 et
807 562 981 602 actionum,
997 572 1080 605 quae

342 622 405 649 tam
431 617 462 649 in
496 617 646 660 petitorio
683 627 777 659 quam
814 617 847 648 in
879 616 1080 658 possessorio

341 676 531 714 competunt
552 676 583 703 et
600 675 735 714 possunt
756 669 867 713 quovis
885 669 979 702 titulo
998 679 1081 701 com-

341 728 457 766 petere
483 733 630 756 camerae
664 728 790 756 nostrae
817 722 1024 765 apostolicae,
1050 727 1081 754 et

341 786 471 819 mensae
497 775 766 818 archiepiscopali
784 775 986 814 Taurinensi,
1005 785 1081 818 quo-

341 838 478 871 cumque
505 834 652 872 tempore
667 834 747 861 etex
767 838 970 871 quacumque
984 830 1080 861 causa

340 886 373 913 et
397 881 513 924 capite,
540 887 572 914 et
596 882 627 914 in
654 882 767 925 quovis
792 892 866 914 casu
893 887 924 914 et
948 886 1078 921 eventu;

339 944 405 966 non
431 934 517 966 enim
549 945 608 977 per
633 940 824 978 praesentes
856 934 980 968 litteras
1012 945 1080 967 om-

338 987 457 1030 niaque
484 992 515 1019 et
539 987 664 1030 singula
689 988 721 1020 in
739 988 784 1020 eis
804 998 957 1031 expressa
978 988 1080 1021 inten-

340 1039 447 1072 dimus
470 1040 536 1072 ullo
559 1041 655 1073 modo
682 1040 905 1083 praeiudicare
931 1051 1078 1073 camerae

340 1098 370 1124 et
402 1103 531 1125 mensae
570 1093 842 1137 archiepiscopali
878 1093 1078 1137 praedictis,

339 1154 399 1176 nec.
425 1145 456 1176 iu
482 1156 556 1177 casu
582 1145 798 1178 devotationis
819 1148 868 1179 vel
889 1146 1078 1180 caducitatis

339 1203 392 1229 aut
416 1197 667 1235 confiscationis,
695 1209 754 1231 nec
780 1199 809 1231 in
837 1199 899 1232 alio
926 1210 1078 1242 quocum-

340 1261 402 1293 que
447 1251 515 1284 iure
559 1262 615 1284 seu
652 1252 882 1294 praetensione
923 1252 1075 1293 illarum,

338 1304 434 1336 etiam
461 1304 568 1347 quoad
594 1315 754 1348 expressa,
781 1305 835 1337 sed
855 1310 977 1337 tantum
1003 1316 1078 1338 con-

336 1355 465 1390 firmare
485 1358 705 1401 supradictum
720 1363 931 1398 contractum,
948 1359 1075 1402 aliaque

336 1410 523 1452 praemissa,
536 1421 595 1453 pro
606 1410 765 1444 interesse
775 1411 925 1454 partium,
937 1416 969 1444 et
982 1417 1077 1455 prout

337 1462 419 1496 saeta
446 1464 564 1496 suerint
581 1475 618 1497 ex
635 1465 704 1497 iure
724 1465 769 1497 eis
794 1465 974 1508 respective
990 1476 1077 1498 com-

337 1521 481 1558 petente,
500 1522 561 1549 tam
578 1517 690 1560 vigore
703 1517 962 1550 investiturarum
980 1528 1076 1561 quam

338 1569 377 1602 de
402 1569 472 1602 iure
498 1571 672 1608 communi,
698 1581 754 1604 seu
781 1571 844 1604 alio
871 1582 1075 1615 quocumque

338 1622 454 1661 modo,
479 1633 515 1656 ac
541 1624 658 1656 tollere
683 1624 886 1657 obstaculum
911 1624 1075 1667 praefatae

338 1675 580 1709 constitutionis
594 1676 715 1710 Urbani
734 1677 1076 1721 praedecessoris,qua

335 1727 455 1761 similes
482 1734 666 1762 contractus
691 1729 759 1762 sine
780 1729 987 1772 beneplacito
1004 1741 1076 1774 apo-

335 1781 451 1814 stolico
478 1780 547 1814 fieri
572 1782 803 1825 prohibentur.

380 1835 394 1878 ἓ
418 1835 450 1867 4.
478 1835 696 1869 Decernentes
726 1842 916 1879 praesentes
947 1836 1073 1870 litteras

335 1897 466 1931 semper
490 1888 615 1928 firmas,
639 1889 760 1922 validas
788 1895 819 1921 et
843 1890 988 1922 efficaces
1011 1889 1076 1922 exi-

334 1946 419 1973 stere
446 1946 478 1973 et
502 1941 581 1981 sore,
608 1952 749 1986 suosque
775 1942 940 1985 plenarios
971 1948 1004 1975 et
1027 1942 1076 1975 in-

335 1999 447 2036 tegros
474 1994 607 2027 effectus
631 1995 737 2028 sortiri
770 2001 801 2028 ct
833 1996 1005 2035 obtinere,
1038 2007 1074 2029 ac

335 2047 419 2086 illis,
447 2048 486 2080 ad
522 2059 603 2091 quos
629 2054 753 2091 spectat
778 2054 808 2081 et
833 2059 891 2092 pro
924 2054 1073 2092 tempore

337 2101 617 2144 quandocumque,
637 2102 799 2144 spectabit
815 2102 847 2134 in
869 2101 1018 2134 omnibus
1041 2107 1073 2134 et

336 2164 396 2196 per
419 2155 528 2186 omnia
552 2154 743 2197 plenissime
762 2154 943 2197 sulii-agari,
963 2155 1073 2198 sicque

335 2205 367 2237 in
395 2206 578 2248 praemissis
608 2217 667 2249 per
701 2217 921 2250 quoscumque
950 2207 1073 2240 iudices

335 2259 516 2291 ordinarios
541 2265 573 2291 et
597 2259 773 2301 delegatos,
792 2261 887 2293 etiam
905 2271 1074 2293 eatisarum

334 2312 446 2355 palatii
473 2312 644 2355 apostolici
674 2313 840 2346 auditores
873 2313 1010 2347 iudicari
1043 2320 1074 2347 et

335 2364 463 2398 definiri
491 2365 634 2404 debere,
661 2376 696 2397 ac
718 2365 844 2398 irritum
870 2372 902 2399 et
926 2367 1022 2400 inane
1048 2368 1073 2400 si

335 2428 431 2450 secus
469 2427 570 2460 super
595 2418 645 2449 his
682 2428 699 2449 a
731 2429 923 2461 quoquam.
961 2420 1073 2462 quavis

335 2471 554 2511 auctoritate,
591 2471 736 2504 scienter
772 2474 821 2504 vel
859 2471 1097 2521 ignoranter,2

1118 2523 1236 2557 fiscalis
1253 2551 1260 2563 ,
1286 2524 1385 2567 quod,
1404 2535 1474 2556 cum
1501 2524 1638 2557 dilectus
1664 2524 1748 2556 filius
1774 2526 1856 2567 Hya-

337 2525 512 2567 contigerit
538 2525 703 2558 attentari.

1125 299 1301 332 memoriae
1329 299 1414 332 Pauli
1441 299 1463 331 11
1490 304 1519 331 et
1546 299 1681 332 aliorum
1701 299 1864 332 Romano-

1125 362 1192 384 rum
1214 352 1405 385 Pontificum
1432 353 1719 395 praedecessorum
1741 359 1863 386 nostro

1124 415 1194 436 rum
1227 405 1265 437 de
1303 405 1399 437 rebus
1428 405 1655 438 ecclesiasticis
1688 416 1751 438 non
1784 405 1862 439 alie-

1125 456 1260 493 nandis,
1287 466 1465 500 earumque
1491 458 1741 491 alienationibus
1775 469 1862 491 com-

1124 509 1313 549 mittendis,
1347 510 1480 553 aliisque
1515 512 1804 544 constitutionibus
1831 517 1863 544 et

1124 562 1387 595 ordinationibus
1416 564 1624 606 apostolicis,
1654 576 1782 597 necnon
1815 565 1862 598 di-

1124 619 1191 646 ctae
1219 615 1374 648 ecclesiae
1399 615 1617 655 Tam-iriensis,
1642 623 1673 650 et
1697 619 1766 651 aliis
1792 619 1862 662 qui-

1124 667 1243 708 busvis,
1272 669 1366 701 etiam
1394 669 1588 710 iuramentO,
1616 671 1860 706 confirmatione

1124 721 1312 764 apostolica,
1340 722 1389 754 vel
1416 722 1528 765 quavis
1554 722 1703 756 firmitate
1722 725 1784 757 alia
1808 735 1861 758 ro-

1123 773 1257 813 boratis,
1286 774 1411 806 statutis
1430 780 1462 807 et
1479 776 1780 817 consuetudinibus,
1800 778 1861 821 pri-

1123 825 1249 867 vilegiis
1275 837 1416 870 quoque,
1440 827 1576 860 indultis
1597 834 1628 860 et
1648 830 1766 863 litteris
1785 842 1861 874 apo-

1123 879 1246 912 stolicis
1292 880 1325 912 in
1367 881 1566 913 contrarium
1608 884 1860 925 praemissorum

1123 933 1371 976 quomodolibet
1395 935 1572 975 concessis,
1609 936 1805 970 confirmatis
1830 943 1862 971 et

1123 985 1308 1026 innovatis;
1336 987 1452 1030 quibus
1475 988 1625 1021 omnibus
1651 995 1682 1022 et
1707 990 1858 1033 singulis,

1123 1040 1252 1072 illorum
1279 1046 1409 1073 tenores
1436 1042 1661 1084 praesentibus
1685 1053 1744 1087 pro
1763 1044 1859 1086 plene

1123 1098 1155 1124 et
1179 1092 1376 1126 sufficienter
1401 1095 1562 1137 expressis
1587 1105 1621 1127 ac
1646 1096 1684 1128 de
1703 1097 1802 1130 verbo
1820 1096 1860 1130 ad

1121 1145 1253 1178 verbum
1278 1146 1405 1179 insertis
1431 1147 1607 1187 hahentes,
1633 1148 1697 1181 illis
1723 1150 1802 1182 alias
1826 1150 1859 1183 in

1121 1209 1178 1232 suo
1204 1199 1320 1232 robore
1347 1200 1578 1242 permansuris,
1605 1202 1643 1233 ad
1670 1203 1860 1244 praemisso-

1122 1262 1191 1284 rum
1213 1251 1374 1291 effectum,
1401 1252 1462 1285 liae
1492 1253 1558 1286 vice
1585 1254 1758 1295 dumtaxat,
1791 1266 1859 1299 spe·

1121 1305 1248 1337 cialiter
1280 1310 1313 1337 et
1345 1316 1494 1348 expresse
1528 1307 1739 1349 derogamus,
1776 1315 1860 1341 cete-

1119 1358 1231 1401 risque
1257 1359 1428 1392 contrariis
1453 1360 1717 1404 quibuscmnque.

1165 1411 1276 1444 Datum
1303 1412 1438 1451 Romae,
1459 1414 1541 1456 apud
1563 1414 1593 1446 S.
1615 1414 1742 1447 Mariam
1764 1415 1859 1448 Maio-

1120 1475 1196 1504 rem,
1215 1465 1273 1496 sub
1291 1467 1409 1498 annulo
1431 1465 1609 1505 Piscatoris,
1629 1467 1680 1499 die
1698 1477 1727 1500 ιν
1746 1467 1858 1511 aprilis

1119 1528 1280 1558 noctxvn,
1299 1518 1502 1562 pontificatus
1523 1519 1622 1552 nostri
1648 1530 1731 1553 anno
1755 1531 1811 1554 x11.

1155 1579 1214 1607 Dat.
1234 1581 1278 1607 die
1297 1583 1313 1608 4
1333 1581 1424 1616 aprilis
1447 1581 1523 1616 ¹667,
1545 1582 1638 1617 pontis⁴
1655 1590 1724 1609 anno
1740 1589 1786 1610 xli.

1422 1698 1549 1731 DLXIV.

1120 1766 1306 1801 Commz'ssz'o
1331 1768 1477 1812 episcopo
1494 1769 1526 1802 F
1525 1770 1713 1808 errariensi,
1730 1774 1766 1802 ul
1777 1781 1854 1813 pro-

1161 1820 1252 1852 cedat
1287 1829 1399 1854 contra
1435 1822 1620 1865 expulsores
1650 1823 1859 1866 inquisitoris

1161 1873 1337 1906 Mantuani
1360 1885 1380 1906 a
1404 1875 1536 1907 civitate
1559 1879 1587 1907 et
1611 1875 1732 1907 ducatu
1758 1875 1855 1907 Mun-

1164 1930 1270 1958 tuano.

1118 1999 1231 2025 Dilecto
1249 1999 1312 2026 filio
1332 2001 1437 2026 nostro
1450 1999 1555 2026 Ioanni
1572 2000 1723 2034 Stephano
1740 2000 1768 2027 S.
1782 2001 1814 2028 R.
1827 2001 1857 2028 E.

1153 2043 1297 2070 cardinali
1310 2044 1429 2078 Donqho
1439 2048 1624 2078 nuncupato,
1635 2046 1781 2072 ecclesiae
1793 2046 1859 2072 rer-

1152 2088 1297 2114 rariensis
1318 2095 1354 2114 ex
1375 2090 1568 2116 concessione
1584 2092 1614 2115 et
1631 2090 1858 2122 dispensatione

1153 2131 1320 2166 apostolica
1339 2133 1485 2165 praesuli,

1311 2186 1480 2213 Alexander
1501 2186 1579 2219 Papa
1598 2186 1660 2213 vn.

1329 2248 1444 2275 Dilecta
1464 2248 1507 2275 fili
1526 2252 1645 2282 noster,

1153 2294 1282 2321 satutem
1303 2297 1334 2320 et
1354 2294 1550 2326 apostolicam
1569 2293 1820 2321 benedictionem.

1162 2366 1175 2407 ξ
1201 2365 1232 2397 i.
1260 2364 1384 2407 Eaponi
1417 2364 1510 2397 nobis
1543 2375 1648 2407 nuper
1679 2365 1752 2397 feeit
1778 2365 1858 2398 dile—

1118 2424 1186 2450 ctus
1196 2418 1278 2450 filius
1289 2418 1402 2450 Petrus
1411 2417 1539 2457 Serista‚
1552 2424 1680 2451 sanctae
1692 2419 1856 2452 Romanae

1118 2478 1146 2503 et
1180 2471 1373 2503 universalis
1410 2470 1631 2513 inquisitionis
1665 2478 1857 2514 procinator

381 2578 397 2619 ἓ
421 2577 452 2610 5.
479 2577 549 2610 Non
575 2579 724 2611 obstante
744 2578 826 2611 dicta
844 2578 964 2611 Urbani
984 2589 1073 2621 prae-
1094 2588 1097 2616 l
1118 2577 1246 2610 cinthus
1271 2577 1368 2610 Maria
1393 2577 1550 2619 Gratiara,
1577 2579 1676 2611 frater
1702 2589 1855 2622 expresse

1764 186 1828 222 507
1876 198 1924 224 An.
1941 197 1969 224 c.
1992 196 2059 224 1567

1895 2375 2013 2402 Expoiitto.
