2247 3208
127 246 175 271 An.
193 245 223 271 C.
248 243 314 271 1669

147 779 192 800 Nnc
202 779 264 802 alitor
276 785 307 799 iu·

123 806 191 826 dicari
201 809 262 831 posse
271 805 308 826 do·

122 834 197 852 curuli.

154 1834 246 1859 Dei-ngat
261 1839 310 1854 con-

128 1863 205 1882 lrarns.

949 240 1092 264 ctssuffis
1117 242 1145 263 tx
1171 241 1218 264 ΙΨ.

1739 229 1797 262 901

318 292 397 325 illud
425 291 469 323 uti
495 302 549 323 seu
570 304 600 323 se
622 291 731 324 iuvare
752 291 816 323 11110
835 290 931 322 inodo
950 299 1054 331 posse,
1077 292 1079 306 s
1099 288 1148 320 dis
1173 294 1204 321 et,
1229 289 1447 331 registrandis,
1467 290 1509 322 ita
1526 294 1561 321 ut
1578 294 1766 333 praesentes
1791 288 1841 321 lit-

318 345 375 377 sed
410 345 495 387 ipsas
535 350 723 387 praesentes
764 343 888 376 litteras
928 351 1059 384 semper

317 398 450 433 firmas,
476 397 596 430 validas
628 402 655 428 et
684 397 828 429 efficaces
858 395 995 427 existere
1027 399 1059 426 et

319 452 396 490 fore,
424 462 564 494 suosque
592 449 754 493 plenarios
785 454 815 480 et
841 448 988 490 integros
1015 446 1059 478 cf-

321 506 422 537 fectus
440 503 546 537 sortiri
565 509 595 536 et
611 503 772 540 obtinere,
791 512 825 533 ac
852 501 890 532 ab
909 499 1058 532 omnibus

318 563 349 590 et
376 557 522 599 singulis,
547 557 584 595 aa
607 566 686 599 quos
706 558 873 597 spectate!
902 562 960 595 pro
981 557 1058 583 tein-

319 621 395 653 porc
423 610 692 652 quandocumque
718 605 885 650 spectabit,
905 605 936 637 in
956 604 1065 636 onini-⁴

321 663 379 694 bus
398 668 427 694 et
451 672 507 705 per
531 661 640 694 omnia
657 658 885 692 inviolabiliter
900 664 930 690 ct
947 658 1059 690 incon-

320 726 410 747 cusse
437 713 614 750 observari,

364 768 378 811 ἓ
403 767 434 800 6.
462 767 576 810 Sicque
595 772 624 799 et
645 776 708 798 non
735 765 828 797 aliter
853 764 884 796 in
913 763 1060 806 praemis-

319 821 361 852 sis
392 831 451 864 per
476 829 696 863 quoscumque
731 817 852 849 iudices
879 817 1059 849 ordinarios

320 878 351 905 et
373 873 550 916 delegatos,
569 871 665 904 etiam
694 881 862 902 causarum
880 870 986 901 curiae
1009 880 1059 901 ca-

320 935 427 958 merae.
461 924 657 968 apostolicae
684 924 865 966 generalem
892 928 921 954 et
948 922 1058 965 palatii

319 978 491 1023 apostolici
509 978 686 1017 auditores,
702 987 736 1009 ac
751 976 897 1009 eiusdem
913 986 1058 1008 camerae

319 1032 554 1075 praesidentes,
582 1030 730 1070 clericos,
751 1028 988 1062 thesaurarium
1007 1038 1060 1071 ge-

320 1087 474 1125 neralem,
490 1083 760 1122 commissarium,
775 1083 921 1125 aliosque
941 1080 1060 1114 officia-

320 1140 366 1171 les
385 1143 416 1170 et
438 1137 613 1175 ministros,
632 1147 760 1168 necnon
773 1136 803 1168 S.
821 1136 858 1167 R.
879 1135 912 1167 E.
934 1134 1061 1178 praedi-

319 1198 389 1224 ctae
407 1190 620 1223 camerarium
639 1200 694 1221 seu
722 1188 1000 1232 procamcmriuni
1029 1192 1060 1219 et

319 1244 400 1277 alios
415 1244 608 1283 cardinales,
623 1242 719 1275 etiam
738 1243 777 1274 de
809 1243 909 1274 latcrc
936 1242 1059 1283 legatos

320 1303 352 1329 et
369 1297 472 1329 dictae
487 1296 577 1329 Sedis
591 1296 736 1333 nuncios,
754 1300 949 1336 ceterosque
964 1304 1060 1336 quos-

319 1351 416 1389 libet,
446 1360 647 1393 quacumque
666 1347 923 1392 praeeminentia
947 1352 978 1379 et
1002 1357 1059 1389 po-

320 1408 383 1435 tate
411 1403 581 1445 fungentes
615 1406 646 1433 et
671 1401 856 1441 sunt-turos,
883 1401 915 1432 in
949 1399 1058 1442 quavis

320 1457 414 1488 causa
440 1460 471 1488 et
496 1455 660 1490 instantia.
681 1454 806 1492 sublata
828 1453 873 1486 eis
891 1458 922 1485 tt
947 1463 1059 1486 eorum

320 1508 454 1542 cuilibet
486 1508 597 1552 quavis
621 1508 716 1540 aliter
733 1506 895 1539 iudicandi
915 1511 944 1539 et
964 1506 1061 1539 inter-

321 1562 470 1605 pretandi
491 1561 639 1594 facultate
666 1566 697 1594 et
721 1560 920 1600 anctoritate,
940 1560 1059 1603 ubique

321 1614 457 1648 iudicari
479 1619 511 1647 et
536 1613 664 1647 definiri
697 1614 840 1653 debere,
870 1624 906 1645 ac
934 1612 1059 1645 irritum

323 1667 464 1700 etinane
484 1666 509 1698 si
528 1677 624 1699 secus
651 1676 750 1709 super
776 1666 826 1698 his
852 1676 868 1697 a
886 1676 1059 1709 quoquam,

323 1719 435 1764 quavis
467 1719 688 1758 auctoritate,
717 1719 862 1752 scienter
892 1720 941 1751 vel
967 1719 1059 1761 igno-

323 1779 456 1813 ranter,
484 1773 661 1816 contigerit
687 1773 851 1806 attentari.

367 1828 380 1871 ξ
399 1828 428 1860 7.
457 1827 527 1860 Non
561 1827 777 1865 obstantibus,
798 1827 904 1870 quoad
923 1837 959 1859 ea
977 1837 1059 1869 quae

322 1881 551 1924 praesentibus
577 1881 796 1918 adversantur,
823 1880 986 1923 praedicta
1004 1879 1060 1912 Ur-

322 1934 399 1968 bani
423 1932 694 1977 praedecessoris,
716 1943 751 1965 ac
779 1932 970 1965 recolendae
995 1942 1061 1964 mc-

322 1987 445 2020 moriae
470 1985 623 2019 Bonifacii
650 1985 754 2028 Papae
784 1985 847 2018 vni
876 1985 1062 2027 praedeces-

323 2039 406 2073 soris
432 2039 554 2082 pariter
579 2038 681 2071 nostri
708 2039 746 2071 de
772 2041 851 2079 una,
877 2043 909 2070 et
933 2038 1061 2071 concilii

324 2093 485 2136 generalis
510 2092 548 2124 de
571 2092 697 2124 duabus
717 2091 821 2131 dietis,
840 2092 884 2124 ita
901 2097 936 2123 ut
953 2091 1062 2134 vigore

324 2145 546 2190 praesentium
571 2145 666 2177 etiam
694 2146 775 2178 ultra
807 2145 886 2177 duas
912 2146 1061 2188 pluresve

325 2200 426 2232 dietas
452 2199 589 2242 quilibet
612 2199 643 2231 in
666 2199 816 2231 iudiciuin
837 2199 919 2231 trabi
952 2198 1063 2242 possit,

326 2252 398 2296 piae
424 2252 600 2285 memoriae
632 2251 675 2283 Pii
703 2251 738 2283 lv
769 2256 800 2284 et
825 2251 912 2284 Pauli
939 2251 961 2282 Υ
986 2251 1063 2284 alio-

327 2314 462 2347 rumque
487 2303 705 2336 Romanorum
730 2303 939 2343 Pontificum,
965 2303 1063 2336 ctiam

326 2357 614 2400 praedecessorum
629 2362 826 2397 nostrorum,
840 2367 937 2400 super
953 2357 1064 2400 spoliis

325 2419 472 2442 camerae
486 2408 672 2452 praedictae
694 2409 907 2451 applicandis,
927 2420 963 2441 ac
981 2409 1065 2442 cius-

325 2464 398 2496 dem
432 2463 477 2495 Pii
514 2463 551 2494 IV
586 2462 842 2505 praedecessoris
879 2463 918 2495 de
955 2463 1065 2505 gratiis

328 2517 563 2560 qualecumque
596 2515 752 2548 interesse
787 2515 888 2547 dictae
919 2526 1064 2548 camerac

330 2568 601 2601 concernentibus
621 2567 654 2599 in
672 2567 741 2611 ipsa
758 2570 885 2600 camera
902 2568 985 2600 intra
1002 2578 1067 2601 cer-

332 2625 397 2653 tum
414 2626 490 2653 tunc
506 2631 696 2664 expressum
712 2626 836 2664 tempus
855 2626 1067 2665 praesentan-

425 2683 503 2712 L'ull.
526 2683 607 2710 Rom.
651 2683 709 2712 rot.
730 2683 820 2711 XVII.
985 2684 1030 2712 101

1101 347 1183 374 teras
1215 342 1335 375 ibidem
1369 342 1587 386 praesentari,
1615 341 1779 384 registrari
1810 345 1842 373 et

1100 395 1256 427 insinuari
1283 405 1449 438 nunquam
1468 406 1600 428 neccsse
1623 395 1671 435 sit,
1698 404 1838 433 necnon,

1101 453 1258 490 quatenus
1279 458 1360 490 opus
1385 448 1433 487 sit,
1453 449 1491 481 de
1518 449 1586 481 iure
1615 447 1760 491 quaesito
1776 458 1839 479 non

1102 501 1259 539 tollendo,
1280 501 1414 543 aliisque
1441 501 1604 533 nostriset
1626 500 1840 534 cancellariae
1866 530 1872 535 .

1101 554 1301 595 apostolicae
1329 554 1460 595 regulis,
1476 554 1656 596 ceterisque
1683 552 1841 597 apostoli-

1101 604 1159 644 cis,
1173 616 1208 637 ac
1228 605 1258 637 in
1273 606 1509 638 universalilnis
1521 605 1839 648 provincialibusque

1101 662 1132 689 et
1157 658 1364 701 synodalibus¹
1386 658 1533 691 conciliis
1560 658 1665 695 editis,
1684 657 1841 700 generali-

1101 710 1159 742 bus
1185 711 1233 743 vel
1259 711 1463 753 specialibus,
1489 710 1782 743 constitutionibus
1808 714 1841 742 et.

1102 763 1387 801 ordinationibus,
1414 774 1448 795 ac
1486 763 1589 795 (lictae
1627 774 1772 795 camerae
1810 768 1838 796 et

1101 816 1348 860 provinciarum,
1376 828 1560 859 regnorum,
1589 816 1767 859 regionum,
1785 816 1842 849 Or-

1102 869 1213 902 dinuni
1235 874 1265 901 ct
1284 869 1586 911 congregationum,
1605 869 1838 907 institutorum,

1102 923 1302 962 societatum,
1321 922 1415 954 etiam
1441 922 1520 962 lesu,
1540 922 1709 954 domorum
1728 926 1758 954 et
1776 923 1842 954 col-

1102 975 1260 1018 legiorum
1293 985 1592 1018 quorumcumque,
1627 973 1737 1006 aliisve
1773 973 1841 1016 qui—

1102 1028 1220 1069 busvis,
1248 1028 1344 1061 etiam
1371 1028 1566 1067 iuramento,
1589 1026 1840 1060 confirmatione

1102 1082 1304 1125 apostolica,
1346 1083 1396 1114 vel
1435 1082 1546 1125 quavis
1583 1080 1736 1113 firmitate
1778 1080 1840 1113 aliti

1102 1135 1280 1175 roboratis,
1303 1135 1434 1168 statutis
1468 1140 1496 1167 ct
1529 1133 1839 1172 consuetiulinibus,

1102 1189 1198 1221 etiam
1222 1188 1543 1227 immemorabilibus,
1560 1187 1741 1231 privilegiis
1760 1197 1841 1230 que-

1102 1253 1175 1285 que,
1202 1242 1358 1281 indultis,
1385 1241 1614 1280 facultatibus,
1642 1240 1783 1273 licentiis
1809 1244 1842 1271 et

1102 1295 1220 1328 litteris
1239 1295 1441 1338 apostolicis,
1459 1293 1625 1337 quibusvis
1651 1293 1839 1331 Ordinibus,

1102 1348 1422 1391 congregationibus,
1447 1346 1600 1379 institutis
1627 1351 1658 1378 et
1683 1345 1844 1378 societati-

1102 1403 1172 1442 bus,
1199 1402 1295 1434 etiam
1321 1401 1398 1440 lcsu,
1418 1410 1594 1443 eorumque
1619 1398 1842 1442 superioribus

1103 1460 1133 1487 et
1150 1455 1308 1498 personis,
1329 1453 1424 1486 etiam
1442 1452 1701 1496 particularibus,
1721 1456 1753 1483 et
1770 1450 1841 1483 aliis

1103 1508 1382 1551 quil‘niscumque,
1409 1506 1504 1539 etiam
1531 1504 1663 1549 speciali
1697 1505 1772 1536 nota
1796 1503 1843 1535 di-

1103 1562 1196 1605 gnis,
1224 1566 1257 1593 et
1288 1561 1327 1593 de
1352 1559 1546 1593 necessitate
1581 1558 1659 1590 iuris
1692 1558 1742 1590 vel
1770 1556 1842 1589 facti

1103 1614 1236 1647 omnino
1255 1612 1481 1656 exffrunendis,
1498 1611 1593 1644 etiam
1608 1621 1678 1643 cum
1695 1610 1843 1642 facultate

1103 1666 1244 1709 eligendi
1270 1665 1489 1708 posteriorem
1516 1665 1632 1703 datam,
1660 1673 1755 1706 quam
1781 1672 1841 1695 ne-

1103 1720 1180 1753 mini
1196 1720 1347 1752 adversus
1363 1718 1494 1751 easdem
1512 1722 1702 1761 praesentes
1717 1716 1843 1749 litteras

1103 1775 1170 1806 ullo
1195 1773 1291 1806 modo
1316 1771 1480 1813 suffragari
1502 1780 1644 1813 unquam
1670 1779 1764 1812 posse
1788 1773 1846 1801 sta-

1104 1827 1220 1859 tuimus
1246 1832 1277 1859 et
1302 1824 1514 1864 decernimus,
1535 1834 1571 1856 ac
1595 1823 1655 1856 sub
1681 1822 1751 1855 aliis
1776 1822 1846 1865 qui-

1104 1882 1302 1922 buscumque
1330 1878 1504 1911 verborum
1535 1877 1703 1909 tenoribus
1730 1880 1766 1908 et
1787 1875 1847 1908 for-

1104 1934 1173 1973 mis,
1189 1944 1224 1965 ac
1234 1943 1306 1964 cum
1328 1931 1494 1975 quibusvis
1512 1931 1606 1963 etiam
1623 1929 1846 1972 derogatoria-

1104 1997 1173 2019 rum
1190 1985 1414 2028 derogaturus,
1438 1984 1572 2026 aliisque
1599 1982 1843 2022 efficacioribus,

1105 2038 1334 2073 efficacissimis
1364 2042 1395 2069 et
1427 2036 1562 2070 insolitis
1587 2035 1746 2073 clausulis,
1775 2035 1848 2067 irri-

1106 2092 1311 2134 tantihusque
1341 2095 1372 2123 et
1393 2089 1463 2122 aliis
1491 2088 1640 2127 decretis,
1670 2089 1700 2120 in
1726 2098 1848 2130 genere

1105 2146 1155 2178 vel
1181 2145 1213 2177 in
1239 2143 1366 2187 specie,
1393 2143 1489 2175 etiam
1519 2147 1629 2181 motu,
1656 2141 1791 2173 scicntia
1816 2145 1848 2173 et

1106 2196 1274 2241 potestatis
1299 2195 1503 2240 plenitudine
1529 2194 1679 2238 paribus,
1706 2205 1742 2226 ac
1771 2205 1848 2227 con-

1106 2250 1328 2289 sistorialiter,
1362 2253 1394 2281 et
1425 2249 1503 2282 alias
1537 2247 1786 2291 quomodolibet
1815 2247 1849 2280 in

1107 2303 1310 2337 contrarium
1330 2302 1585 2346 praemissorum
1611 2300 1791 2339 concessis,
1811 2311 1849 2333 ac

1107 2357 1205 2390 etiam
1231 2355 1352 2399 pluries
1378 2355 1587 2395 confirmatis,
1610 2354 1797 2397 approbatis
1816 2357 1848 2386 et

1107 2409 1288 2449 innovatis,
1316 2409 1435 2452 quibus
1462 2407 1615 2441 omnibus
1641 2411 1673 2441 et
1698 2406 1847 2449 singulis,

1108 2463 1236 2495 etiamsi
1260 2472 1318 2505 pro
1344 2461 1475 2494 illorum
1505 2460 1678 2494 sufficienti
1713 2461 1849 2502 deroga-

1109 2516 1197 2548 tione
1223 2515 1261 2548 de
1289 2514 1352 2547 illis
1377 2525 1553 2557 eorumque
1580 2513 1655 2547 totis
1682 2512 1847 2545 tenoribus

1109 2567 1270 2611 specialis,
1286 2567 1444 2611 specifica,
1464 2577 1614 2610 expressa
1631 2572 1662 2598 et
1676 2565 1849 2604 individua,

1110 2631 1145 2653 ac
1171 2620 1209 2653 dc
1234 2621 1333 2653 verbo
1359 2620 1397 2652 ad
1419 2620 1561 2662 verbum,
1580 2629 1644 2651 non
1663 2623 1769 2650 autem
1791 2628 1850 2661 per

1850 239 1896 265 An.
1915 237 1944 265 U.
1967 236 2034 263 1669
