2247 3208
155 227 202 255 An.
221 226 249 254 C.
272 227 340 254 1662

177 1658 204 1678 'te
227 1658 330 1679 electione

148 1689 240 1708 magistri
270 1692 331 1712 gano-

149 1712 204 1732 ratis.

934 225 1121 249 MENANDER
1145 226 1188 248 x'tt
1214 226 1260 249 ΙΨ.

351 274 435 307 felici
462 279 544 307 statu
570 273 744 313 Ecclesiae,
774 278 805 305 et
829 284 886 317 pro
909 284 997 315 rege,
1026 284 1084 316 pro

349 328 611 361 benefactorilms
637 327 765 360 Ordinis
788 332 816 359 et
843 327 977 370 0111111115
1000 327 1085 358 chri-

349 381 475 419 stianis,
499 381 578 414 vivis
605 387 699 424 atque
726 380 904 419 dosunt—tis,
932 385 1027 422 prout
1052 380 1083 411 111

349 435 454 478 capite
487 445 550 468 xvtt
585 435 622 467 de
657 435 801 478 capitulo
834 433 1025 476 quotidiano
1051 433 1083 464 in

348 487 470 520 nostris
489 488 782 520 constitutionilms
803 486 970 526 statuitur,
990 496 1084 529 prae—

349 551 400 574 ses
427 541 598 574 electionis
624 542 757 573 brevem
791 544 823 572 et
851 539 937 582 piam
963 538 1084 571 oratio-

348 604 422 626 nem
456 594 586 633 habeat,
615 604 677 637 qua
708 597 818 636 patres
853 593 1014 624 electores
1044 592 1082 624 dc

348 646 411 680 sine
438 645 664 679 conventionis
690 649 834 684 moneat,
862 644 1023 688 simulque
1044 644 1082 677 ad

348 699 544 731 electionem
560 698 632 730 novi
646 697 789 740 magistri
801 698 964 740 generalis
984 702 1081 735 recte,

348 752 492 794 legitime
519 756 548 784 01
575 751 731 784 canonice
761 752 980 794 peragendam
1007 751 1083 784 hor-

349 810 447 844 tetur,
460 803 678 847 virtutesque,
696 804 903 848 prudentiam
919 810 951 837 et
962 804 1083 837 doctri-

348 867 421 889 nam
443 856 512 889 viro
534 856 686 899 eligendo
705 857 908 890 necessarias
928 862 1080 901 exponat,

349 920 411 953 qua
436 912 582 953 peraeta,
603 910 640 942 ad
667 920 801 942 examen
821 909 982 942 vocalium
1006 920 1083 953 pro-

348 963 442 995 cedat
457 968 488 995 et
503 962 609 1006 primo
620 962 812 1006 praecipiat,
826 963 921 1006 idque
937 963 1082 996 secundo

347 1020 379 1047 et
404 1015 501 1048 tertio
535 1021 689 1055 moneat,
717 1021 751 1047 ut
777 1016 802 1048 si
837 1015 908 1059 quis
939 1016 1081 1059 aliquem

347 1069 507 1102 vocalium
540 1070 572 1102 in
598 1070 785 1102 delinitorio
811 1070 920 1113 aliquo
945 1070 1083 1113 impedi-

347 1128 457 1155 mento
473 1123 619 1165 legitimo
638 1124 687 1156 vel
703 1126 842 1156 censura
860 1124 1082 1156 ecclesiastica

347 1175 541 1208 innodatum
567 1177 707 1218 (ratione
735 1176 826 1209 cuius
857 1177 888 1208 in
920 1177 1080 1209 electione

346 1239 412 1261 non
438 1229 555 1261 habeat
574 1228 776 1272 suffragium)
798 1230 953 1262 assistere
979 1230 1082 1263 scive-

347 1281 400 1321 rit,
420 1282 575 1314 continuo
596 1282 794 1315 manifestet.
812 1282 901 1320 Quod
920 1283 945 1315 si
964 1283 1080 1326 aliquis

346 1334 532 1378 reperiatur
554 1340 585 1368 et
611 1335 814 1368 sufficienter
832 1337 992 1379 probetur
1018 1337 1080 1369 tale

345 1388 411 1431 pati
428 1388 709 1432 impedimentum,
730 1400 747 1421 a
770 1388 956 1422 definitorio
975 1390 1082 1422 decla-

346 1445 447 1481 retur,
471 1446 502 1474 et
520 1441 558 1474 de
578 1441 722 1485 capitulo
741 1441 908 1483 eiiciatur·,
936 1442 979 1474 ita
997 1447 1032 1474 ut
1049 1442 1080 1474 in

347 1493 407 1526 hac
432 1493 581 1526 sessione
603 1505 717 1526 omnes
740 1496 868 1527 vocales
895 1495 1082 1528 examinen-

346 1552 409 1587 tur,
430 1552 462 1579 et
485 1548 523 1580 ad
542 1547 682 1580 suturam
704 1547 755 1580 die
782 1548 933 1591 sequenti
953 1548 1082 1581 0100110-

346 1609 420 1632 nem
446 1605 536 1633 certo
562 1611 700 1633 numero
725 1605 917 1633 statuantur.

389 1651 427 1685 Et
445 1653 495 1686 die
517 1654 679 1697 sequenti,
707 1653 814 1697 primo
832 1665 939 1695 mane,
967 1656 1006 1688 ad
1032 1666 1082 1688 au-

347 1716 477 1747 roram,
511 1717 624 1739 omnes
661 1708 789 1740 vocales
827 1708 971 1750 legitima
1003 1719 1081 1741 voce

347 1760 386 1791 ad
413 1759 609 1792 electionem
635 1759 739 1803 pridie
766 1760 925 1803 designati
952 1761 983 1793 in
1010 1762 1082 1794 loco

348 1811 517 1854 capitulari
544 1813 751 1852 conveniant,
771 1813 880 1856 ibique
899 1814 1084 1846 celebretur

349 1864 447 1897 missa
472 1865 610 1908 Spiritus
629 1865 749 1905 Sancti,
770 1871 801 1898 et
818 1866 934 1899 concio
961 1867 1084 1899 littera-

349 1918 386 1950 tis
413 1919 513 1951 latino
540 1918 695 1950 idiomate
722 1919 760 1951 ad
787 1920 948 1951 electores
965 1920 1085 1952 hahea-

350 1976 412 2010 tur,
432 1971 637 2003 exhortando
664 1981 720 2003 eos
746 1972 784 2003 ad
810 1977 931 2004 rectam
949 1977 980 2003 et
997 1973 1083 2004 bono

349 2025 512 2057 communi
550 2025 662 2057 utilem
701 2024 910 2057 electionem.
951 2024 1015 2063 Qua
1050 2024 1086 2056 fi-

349 2075 425 2117 nita,
465 2088 598 2119 omnes,
634 2078 724 2110 flexis
756 2077 904 2120 genibus,
930 2078 1084 2121 hymnum

354 2130 432 2163 Veni
456 2135 579 2162 creator
604 2130 747 2173 Spiritus
764 2136 906 2170 cantent,
937 2136 968 2163 et
992 2142 1086 2174 prae-

350 2194 401 2215 ses
442 2194 579 2226 surgens
620 2183 702 2216 dicat
727 2194 733 2215 z
774 2184 889 2216 Emitte
924 2184 1084 2227 Spiritum

352 2241 465 2275 licum,
494 2242 578 2275 etc.‚
612 2237 770 2269 Dominus
801 2238 978 2277 vobiscum,
1008 2243 1084 2278 etc„

352 2288 498 2321 Oremus:
525 2289 606 2321 Deus
625 2289 683 2332 qui
701 2289 795 2321 corda
819 2290 976 2332 fideliam,
1006 2296 1084 2331 etc.;

352 2349 382 2375 et
406 2343 453 2375 sic
474 2344 511 2375 ad
535 2342 731 2375 electionem
750 2343 958 2385 procedatur,
983 2344 1087 2376 forma

351 2395 429 2427 iuris
455 2395 541 2428 iuxta
573 2401 701 2427 nostras
734 2396 985 2428 constitutiones
1018 2408 1086 2429 ser-

351 2450 433 2480 vata.
446 2447 598 2490 Magister
613 2448 776 2490 generalis
791 2454 865 2491 post
880 2450 1086 2490 elme-tionem,

350 2501 533 2544 usquedum
563 2512 580 2533 a
612 2500 727 2533 Sancta
759 2501 839 2534 Sede
866 2502 1086 2536 confirmatio-

352 2564 426 2586 nem
456 2554 504 2586 sui
537 2553 633 2586 officii
659 2554 829 2595 obtineat,
857 2565 895 2587 eo
922 2556 1084 2599 iungatur,

352 2618 418 2641 non
443 2613 566 2641 tantum
599 2609 657 2641 sub
689 2608 780 2641 titulo
806 2608 916 2642 vicarii
950 2621 1086 2653 genera-

1120 273 1167 312 lis,
1188 278 1219 304 ut
1244 273 1274 304 in
1302 274 1588 306 constitutionibus
1614 275 1769 314 sancitur,
1795 276 1851 308 sed

1119 325 1213 358 etiam
1240 327 1403 367 generalis
1430 328 1534 367 010011,
1555 339 1591 360 ex
1616 329 1851 361 consuetudine

1119 378 1288 419 religionis
1309 380 1348 411 ad
1368 380 1428 412 hoc
1447 381 1614 422 praedicto
1633 382 1778 423 generali
1798 383 1853 415 de-

1118 430 1262 463 linitorio
1288 433 1467 474 approbata
1492 439 1523 465 et
1548 434 1750 467 confirmata.

1159 493 1260 516 xxxlv.
1289 483 1379 516 Circa
1405 485 1491 527 quod
1521 491 1569 517 est
1600 487 1850 528 observandum,

1118 542 1152 568 ut
1185 537 1290 569 omnis
1328 537 1514 579 ambigendi
1548 539 1638 571 locus
1672 541 1851 583 relegetur,

1118 591 1216 633 quod,
1245 590 1270 622 si
1297 601 1453 623 numerus
1473 591 1703 634 suffragiorum
1729 594 1771 626 sit
1794 595 1853 627 im-

1117 654 1186 686 par,
1223 644 1313 676 verbi
1352 644 1464 687 gratia,
1491 645 1516 677 si
1555 647 1683 679 vocales
1713 647 1779 679 sint
1808 648 1853 680 vi-

1117 696 1197 738 ginti
1225 702 1256 729 et
1280 708 1397 730 novem
1424 698 1499 741 (qui
1527 709 1684 731 numerus
1712 711 1748 732 ex
1775 701 1854 733 dua-

1116 750 1176 781 bus
1197 750 1345 792 partibus
1366 749 1594 794 inaequalibus
1613 758 1753 793 constat,
1776 764 1854 797 qua·

1117 813 1187 834 rum
1213 813 1278 835 una
1303 803 1403 836 habet
1439 804 1639 847 quindecim,
1678 806 1739 839 alia
1776 817 1852 840 vero

1117 857 1367 899 quatuordecim
1380 858 1405 899 ),
1424 857 1479 890 ille
1499 858 1552 901 qui
1580 859 1734 892 habuerit
1759 861 1853 903 quin-

1117 909 1222 941 decim
1249 909 1413 952 suss'ragia,
1448 911 1625 944 dummodo
1659 922 1724 945 non
1750 913 1792 945 sit
1816 924 1852 946 ex

1116 971 1254 994 numero
1288 962 1497 1005 eligentium,
1529 964 1571 996 sit
1604 964 1750 1007 legitime
1787 967 1853 999 ele-

1116 1020 1200 1055 ctus,
1228 1015 1254 1047 si
1280 1026 1358 1048 vero
1393 1027 1429 1048 ex
1463 1027 1601 1049 numero
1634 1017 1766 1051 illorum
1797 1019 1850 1059 sit,

1116 1067 1240 1111 indiget
1266 1067 1510 1112 aliosull'ragio
1538 1071 1622 1103 ultra
1648 1071 1850 1114 quindecim,

1116 1126 1151 1153 111
1176 1132 1270 1154 51111111
1303 1121 1406 1165 ipsius
1437 1122 1626 1165 suffragium
1653 1124 1714 1156 sibi
1739 1125 1853 1168 prosu-

1115 1174 1179 1207 isse
1205 1185 1270 1207 non
1296 1175 1506 1216 aestimetur;
1539 1176 1565 1208 si
1596 1182 1706 1209 autem
1731 1177 1764 1210 in
1796 1177 1853 1211 ali-

1116 1229 1179 1270 qua
1203 1228 1361 1261 schedula
1387 1239 1444 1261 seu
1469 1229 1624 1271 suffragio
1650 1235 1852 1264 scrutatores

1116 1281 1284 1323 reperiant
1317 1282 1460 1324 aliquam
1493 1282 1772 1326 subscriptionem
1802 1284 1853 1316 vel

1116 1333 1245 1376 signum
1270 1340 1326 1367 aut
1350 1335 1622 1379 chirograplmm,
1646 1335 1773 1369 ratione
1799 1346 1854 1369 011ό

1116 1386 1164 1418 1115
1191 1387 1367 1419 deveniant
1392 1387 1666 1431 incognitionem
1685 1387 1850 1431 eligentis,

1116 1440 1165 1472 vel
1192 1440 1217 1472 si
1244 1440 1326 1473 nihil
1352 1441 1521 1484 reperiant
1546 1442 1719 1485 scriptum,
1746 1447 1802 1475 aut
1827 1440 1853 1475 si

1116 1493 1248 1536 aliquod
1274 1493 1463 1537 suffragium
1489 1494 1521 1526 in
1547 1495 1690 1527 savorem
1716 1493 1853 1528 alicuius

1116 1547 1217 1590 inepti
1238 1547 1418 1590 reperiant,
1441 1558 1505 1580 non
1524 1553 1703 1591 propterea
1720 1548 1853 1592 aliquod

1116 1600 1357 1643 praeiudicium
1391 1601 1544 1634 electioni
1580 1607 1758 1645 sequatur,
1796 1601 1855 1635 sed

1117 1653 1189 1686 talis
1216 1654 1375 1687 schedula
1393 1655 1580 1698 subscripta
1598 1660 1629 1688 01
1650 1654 1777 1698 signata
1803 1665 1855 1688 ve-

1117 1707 1164 1739 lut
1183 1707 1263 1746 alba,
1281 1707 1352 1739 aut¹
1373 1706 1404 1739 in
1424 1707 1567 1740 savorem
1587 1706 1702 1751 inepti,
1722 1718 1855 1751 separe-

1118 1765 1181 1800 tur,
1198 1765 1229 1792 et
1242 1771 1302 1803 pro
1318 1759 1472 1803 suffragio
1492 1765 1620 1793 cassato
1636 1766 1810 1804 reputetur
1824 1766 1855 1794 et

1118 1813 1287 1854 habeatur,
1314 1825 1351 1846 ac
1375 1820 1491 1857 postea
1524 1825 1596 1846 cum
1622 1814 1742 1847 ceteris
1768 1825 1856 1847 com-

1118 1868 1279 1907 buratur;
1307 1879 1390 1911 quae
1425 1868 1534 1900 omnia
1559 1868 1683 1901 servari
1709 1869 1853 1909 debent,

1119 1926 1183 1952 tam
1216 1921 1248 1953 in
1285 1920 1454 1964 praedicta
1490 1920 1655 1954 electione
1692 1920 1853 1964 magistri,

1120 1983 1216 2015 quam
1242 1972 1274 2005 in
1305 1973 1466 2006 electione
1503 1973 1729 2016 provincialis,
1762 1985 1797 2007 ac
1823 1974 1856 2006 in

1119 2026 1206 2058 omni
1233 2026 1396 2059 electione
1422 2026 1576 2059 canonice
1603 2026 1763 2060 facienda.

1162 2090 1250 2112 xxxv.
1278 2080 1357 2112 Item
1389 2081 1594 2123 praedictum
1621 2081 1775 2123 generale
1802 2080 1857 2113 de-

1120 2134 1298 2167 finitorium
1325 2135 1540 2176 confirmavit,
1565 2137 1651 2180 quod
1677 2135 1857 2179 capitulum

1120 2188 1274 2229 generale
1301 2188 1483 2221 Murciense
1516 2200 1592 2231 erga
1624 2188 1766 2222 osticium
1792 2200 1858 2221 rna-

1121 2240 1213 2282 gistri
1246 2241 1409 2283 generalis
1443 2241 1600 2281 decrevit,
1626 2253 1741 2286 nempe
1772 2242 1858 2285 quod

1121 2293 1272 2336 magister
1286 2294 1445 2336 generalis
1459 2295 1492 2326 111
1508 2299 1575 2327 1010
1590 2295 1710 2328 Ordine
1727 2306 1859 2338 genera-

1120 2347 1184 2378 lem
1211 2347 1329 2379 habeat
1345 2352 1566 2390 potestatem:
1586 2347 1675 2381 illam
1694 2348 1857 2391 (inquam)

1121 2410 1203 2442 quae
1230 2398 1301 2433 iure
1327 2401 1555 2443 superioribus
1581 2402 1757 2434 cuiuslibet
1782 2402 1858 2434 reli-

1120 2453 1226 2495 gionis
1264 2458 1313 2485 est
1339 2464 1519 2495 concessa,
1555 2459 1586 2487 et
1618 2455 1650 2487 in
1687 2459 1857 2498 posterum

1121 2507 1341 2547 concedenda,
1361 2507 1400 2540 ad
1422 2508 1542 2548 omnia,
1569 2508 1609 2540 ad
1635 2518 1717 2551 quae
1738 2519 1774 2541 ex
1801 2518 1858 2540 no*

1156 2623 1166 2647 1
1187 2620 1347 2649 Particulam
1361 2625 1411 2650 aut
1427 2630 1475 2650 nos
1490 2621 1613 2649 addimus
1627 2622 1666 2657 (11.
1678 2622 1726 2657 1.).

1776 218 1817 252 93
1863 229 1911 255 Aa.
1933 227 1961 255 0.
1984 214 2051 255 1662

1891 500 1972 520 Ebu-tiu
1983 500 2004 519 fii
2014 505 2050 526 por

1868 533 1983 548 excesmm.

1900 2091 1995 2111 eorem<
2012 2096 2054 2110 1111·

1873 2119 1929 2144 gistit
1942 2118 2054 2143 generalis.
