2247 3208
115 211 164 238 Ᾰιι.
180 210 210 238 C.
231 210 300 238 1664

140 429 251 459 Clausulas
260 434 295 455 ap·

111 459 180 483 pouit.

901 211 1087 234 ALEXANDER
1110 211 1154 234 VH
1180 212 1227 234 1³1³.
1245 216 1250 219 ”

309 258 434 299 itidem,
444 269 482 291 ex
496 268 580 291 nuno
593 264 692 302 prout
704 268 741 291 ex
757 264 831 291 tune
845 264 877 291 et
891 269 907 291 e
922 264 1042 297 contra,

308 312 500 354 supplemus
525 315 557 343 et
581 321 729 343 sanamus
746 338 753 350 ,
786 321 822 343 ac
853 311 983 354 penitus
1014 315 1046 342 et,

308 364 442 398 omnino
468 364 610 397 tollimus
638 370 670 398 et
693 365 874 397 abolemus.

352 418 366 461 g
391 417 422 450 5.
449 417 663 450 Decernentes
688 418 901 457 venditiones,
932 415 1045 449 distra-

308 471 431 503 ctiones
456 476 487 503 et
511 470 722 503 alienationes
747 470 904 502 bonorum
937 469 1046 501 huius-

307 523 406 564 modi,
422 524 502 556 sicut
515 523 728 567 praemittitur
741 522 912 561 faciendas,
924 520 1044 553 validas

309 582 340 609 et
364 576 508 609 efficaces
532 576 609 616 sore,
635 586 670 607 ae
694 574 890 617 emptoribus
913 578 944 606 et
964 572 1044 611 aliis,

310 630 348 663 ad
382 640 517 673 quorum
552 630 692 664 savorem
728 628 826 667 sient,
858 626 1044 670 plenissime

309 682 483 726 suffragari,
510 694 569 716 nec
593 683 667 715 illos
692 682 731 714 ad
756 680 957 724 probandum
989 689 1045 712 seu

309 737 538 770 verificandum
563 737 596 768 in
617 745 695 778 quos
708 745 783 767 usus
801 733 938 776 pretium
963 732 1046 775 ipso-

308 800 382 822 rum
417 790 583 822 bonorum
619 797 813 821 conversum
847 786 942 818 suerit
977 785 1044 818 ullo

308 842 406 875 modo
432 841 546 881 teneri,
572 851 680 883 neque
706 840 794 883 ipsas
820 838 1044 877 venditiones,

309 894 540 927 distractiones
556 898 587 926 et
599 892 814 926 alienationes
829 903 847 924 a
865 901 1043 935 quoquam,

308 947 369 980 sub
395 946 509 990 quovis
528 950 714 990 praetextu,
735 945 831 978 etiam
849 943 992 977 enormis
1014 948 1046 976 et

309 999 556 1033 enormissimae
581 998 744 1037 laesionis,
771 996 966 1041 impugnari,
993 1001 1047 1028 aut

309 1054 467 1086 adversus
484 1052 557 1086 illas
575 1051 793 1084 restitutionis
818 1050 850 1083 in
870 1050 1044 1092 integrum,

309 1106 439 1139 aliudve
454 1106 687 1149 quodcumque
706 1104 796 1143 iuris,
815 1104 889 1136 sacti
906 1104 957 1135 vel
975 1113 1047 1145 gra-

311 1159 373 1192 tiae
398 1158 579 1192 remedium
612 1157 767 1190 intentari
795 1157 846 1189 vel
879 1155 1045 1199 impetrari

309 1223 426 1257 posse,
453 1213 512 1246 sed
537 1211 741 1255 emptoribus
768 1215 800 1242 et
823 1209 895 1242 aliis
921 1208 1047 1252 praedi-

310 1266 368 1299 ctis
393 1266 481 1299 bona
506 1264 694 1298 huiusmodi
720 1268 883 1306 tamquam
898 1262 1046 1305 profana,

309 1319 456 1363 propria,
480 1323 618 1362 paterna
644 1322 676 1350 et
700 1322 794 1349 aucta
817 1315 989 1359 possidere
1016 1319 1048 1347 et

310 1371 465 1412 retinere,
492 1382 527 1404 ac
547 1371 586 1403 de
604 1370 668 1403 illis
690 1379 872 1412 eorumque
887 1367 1047 1401 fructibus

310 1425 401 1458 iuxta
424 1425 564 1458 sormam
589 1428 815 1457 contractuum
834 1432 907 1455 cum
926 1421 972 1454 eis
990 1421 1050 1453 ini-

310 1483 421 1512 torum
434 1478 625 1521 disponere,
643 1482 675 1510 et
690 1477 747 1509 illa
763 1476 802 1508 ad
823 1485 1048 1518 quoscumque

312 1542 426 1565 eorum
451 1540 660 1572 successores
686 1529 908 1562 transmittere
926 1527 1050 1561 licitum

313 1585 395 1625 sore3
422 1583 667 1627 impositionem
691 1593 768 1616 vero
788 1587 819 1614 et
836 1581 1049 1614 indictionem

312 1637 451 1671 subsidii
466 1643 499 1670 et
514 1636 780 1676 contributionis,
799 1635 935 1679 eiusque
950 1646 1051 1678 quan-

314 1691 414 1724 titatis
438 1690 765 1729 determinationem,
786 1700 822 1721 ae
838 1695 981 1722 ratarum
1000 1688 1050 1721 et¹

314 1744 502 1787 portionum
529 1744 617 1776 illius
643 1743 863 1783 taxationem,
891 1741 1052 1775 definitio-

315 1808 390 1830 nem
415 1802 448 1830 et
473 1796 740 1836 declarationem,
768 1806 804 1827 ac
828 1795 992 1827 bonorum
1019 1799 1053 1826 ut

315 1850 531 1893 praemissum
564 1854 615 1882 est
643 1849 892 1882 alienandorum
917 1849 1052 1881 electio-

315 1914 391 1936 nem
411 1909 443 1936 et
460 1902 777 1941 determinationem,
797 1906 973 1944 ceteraque
990 1911 1053 1933 oni-

316 1956 369 1990 nia
387 1961 419 1989 et
436 1956 565 1999 singula
589 1966 649 1999 per
665 1966 722 1988 vos
739 1965 796 1988 seu
815 1955 1052 1988 commissarios

316 2014 442 2043 vestros
467 2009 501 2042 in
525 2008 711 2052 praemissis
744 2008 833 2040 iuxta
862 2008 1053 2040 earumdem

316 2067 465 2095 tenorem
480 2061 702 2105 praesentium
719 2061 874 2100 facienda,
898 2060 1052 2103 gerenda,

317 2115 457 2149 dicenda
481 2120 514 2148 et
536 2115 731 2154 mandanda,
750 2113 856 2146 valida
875 2113 999 2156 pariter
1023 2117 1055 2145 et

303 2167 410 2200 *firma
438 2172 470 2201 et
495 2167 637 2201 efficacia
662 2167 748 2207 sore,
774 2176 917 2209 suosque
943 2167 1055 2209 plena-

319 2221 386 2254 rios
411 2226 444 2254 et
467 2221 614 2264 integros
642 2219 777 2253 effeetus
810 2219 919 2252 sortiri
944 2224 977 2252 et
1000 2219 1056 2252 ob-

321 2273 446 2315 tinere,
471 2284 508 2306 ao
531 2274 570 2306 ab
595 2273 748 2306 omnibus
775 2278 806 2305 et
829 2271 967 2315 singulis
983 2298 990 2312 ,
1016 2272 1055 2304 ad

319 2338 409 2371 quos,
427 2332 554 2371 spectat
577 2332 610 2360 et
633 2326 803 2370 spectabit,
825 2325 1055 2369 cuiuscumque

320 2385 433 2421 status,
460 2380 591 2423 gradus,
614 2379 748 2419 ordinis,
775 2377 984 2419 conditionis,
1010 2378 1056 2411 di-

321 2433 454 2476 gnitatis
478 2439 511 2467 et
533 2432 813 2477 praeeminentiae
832 2432 980 2473 existant,
1001 2432 1058 2465 ob-

320 2486 445 2520 servari
462 2492 494 2520 et
508 2486 682 2530 adimpleri
702 2485 835 2527 debere,
846 2496 953 2529 neque
971 2485 1057 2528 ipsas

322 2545 516 2583 praesentes
538 2540 684 2580 litteras,
717 2539 816 2573 etiam
840 2549 878 2573 ex
903 2549 942 2573 eo
969 2539 1057 2583 quod

358 2601 371 2628 1
393 2601 530 2631 Coniunct.
552 2605 578 2631 et
594 2602 750 2637 delendam.
765 2602 814 2636 r.).

1721 201 1783 233 927

1088 258 1119 290 iu
1157 258 1344 301 praemissis
1381 259 1629 302 quomodolibet
1660 259 1820 290 interesse

1089 311 1246 343 habentes
1267 322 1322 344 seu
1346 312 1465 344 habere
1484 312 1739 355 praetendentes
1758 312 1820 344 illi<

1087 373 1152 395 non
1177 365 1414 403 consenserint,
1442 375 1501 397 nec
1527 366 1566 397 ad
1593 376 1629 398 ea
1651 365 1763 402 vot-ati,
1782 364 1824 396 vi-

1088 415 1143 447 tati
1169 421 1202 447 et
1230 417 1351 455 auditi,
1384 428 1491 460 neque
1524 429 1657 456 causae,
1687 424 1823 460 propter

1088 478 1166 510 quas
1201 469 1335 501 eaedem
1360 476 1551 511 praesentes
1586 472 1819 508 emanaverint,

1087 520 1245 553 adductae
1272 526 1304 553 et
1328 521 1520 555 iustiticatae
1544 523 1741 555 sufficienter
1758 524 1823 556 sue—

1087 573 1163 613 rint,
1189 584 1247 606 seu
1273 585 1310 607 ex
1336 574 1398 607 alia
1419 586 1624 619 quacumque
1651 582 1824 619 quantuni-

1087 626 1134 658 vis
1158 626 1253 665 iusta,
1278 627 1332 670 pia
1356 632 1388 660 et
1411 628 1618 671 privilegiata
1641 631 1746 665 eausa,
1772 640 1824 661 eo-

1088 679 1167 719 lore,
1180 684 1351 723 praetextu
1363 685 1395 712 et
1405 681 1521 723 capite,
1530 681 1626 713 etiam
1638 681 1669 713 in
1684 692 1822 724 corpore

1088 732 1166 764 iuris
1192 733 1317 774 clauso,
1345 733 1383 765 de
1410 734 1633 776 subreptionis
1658 735 1708 766 vel
1728 736 1823 767 obre-

1089 785 1186 818 tionis
1204 791 1257 818 aut
1273 785 1431 818 nullitatis
1445 786 1534 825 vitio,
1553 798 1609 819 seu
1631 787 1822 819 intentionis

1088 845 1220 873 nostrae
1252 845 1308 872 aut
1331 840 1494 872 interesse
1524 841 1713 873 habentium
1747 852 1823 873 ‹Jon-

1089 892 1221 925 sensus¹
1240 892 1342 925 aliove
1362 893 1511 936 quolibet
1530 894 1627 926 etiam
1649 894 1775 926 formali
1795 900 1825 925 et

1089 945 1295 978 substantiali
1322 946 1449 978 defectu
1467 947 1586 986 notari,
1607 947 1749 989 infringi7
1777 958 1825 979 re-

1089 999 1232 1039 tractari,
1252 998 1284 1030 in
1302 999 1559 1031 controversiam
1577 1000 1693 1037 vocari,
1713 1005 1763 1031 aut
1785 1000 1822 1031 :ul

1090 1051 1246 1085 terminos
1270 1051 1350 1084 iuris
1368 1052 1488 1091 reduci,
1509 1063 1565 1085 seu
1583 1053 1737 1085 adversus
1751 1053 1823 1084 itta<

1089 1104 1281 1147 aperitionis
1293 1105 1368 1144 oris,
1380 1105 1594 1138 restitutionis
1607 1106 1640 1137 in
1650 1106 1823 1148 integrunt,

1090 1157 1217 1190 aliudve
1237 1158 1467 1200 quodcumque
1488 1158 1574 1196 iuris,
1593 1158 1667 1191 faeti
1685 1159 1735 1190 vel
1754 1169 1824 1200 gra-

1092 1211 1152 1243 tiae
1170 1211 1352 1243 remedium
1370 1211 1544 1254 impetrari,
1564 1216 1620 1243 aut
1639 1213 1822 1254 impetrato,

1090 1274 1147 1296 seu
1162 1263 1258 1296 etiam
1270 1269 1360 1297 motu
1375 1264 1511 1306 proprio
1527 1269 1559 1297 et
1573 1265 1611 1297 de
1627 1265 1824 1308 apostolieae

1090 1317 1261 1360 potestatis
1287 1317 1492 1359 plenitudine
1518 1328 1689 1356 c011cess0‚
1716 1329 1826 1361 quem—

1089 1371 1176 1414 piam
1202 1370 1234 1402 in
1259 1370 1381 1402 iudicio
1408 1371 1458 1403 vel
1485 1376 1575 1403 extra
1599 1370 1680 1403 illud
1698 1371 1742 1403 uti
1770 1382 1827 1403 seu

1091 1433 1124 1456 se
1150 1423 1260 1456 iuvare
1286 1433 1403 1466 posse,
1432 1423 1544 1466 sicque
1576 1429 1609 1456 et
1638 1434 1704 1456 uon
1734 1424 1827 1456 aliter

1090 1476 1122 1509 in
1147 1476 1337 1520 praemissis
1363 1477 1515 1509 omnibus
1541 1483 1574 1509 et
1598 1477 1733 1520 singulis
1768 1488 1827 1520 pei·

1090 1540 1313 1573 quoscumque
1338 1530 1462 1563 iudices
1488 1530 1671 1563 ordinarios
1691 1536 1723 1563 et
1740 1531 1828 1563 dele-

1091 1590 1192 1627 gatos,
1214 1584 1311 1617 etiam
1337 1594 1506 1617 causarum
1523 1584 1634 1627 palatii
1656 1585 1827 1627 apostolici

1092 1637 1270 1677 auditores,
1297 1647 1333 1669 ao
1356 1637 1387 1670 S.
1404 1637 1442 1669 R.
1458 1637 1492 1669 E.
1516 1637 1710 1677 cardinales,
1730 1637 1825 1669 eliani

1093 1691 1131 1723 de
1157 1692 1259 1724 latere
1284 1691 1422 1732 legatos,
1448 1695 1480 1722 et
1504 1689 1710 1732 Apostolieae
1737 1689 1827 1722 Sedis

1092 1744 1247 1783 nuncios,
1272 1743 1393 1776 aliosve
1420 1743 1597 1786 quoslibet,
1624 1754 1827 1786 quacumque

1093 1796 1298 1836 auctoritate,
1323 1795 1582 1839 praeeminentia
1610 1802 1641 1827 et
1664 1800 1828 1838 potestate

1095 1849 1265 1892 fungentes
1277 1876 1284 1889 ‚
1310 1849 1437 1882 sublata
1451 1848 1496 1881 eis
1513 1854 1545 1881 et
1563 1859 1678 1881 eorum
1695 1849 1825 1881 cuilibet

1095 1902 1205 1945 quavis
1228 1902 1323 1935 aliter
1347 1902 1512 1934 iudicandi
1539 1907 1571 1934 et
1590 1902 1828 1945 interpretandi

1094 1955 1247 1988 facultate
1273 1960 1305 1988 et
1330 1955 1537 1995 auctoritate,
1556 1955 1693 1988 iudicari
1720 1961 1751 1987 et
1776 1956 1831 1987 de-

1095 2007 1182 2040 finiri
1208 2008 1349 2047 debere,
1376 2019 1412 2040 ac
1438 2007 1566 2040 irritum
1601 2013 1633 2041 et
1664 2008 1770 2047 inane,
1805 2009 1829 2039 si

1096 2071 1192 2094 secus
1218 2071 1318 2104 super
1335 2061 1386 2093 liis
1413 2072 1431 2093 a
1452 2071 1627 2104 quoquam,
1647 2060 1759 2103 quavis
1778 2072 1833 2092 au-

1096 2113 1257 2154 ctoritate,
1284 2114 1428 2147 scienter
1453 2115 1504 2147 vel
1529 2114 1734 2157 ignoranter,
1756 2124 1831 2147 con-

1097 2167 1208 2210 tigerit
1232 2167 1396 2200 attentari.

1141 2221 1155 2262 g
1180 2219 1211 2252 6.
1239 2219 1309 2252 Non
1330 2219 1536 2253 obstantibus
1555 2221 1703 2253 omnibus
1722 2225 1753 2252 et
1772 2221 1834 2252 sin-

1097 2273 1180 2315 gulis
1201 2273 1400 2316 praemissis,
1419 2284 1455 2306 ac
1472 2273 1575 2306 felicis
1592 2274 1831 2307 recordationis

1097 2325 1291 2370 Symmachi,
1316 2325 1406 2358 Pauli
1430 2325 1464 2366 ΙΙ,
1483 2337 1519 2358 ac
1537 2326 1625 2359 Pauli
1641 2326 1689 2367 lv,
1707 2333 1739 2359 et
1756 2328 1834 2360 alio-

1097 2390 1168 2412 rum
1195 2389 1475 2423 quorumcumque
1501 2379 1720 2412 Rornanorum
1750 2380 1833 2412 Pon—

1098 2432 1221 2465 tificum
1250 2431 1544 2475 praedecessorum
1569 2438 1767 2472 nostrorum,
1795 2433 1834 2465 de

1098 2486 1196 2519 rebus
1232 2484 1397 2519 Ecclesiae
1428 2495 1495 2519 non
1528 2486 1732 2527 alienandis,
1768 2487 1835 2519 <ive

1136 2557 1146 2583 1
1168 2556 1235 2583 Male
1255 2555 1320 2583 edit.
1341 2555 1421 2584 Main.
1442 2556 1507 2592 legit
1533 2565 1672 2585 consensit
1693 2564 1741 2592 pro
1767 2564 1833 2583 con-

1098 2608 1195 2628 sensus
1213 2602 1254 2635 (Β.
1274 2601 1322 2634 τ.).

1832 210 1882 234 An.
1898 209 1926 234 C.
1950 208 2016 234 1502

1845 2229 1953 2250 ‹Joulffltt'i
1966 2230 2024 2249 toltit.
