2247 3208
201 236 248 262 An.
266 236 295 262 C.
317 236 381 264 1665
427 228 491 262 379.
974 235 1152 260 mmmmm]
1176 235 1328 261 nonmru
1913 239 1965 264 Αη,
1983 238 2011 264 c,
2028 236 2096 265 1665

394 285 554 318 dictorum
579 288 766 322 extenuare,
785 283 905 315 nedum
924 283 1126 326 extinguere,
1173 283 1261 316 teriis
1295 295 1360 317 non
1393 285 1564 325 satisfacti,
1595 287 1791 329 respective,
1821 287 1903 319 sicut

393 337 655 380 quinimoipsum
669 345 723 368 aes
739 335 1128 379 alienumimpedimento
1171 336 1406 378 praemittitur,
1439 336 1661 381 impositorum
1700 350 1771 371 eum
1803 339 1903 382 pactis

393 394 441 422 est
475 388 649 431 quominus
674 388 788 420 eadem
819 388 1019 421 monasteria
1050 398 1128 420 one·
1171 389 1274 422 solitis
1300 394 1331 422 et
1355 391 1528 431 consuetis,
1559 401 1594 423 ae
1626 391 1659 423 in
1683 393 1902 426 contractibus

393 441 480 473 ribus
506 441 732 480 camemlibus,
750 451 832 484 quae
859 441 1005 484 quotidie
1025 446 1128 474 matu·
1170 442 1420 483 conveniendis,
1441 447 1472 475 et
1495 443 1574 476 alias
1598 449 1694 486 prout
1721 445 1751 476 in
1777 455 1903 478 eorum-

392 499 513 533 rantur,
539 494 727 526 satisfacere
748 494 898 526 valeant:
920 494 1050 534 idcirco,
1076 494 1127 526 his
1170 495 1242 528 dem
1267 496 1483 538 praesidentis
1501 502 1531 528 et
1549 495 1750 530 definitorum
1771 498 1901 532 decreto

391 547 539 579 omnibus
556 547 589 579 in
606 547 745 590 capitulo
764 547 906 589 generali
928 547 1031 580 dictae
1050 557 1127 580 con·
1168 548 1201 580 in
1226 548 1367 591 capitulo
1399 549 1542 591 generali
1579 549 1760 583 huiusmodi
1797 551 1848 584 die
1871 563 1902 585 xi

389 599 679 642 gregationis,hoc
703 609 788 632 anno
806 599 931 632 perusii
950 599 1125 641 celebrato,
1144 646 1145 649 Ἴ
1168 600 1310 643 proxime
1336 601 1503 644 praeteriti
1529 607 1677 635 emanato
1700 599 1831 636 uberius
1857 605 1902 637 di-

389 656 512 685 mature
539 652 761 691 consideratis,
786 652 982 695 cognitoque
1000 654 1124 685 nullum
1144 653 1146 671 ¹
1167 652 1248 685 citur
1273 653 1445 686 contineri.

388 705 475 737 aliud
501 715 673 748 superesse
699 705 895 745 remedium,
922 715 986 748 quo
1012 705 1125 738 eadem
1210 704 1224 747 ξ,
1247 705 1278 738 3.
1306 706 1409 744 Quare
1435 706 1537 739 dictus
1562 713 1751 750 procurator
1769 718 1901 750 genera·
1937 716 2078 742 Suvrlimtio-

387 759 599 800 congregatio
624 759 663 790 ab
688 769 761 790 aere
788 758 895 791 alieno
925 758 1121 797 huiusmodi,
1144 757 1147 775 ¹
1167 758 1205 790 lis
1230 759 1323 791 nobis
1357 759 1524 792 humiliter
1557 760 1730 803 supplicari
1765 749 1840 793 fecit
1865 766 1900 794 ut

388 810 538 853 illiusque
579 805 780 843 interusuriis
816 811 990 851 liberetur,
1029 816 1123 853 atque
1167 810 1326 843 licentiam
1345 812 1506 845 alienandi
1527 812 1611 844 bona
1630 813 1900 846 monasteriorum

387 863 430 896 ita
455 863 589 896 afflictus
614 863 699 896 illius
717 869 815 895 status
833 864 1032 906 aliquantum
1054 863 1124 895 sub·
1166 872 1261 904 supra
1286 874 1511 906 evprcssorum
1529 875 1587 907 pro
1611 867 1733 897 summa
1751 870 1780 897 et
1802 877 1900 909 quan-

387 918 532 956 levetur,
562 927 656 959 quam
688 917 713 948 si
747 917 784 948 ad
815 916 1044 949 alienationem
1077 922 1124 949 tot
1167 915 1255 947 titate
1281 921 1407 948 centum
1427 918 1593 959 sexaginta
1611 918 1747 950 duorum
1765 918 1900 952 millium

386 971 547 1002 bonorum
572 969 733 1001 stabilium
752 969 788 1001 ad
809 969 1003 1001 monasteria
1017 979 1123 1012 supra-
1139 901 1148 1011 i
1166 973 1403 1009 nongentorum
1426 979 1540 1001 novem
1557 975 1720 1002 scutorum
1740 976 1770 1002 et
1788 971 1900 1014 viginti

386 1022 505 1065 scripta
518 1021 730 1064 spectantium
744 1032 804 1064 pro
820 1023 885 1053 rata
902 1021 999 1053 debiti
1014 1032 1123 1053 unum-
1142 1021 1145 1057 l
1165 1020 1259 1052 trium
1273 1021 1479 1054 baioccorum
1497 1022 1691 1062 huiusmodi,
1706 1034 1743 1055 ac
1759 1034 1818 1066 pro
1835 1027 1901 1057 rata

386 1075 538 1117 quodque
564 1075 695 1106 illorum
713 1074 891 1116 respective
917 1074 1004 1106 iuxta
1029 1079 1121 1107 notas
1142 1077 1143 1086 ¹
1165 1073 1264 1105 debiti
1290 1075 1544 1117 unumquodque
1564 1086 1600 1107 ex
1627 1075 1748 1108 eisdem
1772 1087 1899 1109 monas-

386 1128 601 1170 1‘›raeinsertas
626 1127 843 1169 contingentis
864 1127 1059 1168 deveniatur,
1078 1119 1143 1160 cli-l
1166 1126 1276 1166 tertis,
1310 1127 1393 1159 sicut
1424 1128 1455 1159 in
1490 1128 1574 1160 notis
1605 1129 1814 1171 praeinsertis
1846 1140 1900 1162 ex-

385 1181 457 1212 lecti
484 1180 606 1223 pariter
629 1180 685 1212 filii
711 1180 898 1223 praesidens
920 1185 952 1213 et
976 1179 1122 1213 definito-
1141 1192 1143 1206 ι
1164 1189 1314 1221 pressum
1340 1186 1398 1220 est,
1419 1181 1599 1223 respective
1626 1181 1797 1223 tangentis,
1823 1192 1900 1215 con-

384 1244 436 1266 res
452 1234 551 1276 ipsius
569 1233 833 1276 congregationis
852 1238 1029 1266 memorato
1048 1244 1122 1276 pro·
1141 1216 1142 1243 ¹
1163 1231 1297 1270 cedere,
1323 1237 1354 1264 et
1380 1238 1413 1264 ut
1437 1232 1521 1265 infra
1545 1233 1714 1275 indulgere
1741 1235 1780 1266 de
1811 1234 1898 1267 beni-

384 1286 524 1319 curatori
561 1286 703 1328 generali
740 1286 1000 1325 commiserunt,
1037 1292 1071 1318 ut
1104 1297 1121 1318 a
1139 1272 1143 1323 i
1162 1284 1282 1325 gnitate
1308 1285 1486 1327 apostolica
1512 1286 1730 1328 dignaremur.

384 1340 477 1372 nobis
509 1344 538 1371 et
576 1339 636 1371 hac
674 1341 783 1371 sancta
819 1338 899 1371 Sede
936 1339 1141 1371 facultatem'
1204 1338 1218 1379 ἓ
1243 1338 1273 1370 li.
1301 1338 1364 1371 Nos
1391 1339 1498 1382 igitur,
1525 1339 1629 1382 ipsum
1652 1346 1896 1382 procuratorem
1907 1346 2089 1392 sssAnnnitl'vnss-

384 1392 532 1424 obtinere
558 1392 770 1424 contenderet
805 1391 908 1423 eidem
943 1392 1139 1434 congrega-1
1161 1392 1347 1432 generalem
1373 1392 1566 1434 specialibus
1592 1392 1752 1425 favoribus
1779 1398 1809 1424 et
1826 1403 1897 1435 gra·
1944 1388 1947 1392 ¹

383 1444 463 1477 tioni
483 1445 615 1487 eiusque
643 1444 848 1476 monasteriis
870 1454 904 1476 ex
927 1454 1039 1476 eorum
1064 1444 1119 1477 bo·
1138 1456 1142 1491 g
1162 1443 1211 1475 tiis
1228 1444 1379 1486 prosequi
1401 1445 1554 1483 volentes,
1571 1450 1603 1477 et
1622 1455 1639 1477 a
1663 1445 1827 1487 quibusvis
1847 1455 1896 1477 ex-

383 1498 431 1529 nis
457 1497 625 1529 stabilibus
654 1497 817 1530 alienandi
844 1507 943 1539 usque
969 1497 1008 1529 ad
1034 1507 1119 1529 sum-
1137 1495 1142 1544 i
1160 1496 1465 1536 communicationis,
1495 1497 1715 1539 suspensionis
1741 1503 1772 1529 et
1796 1497 1895 1529 inter-

382 1561 466 1582 mam
493 1551 568 1583 dicti
594 1551 678 1582 aeris
704 1550 800 1582 alieni
823 1552 895 1592 (pro
916 1553 982 1582 rata
1011 1555 1117 1582 tamen
1137 1562 1139 1571 ·
1159 1549 1255 1587 dicti,
1283 1549 1417 1592 aliisque
1448 1549 1673 1582 ecclesiasticis
1703 1550 1892 1592 fiententiis,

382 1609 413 1636 et
438 1604 614 1646 quantitate
640 1605 799 1636 bonorum
825 1603 960 1645 singulis
986 1603 1118 1646 quibus-
1158 1602 1301 1634 censuris
1322 1608 1353 1634 et
1371 1601 1493 1645 poenis,
1507 1602 1604 1634 aiure
1625 1603 1673 1635 vel
1699 1602 1737 1634 ab
1753 1603 1891 1642 homine,

381 1667 516 1698 cumque
541 1656 744 1688 monasteriis
764 1667 820 1699 per
839 1656 941 1699 ipsum
967 1667 1117 1699 procura-
1136 1645 1138 1672 l
1159 1654 1267 1697 quavis
1291 1655 1460 1688 occasione
1485 1656 1534 1687 vel
1560 1657 1654 1687 causa
1680 1655 1760 1694 latis,
1779 1655 1803 1687 si
1826 1655 1895 1698 qui—

381 1715 481 1741 torem
508 1710 691 1751 generalem
717 1719 788 1740 cum
815 1719 975 1741 consensu
1006 1714 1038 1741 et
1063 1710 1117 1741 ‹jle-
1158 1708 1216 1739 bus
1242 1708 1484 1750 quomodolibet
1507 1708 1677 1740 innodatus
1701 1707 1827 1747 existit,
1854 1707 1892 1740 ad

380 1767 466 1794 creto
486 1768 558 1794 tunc
577 1762 731 1794 servanda
745 1767 774 1794 et
792 1762 1012 1795 distribuenda
1030 1763 1116 1794 iuxta
1136 1758 1137 1762 ¹
1158 1759 1302 1792 ettectum
1332 1760 1551 1803 praesentium
1587 1760 1748 1792 dumtaxat
1780 1770 1893 1792 conse-

380 1815 555 1858 respective
582 1815 723 1847 debitum
750 1816 834 1857 quod
860 1816 1115 1858 unumquodque
1135 1812 1137 1833 1
1158 1814 1335 1856 quendum,
1369 1813 1481 1845 harum
1514 1813 1597 1845 serie
1633 1813 1836 1845 absolventes
1861 1818 1893 1844 et

380 1878 416 1900 ex
444 1868 647 1900 monasteriis
673 1869 823 1911 praefatis
849 1879 920 1900 cum
942 1869 1023 1901 dicta
1041 1880 1115 1912 pro·
1134 1877 1137 1889 ¹
1157 1869 1319 1900 absolutas
1338 1870 1404 1900 fore
1424 1873 1604 1907 censentes,
1620 1867 1804 1899 huiusmodi
1819 1877 1893 1910 sup-

379 1921 503 1953 ruraria
528 1922 673 1963 generali
700 1922 811 1961 habet)
833 1922 870 1954 ad
896 1921 1042 1955 effectum
1060 1933 1115 1964 pe·
1134 1910 1136 1918 ¹
1157 1921 1385 1963 plicationibus
1410 1920 1565 1957 inclinati,
1594 1921 1632 1953 de
1659 1919 1891 1952 venerabilium

379 1974 488 2006 cunias
512 1975 727 2007 retraliendas
745 1985 780 2006 ex
799 1975 892 2007 bonis
910 1985 969 2017 per
987 1975 1115 2017 singula
1132 1966 1136 2020 ‘J
1158 1974 1289 2006 fratrum
1316 1979 1500 2006 nostrorum
1516 1973 1546 2005 S.
1567 1973 1603 2005 R.
1623 1973 1657 2005 E.
1678 1972 1890 2005 cardinalium

379 2027 577 2059 monasteria
617 2028 795 2061 alienandis
836 2027 1040 2070 persolvendi
1082 2028 1114 2059 in
1133 2035 1135 2072 J
1156 2026 1290 2058 Com-itii
1308 2025 1488 2058 Tridentini
1506 2025 1719 2067 interpretum
1737 2023 1888 2063 consilio,

378 2080 525 2112 manibus
550 2080 693 2112 eiusdem
714 2081 932 2123 procuratoris
952 2082 1113 2123 generalis
1133 2074 1135 2097 3
1156 2079 1521 2122 circumspectionituae
1532 2081 1793 2120 perpraescntes
1809 2086 1892 2108 eom·

378 2133 410 2164 in
435 2132 686 2165 satisfactionem
714 2133 813 2165 debiti
840 2144 910 2165 cun]
938 2133 1021 2165 dicta
1042 2144 1114 2176 pro-
1133 2124 1136 2184 Ξ
1156 2131 1310 2163 mittimus
1335 2136 1367 2162 et
1390 2131 1578 2163 mandamus
1596 2157 1603 2168 ,
1636 2135 1686 2168 ut,
1720 2129 1802 2160 veris
1827 2128 1891 2160 exi-

378 2185 501 2217 curaria
537 2187 663 2227 singula
701 2186 895 2218 monasteria
933 2187 1110 2228 tangentis,
1132 2193 1134 2229 j
1155 2184 1314 2216 stentibus
1347 2183 1508 2223 narratis,
1538 2183 1672 2225 petitam
1707 2183 1888 2214 facultatem

378 2248 456 2280 quas
482 2239 633 2280 pecunias
668 2239 771 2271 dictus
803 2244 992 2281 procurator
1016 2249 1113 2280 gene·
1132 2240 1135 2249 '
1155 2237 1290 2279 singulis
1325 2236 1549 2279 suprascriptis
1587 2234 1793 2267 monasteriis
1830 2244 1889 2276 pro

378 2290 495 2322 neralis
510 2296 657 2323 teneatur
670 2292 765 2323 unico
783 2297 933 2323 contextu
949 2291 1111 2334 deponere
1132 2276 1133 2314 i
1155 2292 1223 2323 rata
1247 2290 1407 2321 bonorum
1433 2289 1463 2320 in
1489 2288 1574 2320 notis
1599 2287 1810 2331 praeinsertis
1838 2297 1890 2318 ex-

376 2353 475 2385 penes
501 2343 635 2375 Mentem
662 2344 789 2387 pietatis
811 2345 848 2376 de
870 2344 953 2377 Urbe
979 2344 1017 2376 ad
1044 2354 1112 2376 cre·
1131 2342 1133 2371 ἱ
1155 2345 1274 2386 pressa,
1297 2342 1485 2375 auctoritate
1505 2343 1612 2373 nostra
1630 2340 1813 2383 apostolica,
1829 2349 1888 2382 pro

376 2395 478 2427 ditum
514 2397 796 2438 congregationis,
830 2403 859 2429 ct
895 2398 941 2429 sui
976 2397 1109 2429 liberam
1130 2392 1133 2431 i
1155 2402 1208 2428 tuo
1234 2395 1368 2427 arbitrio
1403 2400 1432 2426 et
1458 2394 1661 2431 conscientia,
1689 2392 1787 2435 gratis
1812 2402 1888 2424 eon-

376 2448 631 2491 dispositionem,
654 2451 691 2481 ad
719 2450 779 2481 lior
802 2455 836 2481 ut
853 2456 1026 2491 erogentur
1046 2459 1109 2482 non
1131 2440 1133 2460 ²
1153 2449 1259 2481 cedas.
1287 2448 1467 2480 Dummodo
1493 2452 1597 2479 tamen
1623 2451 1695 2478 ante
1729 2445 1786 2477 tibi
1811 2455 1888 2477 con-

375 2500 407 2533 in
441 2502 537 2533 alium
568 2513 659 2534 usum
689 2513 783 2544 quam
817 2502 847 2534 in
881 2502 1109 2534 extinctionem
1131 2490 1132 2498 ἵ
1153 2501 1270 2534 stiterit
1300 2502 1402 2544 ipsam
1439 2500 1621 2532 facultatem
1647 2499 1679 2530 in
1705 2498 1887 2530 evidentem

376 2559 419 2586 tot
447 2565 600 2587 censuum
627 2554 759 2586 arbitrio
792 2565 848 2586 suo
878 2554 1110 2596 si‘ieciticando-
1153 2554 1340 2585 eorumdem
1356 2551 1624 2585 monasteriorum
1637 2550 1803 2582 utilitatem
1815 2559 1886 2581 esse

374 2618 443 2641 rum
469 2618 504 2639 ex
531 2609 623 2639 causa
642 2607 797 2649 praedicti
817 2607 915 2639 debiti
942 2618 958 2639 a
983 2617 1110 2639 monas·
1152 2615 1326 2644 cessuram,
1351 2615 1410 2637 nec
1436 2605 1495 2636 alia
1521 2602 1735 2636 commodiori
1761 2601 1885 2634 ratione
