2247 3208
208 278 260 307 An.
281 277 310 305 C.
331 277 400 305 1668

236 446 304 467 'tumor
319 445 392 465 Brevis

210 470 269 493 I'auti
286 471 308 492 V.

447 269 510 302 7:343

630 326 765 352 clemens
788 325 865 358 Papa
885 326 918 358 X,

544 370 579 396 ad
600 371 730 397 futuram
750 369 794 396 rei
816 369 996 395 memoriam.

446 432 574 465 Dudum
594 431 695 464 felicis
724 431 958 476 recordatio-nis
982 430 1099 463 Paulus
1117 431 1139 461 V

402 484 638 528 praedeeessor
663 489 774 516 noster
809 489 897 516 motu
923 493 979 516 suo
1006 483 1139 526 proprio

403 548 438 570 ac
456 548 492 569 ex
519 539 605 570 certa
630 536 762 569 scientia
787 535 948 579 magistris
976 546 1140 569 coeremo-

402 590 528 623 niarum
551 595 688 630 centum,
708 600 743 622 ac
764 590 938 622 secretario
965 595 996 622 et
1020 589 1138 622 clerico

402 654 439 676 ac
463 643 675 686 computistae
701 642 782 675 sacri
807 642 837 675 S.
866 643 902 675 R.
930 643 963 675 E.
992 642 1140 675 cardina-

404 696 481 728 lium
508 696 637 738 collegii
659 695 1024 738 septuagintaquinque,
1045 706 1061 727 a
1077 695 1140 727 sin-
1161 692 1163 715 3'

403 749 485 792 gulis
525 747 742 780 cardinalibus
782 748 812 780 in
854 747 1058 791 promotione
1100 748 1139 779 ad

403 800 619 835 cardinalatus
652 800 833 841 honorem,
860 810 987 832 necnon
1019 799 1139 832 eisdem

403 854 565 896 magistris
602 853 856 896 quinquaginta,
883 863 918 885 ac
943 851 1139 892 secretario,

402 907 520 941 elerico
547 911 579 939 et
603 905 813 950 computistae
839 905 988 938 similiter
1011 910 1140 948 septua-

403 960 636 1004 gintaquinque
671 960 803 996 ducatos
830 958 898 990 auri
924 959 963 990 de
988 960 1137 999 camera,

402 1019 474 1058 post
507 1013 630 1046 obitum
667 1012 867 1054 singulorum
903 1011 1136 1052 cardinalium,

403 1066 527 1099 etiamsi
561 1066 599 1098 ad
625 1065 841 1098 cardinalatus
873 1064 1034 1097 honorem
1067 1075 1141 1108 pro-

402 1119 480 1152 moti
507 1119 640 1153 Romam
664 1117 807 1150 nondum
831 1117 1005 1157 venissent,
1023 1122 1053 1149 et
1075 1117 1138 1150 sire

401 1172 475 1205 illos
501 1171 531 1204 in
558 1171 701 1204 Romana
725 1171 814 1203 curia
838 1171 887 1202 vel
912 1174 1001 1202 extra
1022 1180 1089 1202 eam
1109 1174 1141 1203 et

403 1224 600 1267 ubicumque
615 1224 773 1256 decedere
791 1223 1005 1265 contingeret,
1022 1222 1055 1255 in
1073 1233 1141 1265 sup-

403 1279 605 1322 plementum
631 1275 789 1308 mercedis
807 1275 989 1308 ordinariae
1015 1286 1141 1308 eorum-

404 1332 477 1364 dem
502 1330 687 1363 osficialium
705 1340 761 1362 seu
777 1329 996 1362 ministrorum
1019 1329 1139 1371 deberi,

403 1384 532 1426 illisque
550 1381 746 1415 coniunctim
764 1392 822 1425 per
839 1392 897 1425 pro
916 1387 1063 1425 tempore
1078 1382 1141 1414 exi-

404 1442 525 1470 stentes
547 1436 728 1468 cardinales
753 1435 935 1478 praedictos
954 1446 1010 1468 seu
1029 1447 1140 1468 eorum

405 1494 535 1533 agentes
561 1493 593 1521 et
617 1488 776 1521 haeredes
813 1488 993 1531 re‘spective
1019 1489 1139 1532 absque

404 1545 494 1576 mora
511 1542 589 1575 solvi
608 1546 640 1574 et
656 1542 702 1574 eis
720 1540 904 1585 consignari
923 1541 1052 1580 debere,
1071 1542 1140 1575 sine

405 1602 514 1630 tamen
550 1595 749 1640 praeiudicio
786 1606 1062 1639 quorumcumque
1095 1595 1141 1627 iu-

403 1650 486 1682 riurn
506 1659 649 1681 camerae
675 1649 873 1691 apostolieae
896 1649 1142 1692 quomodolibet

405 1703 587 1735 debitorum
611 1712 647 1735 ac
673 1702 920 1741 solvendorum,
951 1701 1141 1734 auctoritate

405 1756 584 1799 apostolica
609 1760 768 1798 perpetuo
793 1755 905 1787 statuit
924 1760 955 1787 et
971 1754 1139 1796 ordinavit,

406 1814 438 1840 et
462 1808 540 1840 alias
573 1813 670 1851 prout
694 1808 726 1840 in
752 1807 853 1850 ipsius
884 1807 973 1840 Pauli
1006 1807 1142 1850 praede-

406 1861 541 1895 cessoris
561 1860 674 1893 litteris
696 1861 842 1903 desuper.
857 1860 890 1892 in
915 1859 1014 1892 simili
1040 1860 1144 1892 forma

405 1914 515 1948 Brevis
549 1914 662 1947 diem
693 1912 829 1945 ianuarii
862 1922 982 1946 nnc-:ux
1014 1912 1144 1956 expedi-

407 1968 466 2007 tis,
497 1978 631 2011 quarum
657 1971 803 2000 tenorem
832 1966 1058 2010 praesentibus
1083 1976 1143 2009 pro

407 2022 503 2065 plene
521 2026 552 2054 et
568 2020 765 2053 sufficienter
790 2030 940 2063 expresso
966 2024 998 2052 et
1022 2019 1143 2052 inserto

407 2074 520 2107 haberi
543 2075 696 2113 volumus,
723 2073 854 2105 uberius
881 2072 1075 2105 continetur.

241 2135 396 2164 ”aestumat
428 2127 466 2171 'g
491 2127 522 2159 Q,
550 2127 627 2159 Cum
658 2130 762 2159 autem
797 2130 925 2169 praeter
958 2125 1143 2169 praedictos

213 2167 353 2182 'summarum
361 2167 396 2187 qul

214 2191 262 2209 siut.

408 2180 579 2223 magistros
605 2179 895 2219 caeremoniartun,
914 2178 967 2221 qui
986 2178 1048 2211 duo
1070 2182 1145 2210 sunt

409 2239 440 2266 et
464 2233 697 2276 participantes
721 2237 883 2271 vocantur,
910 2231 963 2264 alii
989 2231 1053 2263 sint
1073 2241 1144 2263 cae-

408 2285 628 2318 remoniarum
654 2285 819 2327 cappellae
854 2288 984 2317 nostrae
1016 2283 1144 2326 pontiti-

409 2338 475 2371 ciae
500 2338 644 2380 magistri
670 2338 833 2370 interdum
851 2338 923 2377 duo,
943 2341 975 2369 et
999 2337 1145 2380 quando—

409 2401 479 2435 que,
507 2396 606 2434 prout
629 2390 667 2422 de
694 2389 867 2433 praesenti,
896 2395 972 2429 tres,
1000 2390 1053 2432 qui
1079 2399 1144 2421 non

409 2443 640 2489 participantes
664 2449 911 2487 nuncupantur;
930 2443 1058 2486 ipsique
1079 2453 1145 2475 ma-

410 2497 500 2540 gistri
525 2496 799 2529 caeremoniarun]
824 2507 888 2530 non
913 2495 1144 2539 participantes

411 2550 443 2583 in
468 2549 560 2592 quasi
587 2549 794 2592 possessione
820 2548 1001 2592 accipiendi
1025 2553 1056 2580 et
1081 2548 1146 2580 exi—

987 279 1023 301 Bt}
1030 278 1164 301 Lmuttm
1190 278 1251 301 nost
1263 280 1271 299 Ἃ
1280 281 1293 300 J·
1300 280 1340 302 [31

1183 330 1278 365 tasex,
1306 330 1337 357 et
1360 330 1430 368 post
1459 335 1569 358 eorum
1596 327 1716 359 obitum
1740 329 1778 360 ab
1804 338 1915 360 eorum

1184 377 1379 409 haeredibus
1404 377 1661 421 vigintiquinque
1691 379 1822 412 ducatos
1848 381 1916 412 auri

1184 429 1222 461 de
1248 431 1374 462 camera
1404 440 1498 472 pares
1530 440 1566 462 ex
1599 419 1752 464 laudabili
1784 443 1917 465 consue-

1183 481 1292 513 tudine
1319 482 1367 524 (ut
1391 482 1587 525 accepimus)
1608 483 1828 526 reperiantur:

1225 534 1240 577 ξ
1264 534 1294 567 3.
1321 534 1394 575 Nos,
1412 536 1614 569 attendentes
1635 537 1836 570 venerabiles
1862 539 1917 571 fra·
1954 549 2109 596 ouerctulmao

1927 582 1968 602 quo
1981 583 2000 596 ιι]
2015 582 2038 596 ru
2047 582 2110 597 irtca.

1184 592 1247 620 tres
1265 593 1392 621 nostros
1410 589 1552 621 eiusdem
1570 588 1600 621 S.
1621 588 1657 621 R.
1678 589 1712 622 E.
1736 591 1916 624 cardinales

1183 641 1298 674 horum
1335 652 1463 684 quoque
1498 642 1724 684 magistrorum
1756 654 1918 677 caeremo-

1182 692 1307 726 niarum
1339 693 1443 726 officio
1480 698 1577 737 atque
1611 694 1791 728 ministerio
1823 706 1916 739 egere

1182 751 1213 778 et
1239 747 1303 786 uti,
1335 747 1481 790 dictaque
1514 749 1734 781 emolumenta
1763 749 1807 782 eis
1840 755 1917 782 taru-

1182 809 1276 841 quam
1291 801 1475 833 mercedem
1493 811 1547 833 seu
1566 811 1626 844 pro
1643 812 1755 837 eorum
1768 803 1916 835 mercede

1182 853 1337 894 praestari
1369 854 1571 887 consuevisse
1588 881 1595 894 ‚
1621 860 1652 887 et
1684 860 1856 898 propterea
1881 855 1918 888 il-

1182 905 1286 937 lorum
1312 905 1514 939 indemnitati
1548 909 1715 941 consulere
1748 909 1915 949 volentes,

1182 963 1269 990 motu
1294 958 1403 999 simili,
1421 970 1457 991 ac
1475 970 1509 993 ex
1530 963 1613 993 certa
1639 961 1773 993 seientia
1797 964 1928 1002 nost1·a,'

1182 1010 1354 1053 praedictis
1380 1013 1656 1045 caeremcniarum
1675 1014 1835 1056 magistris
1852 1025 1916 1047 non

1181 1064 1449 1108 participantibus
1487 1065 1676 1108 trigintasex
1714 1066 1745 1099 in
1781 1077 1914 1110 proruo-

1182 1117 1267 1150 tione
1286 1118 1324 1150 ad
1343 1118 1559 1151 cardinalatus
1577 1118 1746 1160 honorem,
1767 1124 1798 1152 et
1814 1119 1917 1162 vigin-

1182 1170 1348 1214 tiquinque
1374 1171 1506 1204 ducatus
1525 1172 1592 1204 auri
1619 1172 1658 1205 de
1683 1174 1810 1205 camera
1826 1183 1919 1216 prae-

1183 1223 1285 1256 dictos
1311 1223 1395 1256 inter
1420 1235 1474 1257 eos
1500 1235 1557 1267 pro
1582 1225 1694 1268 aequis
1711 1225 1917 1268 portionibus

1183 1277 1359 1319 respective
1390 1277 1580 1310 dividendos
1611 1282 1683 1320 post
1707 1278 1830 1311 obitum
1856 1278 1920 1311 sin-

1183 1330 1330 1371 gulorum
1349 1330 1560 1363 cardinalium
1579 1331 1777 1371 huiusmodi,
1797 1330 1918 1364 etiamsi

1183 1383 1222 1415 ad
1253 1383 1464 1416 cardinalatus
1497 1383 1655 1417 honorem
1692 1384 1833 1427 promoti
1859 1383 1920 1417 Ro-

1183 1445 1265 1468 lnam
1279 1436 1424 1468 nondum
1435 1435 1590 1473 venerint,
1607 1441 1638 1468 et
1652 1436 1715 1468 sive
1729 1436 1763 1468 in
1777 1437 1921 1469 Romana

1184 1489 1271 1521 curia
1306 1489 1368 1522 sire
1407 1495 1494 1522 extra
1531 1500 1600 1522 ean]
1637 1494 1669 1521 et
1701 1489 1820 1533 ubique
1845 1489 1919 1522 illos

1185 1542 1339 1575 decedere
1372 1542 1569 1584 contigerit,
1603 1541 1636 1574 in
1661 1544 1920 1586 supplementum

1184 1594 1341 1628 mercedis
1378 1595 1560 1628 ordinariae
1599 1595 1785 1628 eorumdem
1819 1594 1921 1638 magi-

1184 1652 1326 1680 strorum
1346 1648 1621 1681 caeremoniarum
1640 1657 1705 1680 non
1726 1646 1922 1691 participan-

1185 1700 1274 1741 tium,
1293 1700 1414 1744 pariter
1435 1699 1557 1741 deberi,
1578 1700 1708 1744 illisque
1726 1699 1921 1733 coniunctim

1185 1764 1243 1796 per
1268 1753 1440 1786 existentes
1471 1764 1531 1797 pro
1566 1758 1711 1796 tempore
1742 1752 1922 1786 cardinales

1185 1806 1368 1850 praedictos
1395 1817 1450 1839 seu
1486 1817 1599 1839 eorum
1633 1811 1765 1849 agentes
1789 1811 1821 1839 et
1846 1806 1922 1839 hae-

1186 1860 1279 1892 redes
1303 1860 1483 1903 respective
1518 1860 1639 1902 absque
1673 1861 1761 1892 mora
1785 1859 1866 1893 solvi
1891 1865 1923 1892 et

1186 1914 1232 1946 eis
1256 1913 1440 1956 consignari
1466 1913 1601 1954 debere,
1626 1913 1695 1945 sine
1721 1915 1789 1946 ullo
1814 1919 1922 1946 tamen

1187 1978 1464 2011 quorumctunque
1479 1967 1596 1999 iurium
1623 1977 1770 1999 camerae
1795 1965 1923 2010 praedi-

1186 2026 1254 2052 ctae
1281 2020 1525 2063 quomodolibet
1550 2019 1731 2052 debitorum
1751 2024 1782 2052 et
1799 2020 1923 2052 solven-

1187 2073 1321 2112 dorum,
1355 2083 1391 2104 ae
1419 2072 1649 2105 anterioritatis
1674 2077 1706 2104 et
1729 2070 1922 2114 potioritatis

1187 2125 1461 2158 caeremoniarum
1479 2125 1707 2168 magistrorum
1733 2124 1924 2168 participan-

1187 2178 1273 2218 tium,
1301 2183 1332 2210 et
1357 2178 1451 2209 trium
1476 2178 1557 2210 sacri
1582 2177 1712 2220 collegii
1739 2177 1922 2210 officialium

1186 2230 1444 2273 supradictorum
1480 2229 1698 2272 praeiudicio,
1735 2229 1923 2261 auctoritate

1187 2283 1381 2327 apostolica,
1409 2288 1520 2316 tenore
1546 2282 1787 2325 praesentium,
1811 2281 1924 2314 itidem

1187 2341 1355 2379 perpetuo·
1380 2336 1547 2368 statuimus
1585 2335 1734 2368 similiter
1765 2340 1797 2367 et
1831 2334 1921 2367 ordi-

1188 2400 1310 2421 namus.

1231 2442 1245 2485 ξ
1273 2442 1304 2474 [ι.
1347 2441 1557 2485 iniungentes
1589 2446 1762 2484 propterea
1797 2438 2117 2498 dilectisdepffi'quutuw·

1187 2494 1260 2527 siliis
1292 2500 1404 2527 nostro
1439 2494 1585 2527 eiusdem
1610 2493 1640 2526 S.
1668 2493 1705 2526 R.
1732 2493 1767 2525 E.
1795 2493 1922 2534 collegit

1188 2547 1398 2581 cardinalium
1435 2548 1592 2580 moderno
1625 2551 1655 2579 et
1688 2556 1746 2588 pro
1778 2550 1923 2588 tempore

412 2602 507 2645 gendi
526 2613 543 2635 a
560 2601 694 2643 singulis
720 2601 936 2633 cardinalibus
962 2601 993 2632 in
1018 2611 1145 2643 promo·
1188 2599 1333 2632 existenti
1372 2600 1571 2639 camerario,
1598 2608 1722 2631 necnon
1756 2607 1923 2629 causarum

412 2655 499 2688 tione
529 2654 568 2687 ad
601 2653 814 2687 cardinalatus
845 2653 1003 2686 honorem
1033 2652 1145 2695 trigin-
1188 2652 1295 2685 euriae
1321 2661 1465 2685 camerae
1490 2651 1673 2694 praedictae
1700 2650 1843 2693 generati
1868 2660 1923 2683 au-

1924 279 1971 306 Λη.
1994 280 2023 306 C.
2044 280 2109 307 1668
