2247 3208
123 225 173 252 An.
197 225 224 252 C.
245 225 310 253 1664

131 1111 134 1113 Ὗ
147 1083 257 1104 meretum
277 1089 302 1102 ir-

118 1113 192 1132 ritans.

151 1774 242 1798 nerum
257 1779 305 1792 ron-

125 1802 202 1820 ιηῑιις.

313 273 516 319 supradictae
542 271 730 317 provinciae
752 271 783 305 S.
803 270 932 316 losepbi
952 272 990 305 de
1006 271 1055 303 lu-

312 333 418 368 catan,
446 328 529 361 sicut
555 327 794 371 praemittitur,
822 327 998 360 stabilitam
1023 331 1053 359 et

314 381 511 420 roboratam,
539 393 555 413 a
581 380 769 413 memoratis
796 379 966 413 Francisco
984 391 1054 412 car-

314 435 421 468 dinale
447 438 634 478 protectore
654 439 683 466 et
703 433 978 476 Micliaeleangelo
997 433 1054 465 mi·

314 488 417 521 nistro
446 487 591 531 generali
621 486 843 520 confirmatam
872 492 903 519 et
934 497 1053 530 appro-

313 541 434 581 batam,
462 541 693 584 expeditusque
717 541 855 583 desuper
872 539 1052 582 respective

313 594 504 627 eorumdem
536 593 698 626 Francisci
731 592 904 626 cardinalis
941 596 1052 634 prote-

313 647 413 680 ctoris
439 652 469 679 et
494 645 769 688 Micliaelisaugcli
795 644 935 677 ministri
961 654 1052 687 gene-

312 700 389 734 ralis
413 700 539 733 litteras
564 704 714 742 patentes
740 698 975 741 praeinsertas,
998 709 1053 730 au-

312 751 459 785 ctoritate
484 750 671 793 apostolica,
689 754 801 781 tenore
819 749 1050 792 praesentium,

312 803 540 837 confirmamus
559 807 588 835 et
610 802 839 846 approbamus,
860 801 988 846 illisque
1006 803 1053 836 in-

311 854 474 887 violabilis
511 853 714 896 apostolicae
754 852 914 886 firmitatis
952 855 1053 887 robur

311 907 497 945 adjicimus,
517 918 553 940 ac
572 917 684 940 omnes
703 912 736 939 et
757 906 904 949 singulos
924 907 1002 940 iuris
1022 913 1053 940 et

313 961 386 994 sacti
413 961 569 1000 desectus,
605 960 631 993 si
658 959 711 1003 qui
745 960 888 1003 desuper
918 971 1053 1004 quomo-

313 1015 439 1048 dolibet
462 1013 711 1051 intervenerint,
737 1015 940 1057 supplemus.

357 1068 371 1111 ἓ
395 1066 426 1100 5.
452 1067 676 1100 Decernentes
702 1066 834 1099 easdem
860 1073 1052 1110 praesentes

313 1122 441 1156 litteras
464 1121 585 1161 timim,
610 1121 733 1154 validas
755 1126 787 1154 et
812 1121 961 1155 efficaces
988 1123 1054 1155 exi—

313 1181 402 1209 stere
428 1180 459 1208 et
485 1176 568 1215 sore,
595 1183 740 1218 suosque
765 1176 933 1219 plenarios
952 1182 983 1209 et
1008 1177 1054 1209 in-

314 1236 426 1272 tegros
453 1228 588 1262 effeetus
621 1228 733 1262 sortiri
760 1233 792 1261 et
817 1229 990 1269 obtinere,
1018 1241 1054 1263 ac

313 1282 399 1323 illis,
427 1283 466 1315 ad
498 1293 580 1326 quos
607 1287 734 1326 spectat
760 1287 792 1315 et
816 1293 877 1326 pro
903 1288 1053 1326 tempore

313 1336 489 1380 spectabit,
502 1335 737 1369 inviolabiliter
751 1336 926 1377 observari,
940 1337 1053 1380 sicque

313 1389 347 1422 in
374 1388 566 1433 praemissis
592 1399 652 1432 per
680 1399 907 1432 quoscumque
928 1389 1053 1422 iudices

313 1441 501 1475 ordinarios
542 1446 574 1475 et
606 1442 786 1484 delegatos,
814 1443 911 1475 etiam
942 1453 1055 1476 causa-

313 1506 386 1529 rum
400 1496 512 1540 palatii
532 1496 706 1540 apostolici
724 1496 1054 1537 audit01·es,iudicari

316 1555 349 1583 et
373 1549 502 1583 definiri
529 1550 664 1590 debere,
692 1560 729 1583 ac
751 1550 881 1583 irritum
902 1555 934 1583 et
958 1551 1054 1583 inane

316 1602 342 1636 si
369 1613 464 1636 secus
490 1613 592 1647 super
617 1603 668 1636 his
694 1613 710 1635 a
736 1614 914 1646 quoquam,
943 1604 1054 1647 quavis

316 1657 525 1697 auctoritate,
542 1657 687 1690 scienter
697 1657 746 1690 vel
760 1656 962 1699 ignoranter,
980 1667 1057 1691 cou-

318 1709 429 1754 tigerit
453 1709 619 1743 attentari.

361 1763 376 1806 ᾗ
399 1763 430 1796 5.
450 1763 521 1796 Non
542 1763 751 1796 obstantibus
773 1763 1057 1798 constitutionibus

319 1822 350 1849 et
380 1816 639 1849 ordinationibus
672 1817 876 1860 apostolicis,
910 1828 1056 1857 necnon,

319 1875 481 1914 quatenus
500 1880 583 1913 opus
598 1869 648 1909 sit,
662 1869 848 1913 provinciae
874 1875 906 1902 et
929 1870 1056 1903 Ordinis

318 1923 563 1967 praefatorum,
595 1923 691 1955 etiam
719 1922 918 1963 iuramento,
944 1923 1059 1956 confir-

318 1977 461 2010 matione
482 1977 669 2020 apostolica,
696 1978 744 2010 vel
771 1976 880 2020 quavis
907 1976 1057 2010 firmitate

319 2030 381 2063 alia
412 2030 584 2069 roboratis,
609 2030 736 2063 statutis
761 2035 793 2063 et
817 2031 1058 2063 consuetudini-

318 2083 397 2123 bus,
421 2082 599 2126 privilegiis
626 2090 767 2126 quoque,
795 2082 927 2115 indultis
952 2089 981 2116 et
1008 2083 1058 2116 lit-

319 2136 399 2169 teris
421 2135 612 2180 apostolicis
634 2136 666 2168 in
685 2136 880 2169 contrarium
906 2137 1059 2180 praernis-

320 2201 427 2224 sorum
453 2190 701 2234 quomodolibet
732 2190 894 2223 concessis
911 2217 918 2230 ,
945 2189 1060 2223 contir-

321 2243 415 2276 matis
441 2249 472 2276 et
496 2243 678 2283 innovatis;
707 2244 822 2288 quibus
847 2243 998 2277 omuibus
1028 2249 1060 2276 et

323 2297 468 2341 singulis,
482 2297 613 2331 illorum
633 2303 742 2330 tenore
760 2297 984 2340 praesentibus
1001 2308 1060 2341 pro

323 2352 421 2396 plene
455 2356 487 2384 et
520 2350 718 2383 sufficienter
753 2351 915 2394 expressis
952 2362 988 2384 ac
1022 2351 1060 2384 de

324 2395 489 2437 verbo’ad
513 2404 647 2437 verbum
673 2403 805 2436 insertis
830 2403 999 2443 habentes,
1024 2404 1062 2437 il-

322 2457 362 2490 lis
387 2456 466 2490 alias
492 2459 523 2490 in
549 2467 609 2490 suo
630 2457 751 2490 robore
768 2457 1004 2500 permansuris,
1023 2457 1061 2490 ad

322 2511 577 2554 praemissorum
602 2509 765 2550 effectum,
792 2510 853 2542 hac
876 2510 945 2543 vice
971 2510 1062 2543 dum-

323 2567 419 2602 taxat,
430 2562 618 2606 specialiter
635 2568 667 2594 et
679 2573 832 2606 expresse
847 2563 1058 2604 (lerogamus;

325 2615 507 2658 ceterisque
531 2616 703 2648 contrariis
730 2615 1001 2659 quibuscumque.

915 222 1101 247 Ati-txxxbtifl
1127 223 1168 245 Vll
1196 223 1242 245 PP-

1732 208 1795 242 2287

1142 270 1256 302 Datum
1275 266 1408 309 Romae,
1429 268 1514 312 apud
1541 267 1570 301 S.
1591 267 1721 300 lilariam
1739 266 1836 299 Maio-

1097 333 1187 363 rem,
1225 323 1286 356 sub
1319 323 1441 356 annulo
1472 321 1647 355 Piscatoris
1661 347 1668 361 ,
1703 320 1755 353 dic
1791 330 1835 353 vu

1096 375 1166 409 iulii
1185 385 1335 415 unetxtv,
1350 374 1560 419 pontificatus
1580 373 1682 407 nostri
1705 383 1790 407 anno
1804 383 1833 406 x.

1131 437 1187 465 Dat.
1206 437 1249 465 die
1269 439 1284 465 7
1300 438 1355 465 iulii
1374 437 1450 471 1664,
1466 436 1561 472 pontif.
1583 444 1652 464 anno
1668 445 1692 463 x.

1372 579 1566 612 CDLxxxv.

1097 659 1307 702 Confirmatio
1324 659 1542 702 quorumdam
1556 663 1747 691 statutorum
1766 669 1835 701 pro-

1140 713 1265 746 vinciae
1282 713 1311 745 F
1311 713 1444 745 ranciae
1455 711 1589 745 Ordinis
1602 712 1687 744 beati
1703 712 1835 745 Ioannis

1138 766 1199 799 Dei
1222 766 1259 798 in
1283 765 1438 808 capitulis
1458 764 1664 808 yeneralibus
1681 764 1760 797 dicti
1778 764 1837 797 Or-

1139 819 1228 852 dinis
1246 819 1285 851 ab
1306 829 1392 852 anno
1417 828 1540 851 stocxtv
1567 818 1680 850 Romae
1704 817 1837 850 celebra-

1141 873 1181 905 tis
1205 883 1278 905 cum
1300 872 1556 915 partecipati'mze
1586 871 1838 907 eminentissimi

1139 925 1265 958 domini
1282 925 1464 958 otmtz'nalis
1483 924 1607 957 Gincttz'
1618 924 1806 967 protectoris
1817 922 1836 956 ¹.

1291 1006 1455 1032 Alexander
1475 1005 1553 1038 Papa
1573 1004 1642 1038 vn,

1237 1051 1274 1078 ad
1295 1051 1427 1077 futuram
1446 1050 1491 1077 rei
1511 1049 1693 1077 memoriam.

1140 1124 1154 1166 ἓ
1185 1123 1210 1155 1.
1232 1122 1354 1165 Exponi
1373 1122 1466 1155 nobis
1491 1132 1594 1165 nuper
1621 1121 1764 1154 fecerunt
1789 1121 1836 1155 di-

1096 1176 1169 1209 lecti
1196 1175 1250 1209 tilii
1284 1175 1384 1208 frater
1408 1175 1591 1218 provinciae
1616 1174 1771 1207 Franciae
1797 1175 1836 1208 dc

1096 1228 1260 1262 Cliaritate
1274 1227 1590 1270 nuncupatiOrdinis
1605 1227 1693 1259 beati
1708 1227 1836 1260 Ioannis

1097 1283 1164 1319 Dei.
1192 1283 1279 1326 quod
1305 1281 1338 1314 in
1359 1281 1509 1324 capitulis
1529 1282 1738 1324 generalibus
1759 1281 1836 1314 dicti

1097 1335 1227 1369 Ordinis
1265 1336 1304 1368 ab
1338 1344 1423 1368 anno
1455 1343 1581 1367 iinchv
1606 1334 1779 1366 celebratis
1805 1334 1837 1366 in

1098 1390 1159 1422 liac
1193 1390 1277 1421 alma
1309 1388 1392 1421 Urbe
1418 1397 1491 1420 cum
1521 1386 1774 1430 participatione
1807 1392 1839 1420 et

1098 1453 1264 1475 consensu
1288 1441 1484 1475 venerabilis
1511 1441 1618 1473 fratris
1638 1441 1738 1473 nostri
1757 1440 1838 1473 Mar-

1099 1496 1133 1528 tii
1151 1495 1295 1539 episcopi
1317 1494 1504 1527 Sabiuensis
1524 1493 1554 1527 S.
1575 1494 1612 1526 R.
1636 1494 1670 1526 E.
1691 1494 1839 1527 cardina-

1099 1549 1136 1582 lis
1161 1548 1305 1582 Ginnetti
1330 1547 1521 1591 nuncupati,
1545 1547 1688 1580 eiusdem
1708 1546 1838 1580 Ordinis

1098 1602 1183 1645 apud
1208 1594 1267 1634 nos
1308 1606 1339 1634 et
1367 1601 1482 1634 Sedem
1514 1600 1732 1643 Apostolicam
1762 1611 1838 1644 pro-

1099 1655 1243 1695 tectoris,
1265 1655 1346 1687 saeta
1363 1659 1396 1687 et
1412 1654 1554 1687 stabilita
1572 1654 1703 1687 suerunt
1720 1658 1839 1686 statuta

1099 1709 1306 1752 infrascripta
1320 1708 1352 1741 in
1367 1709 1479 1741 eadem
1498 1707 1667 1752 provincia
1682 1707 1838 1741 Franciae

1100 1763 1254 1806 deinceps
1281 1762 1498 1801 observanda,
1525 1761 1691 1794 videlicet:

1149 1829 1160 1846 <t
1172 1815 1264 1854 Quod
1283 1815 1396 1848 fratres
1411 1814 1492 1848 Galli
1508 1815 1673 1847 debebunt
1688 1815 1726 1847 de
1744 1813 1839 1847 trien-

1101 1869 1153 1902 nio
1172 1869 1202 1901 in
1223 1869 1399 1901 triennium
1417 1868 1586 1901 celebrare
1605 1868 1746 1911 capitula
1764 1877 1840 1910 pro-

1100 1922 1259 1962 vincialia,
1275 1921 1339 1961 ubi,
1359 1922 1462 1954 electo
1482 1931 1540 1964 per
1557 1931 1613 1954 eos
1630 1921 1839 1964 praesidente

1100 1974 1235 2018 capituli
1261 1974 1462 2014 celebrandi,
1479 1974 1599 2016 eligent
1622 1974 1744 2017 pariter
1764 1984 1840 2017 pro-

1101 2029 1290 2069 vincialem,
1317 2028 1445 2071 priores
1472 2032 1503 2060 et
1535 2028 1616 2060 duos
1650 2027 1840 2060 assistentes

1101 2082 1301 2126 provinciae,
1320 2081 1374 2124 qui
1393 2092 1409 2114 a
1427 2081 1513 2115 dicto
1531 2081 1741 2124 praesidente
1763 2091 1840 2114 cou-

1101 2135 1317 2168 firmabuntur
1333 2146 1340 2175 3
1366 2144 1470 2167 novus
1489 2140 1598 2167 autem
1616 2134 1837 2178 provincialis,

1102 2189 1209 2221 statim
1235 2194 1332 2231 atque
1358 2189 1481 2220 electus
1506 2187 1621 2227 suerit,
1649 2187 1784 2220 habebit
1809 2193 1841 2219 et

1103 2241 1233 2274 debebit
1252 2251 1405 2274 exercere
1428 2251 1544 2273 munus
1565 2241 1676 2274 vicarii
1705 2251 1840 2284 gencra-

1102 2295 1153 2335 lis,
1178 2300 1210 2328 et
1228 2295 1273 2327 illi
1296 2300 1328 2327 et
1351 2305 1416 2327 non
1441 2294 1494 2327 alii
1521 2295 1654 2327 debebit
1686 2294 1840 2338 superior

1103 2348 1264 2391 generalis
1301 2347 1430 2380 Ordinis
1460 2347 1596 2391 praefati
1631 2346 1759 2380 mittere
1785 2357 1841 2390 pa-

1103 2407 1209 2435 tentes
1234 2401 1359 2434 litteras
1384 2400 1556 2434 vicariatus
1583 2400 1758 2443 generalis.
1782 2400 1841 2433 De-

1103 2455 1187 2494 inde,
1215 2455 1312 2498 quod‚
1340 2460 1477 2497 sequuto
1497 2454 1709 2498 provincialis
1736 2454 1838 2493 abiut,

1103 2508 1302 2541 subintrabit
1326 2507 1358 2540 in
1383 2507 1451 2540 eius
1489 2507 1630 2540 officium
1656 2507 1725 2540 eius
1751 2512 1842 2538 autes

1140 2625 1150 2649 1
1173 2622 1209 2649 Ex
1231 2622 1336 2659 Regest.
1359 2621 1386 2649 in
1406 2621 1505 2650 Secret.
1529 2622 1607 2650 BreV.

1842 216 1889 243 An⁴
1912 215 1941 242 C.
1962 215 2026 243 ¹664

1872 1140 1989 1167 Expositio.
