<?xml version="1.0" encoding="UTF-8"?>
<!DOCTYPE html PUBLIC "-//W3C//DTD XHTML 1.0 Transitional//EN"
    "http://www.w3.org/TR/xhtml1/DTD/xhtml1-transitional.dtd">
<html xmlns="http://www.w3.org/1999/xhtml" xml:lang="en" lang="en">
 <head>
  <title>
</title>
<meta http-equiv="Content-Type" content="text/html;charset=utf-8" />
  <meta name='ocr-system' content='tesseract 3.04.00' />
  <meta name='ocr-capabilities' content='ocr_page ocr_carea ocr_par ocr_line ocrx_word'/>
</head>
<body>
  <div class='ocr_page' id='page_1' title='image "./bullarumdiplomat17cath_0601.png"; bbox 0 0 2247 3208; ppageno 0'>
   <div class='ocr_carea' id='block_1_1' title="bbox 182 196 370 227">
    <p class='ocr_par' dir='ltr' id='par_1_1' title="bbox 182 196 370 227">
     <span class='ocr_line' id='line_1_1' title="bbox 182 196 370 227; baseline -0.011 0"><span class='ocrx_word' id='word_1_1' title='bbox 182 196 370 227; x_wconf 77' lang='lat' dir='ltr'>An.C.t‹o7</span> 
     </span>
    </p>
   </div>
   <div class='ocr_carea' id='block_1_2' title="bbox 168 1517 353 1595">
    <p class='ocr_par' dir='ltr' id='par_1_2' title="bbox 168 1517 353 1595">
     <span class='ocr_line' id='line_1_2' title="bbox 195 1517 353 1542; baseline 0 -5"><span class='ocrx_word' id='word_1_2' title='bbox 195 1517 306 1542; x_wconf 57' lang='lat' dir='ltr'>Expedita·</span> <span class='ocrx_word' id='word_1_3' title='bbox 319 1518 353 1537; x_wconf 72' lang='lat' dir='ltr'>lit-</span> 
     </span>
     <span class='ocr_line' id='line_1_3' title="bbox 168 1543 353 1564; baseline 0.005 -2"><span class='ocrx_word' id='word_1_4' title='bbox 168 1545 262 1563; x_wconf 64' lang='lat' dir='ltr'>terarum</span> <span class='ocrx_word' id='word_1_5' title='bbox 275 1543 353 1564; x_wconf 64' lang='lat' dir='ltr'>{acien-</span> 
     </span>
     <span class='ocr_line' id='line_1_4' title="bbox 170 1569 286 1595; baseline 0.009 -6"><span class='ocrx_word' id='word_1_6' title='bbox 170 1569 197 1589; x_wconf 80' lang='lat' dir='ltr'>da</span> <span class='ocrx_word' id='word_1_7' title='bbox 213 1572 286 1595; x_wconf 75' lang='lat' dir='ltr'>gratis.</span> 
     </span>
    </p>
   </div>
   <div class='ocr_carea' id='block_1_3' title="bbox 1006 195 1148 222">
    <p class='ocr_par' dir='ltr' id='par_1_3' title="bbox 1006 195 1148 222">
     <span class='ocr_line' id='line_1_5' title="bbox 1006 195 1148 222; baseline 0.007 -1"><span class='ocrx_word' id='word_1_8' title='bbox 1006 195 1148 222; x_wconf 76' lang='lat' dir='ltr'>CLEMENS</span> 
     </span>
    </p>
   </div>
   <div class='ocr_carea' id='block_1_4' title="bbox 356 245 1138 2607">
    <p class='ocr_par' dir='ltr' id='par_1_4' title="bbox 364 245 1138 1500">
     <span class='ocr_line' id='line_1_6' title="bbox 376 245 1114 290; baseline 0 -11"><span class='ocrx_word' id='word_1_9' title='bbox 376 246 479 286; x_wconf 88' lang='lat' dir='ltr'>nerit</span> <span class='ocrx_word' id='word_1_10' title='bbox 507 245 722 280; x_wconf 84' lang='lat' dir='ltr'>nihilominus</span> <span class='ocrx_word' id='word_1_11' title='bbox 748 246 897 280; x_wconf 88' lang='lat' dir='ltr'>omnibus</span> <span class='ocrx_word' id='word_1_12' title='bbox 922 251 953 279; x_wconf 91' lang='lat' dir='ltr'>et</span> <span class='ocrx_word' id='word_1_13' title='bbox 977 246 1114 290; x_wconf 84' lang='lat' dir='ltr'>singulis</span> 
     </span>
     <span class='ocr_line' id='line_1_7' title="bbox 375 294 1138 343; baseline 0.001 -11"><span class='ocrx_word' id='word_1_14' title='bbox 375 299 568 343; x_wconf 87' lang='lat' dir='ltr'>supradictis</span> <span class='ocrx_word' id='word_1_15' title='bbox 593 299 722 342; x_wconf 67' lang='lat' dir='ltr'>gratiis</span> <span class='ocrx_word' id='word_1_16' title='bbox 748 299 933 343; x_wconf 81' lang='lat' dir='ltr'>privilegiis</span> <span class='ocrx_word' id='word_1_17' title='bbox 962 294 1138 334; x_wconf 78' lang='lat' dir='ltr'>facultati-¹</span> 
     </span>
     <span class='ocr_line' id='line_1_8' title="bbox 374 332 1137 419; baseline 0.003 -34"><span class='ocrx_word' id='word_1_18' title='bbox 374 353 444 393; x_wconf 90' lang='lat' dir='ltr'>bus,</span> <span class='ocrx_word' id='word_1_19' title='bbox 470 353 735 393; x_wconf 89' lang='lat' dir='ltr'>immunitatibus,</span> <span class='ocrx_word' id='word_1_20' title='bbox 750 353 963 393; x_wconf 74' lang='lat' dir='ltr'>libertatibus,</span> <span class='ocrx_word' id='word_1_21' title='bbox 985 332 1137 419; x_wconf 50' lang='lat' dir='ltr'>honori-ff</span> 
     </span>
     <span class='ocr_line' id='line_1_9' title="bbox 375 405 1114 448; baseline 0 -10"><span class='ocrx_word' id='word_1_22' title='bbox 375 407 448 443; x_wconf 89' lang='lat' dir='ltr'>bus,</span> <span class='ocrx_word' id='word_1_23' title='bbox 462 405 704 448; x_wconf 78' lang='lat' dir='ltr'>praerogativis,</span> <span class='ocrx_word' id='word_1_24' title='bbox 718 405 995 448; x_wconf 83' lang='lat' dir='ltr'>praeeminentiis,</span> <span class='ocrx_word' id='word_1_25' title='bbox 1013 406 1114 438; x_wconf 89' lang='lat' dir='ltr'>indul-</span> 
     </span>
     <span class='ocr_line' id='line_1_10' title="bbox 376 456 1135 511; baseline -0.001 -20"><span class='ocrx_word' id='word_1_26' title='bbox 376 459 424 497; x_wconf 91' lang='lat' dir='ltr'>tis,</span> <span class='ocrx_word' id='word_1_27' title='bbox 452 458 721 502; x_wconf 74' lang='lat' dir='ltr'>exemptionibus,</span> <span class='ocrx_word' id='word_1_28' title='bbox 748 458 929 501; x_wconf 87' lang='lat' dir='ltr'>ceterisque</span> <span class='ocrx_word' id='word_1_29' title='bbox 955 456 1135 511; x_wconf 44' lang='lat' dir='ltr'>praemis-J</span> 
     </span>
     <span class='ocr_line' id='line_1_11' title="bbox 375 511 1135 554; baseline -0.001 -10"><span class='ocrx_word' id='word_1_30' title='bbox 375 512 437 550; x_wconf 81' lang='lat' dir='ltr'>sis,</span> <span class='ocrx_word' id='word_1_31' title='bbox 464 522 528 545; x_wconf 90' lang='lat' dir='ltr'>non</span> <span class='ocrx_word' id='word_1_32' title='bbox 556 516 663 544; x_wconf 89' lang='lat' dir='ltr'>tamen</span> <span class='ocrx_word' id='word_1_33' title='bbox 695 512 799 553; x_wconf 90' lang='lat' dir='ltr'>quoad</span> <span class='ocrx_word' id='word_1_34' title='bbox 833 511 1135 554; x_wconf 69' lang='lat' dir='ltr'>participationem</span> 
     </span>
     <span class='ocr_line' id='line_1_12' title="bbox 375 562 1111 597; baseline -0.001 -1"><span class='ocrx_word' id='word_1_35' title='bbox 375 565 487 597; x_wconf 88' lang='lat' dir='ltr'>decem</span> <span class='ocrx_word' id='word_1_36' title='bbox 511 563 647 597; x_wconf 89' lang='lat' dir='ltr'>millium</span> <span class='ocrx_word' id='word_1_37' title='bbox 662 568 824 596; x_wconf 78' lang='lat' dir='ltr'>scutorum</span> <span class='ocrx_word' id='word_1_38' title='bbox 840 562 909 595; x_wconf 88' lang='lat' dir='ltr'>auri</span> <span class='ocrx_word' id='word_1_39' title='bbox 927 562 1111 595; x_wconf 87' lang='lat' dir='ltr'>huiusmodi</span> 
     </span>
     <span class='ocr_line' id='line_1_13' title="bbox 374 615 1114 659; baseline -0.001 -11"><span class='ocrx_word' id='word_1_40' title='bbox 374 626 434 659; x_wconf 89' lang='lat' dir='ltr'>per</span> <span class='ocrx_word' id='word_1_41' title='bbox 459 627 518 650; x_wconf 90' lang='lat' dir='ltr'>nos</span> <span class='ocrx_word' id='word_1_42' title='bbox 537 622 571 648; x_wconf 87' lang='lat' dir='ltr'>ut</span> <span class='ocrx_word' id='word_1_43' title='bbox 591 626 687 658; x_wconf 85' lang='lat' dir='ltr'>supra</span> <span class='ocrx_word' id='word_1_44' title='bbox 709 616 801 648; x_wconf 81' lang='lat' dir='ltr'>dietis</span> <span class='ocrx_word' id='word_1_45' title='bbox 827 615 1031 648; x_wconf 85' lang='lat' dir='ltr'>conclavistis</span> <span class='ocrx_word' id='word_1_46' title='bbox 1057 616 1114 648; x_wconf 90' lang='lat' dir='ltr'>do-</span> 
     </span>
     <span class='ocr_line' id='line_1_14' title="bbox 373 667 1112 710; baseline 0 -10"><span class='ocrx_word' id='word_1_47' title='bbox 373 673 534 707; x_wconf 89' lang='lat' dir='ltr'>natorum,</span> <span class='ocrx_word' id='word_1_48' title='bbox 552 674 584 701; x_wconf 89' lang='lat' dir='ltr'>et</span> <span class='ocrx_word' id='word_1_49' title='bbox 608 668 692 700; x_wconf 89' lang='lat' dir='ltr'>inter</span> <span class='ocrx_word' id='word_1_50' title='bbox 715 678 782 705; x_wconf 85' lang='lat' dir='ltr'>eos,</span> <span class='ocrx_word' id='word_1_51' title='bbox 798 673 833 699; x_wconf 89' lang='lat' dir='ltr'>ut</span> <span class='ocrx_word' id='word_1_52' title='bbox 850 668 1032 710; x_wconf 85' lang='lat' dir='ltr'>praefertur</span> <span class='ocrx_word' id='word_1_53' title='bbox 1049 667 1112 700; x_wconf 92' lang='lat' dir='ltr'>dis-</span> 
     </span>
     <span class='ocr_line' id='line_1_15' title="bbox 372 720 1112 760; baseline 0.001 -8"><span class='ocrx_word' id='word_1_54' title='bbox 372 721 581 759; x_wconf 89' lang='lat' dir='ltr'>tributorum,</span> <span class='ocrx_word' id='word_1_55' title='bbox 608 731 665 753; x_wconf 85' lang='lat' dir='ltr'>seu</span> <span class='ocrx_word' id='word_1_56' title='bbox 691 720 1005 760; x_wconf 87' lang='lat' dir='ltr'>distribuendorum,</span> <span class='ocrx_word' id='word_1_57' title='bbox 1033 725 1112 753; x_wconf 88' lang='lat' dir='ltr'>tam-</span> 
     </span>
     <span class='ocr_line' id='line_1_16' title="bbox 372 773 1110 815; baseline 0.001 -11"><span class='ocrx_word' id='word_1_58' title='bbox 372 783 467 815; x_wconf 83' lang='lat' dir='ltr'>quam</span> <span class='ocrx_word' id='word_1_59' title='bbox 492 773 684 805; x_wconf 85' lang='lat' dir='ltr'>conclavista</span> <span class='ocrx_word' id='word_1_60' title='bbox 710 773 770 804; x_wconf 90' lang='lat' dir='ltr'>srui</span> <span class='ocrx_word' id='word_1_61' title='bbox 793 778 825 805; x_wconf 88' lang='lat' dir='ltr'>et</span> <span class='ocrx_word' id='word_1_62' title='bbox 842 773 982 815; x_wconf 79' lang='lat' dir='ltr'>gaudere</span> <span class='ocrx_word' id='word_1_63' title='bbox 1007 773 1110 806; x_wconf 88' lang='lat' dir='ltr'>libere</span> 
     </span>
     <span class='ocr_line' id='line_1_17' title="bbox 372 825 1109 868; baseline 0.001 -10"><span class='ocrx_word' id='word_1_64' title='bbox 372 830 404 858; x_wconf 86' lang='lat' dir='ltr'>et</span> <span class='ocrx_word' id='word_1_65' title='bbox 428 825 515 858; x_wconf 89' lang='lat' dir='ltr'>licite.</span> <span class='ocrx_word' id='word_1_66' title='bbox 541 825 646 868; x_wconf 77' lang='lat' dir='ltr'>possit</span> <span class='ocrx_word' id='word_1_67' title='bbox 670 831 703 858; x_wconf 88' lang='lat' dir='ltr'>et</span> <span class='ocrx_word' id='word_1_68' title='bbox 725 826 838 866; x_wconf 79' lang='lat' dir='ltr'>valeat,</span> <span class='ocrx_word' id='word_1_69' title='bbox 864 825 998 868; x_wconf 80' lang='lat' dir='ltr'>perinde</span> <span class='ocrx_word' id='word_1_70' title='bbox 1024 837 1060 859; x_wconf 85' lang='lat' dir='ltr'>ac</span> <span class='ocrx_word' id='word_1_71' title='bbox 1083 826 1109 858; x_wconf 94' lang='lat' dir='ltr'>si</span> 
     </span>
     <span class='ocr_line' id='line_1_18' title="bbox 371 878 1110 911; baseline 0.001 -2"><span class='ocrx_word' id='word_1_72' title='bbox 371 878 516 910; x_wconf 89' lang='lat' dir='ltr'>conclavi</span> <span class='ocrx_word' id='word_1_73' title='bbox 543 878 726 910; x_wconf 72' lang='lat' dir='ltr'>huiusmodi</span> <span class='ocrx_word' id='word_1_74' title='bbox 751 889 828 911; x_wconf 88' lang='lat' dir='ltr'>vere</span> <span class='ocrx_word' id='word_1_75' title='bbox 855 884 887 911; x_wconf 87' lang='lat' dir='ltr'>et</span> <span class='ocrx_word' id='word_1_76' title='bbox 911 878 1046 911; x_wconf 77' lang='lat' dir='ltr'>realiter</span> <span class='ocrx_word' id='word_1_77' title='bbox 1062 879 1110 910; x_wconf 92' lang='lat' dir='ltr'>in-</span> 
     </span>
     <span class='ocr_line' id='line_1_19' title="bbox 370 930 1110 968; baseline 0.001 -6"><span class='ocrx_word' id='word_1_78' title='bbox 370 930 546 968; x_wconf 81' lang='lat' dir='ltr'>terfuisset,</span> <span class='ocrx_word' id='word_1_79' title='bbox 564 930 853 964; x_wconf 73' lang='lat' dir='ltr'>constitutionibus</span> <span class='ocrx_word' id='word_1_80' title='bbox 880 936 911 963; x_wconf 87' lang='lat' dir='ltr'>et</span> <span class='ocrx_word' id='word_1_81' title='bbox 935 931 1110 964; x_wconf 87' lang='lat' dir='ltr'>ordinatio-</span> 
     </span>
     <span class='ocr_line' id='line_1_20' title="bbox 369 982 1109 1026; baseline 0.003 -12"><span class='ocrx_word' id='word_1_82' title='bbox 369 982 487 1021; x_wconf 75' lang='lat' dir='ltr'>nibus,</span> <span class='ocrx_word' id='word_1_83' title='bbox 518 983 698 1026; x_wconf 84' lang='lat' dir='ltr'>ceterisque</span> <span class='ocrx_word' id='word_1_84' title='bbox 732 984 946 1026; x_wconf 75' lang='lat' dir='ltr'>supradictis,</span> <span class='ocrx_word' id='word_1_85' title='bbox 984 989 1016 1016; x_wconf 85' lang='lat' dir='ltr'>et</span> <span class='ocrx_word' id='word_1_86' title='bbox 1039 984 1109 1017; x_wconf 89' lang='lat' dir='ltr'>aliis</span> 
     </span>
     <span class='ocr_line' id='line_1_21' title="bbox 369 1036 1107 1079; baseline 0.001 -11"><span class='ocrx_word' id='word_1_87' title='bbox 369 1036 539 1068; x_wconf 76' lang='lat' dir='ltr'>contrariis</span> <span class='ocrx_word' id='word_1_88' title='bbox 558 1047 760 1079; x_wconf 78' lang='lat' dir='ltr'>nequaquam</span> <span class='ocrx_word' id='word_1_89' title='bbox 778 1038 988 1076; x_wconf 83' lang='lat' dir='ltr'>obstantibus,</span> <span class='ocrx_word' id='word_1_90' title='bbox 1009 1043 1107 1077; x_wconf 85' lang='lat' dir='ltr'>motu,</span> 
     </span>
     <span class='ocr_line' id='line_1_22' title="bbox 368 1088 1109 1134; baseline 0.005 -14"><span class='ocrx_word' id='word_1_91' title='bbox 368 1088 503 1121; x_wconf 80' lang='lat' dir='ltr'>scientia</span> <span class='ocrx_word' id='word_1_92' title='bbox 522 1095 554 1121; x_wconf 85' lang='lat' dir='ltr'>ct</span> <span class='ocrx_word' id='word_1_93' title='bbox 574 1090 766 1123; x_wconf 86' lang='lat' dir='ltr'>auctoritate</span> <span class='ocrx_word' id='word_1_94' title='bbox 793 1091 959 1131; x_wconf 77' lang='lat' dir='ltr'>similibus,</span> <span class='ocrx_word' id='word_1_95' title='bbox 979 1092 1018 1124; x_wconf 87' lang='lat' dir='ltr'>de</span> <span class='ocrx_word' id='word_1_96' title='bbox 1037 1102 1109 1134; x_wconf 85' lang='lat' dir='ltr'>spc-</span> 
     </span>
     <span class='ocr_line' id='line_1_23' title="bbox 368 1141 1108 1187; baseline 0.005 -15"><span class='ocrx_word' id='word_1_97' title='bbox 368 1141 441 1173; x_wconf 89' lang='lat' dir='ltr'>ciali</span> <span class='ocrx_word' id='word_1_98' title='bbox 456 1142 556 1183; x_wconf 76' lang='lat' dir='ltr'>gratia</span> <span class='ocrx_word' id='word_1_99' title='bbox 572 1142 789 1185; x_wconf 75' lang='lat' dir='ltr'>indulgemus.</span> <span class='ocrx_word' id='word_1_100' title='bbox 806 1143 920 1186; x_wconf 84' lang='lat' dir='ltr'>Sicque</span> <span class='ocrx_word' id='word_1_101' title='bbox 936 1154 994 1186; x_wconf 90' lang='lat' dir='ltr'>per</span> <span class='ocrx_word' id='word_1_102' title='bbox 1011 1155 1108 1187; x_wconf 89' lang='lat' dir='ltr'>quos-</span> 
     </span>
     <span class='ocr_line' id='line_1_24' title="bbox 369 1195 1108 1240; baseline 0.005 -14"><span class='ocrx_word' id='word_1_103' title='bbox 369 1205 506 1237; x_wconf 83' lang='lat' dir='ltr'>cumque</span> <span class='ocrx_word' id='word_1_104' title='bbox 526 1195 647 1228; x_wconf 83' lang='lat' dir='ltr'>iudices</span> <span class='ocrx_word' id='word_1_105' title='bbox 667 1196 763 1228; x_wconf 88' lang='lat' dir='ltr'>etiam</span> <span class='ocrx_word' id='word_1_106' title='bbox 778 1197 1023 1235; x_wconf 89' lang='lat' dir='ltr'>commissarios,</span> <span class='ocrx_word' id='word_1_107' title='bbox 1037 1208 1108 1240; x_wconf 84' lang='lat' dir='ltr'>qua-</span> 
     </span>
     <span class='ocr_line' id='line_1_25' title="bbox 367 1246 1107 1290; baseline 0.005 -12"><span class='ocrx_word' id='word_1_108' title='bbox 367 1246 413 1278; x_wconf 84' lang='lat' dir='ltr'>vis</span> <span class='ocrx_word' id='word_1_109' title='bbox 439 1248 629 1280; x_wconf 78' lang='lat' dir='ltr'>auctoritate</span> <span class='ocrx_word' id='word_1_110' title='bbox 656 1249 838 1290; x_wconf 80' lang='lat' dir='ltr'>fungentes,</span> <span class='ocrx_word' id='word_1_111' title='bbox 859 1250 984 1282; x_wconf 73' lang='lat' dir='ltr'>sublata</span> <span class='ocrx_word' id='word_1_112' title='bbox 1009 1250 1054 1282; x_wconf 92' lang='lat' dir='ltr'>eis</span> <span class='ocrx_word' id='word_1_113' title='bbox 1076 1255 1107 1282; x_wconf 87' lang='lat' dir='ltr'>et</span> 
     </span>
     <span class='ocr_line' id='line_1_26' title="bbox 366 1301 1106 1345; baseline 0.004 -14"><span class='ocrx_word' id='word_1_114' title='bbox 366 1309 477 1332; x_wconf 88' lang='lat' dir='ltr'>eorum</span> <span class='ocrx_word' id='word_1_115' title='bbox 502 1301 635 1333; x_wconf 86' lang='lat' dir='ltr'>cuilibet</span> <span class='ocrx_word' id='word_1_116' title='bbox 660 1302 692 1334; x_wconf 89' lang='lat' dir='ltr'>in</span> <span class='ocrx_word' id='word_1_117' title='bbox 718 1302 829 1345; x_wconf 86' lang='lat' dir='ltr'>quavis</span> <span class='ocrx_word' id='word_1_118' title='bbox 847 1305 941 1334; x_wconf 74' lang='lat' dir='ltr'>causa</span> <span class='ocrx_word' id='word_1_119' title='bbox 958 1302 1106 1335; x_wconf 87' lang='lat' dir='ltr'>aliteriu-</span> 
     </span>
     <span class='ocr_line' id='line_1_27' title="bbox 365 1351 1106 1396; baseline 0.007 -13"><span class='ocrx_word' id='word_1_120' title='bbox 365 1351 493 1385; x_wconf 82' lang='lat' dir='ltr'>dicandi</span> <span class='ocrx_word' id='word_1_121' title='bbox 515 1358 547 1385; x_wconf 88' lang='lat' dir='ltr'>et</span> <span class='ocrx_word' id='word_1_122' title='bbox 571 1353 807 1396; x_wconf 86' lang='lat' dir='ltr'>interpretandi</span> <span class='ocrx_word' id='word_1_123' title='bbox 834 1355 979 1388; x_wconf 77' lang='lat' dir='ltr'>facultate</span> <span class='ocrx_word' id='word_1_124' title='bbox 1004 1361 1034 1388; x_wconf 87' lang='lat' dir='ltr'>et</span> <span class='ocrx_word' id='word_1_125' title='bbox 1051 1366 1106 1388; x_wconf 91' lang='lat' dir='ltr'>au-</span> 
     </span>
     <span class='ocr_line' id='line_1_28' title="bbox 364 1404 1105 1447; baseline 0.008 -12"><span class='ocrx_word' id='word_1_126' title='bbox 364 1404 524 1444; x_wconf 84' lang='lat' dir='ltr'>ctoritate,</span> <span class='ocrx_word' id='word_1_127' title='bbox 544 1406 677 1438; x_wconf 87' lang='lat' dir='ltr'>iudicari</span> <span class='ocrx_word' id='word_1_128' title='bbox 703 1412 735 1439; x_wconf 88' lang='lat' dir='ltr'>et</span> <span class='ocrx_word' id='word_1_129' title='bbox 752 1406 879 1439; x_wconf 73' lang='lat' dir='ltr'>definiri</span> <span class='ocrx_word' id='word_1_130' title='bbox 905 1407 1041 1447; x_wconf 87' lang='lat' dir='ltr'>debere,</span> <span class='ocrx_word' id='word_1_131' title='bbox 1062 1409 1105 1441; x_wconf 92' lang='lat' dir='ltr'>ir-</span> 
     </span>
     <span class='ocr_line' id='line_1_29' title="bbox 365 1456 815 1500; baseline 0.009 -12"><span class='ocrx_word' id='word_1_132' title='bbox 365 1456 538 1500; x_wconf 87' lang='lat' dir='ltr'>ritumque,</span> <span class='ocrx_word' id='word_1_133' title='bbox 557 1463 631 1497; x_wconf 74' lang='lat' dir='ltr'>ete,</span> <span class='ocrx_word' id='word_1_134' title='bbox 651 1460 815 1492; x_wconf 86' lang='lat' dir='ltr'>attentari.</span> 
     </span>
    </p>

    <p class='ocr_par' dir='ltr' id='par_1_5' title="bbox 356 1509 1115 2607">
     <span class='ocr_line' id='line_1_30' title="bbox 408 1509 1104 1554; baseline 0.009 -13"><span class='ocrx_word' id='word_1_135' title='bbox 408 1509 422 1552; x_wconf 99' lang='lat'>5</span> <span class='ocrx_word' id='word_1_136' title='bbox 448 1509 501 1542; x_wconf 70' lang='lat'>15.</span> <span class='ocrx_word' id='word_1_137' title='bbox 528 1510 566 1542; x_wconf 88' lang='lat' dir='ltr'>Et</span> <span class='ocrx_word' id='word_1_138' title='bbox 590 1511 723 1554; x_wconf 80' lang='lat' dir='ltr'>insuper</span> <span class='ocrx_word' id='word_1_139' title='bbox 746 1512 923 1546; x_wconf 74' lang='lat' dir='ltr'>venerabili</span> <span class='ocrx_word' id='word_1_140' title='bbox 943 1514 1030 1546; x_wconf 79' lang='lat' dir='ltr'>fratri</span> <span class='ocrx_word' id='word_1_141' title='bbox 1048 1524 1104 1547; x_wconf 92' lang='lat' dir='ltr'>no-</span> 
     </span>
     <span class='ocr_line' id='line_1_31' title="bbox 363 1561 1103 1607; baseline 0.008 -14"><span class='ocrx_word' id='word_1_142' title='bbox 363 1567 431 1594; x_wconf 85' lang='lat' dir='ltr'>stro</span> <span class='ocrx_word' id='word_1_143' title='bbox 458 1561 631 1595; x_wconf 77' lang='lat' dir='ltr'>Francisco</span> <span class='ocrx_word' id='word_1_144' title='bbox 657 1564 812 1607; x_wconf 82' lang='lat' dir='ltr'>episcopo</span> <span class='ocrx_word' id='word_1_145' title='bbox 838 1564 977 1599; x_wconf 75' lang='lat' dir='ltr'>Ostiensi</span> <span class='ocrx_word' id='word_1_146' title='bbox 996 1571 1028 1599; x_wconf 87' lang='lat' dir='ltr'>et</span> <span class='ocrx_word' id='word_1_147' title='bbox 1044 1567 1103 1599; x_wconf 76' lang='lat' dir='ltr'>Ve-</span> 
     </span>
     <span class='ocr_line' id='line_1_32' title="bbox 364 1614 1103 1662; baseline 0.009 -17"><span class='ocrx_word' id='word_1_148' title='bbox 364 1614 532 1646; x_wconf 88' lang='lat' dir='ltr'>liternensi</span> <span class='ocrx_word' id='word_1_149' title='bbox 558 1616 711 1648; x_wconf 75' lang='lat' dir='ltr'>cardinali</span> <span class='ocrx_word' id='word_1_150' title='bbox 739 1617 915 1650; x_wconf 86' lang='lat' dir='ltr'>Barberino</span> <span class='ocrx_word' id='word_1_151' title='bbox 937 1629 1103 1662; x_wconf 85' lang='lat' dir='ltr'>nuncupa-</span> 
     </span>
     <span class='ocr_line' id='line_1_33' title="bbox 363 1669 1102 1707; baseline 0.008 -8"><span class='ocrx_word' id='word_1_152' title='bbox 363 1673 412 1707; x_wconf 88' lang='lat' dir='ltr'>to,</span> <span class='ocrx_word' id='word_1_153' title='bbox 438 1669 584 1700; x_wconf 82' lang='lat' dir='ltr'>eiusdem</span> <span class='ocrx_word' id='word_1_154' title='bbox 605 1669 634 1701; x_wconf 82' lang='lat' dir='ltr'>S.</span> <span class='ocrx_word' id='word_1_155' title='bbox 659 1669 696 1702; x_wconf 74' lang='lat' dir='ltr'>P..</span> <span class='ocrx_word' id='word_1_156' title='bbox 719 1669 754 1702; x_wconf 90' lang='lat' dir='ltr'>E.</span> <span class='ocrx_word' id='word_1_157' title='bbox 781 1671 1046 1705; x_wconf 82' lang='lat' dir='ltr'>vicecancellario</span> <span class='ocrx_word' id='word_1_158' title='bbox 1071 1678 1102 1705; x_wconf 88' lang='lat' dir='ltr'>et</span> 
     </span>
     <span class='ocr_line' id='line_1_34' title="bbox 362 1719 1101 1763; baseline 0.008 -12"><span class='ocrx_word' id='word_1_159' title='bbox 362 1719 541 1752; x_wconf 86' lang='lat' dir='ltr'>litterarum</span> <span class='ocrx_word' id='word_1_160' title='bbox 560 1722 810 1763; x_wconf 80' lang='lat' dir='ltr'>apostolicarum</span> <span class='ocrx_word' id='word_1_161' title='bbox 824 1724 1023 1763; x_wconf 89' lang='lat' dir='ltr'>summatori,</span> <span class='ocrx_word' id='word_1_162' title='bbox 1041 1735 1101 1758; x_wconf 92' lang='lat' dir='ltr'>nec</span> 
     </span>
     <span class='ocr_line' id='line_1_35' title="bbox 360 1773 1097 1819; baseline 0.009 -16"><span class='ocrx_word' id='word_1_163' title='bbox 360 1782 426 1804; x_wconf 90' lang='lat' dir='ltr'>non</span> <span class='ocrx_word' id='word_1_164' title='bbox 452 1773 577 1806; x_wconf 85' lang='lat' dir='ltr'>dilectis</span> <span class='ocrx_word' id='word_1_165' title='bbox 600 1773 674 1806; x_wconf 83' lang='lat' dir='ltr'>siliis</span> <span class='ocrx_word' id='word_1_166' title='bbox 699 1775 882 1808; x_wconf 80' lang='lat' dir='ltr'>secretariis</span> <span class='ocrx_word' id='word_1_167' title='bbox 899 1777 1097 1819; x_wconf 82' lang='lat' dir='ltr'>apostolicis,</span> 
     </span>
     <span class='ocr_line' id='line_1_36' title="bbox 359 1825 1098 1870; baseline 0.008 -14"><span class='ocrx_word' id='word_1_168' title='bbox 359 1825 558 1867; x_wconf 77' lang='lat' dir='ltr'>praesidenti</span> <span class='ocrx_word' id='word_1_169' title='bbox 585 1827 719 1869; x_wconf 85' lang='lat' dir='ltr'>plumbi,</span> <span class='ocrx_word' id='word_1_170' title='bbox 747 1827 880 1870; x_wconf 83' lang='lat' dir='ltr'>aliisque</span> <span class='ocrx_word' id='word_1_171' title='bbox 907 1829 1098 1862; x_wconf 85' lang='lat' dir='ltr'>officialibus</span> 
     </span>
     <span class='ocr_line' id='line_1_37' title="bbox 360 1877 1099 1922; baseline 0.008 -14"><span class='ocrx_word' id='word_1_172' title='bbox 360 1877 399 1909; x_wconf 85' lang='lat' dir='ltr'>ad</span> <span class='ocrx_word' id='word_1_173' title='bbox 424 1888 505 1920; x_wconf 86' lang='lat' dir='ltr'>quos</span> <span class='ocrx_word' id='word_1_174' title='bbox 531 1878 711 1911; x_wconf 88' lang='lat' dir='ltr'>litterarum</span> <span class='ocrx_word' id='word_1_175' title='bbox 742 1880 980 1922; x_wconf 85' lang='lat' dir='ltr'>praedictarum</span> <span class='ocrx_word' id='word_1_176' title='bbox 1004 1882 1099 1914; x_wconf 88' lang='lat' dir='ltr'>desu-</span> 
     </span>
     <span class='ocr_line' id='line_1_38' title="bbox 359 1929 1098 1976; baseline 0.007 -15"><span class='ocrx_word' id='word_1_177' title='bbox 359 1939 418 1972; x_wconf 85' lang='lat' dir='ltr'>per</span> <span class='ocrx_word' id='word_1_178' title='bbox 449 1929 720 1964; x_wconf 74' lang='lat' dir='ltr'>conticiendarum</span> <span class='ocrx_word' id='word_1_179' title='bbox 745 1933 907 1975; x_wconf 79' lang='lat' dir='ltr'>expeditio</span> <span class='ocrx_word' id='word_1_180' title='bbox 932 1944 991 1976; x_wconf 88' lang='lat' dir='ltr'>per</span> <span class='ocrx_word' id='word_1_181' title='bbox 1015 1934 1098 1967; x_wconf 92' lang='lat' dir='ltr'>viam</span> 
     </span>
     <span class='ocr_line' id='line_1_39' title="bbox 359 1985 1097 2030; baseline 0.007 -16"><span class='ocrx_word' id='word_1_182' title='bbox 359 1988 515 2015; x_wconf 84' lang='lat' dir='ltr'>secretam</span> <span class='ocrx_word' id='word_1_183' title='bbox 541 1985 788 2025; x_wconf 89' lang='lat' dir='ltr'>quomodolibet</span> <span class='ocrx_word' id='word_1_184' title='bbox 805 1990 930 2028; x_wconf 87' lang='lat' dir='ltr'>spectat</span> <span class='ocrx_word' id='word_1_185' title='bbox 948 1992 980 2018; x_wconf 89' lang='lat' dir='ltr'>et</span> <span class='ocrx_word' id='word_1_186' title='bbox 1004 1987 1097 2030; x_wconf 89' lang='lat' dir='ltr'>perti-</span> 
     </span>
     <span class='ocr_line' id='line_1_40' title="bbox 359 2036 1094 2080; baseline 0.008 -14"><span class='ocrx_word' id='word_1_187' title='bbox 359 2040 425 2075; x_wconf 87' lang='lat' dir='ltr'>net,</span> <span class='ocrx_word' id='word_1_188' title='bbox 453 2036 510 2068; x_wconf 86' lang='lat' dir='ltr'>sub</span> <span class='ocrx_word' id='word_1_189' title='bbox 536 2038 641 2078; x_wconf 76' lang='lat' dir='ltr'>poena</span> <span class='ocrx_word' id='word_1_190' title='bbox 673 2037 905 2079; x_wconf 78' lang='lat' dir='ltr'>indignationis</span> <span class='ocrx_word' id='word_1_191' title='bbox 943 2044 1070 2072; x_wconf 85' lang='lat' dir='ltr'>nostrae</span> <span class='ocrx_word' id='word_1_192' title='bbox 1087 2067 1094 2080; x_wconf 87' lang='lat'>,</span> 
     </span>
     <span class='ocr_line' id='line_1_41' title="bbox 360 2081 1096 2126; baseline 0.01 -7"><span class='ocrx_word' id='word_1_193' title='bbox 360 2093 449 2120; x_wconf 88' lang='lat' dir='ltr'>motu</span> <span class='ocrx_word' id='word_1_194' title='bbox 474 2081 571 2122; x_wconf 88' lang='lat' dir='ltr'>simili</span> <span class='ocrx_word' id='word_1_195' title='bbox 597 2095 629 2122; x_wconf 88' lang='lat' dir='ltr'>et</span> <span class='ocrx_word' id='word_1_196' title='bbox 654 2101 690 2122; x_wconf 81' lang='lat' dir='ltr'>ex</span> <span class='ocrx_word' id='word_1_197' title='bbox 716 2093 802 2123; x_wconf 78' lang='lat' dir='ltr'>certa</span> <span class='ocrx_word' id='word_1_198' title='bbox 833 2092 969 2124; x_wconf 80' lang='lat' dir='ltr'>seientia</span> <span class='ocrx_word' id='word_1_199' title='bbox 994 2103 1030 2125; x_wconf 88' lang='lat' dir='ltr'>ac</span> <span class='ocrx_word' id='word_1_200' title='bbox 1057 2093 1096 2126; x_wconf 85' lang='lat' dir='ltr'>de</span> 
     </span>
     <span class='ocr_line' id='line_1_42' title="bbox 358 2142 1095 2188; baseline 0.008 -16"><span class='ocrx_word' id='word_1_201' title='bbox 358 2142 552 2183; x_wconf 85' lang='lat' dir='ltr'>apostolicae</span> <span class='ocrx_word' id='word_1_202' title='bbox 567 2143 733 2185; x_wconf 83' lang='lat' dir='ltr'>potestatis</span> <span class='ocrx_word' id='word_1_203' title='bbox 747 2144 949 2186; x_wconf 86' lang='lat' dir='ltr'>plenitudine</span> <span class='ocrx_word' id='word_1_204' title='bbox 963 2146 1095 2188; x_wconf 87' lang='lat' dir='ltr'>paribus</span> 
     </span>
     <span class='ocr_line' id='line_1_43' title="bbox 359 2193 1094 2239; baseline 0.01 -15"><span class='ocrx_word' id='word_1_205' title='bbox 359 2193 456 2226; x_wconf 87' lang='lat' dir='ltr'>etiam</span> <span class='ocrx_word' id='word_1_206' title='bbox 481 2195 682 2235; x_wconf 85' lang='lat' dir='ltr'>mandamus,</span> <span class='ocrx_word' id='word_1_207' title='bbox 703 2202 739 2228; x_wconf 88' lang='lat' dir='ltr'>ut</span> <span class='ocrx_word' id='word_1_208' title='bbox 762 2197 944 2239; x_wconf 87' lang='lat' dir='ltr'>praedictas</span> <span class='ocrx_word' id='word_1_209' title='bbox 969 2198 1094 2231; x_wconf 82' lang='lat' dir='ltr'>litteras</span> 
     </span>
     <span class='ocr_line' id='line_1_44' title="bbox 357 2249 1092 2294; baseline 0.011 -17"><span class='ocrx_word' id='word_1_210' title='bbox 357 2256 456 2289; x_wconf 90' lang='lat' dir='ltr'>super</span> <span class='ocrx_word' id='word_1_211' title='bbox 480 2249 667 2290; x_wconf 86' lang='lat' dir='ltr'>praemissis</span> <span class='ocrx_word' id='word_1_212' title='bbox 703 2251 851 2283; x_wconf 88' lang='lat' dir='ltr'>omnibus</span> <span class='ocrx_word' id='word_1_213' title='bbox 876 2256 906 2283; x_wconf 89' lang='lat' dir='ltr'>et</span> <span class='ocrx_word' id='word_1_214' title='bbox 932 2251 1069 2294; x_wconf 79' lang='lat' dir='ltr'>singulis</span> <span class='ocrx_word' id='word_1_215' title='bbox 1085 2279 1092 2293; x_wconf 87' lang='lat'>,</span> 
     </span>
     <span class='ocr_line' id='line_1_45' title="bbox 358 2300 1094 2347; baseline 0.011 -17"><span class='ocrx_word' id='word_1_216' title='bbox 358 2303 421 2331; x_wconf 88' lang='lat' dir='ltr'>tam</span> <span class='ocrx_word' id='word_1_217' title='bbox 439 2300 641 2340; x_wconf 85' lang='lat' dir='ltr'>coniunctim,</span> <span class='ocrx_word' id='word_1_218' title='bbox 659 2313 753 2345; x_wconf 87' lang='lat' dir='ltr'>quam</span> <span class='ocrx_word' id='word_1_219' title='bbox 770 2304 944 2346; x_wconf 86' lang='lat' dir='ltr'>separatim</span> <span class='ocrx_word' id='word_1_220' title='bbox 958 2315 1016 2347; x_wconf 89' lang='lat' dir='ltr'>pro</span> <span class='ocrx_word' id='word_1_221' title='bbox 1035 2305 1094 2338; x_wconf 90' lang='lat' dir='ltr'>sin-</span> 
     </span>
     <span class='ocr_line' id='line_1_46' title="bbox 356 2352 1094 2396; baseline 0.011 -13"><span class='ocrx_word' id='word_1_222' title='bbox 356 2352 439 2394; x_wconf 78' lang='lat' dir='ltr'>gulis</span> <span class='ocrx_word' id='word_1_223' title='bbox 465 2352 581 2395; x_wconf 90' lang='lat' dir='ltr'>quibus</span> <span class='ocrx_word' id='word_1_224' title='bbox 597 2364 767 2388; x_wconf 75' lang='lat' dir='ltr'>concessae</span> <span class='ocrx_word' id='word_1_225' title='bbox 787 2356 923 2396; x_wconf 83' lang='lat' dir='ltr'>suerunt,</span> <span class='ocrx_word' id='word_1_226' title='bbox 950 2368 986 2390; x_wconf 85' lang='lat' dir='ltr'>ac</span> <span class='ocrx_word' id='word_1_227' title='bbox 1011 2368 1094 2391; x_wconf 88' lang='lat' dir='ltr'>seor-</span> 
     </span>
     <span class='ocr_line' id='line_1_47' title="bbox 356 2403 1115 2453; baseline 0.011 -18"><span class='ocrx_word' id='word_1_228' title='bbox 356 2403 416 2436; x_wconf 87' lang='lat' dir='ltr'>sim</span> <span class='ocrx_word' id='word_1_229' title='bbox 440 2409 470 2437; x_wconf 88' lang='lat' dir='ltr'>et</span> <span class='ocrx_word' id='word_1_230' title='bbox 495 2406 678 2448; x_wconf 85' lang='lat' dir='ltr'>separatim,</span> <span class='ocrx_word' id='word_1_231' title='bbox 705 2417 777 2440; x_wconf 84' lang='lat' dir='ltr'>cum</span> <span class='ocrx_word' id='word_1_232' title='bbox 803 2409 952 2441; x_wconf 87' lang='lat' dir='ltr'>omnibus</span> <span class='ocrx_word' id='word_1_233' title='bbox 979 2416 1009 2442; x_wconf 88' lang='lat' dir='ltr'>et</span> <span class='ocrx_word' id='word_1_234' title='bbox 1029 2411 1115 2453; x_wconf 56' lang='lat' dir='ltr'>qut»</span> 
     </span>
     <span class='ocr_line' id='line_1_48' title="bbox 356 2457 1095 2501; baseline 0.009 -13"><span class='ocrx_word' id='word_1_235' title='bbox 356 2457 556 2500; x_wconf 88' lang='lat' dir='ltr'>buscumque</span> <span class='ocrx_word' id='word_1_236' title='bbox 582 2459 863 2501; x_wconf 80' lang='lat' dir='ltr'>derogationibus,</span> <span class='ocrx_word' id='word_1_237' title='bbox 891 2462 1029 2495; x_wconf 79' lang='lat' dir='ltr'>decretis</span> <span class='ocrx_word' id='word_1_238' title='bbox 1063 2469 1095 2496; x_wconf 90' lang='lat' dir='ltr'>et</span> 
     </span>
     <span class='ocr_line' id='line_1_49' title="bbox 357 2510 1093 2556; baseline 0.008 -14"><span class='ocrx_word' id='word_1_239' title='bbox 357 2510 509 2543; x_wconf 84' lang='lat' dir='ltr'>slausulis</span> <span class='ocrx_word' id='word_1_240' title='bbox 534 2511 567 2543; x_wconf 89' lang='lat' dir='ltr'>in</span> <span class='ocrx_word' id='word_1_241' title='bbox 599 2512 644 2544; x_wconf 88' lang='lat' dir='ltr'>eis</span> <span class='ocrx_word' id='word_1_242' title='bbox 677 2513 848 2553; x_wconf 85' lang='lat' dir='ltr'>concessis,</span> <span class='ocrx_word' id='word_1_243' title='bbox 874 2514 972 2556; x_wconf 80' lang='lat' dir='ltr'>giatis</span> <span class='ocrx_word' id='word_1_244' title='bbox 997 2516 1093 2548; x_wconf 86' lang='lat' dir='ltr'>etiam</span> 
     </span>
     <span class='ocr_line' id='line_1_50' title="bbox 359 2562 1093 2607; baseline 0.01 -14"><span class='ocrx_word' id='word_1_245' title='bbox 359 2572 432 2605; x_wconf 84' lang='lat' dir='ltr'>quo</span> <span class='ocrx_word' id='word_1_246' title='bbox 437 2562 464 2594; x_wconf 80' lang='lat' dir='ltr'>id</span> <span class='ocrx_word' id='word_1_247' title='bbox 477 2564 747 2607; x_wconf 82' lang='lat' dir='ltr'>compositionem</span> <span class='ocrx_word' id='word_1_248' title='bbox 762 2565 793 2597; x_wconf 91' lang='lat' dir='ltr'>in</span> <span class='ocrx_word' id='word_1_249' title='bbox 805 2566 926 2599; x_wconf 78' lang='lat' dir='ltr'>datariu</span> <span class='ocrx_word' id='word_1_250' title='bbox 940 2573 1031 2600; x_wconf 85' lang='lat' dir='ltr'>nostl</span> <span class='ocrx_word' id='word_1_251' title='bbox 1032 2571 1093 2601; x_wconf 75' lang='lat' dir='ltr'>aet</span> 
     </span>
    </p>
   </div>
   <div class='ocr_carea' id='block_1_5' title="bbox 1113 1801 1123 2472">
    <p class='ocr_par' dir='ltr' id='par_1_6' title="bbox 1113 1801 1123 2472">
     <span class='ocr_line' id='line_1_51' title="bbox 1113 1801 1123 2472; baseline 0 0"><span class='ocrx_word' id='word_1_252' title='bbox 1113 1801 1123 2472; x_wconf 95' lang='lat' dir='ltr'> </span> 
     </span>
    </p>
   </div>
   <div class='ocr_carea' id='block_1_6' title="bbox 1172 197 1274 223">
    <p class='ocr_par' dir='ltr' id='par_1_7' title="bbox 1172 197 1274 223">
     <span class='ocr_line' id='line_1_52' title="bbox 1172 197 1274 223; baseline 0.011 -1"><span class='ocrx_word' id='word_1_253' title='bbox 1172 198 1202 222; x_wconf 70' lang='lat' dir='ltr'>lx</span> <span class='ocrx_word' id='word_1_254' title='bbox 1226 197 1274 223; x_wconf 68' lang='lat'>1³1³.</span> 
     </span>
    </p>
   </div>
   <div class='ocr_carea' id='block_1_7' title="bbox 1158 249 1899 349">
    <p class='ocr_par' dir='ltr' id='par_1_8' title="bbox 1158 249 1899 349">
     <span class='ocr_line' id='line_1_53' title="bbox 1159 249 1899 297; baseline 0.011 -18"><span class='ocrx_word' id='word_1_255' title='bbox 1159 257 1218 289; x_wconf 89' lang='lat' dir='ltr'>per</span> <span class='ocrx_word' id='word_1_256' title='bbox 1242 249 1388 282; x_wconf 88' lang='lat' dir='ltr'>eamdem</span> <span class='ocrx_word' id='word_1_257' title='bbox 1413 249 1495 283; x_wconf 88' lang='lat' dir='ltr'>viam</span> <span class='ocrx_word' id='word_1_258' title='bbox 1516 257 1673 285; x_wconf 82' lang='lat' dir='ltr'>secretam</span> <span class='ocrx_word' id='word_1_259' title='bbox 1696 254 1816 297; x_wconf 81' lang='lat' dir='ltr'>absque</span> <span class='ocrx_word' id='word_1_260' title='bbox 1835 255 1899 288; x_wconf 89' lang='lat' dir='ltr'>alio</span> 
     </span>
     <span class='ocr_line' id='line_1_54' title="bbox 1158 301 1896 349; baseline 0.011 -17"><span class='ocrx_word' id='word_1_261' title='bbox 1158 301 1310 334; x_wconf 68' lang='lat' dir='ltr'>mzzmdito</span> <span class='ocrx_word' id='word_1_262' title='bbox 1335 304 1508 346; x_wconf 56' lang='lat' dir='ltr'>expediant</span> <span class='ocrx_word' id='word_1_263' title='bbox 1533 311 1562 337; x_wconf 82' lang='lat' dir='ltr'>et</span> <span class='ocrx_word' id='word_1_264' title='bbox 1588 307 1732 349; x_wconf 76' lang='lat' dir='ltr'>expediri</span> <span class='ocrx_word' id='word_1_265' title='bbox 1769 307 1896 341; x_wconf 69' lang='lat' dir='ltr'>stmiant.</span> 
     </span>
    </p>
   </div>
   <div class='ocr_carea' id='block_1_8' title="bbox 1201 354 2078 420">
    <p class='ocr_par' dir='ltr' id='par_1_9' title="bbox 1201 354 2078 420">
     <span class='ocr_line' id='line_1_55' title="bbox 1201 354 2078 420; baseline 0.01 -35"><span class='ocrx_word' id='word_1_266' title='bbox 1201 354 1216 396; x_wconf 91' lang='lat'>5</span> <span class='ocrx_word' id='word_1_267' title='bbox 1241 354 1295 387; x_wconf 79' lang='grc'>16.</span> <span class='ocrx_word' id='word_1_268' title='bbox 1323 355 1458 399; x_wconf 77' lang='lat' dir='ltr'>Insuper</span> <span class='ocrx_word' id='word_1_269' title='bbox 1481 359 1590 393; x_wconf 78' lang='lat' dir='ltr'>omnia</span> <span class='ocrx_word' id='word_1_270' title='bbox 1615 365 1647 392; x_wconf 88' lang='lat' dir='ltr'>et</span> <span class='ocrx_word' id='word_1_271' title='bbox 1671 361 1798 401; x_wconf 59' lang='lat' dir='ltr'>singula</span> <span class='ocrx_word' id='word_1_272' title='bbox 1832 362 1898 404; x_wconf 86' lang='lat' dir='ltr'>pii-</span> <span class='ocrx_word' id='word_1_273' title='bbox 1914 374 1968 419; x_wconf 54' lang='lat' dir='ltr'>xni&#39;ia</span> <span class='ocrx_word' id='word_1_274' title='bbox 1960 374 2078 420; x_wconf 32' lang='lat' dir='ltr'>sulp&amp;</span> 
     </span>
     <span class='ocr_line' id='line_1_56' title="bbox 1978 407 2008 419; baseline 0 0"><span class='ocrx_word' id='word_1_275' title='bbox 1978 407 2008 419; x_wconf 58' lang='lat' dir='ltr'>m</span> 
     </span>
    </p>
   </div>
   <div class='ocr_carea' id='block_1_9' title="bbox 1155 407 1926 759">
    <p class='ocr_par' dir='ltr' id='par_1_10' title="bbox 1155 407 1926 759">
     <span class='ocr_line' id='line_1_57' title="bbox 1156 407 1926 473; baseline 0.012 -35"><span class='ocrx_word' id='word_1_276' title='bbox 1156 407 1284 449; x_wconf 78' lang='lat' dir='ltr'>vilegia</span> <span class='ocrx_word' id='word_1_277' title='bbox 1309 418 1346 449; x_wconf 72' lang='lat' dir='ltr'>gi</span> <span class='ocrx_word' id='word_1_278' title='bbox 1350 409 1427 442; x_wconf 84' lang='lat' dir='ltr'>atias</span> <span class='ocrx_word' id='word_1_279' title='bbox 1452 416 1481 443; x_wconf 88' lang='lat' dir='ltr'>et</span> <span class='ocrx_word' id='word_1_280' title='bbox 1505 413 1746 451; x_wconf 81' lang='lat' dir='ltr'>concessiones</span> <span class='ocrx_word' id='word_1_281' title='bbox 1775 408 1926 473; x_wconf 83' lang='lat' dir='ltr'>eisdem</span> 
     </span>
     <span class='ocr_line' id='line_1_58' title="bbox 1157 461 1851 500; baseline 0.011 -10"><span class='ocrx_word' id='word_1_282' title='bbox 1157 461 1360 493; x_wconf 76' lang='lat' dir='ltr'>conclaiistis</span> <span class='ocrx_word' id='word_1_283' title='bbox 1381 467 1411 494; x_wconf 79' lang='lat' dir='ltr'>et</span> <span class='ocrx_word' id='word_1_284' title='bbox 1428 473 1540 496; x_wconf 79' lang='lat' dir='ltr'>eolum</span> <span class='ocrx_word' id='word_1_285' title='bbox 1566 466 1698 499; x_wconf 84' lang='lat' dir='ltr'>cuilibet</span> <span class='ocrx_word' id='word_1_286' title='bbox 1722 478 1738 499; x_wconf 89' lang='lat' dir='ltr'>a</span> <span class='ocrx_word' id='word_1_287' title='bbox 1761 468 1851 500; x_wconf 70' lang='lat' dir='ltr'>diver</span> 
     </span>
     <span class='ocr_line' id='line_1_59' title="bbox 1156 513 1897 559; baseline 0.015 -16"><span class='ocrx_word' id='word_1_288' title='bbox 1156 513 1290 545; x_wconf 86' lang='lat' dir='ltr'>summis</span> <span class='ocrx_word' id='word_1_289' title='bbox 1305 513 1512 548; x_wconf 72' lang='lat' dir='ltr'>Pontificibus</span> <span class='ocrx_word' id='word_1_290' title='bbox 1522 518 1830 559; x_wconf 80' lang='lat' dir='ltr'>praedecessoribus</span> <span class='ocrx_word' id='word_1_291' title='bbox 1847 532 1897 554; x_wconf 87' lang='lat' dir='ltr'>no-</span> 
     </span>
     <span class='ocr_line' id='line_1_60' title="bbox 1156 563 1896 611; baseline 0.015 -17"><span class='ocrx_word' id='word_1_292' title='bbox 1156 563 1229 596; x_wconf 86' lang='lat' dir='ltr'>stris</span> <span class='ocrx_word' id='word_1_293' title='bbox 1252 563 1419 608; x_wconf 88' lang='lat' dir='ltr'>hucusque</span> <span class='ocrx_word' id='word_1_294' title='bbox 1445 577 1611 607; x_wconf 78' lang='lat' dir='ltr'>concessa,</span> <span class='ocrx_word' id='word_1_295' title='bbox 1639 576 1737 611; x_wconf 87' lang='lat' dir='ltr'>motu,</span> <span class='ocrx_word' id='word_1_296' title='bbox 1765 572 1896 605; x_wconf 72' lang='lat' dir='ltr'>scientia</span> 
     </span>
     <span class='ocr_line' id='line_1_61' title="bbox 1155 618 1897 661; baseline 0.016 -15"><span class='ocrx_word' id='word_1_297' title='bbox 1155 620 1187 647; x_wconf 79' lang='lat' dir='ltr'>et</span> <span class='ocrx_word' id='word_1_298' title='bbox 1211 618 1379 658; x_wconf 79' lang='lat' dir='ltr'>potestatis</span> <span class='ocrx_word' id='word_1_299' title='bbox 1406 619 1607 661; x_wconf 83' lang='lat' dir='ltr'>plenitudine</span> <span class='ocrx_word' id='word_1_300' title='bbox 1633 623 1795 656; x_wconf 83' lang='lat' dir='ltr'>similibus</span> <span class='ocrx_word' id='word_1_301' title='bbox 1820 636 1897 658; x_wconf 91' lang='lat' dir='ltr'>con-</span> 
     </span>
     <span class='ocr_line' id='line_1_62' title="bbox 1155 667 1895 714; baseline 0.016 -15"><span class='ocrx_word' id='word_1_302' title='bbox 1155 667 1318 701; x_wconf 84' lang='lat' dir='ltr'>firmamus</span> <span class='ocrx_word' id='word_1_303' title='bbox 1343 676 1374 702; x_wconf 85' lang='lat' dir='ltr'>et</span> <span class='ocrx_word' id='word_1_304' title='bbox 1399 673 1613 714; x_wconf 84' lang='lat' dir='ltr'>approbamus</span> <span class='ocrx_word' id='word_1_305' title='bbox 1671 686 1705 708; x_wconf 89' lang='lat' dir='ltr'>ac</span> <span class='ocrx_word' id='word_1_306' title='bbox 1738 677 1777 709; x_wconf 89' lang='lat' dir='ltr'>de</span> <span class='ocrx_word' id='word_1_307' title='bbox 1812 689 1895 711; x_wconf 78' lang='lat' dir='ltr'>novo</span> 
     </span>
     <span class='ocr_line' id='line_1_63' title="bbox 1155 720 1626 759; baseline 0.015 -7"><span class='ocrx_word' id='word_1_308' title='bbox 1155 720 1382 755; x_wconf 86' lang='lat' dir='ltr'>liberalissime</span> <span class='ocrx_word' id='word_1_309' title='bbox 1407 725 1626 759; x_wconf 77' lang='lat' dir='ltr'>concedimus.</span> 
     </span>
    </p>
   </div>
   <div class='ocr_carea' id='block_1_10' title="bbox 1629 702 1636 715">
    <p class='ocr_par' dir='ltr' id='par_1_11' title="bbox 1629 702 1636 715">
     <span class='ocr_line' id='line_1_64' title="bbox 1629 702 1636 715; baseline 0 0"><span class='ocrx_word' id='word_1_310' title='bbox 1629 702 1636 715; x_wconf 64' lang='lat'>7</span> 
     </span>
    </p>
   </div>
   <div class='ocr_carea' id='block_1_11' title="bbox 1198 775 2079 833">
    <p class='ocr_par' dir='ltr' id='par_1_12' title="bbox 1198 775 2079 833">
     <span class='ocr_line' id='line_1_65' title="bbox 1198 775 2079 833; baseline 0.012 -26"><span class='ocrx_word' id='word_1_311' title='bbox 1198 775 1212 817; x_wconf 81' lang='lat'>5</span> <span class='ocrx_word' id='word_1_312' title='bbox 1238 775 1291 808; x_wconf 49' lang='lat'><strong>«17.</strong></span> <span class='ocrx_word' id='word_1_313' title='bbox 1318 775 1386 809; x_wconf 76' lang='lat' dir='ltr'>Non</span> <span class='ocrx_word' id='word_1_314' title='bbox 1413 778 1614 812; x_wconf 85' lang='lat' dir='ltr'>obstantibus</span> <span class='ocrx_word' id='word_1_315' title='bbox 1639 783 1833 823; x_wconf 80' lang='lat' dir='ltr'>praemissis,</span> <span class='ocrx_word' id='word_1_316' title='bbox 1857 795 1894 816; x_wconf 82' lang='lat' dir='ltr'>ac</span> <span class='ocrx_word' id='word_1_317' title='bbox 1935 793 2079 833; x_wconf 46' lang='lat' dir='ltr'>tagum-rm-</span> 
     </span>
    </p>
   </div>
   <div class='ocr_carea' id='block_1_12' title="bbox 1135 826 1939 2617">
    <p class='ocr_par' dir='ltr' id='par_1_13' title="bbox 1137 826 1939 2514">
     <span class='ocr_line' id='line_1_66' title="bbox 1155 826 1939 875; baseline 0.014 -16"><span class='ocrx_word' id='word_1_318' title='bbox 1155 827 1193 859; x_wconf 89' lang='lat' dir='ltr'>de</span> <span class='ocrx_word' id='word_1_319' title='bbox 1218 834 1306 861; x_wconf 88' lang='lat' dir='ltr'>certo</span> <span class='ocrx_word' id='word_1_320' title='bbox 1323 831 1512 863; x_wconf 83' lang='lat' dir='ltr'>eorumdem</span> <span class='ocrx_word' id='word_1_321' title='bbox 1530 833 1731 867; x_wconf 87' lang='lat' dir='ltr'>notariorum</span> <span class='ocrx_word' id='word_1_322' title='bbox 1748 846 1892 875; x_wconf 76' lang='lat' dir='ltr'>numero,</span> <span class='ocrx_word' id='word_1_323' title='bbox 1907 826 1939 845; x_wconf 39' lang='grc' dir='ltr'>Ὀ(</span> 
     </span>
     <span class='ocr_line' id='line_1_67' title="bbox 1154 880 1893 927; baseline 0.015 -15"><span class='ocrx_word' id='word_1_324' title='bbox 1154 880 1277 913; x_wconf 89' lang='lat' dir='ltr'>etiamsi</span> <span class='ocrx_word' id='word_1_325' title='bbox 1302 882 1340 915; x_wconf 89' lang='lat' dir='ltr'>ad</span> <span class='ocrx_word' id='word_1_326' title='bbox 1367 883 1456 916; x_wconf 92' lang='lat' dir='ltr'>illum</span> <span class='ocrx_word' id='word_1_327' title='bbox 1484 895 1549 917; x_wconf 88' lang='lat' dir='ltr'>non</span> <span class='ocrx_word' id='word_1_328' title='bbox 1574 887 1615 919; x_wconf 89' lang='lat' dir='ltr'>sit</span> <span class='ocrx_word' id='word_1_329' title='bbox 1639 887 1830 927; x_wconf 78' lang='lat' dir='ltr'>deventum,</span> <span class='ocrx_word' id='word_1_330' title='bbox 1858 901 1893 923; x_wconf 88' lang='lat' dir='ltr'>ac</span> 
     </span>
     <span class='ocr_line' id='line_1_68' title="bbox 1153 937 1892 985; baseline 0.014 -20"><span class='ocrx_word' id='word_1_331' title='bbox 1153 937 1262 966; x_wconf 79' lang='lat' dir='ltr'>nostra</span> <span class='ocrx_word' id='word_1_332' title='bbox 1280 940 1311 967; x_wconf 88' lang='lat' dir='ltr'>et</span> <span class='ocrx_word' id='word_1_333' title='bbox 1328 937 1542 970; x_wconf 83' lang='lat' dir='ltr'>cancellariae</span> <span class='ocrx_word' id='word_1_334' title='bbox 1562 941 1761 982; x_wconf 87' lang='lat' dir='ltr'>apostolicae</span> <span class='ocrx_word' id='word_1_335' title='bbox 1780 944 1892 985; x_wconf 71' lang='lat' dir='ltr'>regula</span> 
     </span>
     <span class='ocr_line' id='line_1_69' title="bbox 1154 986 1889 1036; baseline 0.014 -18"><span class='ocrx_word' id='word_1_336' title='bbox 1154 986 1192 1019; x_wconf 89' lang='lat' dir='ltr'>de</span> <span class='ocrx_word' id='word_1_337' title='bbox 1218 989 1412 1029; x_wconf 86' lang='lat' dir='ltr'>praestando</span> <span class='ocrx_word' id='word_1_338' title='bbox 1439 1001 1598 1024; x_wconf 81' lang='lat' dir='ltr'>consensu</span> <span class='ocrx_word' id='word_1_339' title='bbox 1618 992 1649 1024; x_wconf 90' lang='lat' dir='ltr'>in</span> <span class='ocrx_word' id='word_1_340' title='bbox 1668 995 1889 1036; x_wconf 81' lang='lat' dir='ltr'>pensionibus,</span> 
     </span>
     <span class='ocr_line' id='line_1_70' title="bbox 1153 1040 1890 1090; baseline 0.016 -20"><span class='ocrx_word' id='word_1_341' title='bbox 1153 1044 1185 1071; x_wconf 89' lang='lat' dir='ltr'>et</span> <span class='ocrx_word' id='word_1_342' title='bbox 1211 1040 1310 1073; x_wconf 72' lang='lat' dir='ltr'>felicis</span> <span class='ocrx_word' id='word_1_343' title='bbox 1338 1043 1572 1076; x_wconf 80' lang='lat' dir='ltr'>recordationis</span> <span class='ocrx_word' id='word_1_344' title='bbox 1598 1045 1643 1077; x_wconf 82' lang='lat' dir='ltr'>Pii</span> <span class='ocrx_word' id='word_1_345' title='bbox 1669 1047 1772 1090; x_wconf 83' lang='lat' dir='ltr'>Papae</span> <span class='ocrx_word' id='word_1_346' title='bbox 1795 1049 1831 1080; x_wconf 76' lang='lat' dir='ltr'>lv</span> <span class='ocrx_word' id='word_1_347' title='bbox 1851 1050 1890 1082; x_wconf 79' lang='lat' dir='ltr'>de</span> 
     </span>
     <span class='ocr_line' id='line_1_71' title="bbox 1152 1093 1891 1141; baseline 0.015 -17"><span class='ocrx_word' id='word_1_348' title='bbox 1152 1093 1310 1126; x_wconf 86' lang='lat' dir='ltr'>similibus</span> <span class='ocrx_word' id='word_1_349' title='bbox 1329 1100 1360 1127; x_wconf 84' lang='lat' dir='ltr'>et</span> <span class='ocrx_word' id='word_1_350' title='bbox 1383 1095 1591 1130; x_wconf 81' lang='lat' dir='ltr'>dissimilibus</span> <span class='ocrx_word' id='word_1_351' title='bbox 1618 1101 1730 1141; x_wconf 69' lang='lat' dir='ltr'>gratiis</span> <span class='ocrx_word' id='word_1_352' title='bbox 1755 1101 1787 1133; x_wconf 86' lang='lat' dir='ltr'>in</span> <span class='ocrx_word' id='word_1_353' title='bbox 1808 1102 1891 1135; x_wconf 77' lang='lat' dir='ltr'>dicta</span> 
     </span>
     <span class='ocr_line' id='line_1_72' title="bbox 1151 1146 1890 1195; baseline 0.015 -19"><span class='ocrx_word' id='word_1_354' title='bbox 1151 1148 1276 1178; x_wconf 76' lang='lat' dir='ltr'>camera</span> <span class='ocrx_word' id='word_1_355' title='bbox 1301 1146 1384 1180; x_wconf 81' lang='lat' dir='ltr'>infra</span> <span class='ocrx_word' id='word_1_356' title='bbox 1405 1153 1469 1181; x_wconf 83' lang='lat' dir='ltr'>tres</span> <span class='ocrx_word' id='word_1_357' title='bbox 1488 1160 1616 1183; x_wconf 85' lang='lat' dir='ltr'>menses</span> <span class='ocrx_word' id='word_1_358' title='bbox 1642 1156 1890 1195; x_wconf 84' lang='lat' dir='ltr'>praesentandis</span> 
     </span>
     <span class='ocr_line' id='line_1_73' title="bbox 1151 1199 1889 1245; baseline 0.016 -16"><span class='ocrx_word' id='word_1_359' title='bbox 1151 1203 1181 1229; x_wconf 83' lang='lat' dir='ltr'>et</span> <span class='ocrx_word' id='word_1_360' title='bbox 1206 1199 1440 1241; x_wconf 74' lang='lat' dir='ltr'>registrandis,</span> <span class='ocrx_word' id='word_1_361' title='bbox 1466 1213 1502 1234; x_wconf 85' lang='lat' dir='ltr'>ac</span> <span class='ocrx_word' id='word_1_362' title='bbox 1535 1203 1580 1235; x_wconf 88' lang='lat' dir='ltr'>Pii</span> <span class='ocrx_word' id='word_1_363' title='bbox 1607 1204 1644 1245; x_wconf 74' lang='lat' dir='ltr'>V,</span> <span class='ocrx_word' id='word_1_364' title='bbox 1672 1205 1889 1241; x_wconf 87' lang='lat' dir='ltr'>Romanorum</span> 
     </span>
     <span class='ocr_line' id='line_1_74' title="bbox 1150 1250 1886 1297; baseline 0.015 -16"><span class='ocrx_word' id='word_1_365' title='bbox 1150 1250 1340 1284; x_wconf 72' lang='lat' dir='ltr'>Pontificum</span> <span class='ocrx_word' id='word_1_366' title='bbox 1376 1254 1645 1295; x_wconf 86' lang='lat' dir='ltr'>pradecessorum</span> <span class='ocrx_word' id='word_1_367' title='bbox 1682 1264 1886 1297; x_wconf 82' lang='lat' dir='ltr'>nostrorum,</span> 
     </span>
     <span class='ocr_line' id='line_1_75' title="bbox 1149 1304 1889 1347; baseline 0.014 -13"><span class='ocrx_word' id='word_1_368' title='bbox 1149 1308 1261 1335; x_wconf 86' lang='lat' dir='ltr'>contra</span> <span class='ocrx_word' id='word_1_369' title='bbox 1298 1304 1511 1347; x_wconf 80' lang='lat' dir='ltr'>illegitimos,</span> <span class='ocrx_word' id='word_1_370' title='bbox 1548 1318 1676 1341; x_wconf 84' lang='lat' dir='ltr'>necnon</span> <span class='ocrx_word' id='word_1_371' title='bbox 1711 1309 1889 1344; x_wconf 75' lang='lat' dir='ltr'>pictavien-</span> 
     </span>
     <span class='ocr_line' id='line_1_76' title="bbox 1148 1354 1886 1396; baseline 0.014 -10"><span class='ocrx_word' id='word_1_372' title='bbox 1148 1354 1190 1387; x_wconf 88' lang='lat' dir='ltr'>sis</span> <span class='ocrx_word' id='word_1_373' title='bbox 1217 1356 1365 1396; x_wconf 86' lang='lat' dir='ltr'>coneilii,</span> <span class='ocrx_word' id='word_1_374' title='bbox 1393 1368 1429 1390; x_wconf 91' lang='lat' dir='ltr'>ac</span> <span class='ocrx_word' id='word_1_375' title='bbox 1460 1360 1580 1392; x_wconf 89' lang='lat' dir='ltr'>nostris</span> <span class='ocrx_word' id='word_1_376' title='bbox 1610 1367 1641 1393; x_wconf 83' lang='lat' dir='ltr'>et</span> <span class='ocrx_word' id='word_1_377' title='bbox 1674 1364 1886 1396; x_wconf 75' lang='lat' dir='ltr'>cancellariae</span> 
     </span>
     <span class='ocr_line' id='line_1_77' title="bbox 1147 1408 1887 1453; baseline 0.012 -13"><span class='ocrx_word' id='word_1_378' title='bbox 1147 1408 1337 1450; x_wconf 86' lang='lat' dir='ltr'>praedictae</span> <span class='ocrx_word' id='word_1_379' title='bbox 1363 1411 1492 1453; x_wconf 77' lang='lat' dir='ltr'>regulis,</span> <span class='ocrx_word' id='word_1_380' title='bbox 1520 1413 1615 1445; x_wconf 87' lang='lat' dir='ltr'>etiam</span> <span class='ocrx_word' id='word_1_381' title='bbox 1649 1414 1680 1446; x_wconf 91' lang='lat' dir='ltr'>in</span> <span class='ocrx_word' id='word_1_382' title='bbox 1713 1417 1887 1449; x_wconf 85' lang='lat' dir='ltr'>crastinum</span> 
     </span>
     <span class='ocr_line' id='line_1_78' title="bbox 1148 1460 1885 1506; baseline 0.012 -14"><span class='ocrx_word' id='word_1_383' title='bbox 1148 1460 1250 1493; x_wconf 80' lang='lat' dir='ltr'>dictae</span> <span class='ocrx_word' id='word_1_384' title='bbox 1284 1464 1512 1506; x_wconf 88' lang='lat' dir='ltr'>assumptionis</span> <span class='ocrx_word' id='word_1_385' title='bbox 1544 1471 1672 1499; x_wconf 85' lang='lat' dir='ltr'>nostrae</span> <span class='ocrx_word' id='word_1_386' title='bbox 1700 1468 1738 1500; x_wconf 87' lang='lat' dir='ltr'>ad</span> <span class='ocrx_word' id='word_1_387' title='bbox 1772 1470 1885 1501; x_wconf 89' lang='lat' dir='ltr'>summi</span> 
     </span>
     <span class='ocr_line' id='line_1_79' title="bbox 1146 1514 1887 1563; baseline 0.012 -19"><span class='ocrx_word' id='word_1_388' title='bbox 1146 1514 1346 1555; x_wconf 87' lang='lat' dir='ltr'>apostolatus</span> <span class='ocrx_word' id='word_1_389' title='bbox 1378 1516 1503 1558; x_wconf 84' lang='lat' dir='ltr'>apicem</span> <span class='ocrx_word' id='word_1_390' title='bbox 1529 1517 1633 1555; x_wconf 80' lang='lat' dir='ltr'>editis,</span> <span class='ocrx_word' id='word_1_391' title='bbox 1669 1524 1699 1551; x_wconf 88' lang='lat' dir='ltr'>et</span> <span class='ocrx_word' id='word_1_392' title='bbox 1732 1519 1763 1551; x_wconf 88' lang='lat' dir='ltr'>in</span> <span class='ocrx_word' id='word_1_393' title='bbox 1797 1531 1887 1563; x_wconf 89' lang='lat' dir='ltr'>prae-</span> 
     </span>
     <span class='ocr_line' id='line_1_80' title="bbox 1145 1566 1885 1612; baseline 0.011 -14"><span class='ocrx_word' id='word_1_394' title='bbox 1145 1566 1230 1599; x_wconf 72' lang='lat' dir='ltr'>dicta</span> <span class='ocrx_word' id='word_1_395' title='bbox 1254 1569 1445 1601; x_wconf 74' lang='lat' dir='ltr'>cancellaria</span> <span class='ocrx_word' id='word_1_396' title='bbox 1470 1570 1652 1612; x_wconf 82' lang='lat' dir='ltr'>publicatis,</span> <span class='ocrx_word' id='word_1_397' title='bbox 1678 1582 1713 1604; x_wconf 85' lang='lat' dir='ltr'>ac</span> <span class='ocrx_word' id='word_1_398' title='bbox 1738 1573 1834 1605; x_wconf 85' lang='lat' dir='ltr'>etiam</span> <span class='ocrx_word' id='word_1_399' title='bbox 1854 1575 1885 1606; x_wconf 84' lang='lat' dir='ltr'>ir.</span> 
     </span>
     <span class='ocr_line' id='line_1_81' title="bbox 1145 1619 1885 1665; baseline 0.011 -14"><span class='ocrx_word' id='word_1_400' title='bbox 1145 1619 1386 1653; x_wconf 86' lang='lat' dir='ltr'>universalibus</span> <span class='ocrx_word' id='word_1_401' title='bbox 1423 1627 1455 1654; x_wconf 90' lang='lat' dir='ltr'>et</span> <span class='ocrx_word' id='word_1_402' title='bbox 1487 1624 1744 1665; x_wconf 85' lang='lat' dir='ltr'>provincialibus</span> <span class='ocrx_word' id='word_1_403' title='bbox 1778 1627 1885 1659; x_wconf 79' lang='lat' dir='ltr'>conci-</span> 
     </span>
     <span class='ocr_line' id='line_1_82' title="bbox 1144 1672 1881 1720; baseline 0.011 -16"><span class='ocrx_word' id='word_1_404' title='bbox 1144 1672 1195 1705; x_wconf 89' lang='lat' dir='ltr'>liis</span> <span class='ocrx_word' id='word_1_405' title='bbox 1222 1673 1324 1713; x_wconf 78' lang='lat' dir='ltr'>editis,</span> <span class='ocrx_word' id='word_1_406' title='bbox 1351 1675 1551 1717; x_wconf 86' lang='lat' dir='ltr'>specialibus</span> <span class='ocrx_word' id='word_1_407' title='bbox 1577 1678 1628 1709; x_wconf 88' lang='lat' dir='ltr'>vel</span> <span class='ocrx_word' id='word_1_408' title='bbox 1650 1679 1881 1720; x_wconf 78' lang='lat' dir='ltr'>generalibus,</span> 
     </span>
     <span class='ocr_line' id='line_1_83' title="bbox 1143 1726 1883 1771; baseline 0.008 -13"><span class='ocrx_word' id='word_1_409' title='bbox 1143 1726 1437 1760; x_wconf 79' lang='lat' dir='ltr'>constitutionibus</span> <span class='ocrx_word' id='word_1_410' title='bbox 1464 1734 1496 1761; x_wconf 91' lang='lat' dir='ltr'>ct</span> <span class='ocrx_word' id='word_1_411' title='bbox 1528 1730 1812 1771; x_wconf 70' lang='lat' dir='ltr'>ordinationibus,</span> <span class='ocrx_word' id='word_1_412' title='bbox 1847 1744 1883 1765; x_wconf 83' lang='lat' dir='ltr'>ae</span> 
     </span>
     <span class='ocr_line' id='line_1_84' title="bbox 1143 1779 1879 1823; baseline 0.01 -13"><span class='ocrx_word' id='word_1_413' title='bbox 1143 1779 1377 1819; x_wconf 84' lang='lat' dir='ltr'>ecclesiarum,</span> <span class='ocrx_word' id='word_1_414' title='bbox 1404 1782 1688 1823; x_wconf 82' lang='lat' dir='ltr'>monasteriorum,</span> <span class='ocrx_word' id='word_1_415' title='bbox 1716 1784 1879 1823; x_wconf 71' lang='lat' dir='ltr'>Ordinum,</span> 
     </span>
     <span class='ocr_line' id='line_1_85' title="bbox 1142 1831 1880 1879; baseline 0.009 -16"><span class='ocrx_word' id='word_1_416' title='bbox 1142 1831 1237 1864; x_wconf 80' lang='lat' dir='ltr'>etiam</span> <span class='ocrx_word' id='word_1_417' title='bbox 1267 1832 1298 1865; x_wconf 88' lang='lat' dir='ltr'>S.</span> <span class='ocrx_word' id='word_1_418' title='bbox 1334 1833 1461 1866; x_wconf 89' lang='lat' dir='ltr'>loannis</span> <span class='ocrx_word' id='word_1_419' title='bbox 1498 1835 1806 1879; x_wconf 69' lang='lat' dir='ltr'>Hierosolymitani,</span> <span class='ocrx_word' id='word_1_420' title='bbox 1845 1849 1880 1870; x_wconf 81' lang='lat' dir='ltr'>ac</span> 
     </span>
     <span class='ocr_line' id='line_1_86' title="bbox 1142 1883 1879 1928; baseline 0.009 -13"><span class='ocrx_word' id='word_1_421' title='bbox 1142 1883 1238 1916; x_wconf 90' lang='lat' dir='ltr'>etiam</span> <span class='ocrx_word' id='word_1_422' title='bbox 1254 1884 1343 1917; x_wconf 91' lang='lat' dir='ltr'>urbis</span> <span class='ocrx_word' id='word_1_423' title='bbox 1359 1885 1491 1926; x_wconf 79' lang='lat' dir='ltr'>Romae,</span> <span class='ocrx_word' id='word_1_424' title='bbox 1506 1898 1542 1919; x_wconf 86' lang='lat' dir='ltr'>ac</span> <span class='ocrx_word' id='word_1_425' title='bbox 1555 1888 1691 1921; x_wconf 87' lang='lat' dir='ltr'>aliarum</span> <span class='ocrx_word' id='word_1_426' title='bbox 1706 1889 1879 1928; x_wconf 76' lang='lat' dir='ltr'>civitatum,</span> 
     </span>
     <span class='ocr_line' id='line_1_87' title="bbox 1141 1936 1880 1985; baseline 0.008 -17"><span class='ocrx_word' id='word_1_427' title='bbox 1141 1936 1335 1979; x_wconf 88' lang='lat' dir='ltr'>oppidorum</span> <span class='ocrx_word' id='word_1_428' title='bbox 1362 1944 1394 1970; x_wconf 88' lang='lat' dir='ltr'>et</span> <span class='ocrx_word' id='word_1_429' title='bbox 1419 1944 1590 1979; x_wconf 85' lang='lat' dir='ltr'>terrarum,</span> <span class='ocrx_word' id='word_1_430' title='bbox 1617 1951 1762 1974; x_wconf 86' lang='lat' dir='ltr'>camerae</span> <span class='ocrx_word' id='word_1_431' title='bbox 1788 1953 1880 1985; x_wconf 87' lang='lat' dir='ltr'>prae-</span> 
     </span>
     <span class='ocr_line' id='line_1_88' title="bbox 1141 1989 1879 2034; baseline 0.009 -13"><span class='ocrx_word' id='word_1_432' title='bbox 1141 1989 1254 2029; x_wconf 60' lang='lat' dir='ltr'>dictae,</span> <span class='ocrx_word' id='word_1_433' title='bbox 1270 1996 1301 2022; x_wconf 88' lang='lat' dir='ltr'>et</span> <span class='ocrx_word' id='word_1_434' title='bbox 1315 1993 1496 2034; x_wconf 83' lang='lat' dir='ltr'>quarumvis</span> <span class='ocrx_word' id='word_1_435' title='bbox 1513 1994 1769 2034; x_wconf 82' lang='lat' dir='ltr'>universitatum,</span> <span class='ocrx_word' id='word_1_436' title='bbox 1785 1996 1879 2028; x_wconf 85' lang='lat' dir='ltr'>etiam</span> 
     </span>
     <span class='ocr_line' id='line_1_89' title="bbox 1140 2041 1877 2087; baseline 0.011 -14"><span class='ocrx_word' id='word_1_437' title='bbox 1140 2041 1344 2083; x_wconf 87' lang='lat' dir='ltr'>iuramento,</span> <span class='ocrx_word' id='word_1_438' title='bbox 1379 2050 1439 2077; x_wconf 90' lang='lat' dir='ltr'>etc.</span> <span class='ocrx_word' id='word_1_439' title='bbox 1455 2071 1462 2084; x_wconf 77' lang='lat'>,</span> <span class='ocrx_word' id='word_1_440' title='bbox 1488 2045 1667 2087; x_wconf 84' lang='lat' dir='ltr'>roboratis,</span> <span class='ocrx_word' id='word_1_441' title='bbox 1694 2049 1819 2080; x_wconf 85' lang='lat' dir='ltr'>statutis</span> <span class='ocrx_word' id='word_1_442' title='bbox 1849 2056 1877 2081; x_wconf 77' lang='lat' dir='ltr'>et</span> 
     </span>
     <span class='ocr_line' id='line_1_90' title="bbox 1139 2096 1878 2139; baseline 0.009 -13"><span class='ocrx_word' id='word_1_443' title='bbox 1139 2096 1435 2135; x_wconf 83' lang='lat' dir='ltr'>consuetudinibus,</span> <span class='ocrx_word' id='word_1_444' title='bbox 1455 2098 1692 2139; x_wconf 85' lang='lat' dir='ltr'>stabilimentis,</span> <span class='ocrx_word' id='word_1_445' title='bbox 1712 2100 1821 2133; x_wconf 85' lang='lat' dir='ltr'>usibus</span> <span class='ocrx_word' id='word_1_446' title='bbox 1847 2108 1878 2133; x_wconf 81' lang='lat' dir='ltr'>et</span> 
     </span>
     <span class='ocr_line' id='line_1_91' title="bbox 1139 2148 1878 2187; baseline 0.009 -8"><span class='ocrx_word' id='word_1_447' title='bbox 1139 2148 1279 2187; x_wconf 77' lang='lat' dir='ltr'>naturiS,</span> <span class='ocrx_word' id='word_1_448' title='bbox 1307 2149 1444 2182; x_wconf 86' lang='lat' dir='ltr'>decretis</span> <span class='ocrx_word' id='word_1_449' title='bbox 1479 2157 1509 2182; x_wconf 86' lang='lat' dir='ltr'>et</span> <span class='ocrx_word' id='word_1_450' title='bbox 1547 2151 1637 2184; x_wconf 76' lang='lat' dir='ltr'>noris</span> <span class='ocrx_word' id='word_1_451' title='bbox 1673 2153 1878 2186; x_wconf 81' lang='lat' dir='ltr'>resormatio-</span> 
     </span>
     <span class='ocr_line' id='line_1_92' title="bbox 1138 2199 1876 2249; baseline 0.009 -18"><span class='ocrx_word' id='word_1_452' title='bbox 1138 2199 1241 2239; x_wconf 87' lang='lat' dir='ltr'>nibus,</span> <span class='ocrx_word' id='word_1_453' title='bbox 1258 2201 1353 2234; x_wconf 87' lang='lat' dir='ltr'>etiam</span> <span class='ocrx_word' id='word_1_454' title='bbox 1368 2202 1503 2244; x_wconf 72' lang='lat' dir='ltr'>legibus,</span> <span class='ocrx_word' id='word_1_455' title='bbox 1521 2208 1581 2235; x_wconf 91' lang='lat' dir='ltr'>tam</span> <span class='ocrx_word' id='word_1_456' title='bbox 1595 2204 1767 2247; x_wconf 80' lang='lat' dir='ltr'>pontificiis</span> <span class='ocrx_word' id='word_1_457' title='bbox 1783 2218 1876 2249; x_wconf 90' lang='lat' dir='ltr'>quam</span> 
     </span>
     <span class='ocr_line' id='line_1_93' title="bbox 1137 2252 1876 2298; baseline 0.011 -14"><span class='ocrx_word' id='word_1_458' title='bbox 1137 2252 1371 2296; x_wconf 85' lang='lat' dir='ltr'>imperialibus,</span> <span class='ocrx_word' id='word_1_459' title='bbox 1397 2256 1494 2298; x_wconf 83' lang='lat' dir='ltr'>regiis</span> <span class='ocrx_word' id='word_1_460' title='bbox 1521 2262 1552 2288; x_wconf 87' lang='lat' dir='ltr'>et</span> <span class='ocrx_word' id='word_1_461' title='bbox 1576 2257 1753 2297; x_wconf 84' lang='lat' dir='ltr'>ducalibus,</span> <span class='ocrx_word' id='word_1_462' title='bbox 1774 2270 1810 2291; x_wconf 85' lang='lat' dir='ltr'>ac</span> <span class='ocrx_word' id='word_1_463' title='bbox 1827 2271 1876 2292; x_wconf 83' lang='lat' dir='ltr'>sa-</span> 
     </span>
     <span class='ocr_line' id='line_1_94' title="bbox 1137 2306 1875 2355; baseline 0.011 -18"><span class='ocrx_word' id='word_1_464' title='bbox 1137 2306 1199 2338; x_wconf 87' lang='lat' dir='ltr'>cris</span> <span class='ocrx_word' id='word_1_465' title='bbox 1224 2308 1419 2346; x_wconf 84' lang='lat' dir='ltr'>canonibus,</span> <span class='ocrx_word' id='word_1_466' title='bbox 1452 2309 1628 2352; x_wconf 72' lang='lat' dir='ltr'>privilegiis</span> <span class='ocrx_word' id='word_1_467' title='bbox 1658 2322 1801 2355; x_wconf 86' lang='lat' dir='ltr'>quoque,</span> <span class='ocrx_word' id='word_1_468' title='bbox 1827 2313 1875 2345; x_wconf 89' lang='lat' dir='ltr'>in-</span> 
     </span>
     <span class='ocr_line' id='line_1_95' title="bbox 1138 2358 1875 2403; baseline 0.011 -14"><span class='ocrx_word' id='word_1_469' title='bbox 1138 2358 1234 2390; x_wconf 89' lang='lat' dir='ltr'>dultis</span> <span class='ocrx_word' id='word_1_470' title='bbox 1255 2364 1286 2391; x_wconf 90' lang='lat' dir='ltr'>et</span> <span class='ocrx_word' id='word_1_471' title='bbox 1314 2359 1428 2392; x_wconf 89' lang='lat' dir='ltr'>litteris</span> <span class='ocrx_word' id='word_1_472' title='bbox 1445 2361 1640 2403; x_wconf 86' lang='lat' dir='ltr'>apostolicis,</span> <span class='ocrx_word' id='word_1_473' title='bbox 1661 2363 1724 2396; x_wconf 88' lang='lat' dir='ltr'>illis</span> <span class='ocrx_word' id='word_1_474' title='bbox 1750 2374 1875 2397; x_wconf 87' lang='lat' dir='ltr'>eorum-</span> 
     </span>
     <span class='ocr_line' id='line_1_96' title="bbox 1137 2412 1873 2457; baseline 0.012 -15"><span class='ocrx_word' id='word_1_475' title='bbox 1137 2422 1197 2453; x_wconf 86' lang='lat' dir='ltr'>que</span> <span class='ocrx_word' id='word_1_476' title='bbox 1224 2412 1448 2454; x_wconf 87' lang='lat' dir='ltr'>superioribus</span> <span class='ocrx_word' id='word_1_477' title='bbox 1483 2418 1515 2445; x_wconf 89' lang='lat' dir='ltr'>et</span> <span class='ocrx_word' id='word_1_478' title='bbox 1546 2416 1695 2457; x_wconf 87' lang='lat' dir='ltr'>personis</span> <span class='ocrx_word' id='word_1_479' title='bbox 1728 2428 1764 2450; x_wconf 91' lang='lat' dir='ltr'>ac</span> <span class='ocrx_word' id='word_1_480' title='bbox 1795 2419 1873 2451; x_wconf 76' lang='lat' dir='ltr'>locis</span> 
     </span>
     <span class='ocr_line' id='line_1_97' title="bbox 1137 2464 1871 2514; baseline 0.011 -19"><span class='ocrx_word' id='word_1_481' title='bbox 1137 2464 1409 2508; x_wconf 83' lang='lat' dir='ltr'>quibuscumque,</span> <span class='ocrx_word' id='word_1_482' title='bbox 1436 2466 1468 2498; x_wconf 90' lang='lat' dir='ltr'>in</span> <span class='ocrx_word' id='word_1_483' title='bbox 1487 2477 1606 2509; x_wconf 80' lang='lat' dir='ltr'>genere</span> <span class='ocrx_word' id='word_1_484' title='bbox 1626 2471 1675 2502; x_wconf 73' lang='lat' dir='ltr'>iel</span> <span class='ocrx_word' id='word_1_485' title='bbox 1696 2471 1728 2502; x_wconf 92' lang='lat' dir='ltr'>in</span> <span class='ocrx_word' id='word_1_486' title='bbox 1753 2482 1829 2514; x_wconf 83' lang='lat' dir='ltr'>spec</span> <span class='ocrx_word' id='word_1_487' title='bbox 1835 2473 1871 2509; x_wconf 71' lang='lat' dir='ltr'>i«</span> 
     </span>
    </p>

    <p class='ocr_par' dir='ltr' id='par_1_14' title="bbox 1135 2517 1873 2563">
     <span class='ocr_line' id='line_1_98' title="bbox 1135 2517 1873 2563; baseline 0.014 -17.028"><span class='ocrx_word' id='word_1_488' title='bbox 1135 2527 1171 2547; x_wconf 85' lang='lat' dir='ltr'>ac</span> <span class='ocrx_word' id='word_1_489' title='bbox 1201 2527 1273 2548; x_wconf 90' lang='lat' dir='ltr'>eum</span> <span class='ocrx_word' id='word_1_490' title='bbox 1307 2517 1476 2559; x_wconf 84' lang='lat' dir='ltr'>quibusvis</span> <span class='ocrx_word' id='word_1_491' title='bbox 1503 2519 1786 2563; x_wconf 78' lang='lat' dir='ltr'>deiooatoriarum</span> <span class='ocrx_word' id='word_1_492' title='bbox 1820 2525 1873 2556; x_wconf 63' lang='lat' dir='ltr'>dt—</span> 
     </span>
    </p>

    <p class='ocr_par' dir='ltr' id='par_1_15' title="bbox 1135 2569 1872 2617">
     <span class='ocr_line' id='line_1_99' title="bbox 1135 2569 1872 2617; baseline 0.011 -17"><span class='ocrx_word' id='word_1_493' title='bbox 1135 2569 1329 2611; x_wconf 73' lang='lat' dir='ltr'>logatoiiis,</span> <span class='ocrx_word' id='word_1_494' title='bbox 1355 2571 1495 2615; x_wconf 84' lang='lat' dir='ltr'>aliisque</span> <span class='ocrx_word' id='word_1_495' title='bbox 1526 2573 1778 2617; x_wconf 82' lang='lat' dir='ltr'>efficacioribus</span> <span class='ocrx_word' id='word_1_496' title='bbox 1805 2577 1872 2608; x_wconf 80' lang='lat' dir='ltr'>essi-</span> 
     </span>
    </p>
   </div>
   <div class='ocr_carea' id='block_1_13' title="bbox 1800 196 2094 234">
    <p class='ocr_par' dir='ltr' id='par_1_16' title="bbox 1800 196 2094 234">
     <span class='ocr_line' id='line_1_100' title="bbox 1800 196 2094 234; baseline 0.007 -2"><span class='ocrx_word' id='word_1_497' title='bbox 1800 196 1863 229; x_wconf 63' lang='grc'>5923</span> <span class='ocrx_word' id='word_1_498' title='bbox 1911 207 1960 232; x_wconf 76' lang='lat' dir='ltr'>An.</span> <span class='ocrx_word' id='word_1_499' title='bbox 1979 208 2005 233; x_wconf 74' lang='lat' dir='ltr'>c.</span> <span class='ocrx_word' id='word_1_500' title='bbox 2028 208 2094 234; x_wconf 66' lang='lat' dir='ltr'>iem</span> 
     </span>
    </p>
   </div>
  </div>
 </body>
</html>
