2247 3208
93 251 131 279 An
160 252 187 279 C.
211 251 279 279 1662
874 251 1063 277 Ainnxnnn
1087 253 1131 277 v11
1158 254 1205 277 11.
1728 244 1764 277 71
1816 252 1904 278 11110.
1929 252 1994 279 teci!

103 314 230 359 ⁴¹[iet-retum
246 315 273 335 ir.
332 299 347 343 ἓ
372 299 403 333 6.
431 299 652 333 Decernentes
679 299 811 332 easdem
833 304 1025 343 praesentes
1104 301 1263 344 nibnsquc
1290 301 1466 344 provinciis
1491 305 1519 334 et
1549 301 1729 334 ditionibus
1761 302 1796 333 in

89 345 163 360 nans.

290 352 418 386 litteras
445 363 579 396 semper
602 352 725 393 sirmas,
752 353 874 386 validas
901 358 934 386 et
959 352 1026 385 effi-
1103 354 1147 386 eis
1171 355 1418 398 compi·elzensz's,
1446 355 1481 387 in
1501 354 1683 387 subsidium
1705 364 1796 398 prae-

111 1052 226 1074 Cssntrarils
235 1054 270 1074 de-

89 1082 154 1103 rogat.

289 417 382 439 cacos
409 406 550 439 existere
577 411 609 439 et
635 407 715 446 sore,
743 416 886 449 suosque
912 407 1025 449 plena-

289 460 354 493 rios
382 465 414 492 et
438 460 585 502 integros
612 459 747 493 ell‘cctus
773 459 885 492 sortiri
911 464 943 492 et
968 460 1025 491 ob-

289 513 408 552 tinere,
436 524 471 545 ac
497 512 574 553 illis,
590 513 629 545 ad
655 522 738 556 quos
764 516 891 555 spectat
912 516 945 544 et
961 522 1022 554 pro

290 570 438 608 tempore
473 565 654 609 spectabit,
686 564 878 608 plenissime
910 563 1024 597 suffra-

289 617 370 661 gari,
391 624 422 651 ct
440 619 478 651 ab
504 618 568 651 illis
586 617 769 661 respective
787 617 1024 650 inviolabiliter

287 671 454 704 observari
472 697 478 711 ,
515 671 627 713 sicque
667 670 699 702 in
734 669 926 713 praemissis
963 679 1023 713 per

288 734 514 768 quoscumque
535 723 660 756 iudices
678 722 864 755 ordinarios
882 727 915 755 et
932 722 1022 755 dele-

287 784 392 820 gatos,
413 777 510 810 etiam
528 786 702 808 causarum
715 776 827 819 palatii
849 775 1021 819 apostolici

285 831 453 863 auditores
471 857 478 869 ,
510 829 645 862 iudicari
671 834 703 861 et
727 828 855 862 definiri
881 829 1019 868 debere,

286 893 322 916 ac
347 883 473 916 irritum
501 889 532 916 et
556 884 651 915 inane
678 882 703 914 51
729 893 823 915 566115
842 893 940 926 super
970 882 1020 915 his

286 948 303 970 a
328 947 500 980 quoquam,
520 936 631 979 quavis
657 936 858 975 auctoritate,
878 936 1022 968 scienter

287 990 336 1022 vel
361 989 563 1031 ignoranter,
590 988 765 1031 contigerit
789 989 953 1021 attentari.

330 1043 344 1086 ξ
369 1042 400 1075 7.
428 1042 497 1074 Non
519 1041 725 1075 obstantibus
746 1041 958 1085 praemissis,
985 1053 1021 1074 ac

287 1096 580 1130 constitutionibus
604 1100 636 1127 et
661 1095 924 1128 ordinationibus
945 1105 1022 1138 apo-

288 1149 422 1189 stolicis,
438 1159 576 1189 necnon,
593 1154 749 1192 quatenus
766 1159 848 1192 opus
864 1148 912 1188 sit,
928 1159 1022 1192 prae-

288 1204 426 1236 fatorum
441 1201 568 1234 Ordinis
588 1207 619 1234 et
636 1201 878 1244 provinciarum
897 1206 928 1233 et
945 1212 1021 1234 con-

287 1261 401 1287 ventus
423 1254 575 1293 Murciae,
595 1254 707 1286 aliisve
729 1254 906 1297 quibusvis,
924 1254 1021 1286 etiam

285 1308 483 1346 iuramento⁷
500 1307 749 1340 confirmatione
766 1307 955 1349 apostolica,
971 1308 1020 1340 vel

286 1360 396 1404 quavis
422 1359 572 1392 firmitate
599 1360 661 1391 alia
687 1359 864 1398 roboratis,
892 1359 1020 1391 statutis

287 1419 318 1446 et
342 1413 648 1453 consuetudinibus,
675 1412 855 1456 privilegiis
881 1424 1019 1456 quoque,

285 1461 419 1501 indultis
453 1472 485 1500 et
516 1467 633 1499 litteris
668 1467 858 1510 apostolicis
887 1468 919 1499 in
945 1478 1021 1500 con-

284 1519 423 1552 trarium
464 1519 724 1562 praemissorum
772 1520 1021 1563 quomodolibet

286 1572 461 1611 concessis,
488 1571 687 1605 confirmatis
706 1577 737 1605 61
754 1572 928 1612 innovatis,
952 1573 1021 1616 qui-

285 1626 344 1659 hus
359 1626 510 1659 omnibus
526 1631 557 1658 61
574 1625 720 1668 singulis,
738 1626 868 1659 illorum
888 1632 1020 1659 tenores

284 1680 514 1722 praesentibus
548 1690 609 1722 pro
642 1680 738 1722 plene
765 1684 797 1712 61
822 1679 1022 1712 sufficienter

286 1732 450 1775 expressis
470 1738 501 1765 et
517 1732 650 1765 insertis
669 1732 839 1772 habentes,
858 1733 923 1765 illis
941 1733 1020 1766 alias

284 1784 317 1817 in
335 1795 395 1817 suo
414 1785 534 1818 robore
553 1786 786 1828 permansuris,
806 1786 845 1818 ad
863 1786 1021 1829 praemis-

286 1848 397 1870 sorum
411 1837 571 1877 effectum,
592 1838 651 1870 hac
669 1838 737 1871 vice
756 1839 932 1879 dumtaxat,
949 1850 1021 1882 spe-

1102 407 1242 439 sentium
1269 408 1492 440 necessitatum
1509 408 1592 451 reyis
1610 407 1791 442 catholici&

1250 496 1416 522 Alexander
1435 496 1513 530 Papa
1532 497 1596 530 vll,

1182 539 1218 566 ad
1237 543 1412 574 perpetuam
1431 540 1476 568 rei
1496 541 1672 569 memoriam.

1100 618 1114 661 ξ
1128 619 1158 651 1.
1174 618 1278 659 Cum2,
1294 620 1378 652 sicut
1392 618 1603 652 charissimus
1617 619 1649 653 in
1663 619 1791 653 Christo

1057 670 1142 704 filius
1164 677 1279 705 noster
1294 671 1466 716 Philippus
1488 672 1718 716 Hispaniarum
1736 684 1789 706 rex

1056 724 1238 758 catholicus
1260 725 1355 758 nobis
1370 736 1475 769 nuper
1488 725 1606 768 exponi
1621 725 1705 765 fecit,
1720 726 1791 769 ipse

1056 787 1116 820 pro
1130 776 1205 810 fidei
1226 778 1407 811 catholicae
1423 788 1667 821 regnorumque
1686 782 1718 811 et
1735 778 1791 811 do-

1056 829 1234 862 miniorum
1254 840 1390 863 suorum
1405 830 1597 863 defensione
1616 831 1698 864 adeo
1720 842 1792 874 gra-

1055 882 1106 914 via
1131 893 1350 926 expensarum
1376 894 1477 917 onera
1502 884 1662 916 hactenus
1681 885 1791 918 subire

1056 940 1189 968 coactus
1211 936 1320 975 suerit,
1339 942 1371 969 et
1395 937 1433 969 ad
1462 947 1620 980 praesens
1642 942 1790 980 cogatur,

1055 994 1090 1020 ut
1121 999 1186 1021 non
1213 991 1319 1023 solum
1357 989 1541 1024 ordinarios
1579 996 1611 1023 61
1647 997 1793 1024 extraor-=

1056 1042 1200 1074 dinarios
1234 1053 1412 1085 regnorum
1450 1054 1585 1076 suorum
1623 1044 1790 1083 redditus,

1057 1105 1170 1127 verum
1188 1095 1284 1128 etiam
1303 1096 1412 1128 onmia
1430 1096 1563 1129 illorum
1577 1097 1704 1130 aeraria
1724 1097 1792 1129 sere

1056 1148 1262 1187 exhauserit,
1294 1154 1326 1181 et
1351 1155 1529 1193 propterea
1555 1150 1650 1183 nobis
1684 1150 1792 1183 humi-

1056 1200 1131 1232 liter
1155 1201 1334 1244 supplicari
1361 1202 1476 1234 fecerit
1499 1207 1534 1234 ut
1564 1213 1664 1246 super
1689 1204 1792 1236 eccle-

1055 1253 1177 1285 siarum
1203 1253 1236 1285 in
1261 1254 1328 1286 suis
1355 1255 1464 1297 regnis
1488 1255 1647 1289 Castellae
1673 1261 1706 1289 et
1735 1257 1793 1290 Le-

1055 1307 1160 1349 gionis
1187 1318 1222 1340 ac
1248 1308 1430 1350 Aragoniae
1457 1315 1489 1341 et
1513 1309 1689 1350 Valentiae,
1716 1321 1793 1344 nec-

1055 1370 1120 1392 non
1145 1360 1331 1404 principatu
1351 1361 1571 1402 Cathaloniae,
1586 1368 1684 1406 atque
1703 1363 1793 1396 insu-

1056 1412 1094 1445 lis
1120 1413 1311 1446 Balearibus
1338 1419 1370 1447 et
1395 1414 1552 1455 Sardinia,
1571 1416 1792 1460 omnibusque

1054 1466 1232 1509 provinciis
1259 1472 1291 1500 61
1316 1468 1494 1501 ditionibus
1516 1469 1548 1501 in
1567 1469 1662 1502 dictis
1681 1470 1791 1512 regnis

1056 1523 1088 1551 et
1105 1519 1221 1552 insulis
1239 1521 1488 1564 comprehensis
1508 1522 1717 1554 existentium
1735 1533 1792 1565 pe-

1055 1571 1151 1611 culio,
1171 1572 1357 1617 Christique
1376 1574 1501 1607 Domini
1527 1575 1740 1618 patrimonio,
1759 1586 1792 1607 a-

1055 1625 1167 1668 liquod
1187 1626 1368 1659 subsidium
1383 1637 1444 1671 pro
1463 1628 1679 1662 subventione
1697 1639 1792 1672 prae-

1055 1678 1198 1711 sentium
1236 1680 1471 1714 necessitatum
1509 1681 1611 1724 ipsius
1648 1681 1791 1725 Philippi

1055 1731 1141 1774 regis
1168 1733 1321 1766 catholici
1356 1733 1494 1778 eiusque
1526 1745 1705 1777 regnorum
1737 1735 1792 1768 de-

1055 1785 1204 1819 fensione
1230 1786 1401 1830 imponere
1428 1789 1467 1820 de
1493 1788 1695 1831 benignitate
1714 1799 1792 1832 apo-

1055 1838 1170 1872 stolica
1201 1840 1436 1883 dignaremur:
1467 1852 1546 1881 nos,
1577 1843 1616 1875 ad
1646 1842 1791 1885 ingentia

1833 631 1948 658 Expnzitio.

1846 1854 1990 1879 Supptivntin-

1807 1881 1866 1900 nibus
1884 1887 1987 1905 exponen-

1807 1910 1831 1926 tis
1847 1907 1953 1931 indutam.
1969 1910 1989 1926 vt

286 1890 413 1923 cialiter
430 1896 462 1923 et
479 1901 634 1933 expresse
652 1891 865 1933 derogamus3
885 1891 1021 1924 ceteris-

1055 1892 1204 1925 eiusdem
1251 1893 1395 1937 Philippi
1435 1895 1521 1937 regis
1562 1895 1790 1938 maiorumque
1852 1934 1858 1937 q

287 1954 349 1987 que
377 1944 550 1976 contrariis
577 1943 853 1987 quibuscumque.
1806 1936 1913 1953 cm'm‘w
1930 1936 1951 1953 υἱ
1969 1940 1988 1954 '⁰

1055 1955 1190 1978 suorum
1216 1956 1291 1988 erga
1319 1947 1514 1989 religionem
1540 1948 1736 1981 catholicam
1759 1954 1792 1981 61
1807 1962 1899 1982 rubrica.

329 1995 444 2028 Datum
470 1996 604 2036 Romae,
631 1997 718 2039 apud
743 1996 773 2029 S.
801 1996 932 2030 Mariam
958 1997 1020 2030 Ma-

284 2049 402 2089 iorem,
429 2050 489 2081 sub
515 2050 637 2082 annulo
662 2049 847 2089 piscatoris,
863 2050 914 2083 die
932 2061 968 2084 xl
987 2062 1021 2084 0-

285 2102 407 2134 ctobris
432 2112 583 2142 MDCLXH,
609 2102 820 2145 pontificatus
838 2103 943 2135 nostri
965 2114 1021 2136 an-

284 2165 327 2187 no
351 2165 420 2188 vin.

319 2216 379 2243 Dat.
400 2217 442 2244 die
459 2218 487 2244 11
507 2217 625 2245 octobris
641 2217 720 2251 1662,
737 2218 831 2253 pontif.
848 2226 918 2245 anno
936 2227 992 2246 vm.

604 2388 703 2421 CDIX.

285 2477 454 2521 Imposilio
479 2477 619 2510 decitiiae
636 2478 671 2510 in
688 2478 797 2521 reynis
818 2478 976 2513 castellae
993 2483 1020 2512 el

328 2531 478 2574 Lessionis
508 2541 543 2563 ac
571 2531 759 2574 Araqoniue
783 2536 811 2564 et
840 2532 1017 2572 Valenliae‚

280 2626 284 2630 .
328 2593 449 2616 necnon
467 2584 502 2616 in
516 2584 707 2627 principatu
721 2584 910 2618 cataloniae
927 2589 1021 2628 alque

1055 1998 1139 2031 hanc
1163 2004 1308 2032 sanctam
1333 1999 1450 2032 Scdem
1476 2001 1699 2044 Apostolicam
1724 2012 1791 2035 mc-

1055 2052 1116 2085 rita
1133 2057 1289 2095 paternae
1309 2052 1488 2095 dirigentes
1515 2054 1791 2088 considerationis

1054 2105 1217 2145 intuitum,
1245 2117 1279 2138 ac
1305 2107 1424 2139 horum
1449 2107 1729 2151 contemplatione
1754 2109 1792 2142 il-

1054 2160 1120 2192 lum
1147 2159 1298 2202 specialis
1333 2160 1442 2193 favore
1476 2161 1599 2203 gratiae
1632 2162 1790 2206 prosequi

1054 2214 1212 2252 volentes,
1232 2213 1528 2256 supplicationibus
1547 2213 1624 2247 dicti
1647 2214 1790 2258 Philippi

1054 2265 1140 2307 regis
1155 2265 1287 2298 nomine
1306 2265 1400 2298 nobis
1418 2276 1518 2309 super
1536 2266 1598 2299 1106
1621 2267 1791 2300 humiliter

1054 2318 1215 2362 porrectis
1240 2319 1401 2359 inclinati,
1428 2320 1467 2352 de
1493 2319 1671 2352 attributae
1692 2321 1788 2353 nobis

1054 2382 1071 2404 a
1096 2372 1232 2404 Domino
1258 2373 1460 2415 apostolicae
1485 2372 1659 2415 potestatis
1684 2373 1789 2416 pleni-

1054 2425 1177 2464 tudine,
1208 2430 1322 2457 tenore
1351 2426 1585 2468 praesentium,
1614 2425 1788 2458 indicimus

1054 2483 1086 2510 et
1110 2477 1308 2521 imponimus
1334 2488 1432 2511 unam
1464 2480 1565 2512 semel
1601 2479 1635 2512 in
1661 2479 1788 2513 duobus

1090 2559 1099 2584 t
1124 2558 1161 2584 Ex
1182 2558 1287 2593 Regest.
1309 2558 1336 2585 in
1356 2559 1430 2585 Secr.
1452 2558 1528 2586 Brev.

1088 2603 1103 2628 ⁹2
1120 2602 1239 2629 Similem
1254 2603 1314 2630 vide
1330 2603 1420 2630 Const.
1436 2610 1451 2630 c
1470 2603 1561 2630 Innoe.
1578 2603 1597 2630 X
1612 2603 1639 2630 in
1659 2607 1724 2631 tom.
1742 2611 1787 2637 xv,

329 2635 448 2669 insulis
472 2636 667 2669 Balearibus
691 2641 719 2668 et
739 2636 923 2679 Sardiniae,
949 2648 1017 2669 onz-
1054 2655 1112 2682 pag.
1130 2647 1180 2674 359
1195 2650 1233 2682 (n.
1250 2647 1298 2681 1.).
