2247 3208
229 215 283 241 An.
304 214 420 241 cuce-2
468 205 509 238 5⁶2

431 261 567 294 firmatis
601 265 631 293 ct
656 259 838 298 innovatis3
867 258 984 301 quibus
1012 256 1182 291 omnibus

249 1432 391 1453 Prooemium.

252 2116 327 2146 Clerici
352 2117 406 2137 ordi·

226 2145 289 2163 narrt·
331 2149 407 2164 exami-

225 2174 308 2190 ututur.

431 318 462 345 et
487 311 632 353 singulis,
652 310 782 342 illorum
803 313 933 340 tenores
951 307 1162 350 presentibus

428 375 488 408 pro
513 365 608 406 plene
640 368 671 395 et
702 362 903 394 sufficienter
936 361 1099 404 expressis
1127 371 1162 393 ac

429 418 467 449 de
486 417 584 448 verbo
604 416 641 448 ad
669 416 803 447 verbum
828 413 960 446 insertis
987 413 1160 453 habentes,

426 469 491 501 illis
517 469 596 500 alias
622 469 653 500 in
680 479 739 500 suo
766 468 884 500 robore
910 466 1135 509 permansuris
1152 493 1159 506 ,

426 521 464 553 ad
498 521 756 563 praemissorum
793 519 964 558 ellectum,
995 519 1055 551 hac
1091 519 1160 551 vice

426 574 603 613 dumtaxat,
626 572 812 616 specialiter
837 577 869 604 et
893 582 1047 615 expresse
1066 572 1161 605 dero-

426 636 562 668 gamus,
597 625 781 668 ceterisque
818 624 991 657 contrariis
1026 624 1161 668 quibus-

425 689 577 721 cumque.

469 731 582 764 Datum
610 731 743 771 Romae,
770 730 856 774 apud
881 730 912 763 Si
940 731 1071 764 Mariam
1097 730 1159 762 Ma-

424 783 548 824 iorem,
575 785 635 816 sub
661 784 781 815 annulo
807 783 995 824 Piscatoris‚
1023 784 1076 816 die
1113 793 1158 817 vil

423 837 581 879 augusti,
619 845 748 870 Moetxn
772 863 778 876 ‚
806 835 1016 880 pontificatus
1053 836 1157 869 nostri

423 900 507 922 anno
533 900 600 923 v111.

458 951 513 978 Dat.
533 951 574 979 die
592 952 604 978 7
621 952 726 988 augusti
750 952 825 986 1662,
842 952 938 988 pontis.
955 960 1025 979 anno
1041 959 1098 980 vm.

591 1023 606 1036 A

699 1094 871 1128 CCCXCIX.

454 1174 495 1208 De
517 1173 740 1217 promovendis
764 1174 807 1205 ad
830 1173 958 1206 ordines
983 1174 1019 1206 in
1047 1173 1128 1206 Urbe

502 1231 528 1259 el
553 1227 589 1259 in
613 1237 666 1259 sex
690 1227 805 1259 vicinis
825 1226 1066 1269 episcopatibus,

614 1305 778 1332 Alexander
799 1306 877 1339 Papa
896 1306 957 1339 vn,

545 1352 577 1377 ad
600 1354 773 1383 perpetuam
794 1350 838 1376 rei
854 1350 1034 1377 memoriam.

465 1421 652 1465 Apostolica
678 1422 864 1454 sollicitudo
896 1422 1070 1454 humilitati
1096 1431 1154 1454 no-

421 1480 507 1507 strae
535 1474 687 1507 divinitus
720 1474 874 1517 imposita
908 1485 966 1508 nos
1000 1475 1153 1508 admonet

422 1534 456 1560 ut
482 1529 567 1561 circa
593 1528 690 1568 illos,
718 1528 771 1571 qui
805 1528 836 1560 in
868 1529 952 1561 alma
984 1527 1069 1561 Urbe
1096 1539 1154 1561 no-

421 1583 499 1620 stra,
519 1592 555 1614 ex
582 1592 645 1625 qua
670 1582 701 1614 in
728 1592 841 1614 omncs
867 1581 1039 1614 christiani
1064 1582 1153 1614 orbis

420 1639 530 1677 partes
548 1635 710 1667 bonorum
729 1645 866 1678 operum
892 1636 1040 1678 exempla
1058 1636 1154 1668 uber-

421 1687 477 1719 tim
489 1694 691 1730 promanant,
705 1688 882 1732 vicinisque
897 1689 1151 1732 episcopatibus,

422 1739 522 1772 sacris
548 1740 744 1773 addicuntur
763 1741 962 1781 ministeriis,
982 1747 1015 1774 et
1034 1742 1067 1774 in
1085 1742 1154 1775 hie-

423 1793 606 1826 rarchicum
620 1794 783 1827 Ecclesiae
802 1800 930 1827 coetum
946 1800 1151 1839 cooptantur,

422 1856 459 1878 ea
484 1847 660 1879 salubriter
684 1848 922 1880 constituamus
939 1875 946 1888 ‚
969 1859 1061 1891 quae,
1087 1859 1153 1881 ma-

422 1901 494 1931 tura
525 1900 764 1932 consultatione
799 1901 963 1941 adhibita,
990 1901 1022 1933 in
1049 1901 1153 1934 omni-

421 1953 564 1994 potentis
592 1953 646 1985 Dei
678 1954 814 1995 gloriam
841 1959 872 1987 et
897 1955 1078 1987 animarum
1103 1965 1153 1988 sa·

421 2005 523 2036 lutem
550 2006 665 2038 cedere
692 2011 723 2038 et
747 2017 881 2039 cessura
916 2018 988 2041 esse
1014 2008 1154 2043 arbitrar

422 2068 506 2089 mur.

466 2111 480 2153 ξ
504 2110 533 2142 l.
561 2111 646 2143 Motu
665 2111 773 2154 itaque
795 2114 939 2156 proprio,
956 2120 988 2146 et
1008 2124 1045 2147 ex
1063 2116 1152 2147 certa

423 2163 559 2196 scicntia
575 2170 606 2196 ct
627 2168 751 2198 matura
770 2166 1004 2200 deliberatione
1019 2169 1150 2208 nostris,

423 2217 528 2259 deque
540 2218 737 2259 apostolicae
752 2219 924 2261 potestatis
935 2220 1150 2263 plenitudine,

424 2274 537 2301 tenore
563 2271 766 2312 presentium
801 2273 972 2305 statuimus
1002 2279 1033 2306 ct
1065 2273 1169 2307 ordi»

422 2333 546 2362 namus,
566 2328 608 2361 ut,
633 2323 829 2367 quicumque
855 2326 887 2356 in
913 2327 1027 2359 cadem
1051 2326 1149 2367 Urbe,

423 2375 547 2407 ratione
574 2376 721 2417 originis,
748 2378 797 2409 vcl
823 2378 972 2411 beneficii
999 2379 1152 2412 ecclesia-

421 2428 507 2468 stici,
527 2434 582 2460 aut
607 2429 770 2469 domicilii,
794 2432 843 2463 vcl
869 2442 938 2464 cum
962 2433 1079 2466 litteris
1106 2435 1169 2467 di-

422 2481 582 2513 missoriis
608 2483 733 2525 proprii
755 2482 928 2524 Ordinarii,
948 2486 986 2517 ad
1008 2487 1151 2519 minores

422 2534 472 2566 vel
497 2544 608 2567 sacros
643 2535 773 2568 ordines
809 2538 995 2579 promoveri
1021 2540 1150 2579 volent,

421 2596 482 2628 per
507 2597 651 2620 inensem
678 2593 750 2621 aute
777 2591 947 2632 generales
974 2592 1152 2626 ordinatio-

1002 208 1181 233 BULLARIUM
1206 207 1357 232 ROMANUM

1199 265 1256 288 nes
1291 255 1447 288 dilectum
1484 254 1585 288 filium
1621 260 1770 289 nostrum
1804 261 1836 289 et
1871 266 1931 299 pro

1199 313 1346 352 tempore
1383 309 1552 341 existentis
1590 309 1725 342 Romani
1766 309 1931 343 Pontificis

1179 362 1230 394 'in
1255 363 1342 395 dieta
1367 362 1452 395 Urbe
1477 362 1632 394 vicarium
1651 363 1683 394 in
1704 363 1930 406 spiritualibus

1197 416 1386 457 generalem
1412 413 1564 455 adeant¹‚
1592 420 1623 447 et
1648 416 1686 448 de
1712 416 1814 459 ipsius
1841 427 1931 448 man-

1178 468 1271 500 tdato
1298 468 1336 500 ab
1363 468 1638 501 examinatoribus
1669 469 1708 501 ad
1740 469 1802 501 hoc
1829 469 1931 512 depu-

1197 521 1283 559 tatis,
1305 531 1371 553 non
1396 520 1609 564 paucioribus
1639 532 1735 564 quam
1761 522 1874 561 tribus,
1894 533 1931 555 ac

1195 573 1290 606 simul
1324 574 1555 616 congregatis,
1584 584 1684 616 super
1721 574 1858 607 scientia
1890 575 1928 607 ad

1194 635 1462 670 unumquemque
1477 626 1624 659 ordinem
1641 626 1799 669 requisita
1814 627 1929 660 sedulo

1194 678 1442 719 examinentur,
1470 684 1502 712 et
1537 684 1678 724 peracto·
1698 680 1846 712 examine
1879 690 1930 712 re-

1193 731 1393 764 nuncientur
1425 737 1647 776 quotcumque
1678 733 1717 765 ab
1743 733 1793 766 his
1819 733 1928 766 idonei

1193 783 1324 817 iudicati
1352 785 1485 818 suerint.

1236 837 1250 880 g
1275 837 1305 869 Εὶ.
1333 838 1455 871 Deinde
1482 839 1521 871 ad
1546 839 1691 872 minores
1718 839 1850 883 quidem
1876 850 1928 872 or-

1193 890 1285 923 dines
1307 893 1522 934 promovendi
1545 893 1667 926 bonum
1686 905 1702 926 a
1726 894 1872 937 parocho
1897 900 1929 927 et

1192 954 1209 976 a
1226 945 1383 986 magistro
1409 946 1556 986 scholae,
1583 947 1615 978 in
1645 958 1706 990 qua
1731 948 1924 989 educantur,

1192 997 1417 1031 testimonium
1443 999 1595 1040 habeant,
1616 1000 1655 1032 de
1676 1011 1740 1043 quo
1758 1001 1926 1044 publicum

1192 1050 1299 1084 eidem
1325 1051 1444 1085 vicario
1471 1052 1648 1085 exhibeant
1677 1054 1923 1087 documentum.

1192 1102 1252 1135 Pro
1279 1102 1316 1136 iis
1343 1114 1419 1137 vero
1454 1105 1508 1148 qui
1542 1105 1581 1138 ad
1611 1105 1758 1148 singulos
1784 1106 1925 1139 maiores

1191 1155 1323 1189 ordines
1351 1163 1446 1190 erunt
1463 1158 1662 1199 assumendi,
1681 1159 1767 1192 idem
1787 1159 1924 1192 vicarius

1189 1211 1349 1253 parocho,
1369 1216 1423 1243 aut
1447 1211 1541 1244 alteri
1560 1212 1612 1243 cui
1641 1212 1743 1254 magis
1770 1212 1924 1255 expedire

1190 1263 1366 1304 ridebitur,
1387 1265 1575 1304 committat,
1603 1270 1648 1305 ut,
1676 1265 1862 1298 nominibus
1888 1276 1925 1299 ae

1190 1317 1356 1350 desiderio
1375 1327 1501 1357 eorum,
1521 1318 1576 1360 qui
1595 1320 1704 1351 volent
1721 1318 1922 1361 promoveri,

1189 1371 1320 1412 publice
1352 1371 1383 1402 iu
1415 1370 1552 1403 basilii-a
1582 1371 1794 1404 Lateranensi
1829 1377 1860 1404 et
1891 1371 1923 1403 in

1188 1424 1324 1466 propria
1336 1423 1493 1466 cuiusque
1505 1424 1686 1467 parochiali
1698 1425 1837 1457 ecelesia
1846 1434 1924 1468 pro-

1188 1476 1314 1518 positis,
1346 1477 1384 1509 de
1410 1476 1558 1519 ipsorum
1585 1477 1843 1509 ordinandorum
1867 1487 1924 1509 na-

1189 1528 1316 1568 talibus,
1337 1539 1470 1571 genere,
1490 1534 1606 1569 aetate,
1630 1529 1776 1562 moribus
1799 1534 1830 1562 et
1850 1530 1921 1568 vita,

1189 1581 1359 1614 ordinibus
1379 1586 1452 1614 ante
1475 1582 1647 1625 susceptis,
1669 1582 1770 1615 titulis
1787 1583 1825 1615 ad
1840 1592 1922 1625 quos

1189 1635 1330 1677 promoti
1362 1640 1437 1667 sunt
1471 1636 1519 1667 vel
1552 1636 1740 1678 promoveri
1766 1635 1920 1678 cupiunt,

1189 1689 1374 1731 ceterisque
1401 1689 1613 1732 qualitatihus
1644 1687 1810 1731 requisitis
1836 1687 1922 1720 iuxta

1188 1748 1358 1774 sacrorum
1383 1752 1544 1774 canonum
1572 1746 1604 1774 et
1628 1741 1763 1774 Concilii
1788 1741 1923 1774 Triden-

1189 1794 1245 1827 tini
1265 1794 1517 1838 disliiositionem
1536 1806 1552 1827 a
1570 1794 1632 1827 side
1654 1794 1759 1837 dignis
1785 1793 1923 1836 diligen-

1189 1853 1238 1880 ter
1262 1848 1423 1890 inquirat,
1462 1852 1494 1879 ct
1526 1848 1650 1880 litteras
1684 1846 1921 1879 testimoniales

1187 1901 1290 1943 ipsam
1316 1900 1562 1943 inquisitionem
1581 1901 1696 1933 factam
1715 1900 1922 1933 continentes

1187 1954 1226 1986 ad
1251 1953 1357 1997 ipsum
1382 1953 1538 1986 ricarium
1556 1953 1797 1997 quamprimum
1819 1958 1923 1986 trans-

1187 2007 1304 2039 mittat.

1230 2059 1244 2102 g
1261 2059 1291 2093 3.
1312 2059 1348 2092 Et
1366 2059 1590 2100 nihilominus,
1614 2057 1762 2102 quoties‘2
1779 2058 1920 2102 aliquem

1187 2123 1224 2145 cx
1243 2113 1343 2146 sacris
1362 2113 1531 2146 ordinibus
1549 2113 1719 2156 suscipere
1746 2112 1920 2152 voluerint,

1187 2167 1226 2199 ad
1251 2167 1440 2199 sacerdotes
1459 2166 1491 2198 in
1515 2166 1547 2199 id
1566 2167 1738 2209 deputatos
1764 2175 1922 2208 persona-

1187 2220 1261 2253 liter
1286 2230 1320 2252 se
1346 2220 1527 2259 conserant,
1548 2230 1564 2251 a
1586 2219 1702 2262 quibus
1729 2218 1841 2251 decem
1859 2218 1922 2250 sal-

1188 2279 1251 2306 tem
1277 2274 1404 2307 dierum
1441 2273 1546 2316 spatio
1580 2278 1653 2305 aute
1680 2271 1921 2304 ordinationem

1186 2328 1218 2359 in
1244 2338 1358 2360 corum
1383 2328 1480 2360 domo
1505 2326 1622 2359 inclusi
1644 2327 1682 2359 de
1705 2326 1856 2359 omnibus
1881 2325 1922 2358 ad

1187 2380 1284 2423 digne
1315 2380 1544 2423 suscipiendos
1572 2385 1604 2412 ct
1628 2379 1687 2411 rite
1714 2378 1920 2411 ⁴exercendos

1187 2434 1319 2467 ordines
1346 2434 1511 2477 requisitis
1531 2433 1732 2473 erudiantur,
1752 2438 1783 2466 et
1801 2432 1839 2465 de
1857 2432 1921 2466 hoe

1223 2514 1234 2539 vt
1266 2513 1388 2541 Pessime
1417 2513 1482 2540 edit.
1513 2513 1592 2540 Mein.
1623 2512 1688 2547 legit
1716 2512 1843 2539 audeant
1872 2519 1920 2546 pro

1186 2557 1293 2583 adeant
1312 2559 1349 2592 (n.
1366 2558 1414 2591 T.).
1779 2583 1788 2587 -

1221 2601 1237 2628 ⁶2
1256 2601 1356 2630 Forsan
1372 2603 1452 2638 quoti·
1470 2610 1519 2638 pro
1535 2602 1644 2637 quoties
1659 2601 1802 2637 legendum
1818 2599 1930 2640 (ιῑ.ἰ“,)..ν

1944 207 1996 233 An.
2017 206 2045 233 C.
2064 206 2131 233 1802

1970 851 2050 870 {lanum
2069 854 2087 871 te
2103 852 2126 871 ·i-

1943 883 2032 897 inolitam
2047 878 2126 898 habrum

1944 903 2028 924 :tuln-nt.

1989 2066 2027 2087 l'vr
2045 2068 2119 2095 decem

2060 2099 2074 2103 ,.
2095 2098 2119 2110 ,μ

2088 2109 2091 2111 .
2111 2105 2119 2112 ⁴

1937 2118 2122 2144 spiritudini-usia·

1936 2151 1985 2166 ϋηο
2001 2145 2086 2166 δεδι-ιιι.
