2247 3208
197 222 248 250 An.
266 222 294 249 c.
317 222 384 250 1666
430 212 494 246 4⁶20

217 1863 341 1885 Postulatio.

387 268 633 312 Mongiamoroti
660 272 691 299 et
714 264 878 298 Elisabeth
896 263 1025 296 loannis
1048 263 1127 304 Bap-

387 325 479 356 tistae
505 322 659 359 Fontana,
685 324 717 352 et
742 319 773 350 iu
799 318 854 350 illo
880 317 945 349 situ
971 315 1126 348 fabricare

387 386 505 411 novum
532 372 709 406 oratorium
736 370 914 403 latitudinis
939 369 1126 412 palmorum

386 428 605 461 murarioruin
628 424 763 468 passam
788 424 827 458 ad
844 433 936 454 usum
955 421 1035 454 fabri
1058 431 1127 453 eae-

386 481 535 514 mentarii
552 480 584 512 iu
602 478 718 521 palmis
734 474 1125 520 quinquagintaquinque,

387 540 419 566 et
448 531 658 574 longitudinis
694 530 876 572 palmorum
910 527 1126 559 murariorum

383 585 519 630 passelli
537 584 617 616 fabri
631 581 838 616 caementarii
857 581 888 613 in
906 580 1020 624 palmis
1038 583 1126 612 octo-

387 639 623 681 gintaquatuor,
639 642 670 668 et
684 634 869 668 huiusmodi
887 633 1076 676 magnitudo
1095 636 1127 664 et

385 690 556 733 longitudo
583 688 739 721 inservire
765 687 882 720 debeat
899 696 957 728 pr.)
976 690 1126 718 constru-

386 744 493 776 ctione
519 743 621 775 dictae
649 741 788 773 fabricae
823 739 918 771 totius
951 737 1028 771 dicti
1053 748 1126 769 ora-

386 797 472 836 torii,
499 796 583 829 idest
609 805 667 838 pro
693 793 802 833 muris,
828 802 909 825 vano
936 789 1069 823 oratorii
1095 795 1126 822 et

386 849 541 893 cappellis
568 848 666 891 ipsius
691 851 723 879 et
746 846 894 889 cappella
925 844 1067 883 maiore,
1094 848 1126 875 et

385 913 451 935 non
478 902 564 945 plus,
590 911 649 932 nec
669 899 763 937 alias,
789 908 848 930 nec
874 897 993 929 dictum
1018 900 1125 929 orato-

384 956 469 988 rium
502 955 540 987 de
573 963 655 986 novo
695 951 915 985 fabricandum
952 949 984 981 in
1019 948 1124 987 futuro

385 1013 532 1050 tempore
558 1005 685 1049 possint
701 1008 869 1046 asportare
896 1012 1004 1034 versus
1025 1001 1125 1033 eccle-

385 1061 465 1094 siam
489 1060 519 1092 S.
552 1058 746 1096 Franciscae,
780 1067 840 1089 nec
866 1055 960 1088 aliam
985 1054 1125 1097 longitu-

386 1114 494 1146 dinem
520 1124 579 1145 nee
608 1110 812 1144 latitudinem
844 1109 964 1141 habere
997 1107 1125 1150 possint

384 1177 490 1208 neque
520 1165 565 1197 uti
599 1165 630 1197 in
664 1162 872 1206 ampliatione
909 1161 985 1195 dicti
1018 1164 1124 1202 patres

386 1224 418 1252 et
442 1217 683 1251 constructione
710 1215 784 1249 dieti
811 1213 955 1253 oratorii,
974 1224 1008 1245 ex
1031 1217 1123 1255 pas-to

386 1281 548 1315 expresso,
576 1270 649 1313 quia
673 1269 727 1309 sie,
753 1273 813 1300 ete.

427 1335 484 1357 xn.
512 1323 602 1361 Quod
628 1334 663 1355 ex
690 1323 784 1354 causa
814 1320 916 1353 dietae
943 1319 1121 1362 ampliatio-

384 1378 445 1416 nis,
471 1375 668 1410 dilatationis
690 1380 722 1407 et
739 1373 958 1406 translationis
977 1371 1122 1409 oratorii,

385 1437 494 1474 patres
512 1434 689 1462 conventus
706 1427 734 1459 S.
752 1426 939 1459 Franciscae
957 1429 1124 1468 praestant

385 1494 516 1516 omnem
550 1491 713 1514 assensum
739 1484 772 1513 et
795 1489 990 1512 consensum
1023 1478 1122 1510 licere

385 1535 530 1579 patribus
558 1533 634 1567 dieti
661 1531 792 1575 hospitii
818 1532 848 1564 S.
870 1530 1056 1574 ildephonsi
1073 1540 1123 1562 re-

385 1588 513 1621 trahere
546 1587 640 1619 situm
673 1595 783 1618 versus
809 1585 949 1627 plateam
976 1582 1124 1615 Barberi-

385 1651 460 1673 nam
486 1648 664 1672 connexum
702 1648 811 1670 eorum
846 1636 990 1680 hospitio
1023 1646 1123 1678 usque

386 1692 424 1723 ad
451 1692 581 1724 domum
608 1689 772 1722 Michaelis
799 1689 838 1720 (le
864 1688 1009 1727 Mareliis,
1027 1692 1063 1719 ut
1079 1698 1124 1719 su·

385 1755 452 1788 pra,
480 1750 511 1776 et.
536 1743 623 1776 ouini
650 1743 712 1775 alio
745 1741 872 1774 meliori
905 1741 1022 1779 modo,
1049 1740 1124 1783 quia

386 1798 440 1838 sie,
467 1799 528 1830 ete.
551 1809 581 1829 n.

430 1852 444 1894 ,ξ
468 1850 499 1883 ⁶2.
527 1850 603 1883 Cum
629 1855 749 1889 autem,
775 1849 859 1881 sicut
884 1847 995 1880 eadem
1026 1857 1124 1889 expo-

386 1906 461 1938 sitio
487 1904 715 1946 subiungebat,
739 1902 822 1935 inter
840 1902 1001 1945 praefatos
1027 1911 1124 1943 expo-

385 1963 500 1992 nentes
526 1957 681 2000 primario
703 1960 895 1988 conventum
918 1954 1014 1986 suerit
1038 1953 1124 1997 quod

386 2021 483 2054 super
500 2009 689 2054 praemissis
707 2008 847 2041 obtineri
867 2007 1000 2040 deberet
1017 2016 1125 2038 assen-

386 2075 438 2096 sus
464 2068 496 2095 et
518 2061 761 2105 beneplacitum
787 2058 1050 2102 congregationis
1074 2068 1125 2090 ve-

386 2116 579 2150 nerabilium
608 2116 741 2147 fratrum
766 2118 952 2146 nostrorum
977 2112 1008 2143 S.
1031 2111 1068 2143 R.
1088 2110 1122 2143 E.

387 2169 597 2202 cardinalium
615 2167 752 2210 negotiis
779 2171 811 2198 et
835 2164 1124 2198 consultationibus

388 2223 612 2266 episcoporum
638 2226 666 2254 et
693 2220 890 2263 regularium
912 2217 1123 2261 praepositae,

389 2285 469 2320 quae
484 2276 533 2307 die
551 2285 609 2307 xxv
627 2273 763 2306 ianuarii
782 2280 927 2305 MDCLVHI
945 2269 1125 2303 decrevisse

388 2329 552 2372 reperitur
576 2338 640 2360 non
665 2327 765 2359 licere
800 2320 950 2357 fratribus
977 2323 1127 2365 Augusti-

387 2382 491 2416 nianis
525 2380 731 2413 Discalt‘eeatis
756 2378 985 2421 Hispaniarum
1015 2377 1046 2408 in
1077 2377 1126 2408 via

387 2435 486 2469 Felici
519 2434 652 2466 dilatare
679 2432 853 2465 omtorium
879 2430 1025 2473 hospitii3
1052 2429 1128 2472 ipsi-

389 2498 452 2531 que
474 2490 670 2530 exponentes
696 2485 941 2517 conventionem
962 2481 1127 2515 huiusmo-

390 2541 431 2579 di,
451 2551 513 2583 quo
532 2539 655 2571 firmius
674 2538 827 2569 subsistat
844 2542 873 2568 et
892 2541 1036 2569 servetur
1054 2546 1126 2568 exa-

390 2594 484 2635 ctius,
504 2591 700 2637 apostolicae
720 2589 974 2623 &infirmationis
993 2593 1124 2621 nostrae

970 214 1150 239 BULLARIL'M
1174 212 1325 237 nonmun

1169 260 1353 304 patrocinio
1381 259 1576 292 communiri
1609 269 1819 302 summopere
1852 256 1906 292 de·

1170 313 1337 346 siderent:
1369 322 1446 351 nos,
1487 312 1660 354 specialem
1695 312 1816 344 eisdem
1853 321 1906 343 ex-

1169 364 1363 408 ponentibus
1396 364 1531 406 gratiam
1565 364 1668 397 sacere
1692 365 1848 404 volentes,
1874 368 1906 396 et

1168 428 1279 450 eorum
1306 417 1487 459 singulares
1516 426 1673 459 personas
1699 427 1716 448 a
1741 416 1905 459 quibusvis

1168 469 1523 508 excommunicationis,
1551 469 1773 512 suspensionis
1801 474 1833 501 et
1858 470 1905 502 in-

1168 522 1458 564 terdicti‚'aliisque
1477 521 1705 554 ecclesiasticis
1723 522 1905 561 sententiis,

1168 575 1315 607 censuris
1339 580 1371 606 et
1394 574 1519 617 poenis,
1538 584 1555 606 a
1574 574 1641 606 iure
1666 574 1715 606 vel
1736 574 1774 605 ab
1800 573 1906 606 homi-

1168 638 1217 667 ne,
1243 627 1352 671 quavis
1377 627 1547 660 occasione
1572 627 1622 659 vel
1654 627 1749 659 causa
1773 626 1853 665 latis,
1879 626 1904 658 si

1168 680 1283 723 quibus
1300 679 1546 723 quomodolibet.
1562 679 1732 711 innodatae
1754 679 1903 718 existunt,

1168 733 1205 765 ad
1233 732 1381 765 effectum
1407 732 1625 775 praesentium
1651 732 1815 764 dumtaxat
1829 741 1906 764 con-

1168 785 1378 828 sequendum,
1401 785 1515 816 harum
1536 784 1619 816 serie
1646 784 1850 816 absolventes
1875 788 1906 816 et

1168 838 1330 870 absolutas
1358 837 1423 885 sose
1449 841 1635 875 censentes,
1663 836 1906 880 supplicationi-

1167 892 1225 923 bus
1244 901 1357 923 eorum
1382 890 1513 922 nomine
1539 889 1632 921 nobis
1650 899 1749 932 super
1768 890 1828 922 hoc
1847 890 1906 921 hu-

1168 943 1287 976 militer
1312 943 1470 986 porrectis
1496 942 1653 982 inclinati,
1683 942 1721 973 de
1747 942 1906 984 praefato-

1167 1007 1237 1027 rum
1263 995 1473 1028 cardinalium
1506 994 1652 1034 consilto,
1679 994 1808 1026 attentis
1832 1005 1906 1026 nar—

1167 1048 1257 1087 ratis,
1284 1048 1528 1081 conventionem
1557 1052 1588 1079 et
1613 1046 1753 1090 capitula
1778 1047 1905 1089 praein-

1167 1107 1264 1141 serta‚
1281 1101 1469 1134 auctoritate
1489 1100 1676 1144 apostoli-ea,
1692 1105 1803 1132 tenore
1817 1110 1904 1142 prae-

1167 1154 1334 1193 sentium‚'
1354 1153 1569 1197 approbamus
1593 1157 1624 1185 et
1655 1151 1881 1184 confirmamus
1896 1178 1903 1192 ,

1918 208 1964 235 An.
1983 208 2010 236 C.
2032 208 2099 237 1666

1957 321 2066 343 Absolutio
2089 327 2102 344 a

1917 354 2019 368 censuris.

1930 741 2041 771 Confirmat
2051 746 2100 768 pro.

1917 771 1937 788 ut
1955 774 1973 788 ιιι
1989 770 2083 791 rubrica.

1166 1213 1198 1239 et
1223 1206 1427 1250 exequutioni
1453 1206 1641 1239 demandari
1672 1205 1902 1244 decernimus;
1928 1236 1930 1238 ,

1166 1262 1248 1294 salva
1274 1266 1380 1293 tamen
1412 1270 1543 1303 semper
1572 1259 1604 1291 in
1633 1257 1817 1302 praemissis
1850 1267 1905 1289 au-

1165 1314 1312 1347 ctoritate
1335 1313 1498 1357 praefatae
1517 1310 1778 1355 congregationis
1803 1310 1902 1343 cardi-

1165 1367 1296 1400 nalium.
1708 1358 1711 1361 ’

1208 1420 1268 1462 ἓῗό.
1282 1420 1504 1452 Deeernentes
1519 1418 1642 1462 pariter
1656 1417 1789 1450 easdem
1810 1426 1902 1460 prae-

1167 1478 1276 1506 sentes
1291 1473 1418 1505 litteras
1434 1482 1565 1514 semper
1587 1470 1706 1509 sni-mas,
1728 1469 1852 1502 validas
1872 1475 1904 1502 et

1167 1526 1314 1559 efficaces
1342 1525 1484 1557 existere
1510 1528 1542 1556 et
1568 1524 1647 1563 sore,
1667 1532 1813 1565 suosque
1833 1522 1903 1565 ple-

1167 1578 1278 1611 narios
1312 1582 1344 1609 et
1376 1577 1525 1619 integros
1559 1574 1695 1608 ell'eetus
1727 1574 1839 1607 sortiri
1873 1579 1905 1607 et.

1167 1632 1331 1671 obtinere,
1364 1642 1399 1663 ac
1425 1630 1464 1662 ab
1489 1629 1564 1669 illis,
1591 1629 1628 1661 ad
1660 1638 1742 1671 quos
1777 1631 1904 1671 spectat

1167 1690 1199 1718 et
1224 1695 1284 1728 pro
1315 1689 1465 1727 tempore
1498 1682 1677 1726 spectabit,
1710 1681 1902 1724 plenissime

1168 1737 1364 1780 suffragari,
1398 1737 1512 1780 sieque
1546 1736 1579 1768 in
1616 1734 1809 1779 praemissis
1842 1744 1903 1778 per

1168 1799 1395 1833 quoscumque
1427 1787 1553 1820 iudices
1580 1786 1766 1819 ordinarios
1793 1791 1824 1818 et
1848 1786 1903 1818 de-

1167 1845 1304 1885 legatos,
1334 1842 1431 1874 etiam
1463 1851 1636 1874 causarum
1665 1839 1778 1883 palatii
1808 1849 1904 1882 apos-

1168 1896 1256 1930 tolici
1283 1896 1461 1934 auditores,
1488 1890 1625 1927 iudicari
1644 1898 1676 1926 et
1693 1891 1823 1926 definiri
1850 1892 1905 1924 de·

1167 1951 1256 1989 bere,
1283 1960 1319 1981 ae
1343 1948 1474 1980 irritum
1500 1952 1532 1980 et
1556 1947 1652 1979 inane
1678 1946 1704 1978 si
1730 1956 1825 1978 secus
1851 1956 1905 1977 su-

1167 2013 1227 2046 per
1251 2002 1302 2035 bis
1320 2013 1337 2033 a
1358 2012 1537 2044 quoquam,
1561 1999 1677 2042 ,quavis
1697 1998 1904 2037 auctoritate,

1168 2056 1312 2088 scienter
1336 2055 1385 2087 vel
1412 2054 1620 2096 ignoranter,
1654 2051 1829 2093 eontigerit.
1857 2056 1905 2083 at-

1170 2108 1299 2141 tentari.

1212 2163 1226 2205 §
1251 2162 1281 2194 [ι.
1315 2161 1383 2194 Non
1413 2159 1617 2193 obstantibus
1647 2162 1825 2191 memorato
1857 2157 1903 2190 di-

1168 2221 1235 2247 etae
1250 2213 1508 2257 congregationis
1528 2213 1668 2250 decreto,
1683 2221 1727 2251 ac,
1745 2215 1902 2253 quatenus

1168 2279 1248 2312 opus
1274 2268 1326 2307 sit,
1354 2266 1454 2299 felicis
1480 2264 1712 2297 recordationis
1736 2263 1823 2296 Pauli
1848 2264 1904 2296 Pa-

1169 2332 1227 2365 pae
1253 2321 1276 2353 ll
1302 2326 1333 2353 et
1356 2320 1490 2352 aliorum
1525 2318 1743 2350 Romanorum
1775 2316 1904 2349 Pontifi-

1169 2385 1241 2407 cum
1268 2373 1555 2416 praedeeessorum
1580 2374 1763 2403 nostrorum
1790 2369 1829 2401 de
1854 2379 1904 2401 re-

1168 2428 1227 2459 lius
1264 2425 1425 2459 Ecclesiae
1451 2435 1515 2457 non
1541 2422 1741 2460 alienandis,
1767 2421 1904 2464 aliisque

1169 2478 1452 2513 constitutionibus
1478 2482 1510 2509 et
1540 2474 1798 2509 ordinationibus
1830 2485 1907 2517 apo-

1169 2533 1308 2571 stolicis,
1334 2542 1459 2564 necnon
1483 2530 1703 2573 praefatorum
1727 2533 1904 2560 conventus

1169 2593 1200 2619 et.
1217 2584 1357 2629 hospitii,
1374 2595 1409 2616 ac
1424 2583 1587 2621 Ordinuin,
1600 2581 1709 2614 aliisve
1730 2581 1905 2624 quibusvis,

1927 1454 1930 1457 Δ
1942 1427 2052 1448 Decretum
2070 1428 2098 1449 ii·-

1915 1457 1987 1474 ritans.

1937 2164 2054 2186 Contrariis
2062 2165 2098 2186 do-

1914 2193 1982 2217 regit.
