<?xml version="1.0" encoding="UTF-8"?>
<!DOCTYPE html PUBLIC "-//W3C//DTD XHTML 1.0 Transitional//EN"
    "http://www.w3.org/TR/xhtml1/DTD/xhtml1-transitional.dtd">
<html xmlns="http://www.w3.org/1999/xhtml" xml:lang="en" lang="en">
 <head>
  <title>
</title>
<meta http-equiv="Content-Type" content="text/html;charset=utf-8" />
  <meta name='ocr-system' content='tesseract 3.04.00' />
  <meta name='ocr-capabilities' content='ocr_page ocr_carea ocr_par ocr_line ocrx_word'/>
</head>
<body>
  <div class='ocr_page' id='page_1' title='image "./bullarumdiplomat17cath_0750.png"; bbox 0 0 2247 3208; ppageno 0'>
   <div class='ocr_carea' id='block_1_1' title="bbox 214 225 1146 748">
    <p class='ocr_par' dir='ltr' id='par_1_1' title="bbox 214 225 1146 748">
     <span class='ocr_line' id='line_1_1' title="bbox 214 225 514 268; baseline -0.023 1"><span class='ocrx_word' id='word_1_1' title='bbox 214 225 316 268; x_wconf 59' lang='lat' dir='ltr'>amc.</span> <span class='ocrx_word' id='word_1_2' title='bbox 338 239 404 267; x_wconf 66' lang='grc' dir='ltr'>ωδε</span> <span class='ocrx_word' id='word_1_3' title='bbox 450 229 514 263; x_wconf 72' lang='grc'>654</span> 
     </span>
     <span class='ocr_line' id='line_1_2' title="bbox 412 276 1143 321; baseline -0.021 0"><span class='ocrx_word' id='word_1_4' title='bbox 412 288 473 321; x_wconf 90' lang='lat' dir='ltr'>lico</span> <span class='ocrx_word' id='word_1_5' title='bbox 499 286 649 319; x_wconf 74' lang='lat' dir='ltr'>idiomate</span> <span class='ocrx_word' id='word_1_6' title='bbox 675 283 755 316; x_wconf 87' lang='lat' dir='ltr'>liber</span> <span class='ocrx_word' id='word_1_7' title='bbox 780 281 827 313; x_wconf 82' lang='lat' dir='ltr'>eui</span> <span class='ocrx_word' id='word_1_8' title='bbox 856 279 963 312; x_wconf 84' lang='lat' dir='ltr'>titulus</span> <span class='ocrx_word' id='word_1_9' title='bbox 988 282 1057 310; x_wconf 86' lang='lat' dir='ltr'>est:</span> <span class='ocrx_word' id='word_1_10' title='bbox 1094 276 1143 308; x_wconf 74' lang='lat' dir='ltr'>Ri-</span> 
     </span>
     <span class='ocr_line' id='line_1_3' title="bbox 410 329 1143 376; baseline -0.02 -3"><span class='ocrx_word' id='word_1_11' title='bbox 410 340 476 373; x_wconf 73' lang='lat' dir='ltr'>tuel</span> <span class='ocrx_word' id='word_1_12' title='bbox 500 338 639 372; x_wconf 70' lang='lat' dir='ltr'>Romaiu</span> <span class='ocrx_word' id='word_1_13' title='bbox 663 336 705 367; x_wconf 83' lang='lat' dir='ltr'>du</span> <span class='ocrx_word' id='word_1_14' title='bbox 734 335 818 376; x_wconf 66' lang='lat' dir='ltr'>Papa</span> <span class='ocrx_word' id='word_1_15' title='bbox 839 331 925 364; x_wconf 79' lang='lat' dir='ltr'>Paul</span> <span class='ocrx_word' id='word_1_16' title='bbox 950 330 1003 361; x_wconf 65' lang='lat' dir='ltr'>Va</span> <span class='ocrx_word' id='word_1_17' title='bbox 1024 329 1143 369; x_wconf 71' lang='lat' dir='ltr'>l’usczsle</span> 
     </span>
     <span class='ocr_line' id='line_1_4' title="bbox 410 381 1144 426; baseline -0.018 -2"><span class='ocrx_word' id='word_1_18' title='bbox 410 393 453 424; x_wconf 70' lang='lat' dir='ltr'>(lu</span> <span class='ocrx_word' id='word_1_19' title='bbox 476 391 595 423; x_wconf 64' lang='lat' dir='ltr'>diocese</span> <span class='ocrx_word' id='word_1_20' title='bbox 619 387 733 426; x_wconf 80' lang='lat' dir='ltr'>d’Alet,</span> <span class='ocrx_word' id='word_1_21' title='bbox 760 396 832 417; x_wconf 72' lang='lat' dir='ltr'>avec</span> <span class='ocrx_word' id='word_1_22' title='bbox 858 384 900 415; x_wconf 74' lang='lat' dir='ltr'>les</span> <span class='ocrx_word' id='word_1_23' title='bbox 931 381 1144 415; x_wconf 73' lang='lat' dir='ltr'>iuslruclions</span> 
     </span>
     <span class='ocr_line' id='line_1_5' title="bbox 408 437 1141 484; baseline -0.018 -6"><span class='ocrx_word' id='word_1_24' title='bbox 408 450 435 478; x_wconf 79' lang='lat' dir='ltr'>et</span> <span class='ocrx_word' id='word_1_25' title='bbox 457 445 499 476; x_wconf 82' lang='lat' dir='ltr'>les</span> <span class='ocrx_word' id='word_1_26' title='bbox 518 443 688 484; x_wconf 70' lang='lat' dir='ltr'>rubriqurs</span> <span class='ocrx_word' id='word_1_27' title='bbox 709 450 747 471; x_wconf 78' lang='lat' dir='ltr'>en</span> <span class='ocrx_word' id='word_1_28' title='bbox 767 437 916 481; x_wconf 50' lang='lat' dir='ltr'>francof&amp;</span> <span class='ocrx_word' id='word_1_29' title='bbox 935 437 967 468; x_wconf 89' lang='lat' dir='ltr'>in</span> <span class='ocrx_word' id='word_1_30' title='bbox 997 445 1058 477; x_wconf 83' lang='lat' dir='ltr'>quo</span> <span class='ocrx_word' id='word_1_31' title='bbox 1078 444 1141 465; x_wconf 87' lang='lat' dir='ltr'>nou</span> 
     </span>
     <span class='ocr_line' id='line_1_6' title="bbox 409 487 1145 530; baseline -0.016 0"><span class='ocrx_word' id='word_1_32' title='bbox 409 498 513 530; x_wconf 82' lang='lat' dir='ltr'>solum</span> <span class='ocrx_word' id='word_1_33' title='bbox 538 494 744 528; x_wconf 73' lang='lat' dir='ltr'>continemur</span> <span class='ocrx_word' id='word_1_34' title='bbox 770 491 927 523; x_wconf 88' lang='lat' dir='ltr'>nonnulla</span> <span class='ocrx_word' id='word_1_35' title='bbox 951 489 990 521; x_wconf 89' lang='lat' dir='ltr'>ab</span> <span class='ocrx_word' id='word_1_36' title='bbox 1014 489 1085 530; x_wconf 83' lang='lat' dir='ltr'>ipso</span> <span class='ocrx_word' id='word_1_37' title='bbox 1104 487 1145 518; x_wconf 89' lang='lat' dir='ltr'>ri-</span> 
     </span>
     <span class='ocr_line' id='line_1_7' title="bbox 410 540 1146 585; baseline -0.016 -3"><span class='ocrx_word' id='word_1_38' title='bbox 410 550 485 582; x_wconf 88' lang='lat' dir='ltr'>tuali</span> <span class='ocrx_word' id='word_1_39' title='bbox 510 557 662 585; x_wconf 82' lang='lat' dir='ltr'>romano,</span> <span class='ocrx_word' id='word_1_40' title='bbox 700 545 789 577; x_wconf 85' lang='lat' dir='ltr'>iussu</span> <span class='ocrx_word' id='word_1_41' title='bbox 822 543 922 576; x_wconf 78' lang='lat' dir='ltr'>felicis</span> <span class='ocrx_word' id='word_1_42' title='bbox 946 540 1146 574; x_wconf 80' lang='lat' dir='ltr'>recordatio-</span> 
     </span>
     <span class='ocr_line' id='line_1_8' title="bbox 409 592 1144 642; baseline -0.016 -7"><span class='ocrx_word' id='word_1_43' title='bbox 409 602 458 634; x_wconf 90' lang='lat' dir='ltr'>nis</span> <span class='ocrx_word' id='word_1_44' title='bbox 479 601 566 633; x_wconf 86' lang='lat' dir='ltr'>Pauli</span> <span class='ocrx_word' id='word_1_45' title='bbox 587 600 691 642; x_wconf 84' lang='lat' dir='ltr'>Papae</span> <span class='ocrx_word' id='word_1_46' title='bbox 722 598 743 629; x_wconf 81' lang='lat' dir='ltr'>V</span> <span class='ocrx_word' id='word_1_47' title='bbox 764 594 1024 640; x_wconf 58' lang='lat' dir='ltr'>praedecessoris</span> <span class='ocrx_word' id='word_1_48' title='bbox 1042 592 1144 625; x_wconf 85' lang='lat' dir='ltr'>nostri</span> 
     </span>
     <span class='ocr_line' id='line_1_9' title="bbox 411 648 1145 692; baseline -0.014 -5"><span class='ocrx_word' id='word_1_49' title='bbox 411 654 525 692; x_wconf 80' lang='lat' dir='ltr'>edito¹,</span> <span class='ocrx_word' id='word_1_50' title='bbox 545 654 661 691; x_wconf 85' lang='lat' dir='ltr'>aliena,</span> <span class='ocrx_word' id='word_1_51' title='bbox 680 652 736 684; x_wconf 83' lang='lat' dir='ltr'>sed</span> <span class='ocrx_word' id='word_1_52' title='bbox 754 650 848 682; x_wconf 85' lang='lat' dir='ltr'>etiam</span> <span class='ocrx_word' id='word_1_53' title='bbox 867 648 1031 682; x_wconf 74' lang='lat' dir='ltr'>doctrinae</span> <span class='ocrx_word' id='word_1_54' title='bbox 1051 656 1145 688; x_wconf 84' lang='lat' dir='ltr'>quae-</span> 
     </span>
     <span class='ocr_line' id='line_1_10' title="bbox 411 700 1144 748; baseline -0.015 -9"><span class='ocrx_word' id='word_1_55' title='bbox 411 708 483 740; x_wconf 73' lang='lat' dir='ltr'>dam</span> <span class='ocrx_word' id='word_1_56' title='bbox 510 712 541 738; x_wconf 89' lang='lat' dir='ltr'>et</span> <span class='ocrx_word' id='word_1_57' title='bbox 564 705 802 748; x_wconf 79' lang='lat' dir='ltr'>propositiones</span> <span class='ocrx_word' id='word_1_58' title='bbox 828 703 933 741; x_wconf 86' lang='lat' dir='ltr'>salsae,</span> <span class='ocrx_word' id='word_1_59' title='bbox 956 700 1144 742; x_wconf 77' lang='lat' dir='ltr'>singulares,</span> 
     </span>
    </p>
   </div>
   <div class='ocr_carea' id='block_1_2' title="bbox 412 758 1168 803">
    <p class='ocr_par' dir='ltr' id='par_1_2' title="bbox 412 758 1168 803">
     <span class='ocr_line' id='line_1_11' title="bbox 412 758 1168 803; baseline -0.009 -11"><span class='ocrx_word' id='word_1_60' title='bbox 412 760 444 792; x_wconf 92' lang='lat' dir='ltr'>in</span> <span class='ocrx_word' id='word_1_61' title='bbox 469 760 558 803; x_wconf 64' lang='lat' dir='ltr'>praxi</span> <span class='ocrx_word' id='word_1_62' title='bbox 583 758 795 802; x_wconf 69' lang='lat' dir='ltr'>periculosae,</span> <span class='ocrx_word' id='word_1_63' title='bbox 823 764 990 792; x_wconf 74' lang='lat' dir='ltr'>erroneae,</span> <span class='ocrx_word' id='word_1_64' title='bbox 1016 758 1046 784; x_wconf 82' lang='lat' dir='ltr'>et</span> <span class='ocrx_word' id='word_1_65' title='bbox 1071 759 1168 785; x_wconf 66' lang='lat' dir='ltr'>con-⁴,</span> 
     </span>
    </p>
   </div>
   <div class='ocr_carea' id='block_1_3' title="bbox 411 806 1148 1058">
    <p class='ocr_par' dir='ltr' id='par_1_3' title="bbox 411 806 1148 1058">
     <span class='ocr_line' id='line_1_12' title="bbox 412 806 1147 844; baseline -0.011 -1"><span class='ocrx_word' id='word_1_66' title='bbox 412 811 578 844; x_wconf 83' lang='lat' dir='ltr'>suetudini</span> <span class='ocrx_word' id='word_1_67' title='bbox 603 811 636 842; x_wconf 90' lang='lat' dir='ltr'>in</span> <span class='ocrx_word' id='word_1_68' title='bbox 658 809 799 842; x_wconf 66' lang='lat' dir='ltr'>Ecclesia</span> <span class='ocrx_word' id='word_1_69' title='bbox 824 806 1040 840; x_wconf 78' lang='lat' dir='ltr'>communiter</span> <span class='ocrx_word' id='word_1_70' title='bbox 1061 814 1147 836; x_wconf 74' lang='lat' dir='ltr'>rere-</span> 
     </span>
     <span class='ocr_line' id='line_1_13' title="bbox 412 857 1147 908; baseline -0.014 -11"><span class='ocrx_word' id='word_1_71' title='bbox 412 870 487 908; x_wconf 88' lang='lat' dir='ltr'>ptae</span> <span class='ocrx_word' id='word_1_72' title='bbox 518 870 613 907; x_wconf 87' lang='lat' dir='ltr'>atque</span> <span class='ocrx_word' id='word_1_73' title='bbox 651 861 875 895; x_wconf 64' lang='lat' dir='ltr'>ecclesiastisis</span> <span class='ocrx_word' id='word_1_74' title='bbox 908 857 1147 892; x_wconf 83' lang='lat' dir='ltr'>constitutioni-</span> 
     </span>
     <span class='ocr_line' id='line_1_14' title="bbox 411 916 1146 960; baseline -0.014 -10"><span class='ocrx_word' id='word_1_75' title='bbox 411 918 470 950; x_wconf 88' lang='lat' dir='ltr'>bus</span> <span class='ocrx_word' id='word_1_76' title='bbox 496 916 665 960; x_wconf 87' lang='lat' dir='ltr'>oppositae</span> <span class='ocrx_word' id='word_1_77' title='bbox 692 921 719 947; x_wconf 86' lang='lat' dir='ltr'>et</span> <span class='ocrx_word' id='word_1_78' title='bbox 747 918 983 957; x_wconf 60' lang='lat' dir='ltr'>repugnantes,</span> <span class='ocrx_word' id='word_1_79' title='bbox 1011 920 1146 953; x_wconf 84' lang='lat' dir='ltr'>quarum</span> 
     </span>
     <span class='ocr_line' id='line_1_15' title="bbox 412 962 1145 1003; baseline -0.014 0"><span class='ocrx_word' id='word_1_80' title='bbox 412 981 471 1003; x_wconf 83' lang='lat' dir='ltr'>usu</span> <span class='ocrx_word' id='word_1_81' title='bbox 508 975 539 1002; x_wconf 88' lang='lat' dir='ltr'>et</span> <span class='ocrx_word' id='word_1_82' title='bbox 575 969 714 1001; x_wconf 86' lang='lat' dir='ltr'>lectione</span> <span class='ocrx_word' id='word_1_83' title='bbox 755 965 981 1000; x_wconf 73' lang='lat' dir='ltr'>christifideles</span> <span class='ocrx_word' id='word_1_84' title='bbox 1016 964 1048 995; x_wconf 88' lang='lat' dir='ltr'>iu</span> <span class='ocrx_word' id='word_1_85' title='bbox 1084 962 1145 993; x_wconf 83' lang='lat' dir='ltr'>iam</span> 
     </span>
     <span class='ocr_line' id='line_1_16' title="bbox 413 1017 1148 1058; baseline -0.014 -2"><span class='ocrx_word' id='word_1_86' title='bbox 413 1024 580 1056; x_wconf 81' lang='lat' dir='ltr'>damnatos</span> <span class='ocrx_word' id='word_1_87' title='bbox 605 1031 729 1054; x_wconf 87' lang='lat' dir='ltr'>errores</span> <span class='ocrx_word' id='word_1_88' title='bbox 747 1019 866 1051; x_wconf 78' lang='lat' dir='ltr'>sensim</span> <span class='ocrx_word' id='word_1_89' title='bbox 888 1017 996 1049; x_wconf 78' lang='lat' dir='ltr'>induci</span> <span class='ocrx_word' id='word_1_90' title='bbox 1016 1027 1050 1048; x_wconf 76' lang='lat' dir='ltr'>ar</span> <span class='ocrx_word' id='word_1_91' title='bbox 1076 1026 1148 1058; x_wconf 87' lang='lat' dir='ltr'>pra-</span> 
     </span>
    </p>
   </div>
   <div class='ocr_carea' id='block_1_4' title="bbox 250 1071 1170 1118">
    <p class='ocr_par' dir='ltr' id='par_1_4' title="bbox 250 1071 1170 1118">
     <span class='ocr_line' id='line_1_17' title="bbox 250 1071 1170 1118; baseline -0.013 -8"><span class='ocrx_word' id='word_1_92' title='bbox 250 1084 359 1105; x_wconf 67' lang='lat' dir='ltr'>Damnaiio</span> <span class='ocrx_word' id='word_1_93' title='bbox 382 1076 457 1108; x_wconf 71' lang='lat' dir='ltr'>utris</span> <span class='ocrx_word' id='word_1_94' title='bbox 481 1074 688 1118; x_wconf 82' lang='lat' dir='ltr'>opinionibus</span> <span class='ocrx_word' id='word_1_95' title='bbox 711 1071 793 1104; x_wconf 77' lang='lat' dir='ltr'>infici</span> <span class='ocrx_word' id='word_1_96' title='bbox 820 1076 971 1113; x_wconf 87' lang='lat' dir='ltr'>possent·‚</span> <span class='ocrx_word' id='word_1_97' title='bbox 999 1079 1065 1104; x_wconf 74' lang='lat' dir='ltr'>uos,</span> <span class='ocrx_word' id='word_1_98' title='bbox 1093 1078 1170 1110; x_wconf 53' lang='lat' dir='ltr'>op-¹</span> 
     </span>
    </p>
   </div>
   <div class='ocr_carea' id='block_1_5' title="bbox 218 1112 1147 1185">
    <p class='ocr_par' dir='ltr' id='par_1_5' title="bbox 218 1112 1147 1185">
     <span class='ocr_line' id='line_1_18' title="bbox 219 1112 1066 1138; baseline -0.008 -6"><span class='ocrx_word' id='word_1_99' title='bbox 219 1112 332 1138; x_wconf 74' lang='lat' dir='ltr'>prs-bibulo</span> <span class='ocrx_word' id='word_1_100' title='bbox 354 1112 401 1131; x_wconf 79' lang='lat' dir='ltr'>libri</span> <span class='ocrx_word' id='word_1_101' title='bbox 653 1126 658 1130; x_wconf 92' lang='lat'>.</span> <span class='ocrx_word' id='word_1_102' title='bbox 913 1123 918 1127; x_wconf 92' lang='lat'>.</span> <span class='ocrx_word' id='word_1_103' title='bbox 1062 1121 1066 1125; x_wconf 96' lang='lat'>.</span> 
     </span>
     <span class='ocr_line' id='line_1_19' title="bbox 218 1120 1147 1185; baseline -0.008 -27"><span class='ocrx_word' id='word_1_104' title='bbox 218 1140 280 1185; x_wconf 48' lang='lat' dir='ltr'>mut</span> <span class='ocrx_word' id='word_1_105' title='bbox 298 1138 318 1158; x_wconf 68' lang='lat' dir='ltr'>in</span> <span class='ocrx_word' id='word_1_106' title='bbox 333 1133 587 1171; x_wconf 75' lang='lat' dir='ltr'>rubri-portunum</span> <span class='ocrx_word' id='word_1_107' title='bbox 604 1127 680 1158; x_wconf 86' lang='lat' dir='ltr'>huic</span> <span class='ocrx_word' id='word_1_108' title='bbox 697 1126 781 1157; x_wconf 89' lang='lat' dir='ltr'>malo</span> <span class='ocrx_word' id='word_1_109' title='bbox 799 1123 977 1155; x_wconf 83' lang='lat' dir='ltr'>remedium</span> <span class='ocrx_word' id='word_1_110' title='bbox 993 1120 1147 1153; x_wconf 84' lang='lat' dir='ltr'>adhibere</span> 
     </span>
    </p>
   </div>
   <div class='ocr_carea' id='block_1_6' title="bbox 412 1279 1151 1590">
    <p class='ocr_par' dir='ltr' id='par_1_6' title="bbox 412 1279 1151 1590">
     <span class='ocr_line' id='line_1_20' title="bbox 412 1279 1147 1322; baseline -0.011 -5"><span class='ocrx_word' id='word_1_111' title='bbox 412 1286 507 1317; x_wconf 76' lang='lat' dir='ltr'>bruni</span> <span class='ocrx_word' id='word_1_112' title='bbox 521 1285 579 1317; x_wconf 83' lang='lat' dir='ltr'>sub</span> <span class='ocrx_word' id='word_1_113' title='bbox 595 1284 688 1316; x_wconf 86' lang='lat' dir='ltr'>titulo</span> <span class='ocrx_word' id='word_1_114' title='bbox 703 1281 847 1316; x_wconf 64' lang='lat' dir='ltr'>Ritualis</span> <span class='ocrx_word' id='word_1_115' title='bbox 866 1281 982 1322; x_wconf 66' lang='lat' dir='ltr'>gallico</span> <span class='ocrx_word' id='word_1_116' title='bbox 997 1279 1147 1311; x_wconf 77' lang='lat' dir='ltr'>idiomate</span> 
     </span>
     <span class='ocr_line' id='line_1_21' title="bbox 414 1331 1147 1381; baseline -0.011 -11"><span class='ocrx_word' id='word_1_117' title='bbox 414 1338 535 1370; x_wconf 90' lang='lat' dir='ltr'>editum</span> <span class='ocrx_word' id='word_1_118' title='bbox 553 1337 741 1381; x_wconf 75' lang='lat' dir='ltr'>praefatum,</span> <span class='ocrx_word' id='word_1_119' title='bbox 757 1334 943 1367; x_wconf 86' lang='lat' dir='ltr'>auctoritate</span> <span class='ocrx_word' id='word_1_120' title='bbox 962 1331 1147 1375; x_wconf 74' lang='lat' dir='ltr'>apostolica,</span> 
     </span>
     <span class='ocr_line' id='line_1_22' title="bbox 414 1387 1147 1433; baseline -0.011 -10"><span class='ocrx_word' id='word_1_121' title='bbox 414 1396 527 1423; x_wconf 87' lang='lat' dir='ltr'>tenore</span> <span class='ocrx_word' id='word_1_122' title='bbox 551 1389 759 1433; x_wconf 86' lang='lat' dir='ltr'>presentium,</span> <span class='ocrx_word' id='word_1_123' title='bbox 786 1387 918 1420; x_wconf 89' lang='lat' dir='ltr'>omnino</span> <span class='ocrx_word' id='word_1_124' title='bbox 946 1387 1147 1421; x_wconf 87' lang='lat' dir='ltr'>damnamus,</span> 
     </span>
     <span class='ocr_line' id='line_1_23' title="bbox 414 1437 1150 1486; baseline -0.011 -10"><span class='ocrx_word' id='word_1_125' title='bbox 414 1444 625 1486; x_wconf 77' lang='lat' dir='ltr'>reprobamus</span> <span class='ocrx_word' id='word_1_126' title='bbox 650 1448 681 1474; x_wconf 83' lang='lat' dir='ltr'>et</span> <span class='ocrx_word' id='word_1_127' title='bbox 706 1440 938 1478; x_wconf 82' lang='lat' dir='ltr'>interdicimus,</span> <span class='ocrx_word' id='word_1_128' title='bbox 956 1449 991 1470; x_wconf 82' lang='lat' dir='ltr'>ae</span> <span class='ocrx_word' id='word_1_129' title='bbox 1016 1449 1074 1480; x_wconf 90' lang='lat' dir='ltr'>pro</span> <span class='ocrx_word' id='word_1_130' title='bbox 1096 1437 1150 1468; x_wconf 88' lang='lat' dir='ltr'>da-</span> 
     </span>
     <span class='ocr_line' id='line_1_24' title="bbox 413 1490 1149 1538; baseline -0.011 -10"><span class='ocrx_word' id='word_1_131' title='bbox 413 1501 544 1535; x_wconf 86' lang='lat' dir='ltr'>mnato,</span> <span class='ocrx_word' id='word_1_132' title='bbox 568 1495 742 1538; x_wconf 83' lang='lat' dir='ltr'>reprobato</span> <span class='ocrx_word' id='word_1_133' title='bbox 770 1499 801 1526; x_wconf 87' lang='lat' dir='ltr'>et</span> <span class='ocrx_word' id='word_1_134' title='bbox 828 1492 1001 1525; x_wconf 86' lang='lat' dir='ltr'>interdicto</span> <span class='ocrx_word' id='word_1_135' title='bbox 1038 1490 1149 1522; x_wconf 88' lang='lat' dir='ltr'>haberi</span> 
     </span>
     <span class='ocr_line' id='line_1_25' title="bbox 413 1542 1151 1590; baseline -0.011 -9"><span class='ocrx_word' id='word_1_136' title='bbox 413 1550 572 1587; x_wconf 75' lang='lat' dir='ltr'>volumus,</span> <span class='ocrx_word' id='word_1_137' title='bbox 595 1548 726 1590; x_wconf 85' lang='lat' dir='ltr'>eiusque</span> <span class='ocrx_word' id='word_1_138' title='bbox 752 1545 1011 1588; x_wconf 66' lang='lat' dir='ltr'>impressionem,</span> <span class='ocrx_word' id='word_1_139' title='bbox 1042 1542 1151 1575; x_wconf 78' lang='lat' dir='ltr'>lectio-</span> 
     </span>
    </p>
   </div>
   <div class='ocr_carea' id='block_1_7' title="bbox 414 1596 1173 1641">
    <p class='ocr_par' dir='ltr' id='par_1_7' title="bbox 414 1596 1173 1641">
     <span class='ocr_line' id='line_1_26' title="bbox 414 1596 1173 1641; baseline -0.009 -8"><span class='ocrx_word' id='word_1_140' title='bbox 414 1611 499 1641; x_wconf 88' lang='lat' dir='ltr'>nem,</span> <span class='ocrx_word' id='word_1_141' title='bbox 524 1600 737 1633; x_wconf 75' lang='lat' dir='ltr'>retentionem</span> <span class='ocrx_word' id='word_1_142' title='bbox 766 1604 797 1631; x_wconf 86' lang='lat' dir='ltr'>et</span> <span class='ocrx_word' id='word_1_143' title='bbox 821 1608 912 1630; x_wconf 89' lang='lat' dir='ltr'>usum</span> <span class='ocrx_word' id='word_1_144' title='bbox 939 1596 1095 1628; x_wconf 76' lang='lat' dir='ltr'>universis</span> <span class='ocrx_word' id='word_1_145' title='bbox 1120 1601 1173 1627; x_wconf 50' lang='lat' dir='ltr'>et}</span> 
     </span>
    </p>
   </div>
   <div class='ocr_carea' id='block_1_8' title="bbox 414 1648 1159 2644">
    <p class='ocr_par' dir='ltr' id='par_1_8' title="bbox 414 1648 1159 2540">
     <span class='ocr_line' id='line_1_27' title="bbox 415 1648 1149 1696; baseline -0.011 -10"><span class='ocrx_word' id='word_1_146' title='bbox 415 1653 549 1696; x_wconf 83' lang='lat' dir='ltr'>singulis</span> <span class='ocrx_word' id='word_1_147' title='bbox 573 1654 740 1695; x_wconf 87' lang='lat' dir='ltr'>utriusque</span> <span class='ocrx_word' id='word_1_148' title='bbox 758 1662 850 1683; x_wconf 74' lang='lat' dir='ltr'>sexus</span> <span class='ocrx_word' id='word_1_149' title='bbox 876 1648 1149 1684; x_wconf 76' lang='lat' dir='ltr'>christifidelibus,</span> 
     </span>
     <span class='ocr_line' id='line_1_28' title="bbox 414 1702 1153 1750; baseline -0.011 -10"><span class='ocrx_word' id='word_1_150' title='bbox 414 1707 606 1750; x_wconf 84' lang='lat' dir='ltr'>praesertim</span> <span class='ocrx_word' id='word_1_151' title='bbox 631 1705 765 1738; x_wconf 82' lang='lat' dir='ltr'>civitatis</span> <span class='ocrx_word' id='word_1_152' title='bbox 791 1709 821 1736; x_wconf 54' lang='lat' dir='ltr'>et,</span> <span class='ocrx_word' id='word_1_153' title='bbox 846 1703 1004 1736; x_wconf 79' lang='lat' dir='ltr'>dioecesis</span> <span class='ocrx_word' id='word_1_154' title='bbox 1026 1702 1153 1733; x_wconf 80' lang='lat' dir='ltr'>Aleten-</span> 
     </span>
     <span class='ocr_line' id='line_1_29' title="bbox 416 1753 1154 1801; baseline -0.008 -10"><span class='ocrx_word' id='word_1_155' title='bbox 416 1760 471 1799; x_wconf 84' lang='lat' dir='ltr'>sis,</span> <span class='ocrx_word' id='word_1_156' title='bbox 489 1759 717 1801; x_wconf 86' lang='lat' dir='ltr'>cuiuscumque</span> <span class='ocrx_word' id='word_1_157' title='bbox 736 1757 864 1800; x_wconf 76' lang='lat' dir='ltr'>gradus,</span> <span class='ocrx_word' id='word_1_158' title='bbox 886 1755 1092 1791; x_wconf 81' lang='lat' dir='ltr'>conditionis,</span> <span class='ocrx_word' id='word_1_159' title='bbox 1107 1753 1154 1785; x_wconf 89' lang='lat' dir='ltr'>di-</span> 
     </span>
     <span class='ocr_line' id='line_1_30' title="bbox 416 1807 1154 1855; baseline -0.009 -10"><span class='ocrx_word' id='word_1_160' title='bbox 416 1813 546 1854; x_wconf 82' lang='lat' dir='ltr'>gnitatis</span> <span class='ocrx_word' id='word_1_161' title='bbox 564 1817 594 1845; x_wconf 86' lang='lat' dir='ltr'>et</span> <span class='ocrx_word' id='word_1_162' title='bbox 614 1810 889 1855; x_wconf 74' lang='lat' dir='ltr'>praeeminentiae</span> <span class='ocrx_word' id='word_1_163' title='bbox 915 1809 1060 1846; x_wconf 71' lang='lat' dir='ltr'>existant,</span> <span class='ocrx_word' id='word_1_164' title='bbox 1080 1807 1154 1839; x_wconf 84' lang='lat' dir='ltr'>licet</span> 
     </span>
     <span class='ocr_line' id='line_1_31' title="bbox 418 1860 1153 1908; baseline -0.01 -10"><span class='ocrx_word' id='word_1_165' title='bbox 418 1866 457 1898; x_wconf 90' lang='lat' dir='ltr'>de</span> <span class='ocrx_word' id='word_1_166' title='bbox 482 1866 544 1898; x_wconf 88' lang='lat' dir='ltr'>illis</span> <span class='ocrx_word' id='word_1_167' title='bbox 581 1864 731 1908; x_wconf 82' lang='lat' dir='ltr'>specialis</span> <span class='ocrx_word' id='word_1_168' title='bbox 771 1869 802 1896; x_wconf 83' lang='lat' dir='ltr'>et</span> <span class='ocrx_word' id='word_1_169' title='bbox 836 1862 1002 1895; x_wconf 72' lang='lat' dir='ltr'>individua</span> <span class='ocrx_word' id='word_1_170' title='bbox 1034 1860 1153 1892; x_wconf 84' lang='lat' dir='ltr'>mentio</span> 
     </span>
     <span class='ocr_line' id='line_1_32' title="bbox 418 1913 1155 1960; baseline -0.011 -8"><span class='ocrx_word' id='word_1_171' title='bbox 418 1919 567 1951; x_wconf 89' lang='lat' dir='ltr'>habenda</span> <span class='ocrx_word' id='word_1_172' title='bbox 591 1919 673 1951; x_wconf 85' lang='lat' dir='ltr'>soret</span> <span class='ocrx_word' id='word_1_173' title='bbox 688 1945 695 1957; x_wconf 84' lang='lat'>‚</span> <span class='ocrx_word' id='word_1_174' title='bbox 722 1918 782 1950; x_wconf 88' lang='lat' dir='ltr'>sub</span> <span class='ocrx_word' id='word_1_175' title='bbox 807 1918 913 1960; x_wconf 81' lang='lat' dir='ltr'>poena</span> <span class='ocrx_word' id='word_1_176' title='bbox 937 1913 1155 1947; x_wconf 79' lang='lat' dir='ltr'>excommuni-</span> 
     </span>
     <span class='ocr_line' id='line_1_33' title="bbox 418 1966 1155 2011; baseline -0.011 -6"><span class='ocrx_word' id='word_1_177' title='bbox 418 1973 551 2005; x_wconf 76' lang='lat' dir='ltr'>cationis</span> <span class='ocrx_word' id='word_1_178' title='bbox 576 1973 658 2004; x_wconf 87' lang='lat' dir='ltr'>latae</span> <span class='ocrx_word' id='word_1_179' title='bbox 692 1971 872 2003; x_wconf 78' lang='lat' dir='ltr'>sententiae</span> <span class='ocrx_word' id='word_1_180' title='bbox 909 1970 979 2011; x_wconf 90' lang='lat' dir='ltr'>ipso</span> <span class='ocrx_word' id='word_1_181' title='bbox 1006 1968 1087 1999; x_wconf 81' lang='lat' dir='ltr'>sacto</span> <span class='ocrx_word' id='word_1_182' title='bbox 1113 1966 1155 1998; x_wconf 90' lang='lat' dir='ltr'>in-</span> 
     </span>
     <span class='ocr_line' id='line_1_34' title="bbox 419 2022 1156 2068; baseline -0.011 -10"><span class='ocrx_word' id='word_1_183' title='bbox 419 2025 598 2058; x_wconf 87' lang='lat' dir='ltr'>currendae</span> <span class='ocrx_word' id='word_1_184' title='bbox 622 2029 781 2068; x_wconf 86' lang='lat' dir='ltr'>perpetuo</span> <span class='ocrx_word' id='word_1_185' title='bbox 813 2022 1042 2066; x_wconf 63' lang='lat' dir='ltr'>prohibemus,</span> <span class='ocrx_word' id='word_1_186' title='bbox 1069 2030 1156 2052; x_wconf 90' lang='lat' dir='ltr'>man-</span> 
     </span>
     <span class='ocr_line' id='line_1_35' title="bbox 420 2072 1156 2119; baseline -0.011 -8"><span class='ocrx_word' id='word_1_187' title='bbox 420 2079 532 2111; x_wconf 83' lang='lat' dir='ltr'>dantes</span> <span class='ocrx_word' id='word_1_188' title='bbox 556 2083 592 2109; x_wconf 88' lang='lat' dir='ltr'>nt</span> <span class='ocrx_word' id='word_1_189' title='bbox 616 2077 723 2110; x_wconf 87' lang='lat' dir='ltr'>statim</span> <span class='ocrx_word' id='word_1_190' title='bbox 750 2077 942 2119; x_wconf 79' lang='lat' dir='ltr'>quicumque</span> <span class='ocrx_word' id='word_1_191' title='bbox 968 2072 1079 2106; x_wconf 70' lang='lat' dir='ltr'>illum⁹</span> <span class='ocrx_word' id='word_1_192' title='bbox 1105 2073 1156 2104; x_wconf 89' lang='lat' dir='ltr'>ha-</span> 
     </span>
     <span class='ocr_line' id='line_1_36' title="bbox 420 2127 1155 2171; baseline -0.01 -8"><span class='ocrx_word' id='word_1_193' title='bbox 420 2131 559 2171; x_wconf 87' lang='lat' dir='ltr'>buerint,</span> <span class='ocrx_word' id='word_1_194' title='bbox 584 2131 634 2163; x_wconf 78' lang='lat' dir='ltr'>vel</span> <span class='ocrx_word' id='word_1_195' title='bbox 660 2130 692 2161; x_wconf 89' lang='lat' dir='ltr'>in</span> <span class='ocrx_word' id='word_1_196' title='bbox 718 2130 860 2161; x_wconf 77' lang='lat' dir='ltr'>futurum</span> <span class='ocrx_word' id='word_1_197' title='bbox 887 2127 1155 2170; x_wconf 83' lang='lat' dir='ltr'>quandocumque</span> 
     </span>
     <span class='ocr_line' id='line_1_37' title="bbox 421 2178 1157 2222; baseline -0.01 -6"><span class='ocrx_word' id='word_1_198' title='bbox 421 2184 598 2222; x_wconf 85' lang='lat' dir='ltr'>habebunt,</span> <span class='ocrx_word' id='word_1_199' title='bbox 615 2185 760 2215; x_wconf 78' lang='lat' dir='ltr'>locorum</span> <span class='ocrx_word' id='word_1_200' title='bbox 786 2180 963 2214; x_wconf 82' lang='lat' dir='ltr'>Ordinariis</span> <span class='ocrx_word' id='word_1_201' title='bbox 983 2180 1032 2211; x_wconf 78' lang='lat' dir='ltr'>rel</span> <span class='ocrx_word' id='word_1_202' title='bbox 1057 2178 1157 2221; x_wconf 86' lang='lat' dir='ltr'>inqui-</span> 
     </span>
     <span class='ocr_line' id='line_1_38' title="bbox 421 2231 1157 2278; baseline -0.008 -10"><span class='ocrx_word' id='word_1_203' title='bbox 421 2236 586 2275; x_wconf 84' lang='lat' dir='ltr'>sitoribus,</span> <span class='ocrx_word' id='word_1_204' title='bbox 612 2235 665 2278; x_wconf 88' lang='lat' dir='ltr'>qui</span> <span class='ocrx_word' id='word_1_205' title='bbox 690 2245 766 2267; x_wconf 79' lang='lat' dir='ltr'>vero</span> <span class='ocrx_word' id='word_1_206' title='bbox 787 2233 963 2266; x_wconf 77' lang='lat' dir='ltr'>venerabili</span> <span class='ocrx_word' id='word_1_207' title='bbox 986 2231 1074 2264; x_wconf 78' lang='lat' dir='ltr'>fratri</span> <span class='ocrx_word' id='word_1_208' title='bbox 1092 2231 1157 2273; x_wconf 90' lang='lat' dir='ltr'>epi-</span> 
     </span>
     <span class='ocr_line' id='line_1_39' title="bbox 422 2285 1156 2332; baseline -0.007 -11"><span class='ocrx_word' id='word_1_209' title='bbox 422 2299 521 2332; x_wconf 83' lang='lat' dir='ltr'>scopo</span> <span class='ocrx_word' id='word_1_210' title='bbox 546 2289 689 2321; x_wconf 82' lang='lat' dir='ltr'>Aletensi</span> <span class='ocrx_word' id='word_1_211' title='bbox 714 2288 867 2325; x_wconf 83' lang='lat' dir='ltr'>subsunt,</span> <span class='ocrx_word' id='word_1_212' title='bbox 894 2285 1156 2328; x_wconf 83' lang='lat' dir='ltr'>metropolitano,</span> 
     </span>
     <span class='ocr_line' id='line_1_40' title="bbox 423 2337 1157 2381; baseline -0.005 -9"><span class='ocrx_word' id='word_1_213' title='bbox 423 2346 476 2373; x_wconf 86' lang='lat' dir='ltr'>aut</span> <span class='ocrx_word' id='word_1_214' title='bbox 499 2340 554 2372; x_wconf 88' lang='lat' dir='ltr'>uui</span> <span class='ocrx_word' id='word_1_215' title='bbox 580 2351 616 2373; x_wconf 79' lang='lat' dir='ltr'>ex</span> <span class='ocrx_word' id='word_1_216' title='bbox 641 2340 851 2372; x_wconf 76' lang='lat' dir='ltr'>vicinioribus</span> <span class='ocrx_word' id='word_1_217' title='bbox 878 2338 1037 2381; x_wconf 75' lang='lat' dir='ltr'>episeopis</span> <span class='ocrx_word' id='word_1_218' title='bbox 1062 2337 1157 2369; x_wconf 82' lang='lat' dir='ltr'>reali-</span> 
     </span>
     <span class='ocr_line' id='line_1_41' title="bbox 424 2390 1158 2429; baseline -0.005 -5"><span class='ocrx_word' id='word_1_219' title='bbox 424 2398 472 2424; x_wconf 89' lang='lat' dir='ltr'>ter</span> <span class='ocrx_word' id='word_1_220' title='bbox 496 2397 525 2424; x_wconf 83' lang='lat' dir='ltr'>et</span> <span class='ocrx_word' id='word_1_221' title='bbox 550 2403 622 2424; x_wconf 86' lang='lat' dir='ltr'>cum</span> <span class='ocrx_word' id='word_1_222' title='bbox 641 2391 752 2424; x_wconf 84' lang='lat' dir='ltr'>ell&#39;ectu</span> <span class='ocrx_word' id='word_1_223' title='bbox 775 2391 959 2429; x_wconf 77' lang='lat' dir='ltr'>exhibeant,</span> <span class='ocrx_word' id='word_1_224' title='bbox 982 2390 1107 2421; x_wconf 82' lang='lat' dir='ltr'>tradant</span> <span class='ocrx_word' id='word_1_225' title='bbox 1127 2395 1158 2420; x_wconf 89' lang='lat' dir='ltr'>et</span> 
     </span>
     <span class='ocr_line' id='line_1_42' title="bbox 424 2442 1155 2486; baseline -0.005 -9"><span class='ocrx_word' id='word_1_226' title='bbox 424 2444 624 2486; x_wconf 79' lang='lat' dir='ltr'>consignent,</span> <span class='ocrx_word' id='word_1_227' title='bbox 651 2444 717 2485; x_wconf 84' lang='lat' dir='ltr'>qui,</span> <span class='ocrx_word' id='word_1_228' title='bbox 736 2445 824 2476; x_wconf 79' lang='lat' dir='ltr'>nulla</span> <span class='ocrx_word' id='word_1_229' title='bbox 849 2442 1041 2485; x_wconf 81' lang='lat' dir='ltr'>interposita</span> <span class='ocrx_word' id='word_1_230' title='bbox 1060 2444 1155 2479; x_wconf 85' lang='lat' dir='ltr'>mora,</span> 
     </span>
     <span class='ocr_line' id='line_1_43' title="bbox 424 2496 1159 2540; baseline -0.004 -10"><span class='ocrx_word' id='word_1_231' title='bbox 424 2497 621 2540; x_wconf 71' lang='lat' dir='ltr'>exemplaria</span> <span class='ocrx_word' id='word_1_232' title='bbox 653 2497 712 2527; x_wconf 76' lang='lat' dir='ltr'>sibi</span> <span class='ocrx_word' id='word_1_233' title='bbox 749 2497 862 2528; x_wconf 65' lang='lat' dir='ltr'>tra-lita</span> <span class='ocrx_word' id='word_1_234' title='bbox 896 2502 925 2528; x_wconf 86' lang='lat' dir='ltr'>et</span> <span class='ocrx_word' id='word_1_235' title='bbox 963 2496 1025 2528; x_wconf 84' lang='lat' dir='ltr'>alia</span> <span class='ocrx_word' id='word_1_236' title='bbox 1061 2505 1159 2537; x_wconf 85' lang='lat' dir='ltr'>quae-</span> 
     </span>
    </p>

    <p class='ocr_par' dir='ltr' id='par_1_9' title="bbox 460 2566 960 2600">
     <span class='ocr_line' id='line_1_44' title="bbox 460 2566 960 2600; baseline -0.004 -7"><span class='ocrx_word' id='word_1_237' title='bbox 460 2571 471 2593; x_wconf 73' lang='lat'><strong>1</strong></span> <span class='ocrx_word' id='word_1_238' title='bbox 496 2567 565 2593; x_wconf 76' lang='lat' dir='ltr'>Edit.</span> <span class='ocrx_word' id='word_1_239' title='bbox 586 2566 663 2592; x_wconf 76' lang='lat' dir='ltr'>Main.</span> <span class='ocrx_word' id='word_1_240' title='bbox 686 2566 749 2600; x_wconf 75' lang='lat' dir='ltr'>legit</span> <span class='ocrx_word' id='word_1_241' title='bbox 768 2567 839 2593; x_wconf 75' lang='lat' dir='ltr'>edili</span> <span class='ocrx_word' id='word_1_242' title='bbox 858 2570 895 2598; x_wconf 75' lang='lat' dir='ltr'>(n.</span> <span class='ocrx_word' id='word_1_243' title='bbox 912 2568 960 2596; x_wconf 44' lang='grc' dir='ltr'>ΤΛ.</span> 
     </span>
    </p>

    <p class='ocr_par' dir='ltr' id='par_1_10' title="bbox 460 2609 1157 2644">
     <span class='ocr_line' id='line_1_45' title="bbox 460 2609 1157 2644; baseline -0.006 -6"><span class='ocrx_word' id='word_1_244' title='bbox 460 2611 476 2638; x_wconf 72' lang='lat'><strong>2</strong></span> <span class='ocrx_word' id='word_1_245' title='bbox 497 2610 566 2637; x_wconf 82' lang='lat' dir='ltr'>Edit.</span> <span class='ocrx_word' id='word_1_246' title='bbox 584 2610 660 2636; x_wconf 66' lang='lat' dir='ltr'>Maio.</span> <span class='ocrx_word' id='word_1_247' title='bbox 684 2609 747 2644; x_wconf 71' lang='lat' dir='ltr'>legit</span> <span class='ocrx_word' id='word_1_248' title='bbox 769 2611 856 2635; x_wconf 78' lang='lat' dir='ltr'>ullum</span> <span class='ocrx_word' id='word_1_249' title='bbox 879 2617 926 2644; x_wconf 84' lang='lat' dir='ltr'>pro</span> <span class='ocrx_word' id='word_1_250' title='bbox 948 2609 1032 2635; x_wconf 79' lang='lat' dir='ltr'>illum</span> <span class='ocrx_word' id='word_1_251' title='bbox 1051 2609 1091 2643; x_wconf 75' lang='lat' dir='ltr'>(R.</span> <span class='ocrx_word' id='word_1_252' title='bbox 1109 2609 1157 2642; x_wconf 84' lang='lat' dir='ltr'><strong>T.).</strong></span> 
     </span>
    </p>
   </div>
   <div class='ocr_carea' id='block_1_9' title="bbox 988 226 1340 253">
    <p class='ocr_par' dir='ltr' id='par_1_11' title="bbox 988 226 1340 253">
     <span class='ocr_line' id='line_1_46' title="bbox 988 226 1340 253; baseline -0.011 0"><span class='ocrx_word' id='word_1_253' title='bbox 988 229 1166 253; x_wconf 68' lang='lat' dir='ltr'>m&#39;LLARu&#39;M</span> <span class='ocrx_word' id='word_1_254' title='bbox 1190 226 1340 250; x_wconf 56' lang='lat' dir='ltr'>nummum</span> 
     </span>
    </p>
   </div>
   <div class='ocr_carea' id='block_1_10' title="bbox 412 1172 1170 1279">
    <p class='ocr_par' dir='ltr' id='par_1_12' title="bbox 412 1172 1170 1279">
     <span class='ocr_line' id='line_1_47' title="bbox 412 1172 1170 1220; baseline -0.016 -6"><span class='ocrx_word' id='word_1_255' title='bbox 412 1182 566 1219; x_wconf 52' lang='lat' dir='ltr'>volentes</span> <span class='ocrx_word' id='word_1_256' title='bbox 584 1183 673 1211; x_wconf 89' lang='lat' dir='ltr'>motu</span> <span class='ocrx_word' id='word_1_257' title='bbox 692 1177 828 1220; x_wconf 86' lang='lat' dir='ltr'>proprio</span> <span class='ocrx_word' id='word_1_258' title='bbox 846 1181 875 1208; x_wconf 86' lang='lat' dir='ltr'>et</span> <span class='ocrx_word' id='word_1_259' title='bbox 895 1186 930 1207; x_wconf 69' lang='lat' dir='ltr'>ex</span> <span class='ocrx_word' id='word_1_260' title='bbox 950 1175 1035 1207; x_wconf 78' lang='lat' dir='ltr'>certa</span> <span class='ocrx_word' id='word_1_261' title='bbox 1051 1172 1149 1205; x_wconf 85' lang='lat' dir='ltr'>scien-</span> <span class='ocrx_word' id='word_1_262' title='bbox 1169 1194 1170 1209; x_wconf 46' lang='lat'>2</span> 
     </span>
     <span class='ocr_line' id='line_1_48' title="bbox 414 1225 1170 1279; baseline -0.012 -14"><span class='ocrx_word' id='word_1_263' title='bbox 414 1234 456 1265; x_wconf 78' lang='lat' dir='ltr'>tia</span> <span class='ocrx_word' id='word_1_264' title='bbox 477 1243 512 1265; x_wconf 87' lang='lat' dir='ltr'>ac.</span> <span class='ocrx_word' id='word_1_265' title='bbox 543 1233 669 1279; x_wconf 73' lang='lat' dir='ltr'>matura</span> <span class='ocrx_word' id='word_1_266' title='bbox 694 1229 927 1263; x_wconf 80' lang='lat' dir='ltr'>deliberatione</span> <span class='ocrx_word' id='word_1_267' title='bbox 953 1226 1082 1264; x_wconf 82' lang='lat' dir='ltr'>nostris,</span> <span class='ocrx_word' id='word_1_268' title='bbox 1112 1225 1170 1257; x_wconf 45' lang='grc' dir='ltr'>Ιί-Ὶ</span> 
     </span>
    </p>
   </div>
   <div class='ocr_carea' id='block_1_11' title="bbox 1163 282 1177 1995">
    <p class='ocr_par' dir='ltr' id='par_1_13' title="bbox 1163 282 1177 1995">
     <span class='ocr_line' id='line_1_49' title="bbox 1163 282 1177 1995; baseline 0 0"><span class='ocrx_word' id='word_1_269' title='bbox 1163 282 1177 1995; x_wconf 95' lang='lat' dir='ltr'> </span> 
     </span>
    </p>
   </div>
   <div class='ocr_carea' id='block_1_12' title="bbox 1185 223 2114 1526">
    <p class='ocr_par' dir='ltr' id='par_1_14' title="bbox 1185 223 2114 1526">
     <span class='ocr_line' id='line_1_50' title="bbox 1928 223 2113 250; baseline 0.005 -1"><span class='ocrx_word' id='word_1_270' title='bbox 1928 223 1977 250; x_wconf 74' lang='lat' dir='ltr'>An.</span> <span class='ocrx_word' id='word_1_271' title='bbox 1998 223 2028 250; x_wconf 86' lang='lat' dir='ltr'>C.</span> <span class='ocrx_word' id='word_1_272' title='bbox 2046 223 2113 250; x_wconf 82' lang='grc'><strong>1668</strong></span> 
     </span>
     <span class='ocr_line' id='line_1_51' title="bbox 1185 273 1921 317; baseline -0.003 -11"><span class='ocrx_word' id='word_1_273' title='bbox 1185 284 1323 317; x_wconf 87' lang='lat' dir='ltr'>cumque</span> <span class='ocrx_word' id='word_1_274' title='bbox 1359 273 1531 305; x_wconf 86' lang='lat' dir='ltr'>habuerint</span> <span class='ocrx_word' id='word_1_275' title='bbox 1563 274 1636 315; x_wconf 73' lang='lat' dir='ltr'>igne</span> <span class='ocrx_word' id='word_1_276' title='bbox 1662 273 1860 312; x_wconf 86' lang='lat' dir='ltr'>comburant,</span> <span class='ocrx_word' id='word_1_277' title='bbox 1890 277 1921 305; x_wconf 85' lang='lat' dir='ltr'>et</span> 
     </span>
     <span class='ocr_line' id='line_1_52' title="bbox 1186 326 1920 359; baseline -0.001 0"><span class='ocrx_word' id='word_1_278' title='bbox 1186 326 1331 359; x_wconf 70' lang='lat' dir='ltr'>comburi</span> <span class='ocrx_word' id='word_1_279' title='bbox 1358 326 1490 358; x_wconf 85' lang='lat' dir='ltr'>saciant:</span> <span class='ocrx_word' id='word_1_280' title='bbox 1516 326 1547 358; x_wconf 90' lang='lat' dir='ltr'>in</span> <span class='ocrx_word' id='word_1_281' title='bbox 1574 326 1769 358; x_wconf 87' lang='lat' dir='ltr'>eontrarium</span> <span class='ocrx_word' id='word_1_282' title='bbox 1803 326 1920 358; x_wconf 80' lang='lat' dir='ltr'>sacien-</span> 
     </span>
     <span class='ocr_line' id='line_1_53' title="bbox 1187 378 2114 420; baseline -0.003 -9"><span class='ocrx_word' id='word_1_283' title='bbox 1187 380 1272 411; x_wconf 86' lang='lat' dir='ltr'>tibus</span> <span class='ocrx_word' id='word_1_284' title='bbox 1297 389 1359 412; x_wconf 88' lang='lat' dir='ltr'>non</span> <span class='ocrx_word' id='word_1_285' title='bbox 1376 378 1582 411; x_wconf 83' lang='lat' dir='ltr'>obstantibus</span> <span class='ocrx_word' id='word_1_286' title='bbox 1608 379 1873 420; x_wconf 82' lang='lat' dir='ltr'>quibuscumque.</span> <span class='ocrx_word' id='word_1_287' title='bbox 1952 389 2043 419; x_wconf 35' lang='lat' dir='ltr'>⁴‘urm-0</span> <span class='ocrx_word' id='word_1_288' title='bbox 2059 388 2114 408; x_wconf 75' lang='lat' dir='ltr'>eon-</span> 
     </span>
     <span class='ocr_line' id='line_1_54' title="bbox 1231 418 2114 474; baseline 0 -11"><span class='ocrx_word' id='word_1_289' title='bbox 1231 433 1244 474; x_wconf 62' lang='grc' dir='ltr'><strong>ξ</strong></span> <span class='ocrx_word' id='word_1_290' title='bbox 1269 431 1300 463; x_wconf 64' lang='grc'>2.</span> <span class='ocrx_word' id='word_1_291' title='bbox 1327 431 1366 463; x_wconf 81' lang='lat' dir='ltr'>Ut</span> <span class='ocrx_word' id='word_1_292' title='bbox 1390 435 1497 463; x_wconf 87' lang='lat' dir='ltr'>autem</span> <span class='ocrx_word' id='word_1_293' title='bbox 1521 435 1705 472; x_wconf 82' lang='lat' dir='ltr'>praesentes</span> <span class='ocrx_word' id='word_1_294' title='bbox 1730 430 1855 462; x_wconf 83' lang='lat' dir='ltr'>litterae</span> <span class='ocrx_word' id='word_1_295' title='bbox 1881 431 1918 462; x_wconf 89' lang='lat' dir='ltr'>ad</span> <span class='ocrx_word' id='word_1_296' title='bbox 1931 418 2045 463; x_wconf 45' lang='lat' dir='ltr'>Ess‘i‘ti&#39;r&#39;fm</span> <span class='ocrx_word' id='word_1_297' title='bbox 2056 420 2114 435; x_wconf 43' lang='grc' dir='ltr'>ΜΡ</span> 
     </span>
     <span class='ocr_line' id='line_1_55' title="bbox 1188 483 1921 522; baseline -0.003 -6"><span class='ocrx_word' id='word_1_298' title='bbox 1188 485 1332 517; x_wconf 89' lang='lat' dir='ltr'>omnium</span> <span class='ocrx_word' id='word_1_299' title='bbox 1358 484 1505 516; x_wconf 88' lang='lat' dir='ltr'>notitiam</span> <span class='ocrx_word' id='word_1_300' title='bbox 1525 483 1648 515; x_wconf 79' lang='lat' dir='ltr'>facilius</span> <span class='ocrx_word' id='word_1_301' title='bbox 1669 483 1850 522; x_wconf 88' lang='lat' dir='ltr'>deveniant,</span> <span class='ocrx_word' id='word_1_302' title='bbox 1867 493 1921 515; x_wconf 86' lang='lat' dir='ltr'>vo-</span> 
     </span>
     <span class='ocr_line' id='line_1_56' title="bbox 1188 535 1922 578; baseline -0.003 -9"><span class='ocrx_word' id='word_1_303' title='bbox 1188 539 1291 570; x_wconf 87' lang='lat' dir='ltr'>lumus</span> <span class='ocrx_word' id='word_1_304' title='bbox 1316 542 1347 569; x_wconf 88' lang='lat' dir='ltr'>et</span> <span class='ocrx_word' id='word_1_305' title='bbox 1371 535 1560 569; x_wconf 86' lang='lat' dir='ltr'>auctoritate</span> <span class='ocrx_word' id='word_1_306' title='bbox 1591 535 1922 578; x_wconf 51' lang='lat' dir='ltr'>praedictadecerni-</span> 
     </span>
     <span class='ocr_line' id='line_1_57' title="bbox 1188 588 1921 631; baseline -0.003 -9"><span class='ocrx_word' id='word_1_307' title='bbox 1188 601 1258 622; x_wconf 87' lang='lat' dir='ltr'>mus</span> <span class='ocrx_word' id='word_1_308' title='bbox 1283 591 1354 623; x_wconf 88' lang='lat' dir='ltr'>illas</span> <span class='ocrx_word' id='word_1_309' title='bbox 1380 590 1418 621; x_wconf 90' lang='lat' dir='ltr'>ad</span> <span class='ocrx_word' id='word_1_310' title='bbox 1442 590 1548 622; x_wconf 85' lang='lat' dir='ltr'>valvas</span> <span class='ocrx_word' id='word_1_311' title='bbox 1576 588 1728 621; x_wconf 83' lang='lat' dir='ltr'>basilicae</span> <span class='ocrx_word' id='word_1_312' title='bbox 1765 588 1921 631; x_wconf 85' lang='lat' dir='ltr'>Principis</span> 
     </span>
     <span class='ocr_line' id='line_1_58' title="bbox 1190 640 1922 685; baseline -0.004 -10"><span class='ocrx_word' id='word_1_313' title='bbox 1190 643 1417 685; x_wconf 84' lang='lat' dir='ltr'>Apostolorum</span> <span class='ocrx_word' id='word_1_314' title='bbox 1436 647 1466 673; x_wconf 89' lang='lat' dir='ltr'>et</span> <span class='ocrx_word' id='word_1_315' title='bbox 1490 640 1698 673; x_wconf 77' lang='lat' dir='ltr'>cancellariae</span> <span class='ocrx_word' id='word_1_316' title='bbox 1723 640 1922 683; x_wconf 88' lang='lat' dir='ltr'>apostolicae</span> 
     </span>
     <span class='ocr_line' id='line_1_59' title="bbox 1189 693 1924 737; baseline -0.003 -11"><span class='ocrx_word' id='word_1_317' title='bbox 1189 707 1224 728; x_wconf 79' lang='lat' dir='ltr'>ac</span> <span class='ocrx_word' id='word_1_318' title='bbox 1249 696 1281 727; x_wconf 93' lang='lat' dir='ltr'>iu</span> <span class='ocrx_word' id='word_1_319' title='bbox 1306 696 1371 727; x_wconf 74' lang='lat' dir='ltr'>acie</span> <span class='ocrx_word' id='word_1_320' title='bbox 1397 694 1505 737; x_wconf 82' lang='lat' dir='ltr'>Campi</span> <span class='ocrx_word' id='word_1_321' title='bbox 1531 694 1645 726; x_wconf 87' lang='lat' dir='ltr'>Florae</span> <span class='ocrx_word' id='word_1_322' title='bbox 1682 693 1720 725; x_wconf 91' lang='lat' dir='ltr'>de</span> <span class='ocrx_word' id='word_1_323' title='bbox 1756 693 1840 725; x_wconf 90' lang='lat' dir='ltr'>Urbe</span> <span class='ocrx_word' id='word_1_324' title='bbox 1866 703 1924 735; x_wconf 87' lang='lat' dir='ltr'>per</span> 
     </span>
     <span class='ocr_line' id='line_1_60' title="bbox 1189 745 1923 790; baseline -0.001 -12"><span class='ocrx_word' id='word_1_325' title='bbox 1189 748 1330 790; x_wconf 86' lang='lat' dir='ltr'>aliquem</span> <span class='ocrx_word' id='word_1_326' title='bbox 1351 757 1388 779; x_wconf 77' lang='lat' dir='ltr'>ex</span> <span class='ocrx_word' id='word_1_327' title='bbox 1408 747 1594 779; x_wconf 78' lang='lat' dir='ltr'>cursoribus</span> <span class='ocrx_word' id='word_1_328' title='bbox 1616 745 1736 778; x_wconf 85' lang='lat' dir='ltr'>nostris</span> <span class='ocrx_word' id='word_1_329' title='bbox 1754 745 1923 788; x_wconf 87' lang='lat' dir='ltr'>publicari,</span> 
     </span>
     <span class='ocr_line' id='line_1_61' title="bbox 1190 797 1924 841; baseline -0.003 -10"><span class='ocrx_word' id='word_1_330' title='bbox 1190 810 1225 832; x_wconf 87' lang='lat' dir='ltr'>ac</span> <span class='ocrx_word' id='word_1_331' title='bbox 1250 800 1375 832; x_wconf 87' lang='lat' dir='ltr'>illarum</span> <span class='ocrx_word' id='word_1_332' title='bbox 1402 800 1547 841; x_wconf 73' lang='lat' dir='ltr'>exempla</span> <span class='ocrx_word' id='word_1_333' title='bbox 1568 799 1689 830; x_wconf 78' lang='lat' dir='ltr'>ibidem</span> <span class='ocrx_word' id='word_1_334' title='bbox 1714 798 1806 830; x_wconf 71' lang='lat' dir='ltr'>affixa</span> <span class='ocrx_word' id='word_1_335' title='bbox 1831 797 1924 829; x_wconf 91' lang='lat' dir='ltr'>relin-</span> 
     </span>
     <span class='ocr_line' id='line_1_62' title="bbox 1191 851 1925 894; baseline -0.003 -11"><span class='ocrx_word' id='word_1_336' title='bbox 1191 852 1256 894; x_wconf 87' lang='lat' dir='ltr'>qui,</span> <span class='ocrx_word' id='word_1_337' title='bbox 1284 852 1431 894; x_wconf 75' lang='lat' dir='ltr'>illasque,</span> <span class='ocrx_word' id='word_1_338' title='bbox 1456 852 1500 883; x_wconf 83' lang='lat' dir='ltr'>sic</span> <span class='ocrx_word' id='word_1_339' title='bbox 1529 851 1728 894; x_wconf 86' lang='lat' dir='ltr'>publicatas,</span> <span class='ocrx_word' id='word_1_340' title='bbox 1756 860 1868 882; x_wconf 90' lang='lat' dir='ltr'>omnes</span> <span class='ocrx_word' id='word_1_341' title='bbox 1893 855 1925 881; x_wconf 85' lang='lat' dir='ltr'>et</span> 
     </span>
     <span class='ocr_line' id='line_1_63' title="bbox 1189 901 1925 947; baseline -0.003 -11"><span class='ocrx_word' id='word_1_342' title='bbox 1189 905 1334 946; x_wconf 81' lang='lat' dir='ltr'>singulos</span> <span class='ocrx_word' id='word_1_343' title='bbox 1361 915 1441 947; x_wconf 90' lang='lat' dir='ltr'>quos</span> <span class='ocrx_word' id='word_1_344' title='bbox 1473 909 1674 936; x_wconf 79' lang='lat' dir='ltr'>concernunt</span> <span class='ocrx_word' id='word_1_345' title='bbox 1698 903 1833 946; x_wconf 87' lang='lat' dir='ltr'>perinde</span> <span class='ocrx_word' id='word_1_346' title='bbox 1859 901 1925 934; x_wconf 86' lang='lat' dir='ltr'>affi-</span> 
     </span>
     <span class='ocr_line' id='line_1_64' title="bbox 1190 955 1923 997; baseline -0.003 -9"><span class='ocrx_word' id='word_1_347' title='bbox 1190 967 1262 989; x_wconf 83' lang='lat' dir='ltr'>cere</span> <span class='ocrx_word' id='word_1_348' title='bbox 1289 964 1320 990; x_wconf 90' lang='lat' dir='ltr'>et</span> <span class='ocrx_word' id='word_1_349' title='bbox 1344 961 1480 995; x_wconf 82' lang='lat' dir='ltr'>arctare,</span> <span class='ocrx_word' id='word_1_350' title='bbox 1503 967 1539 989; x_wconf 87' lang='lat' dir='ltr'>ac</span> <span class='ocrx_word' id='word_1_351' title='bbox 1556 957 1580 988; x_wconf 91' lang='lat' dir='ltr'>si</span> <span class='ocrx_word' id='word_1_352' title='bbox 1599 957 1729 989; x_wconf 85' lang='lat' dir='ltr'>illorum</span> <span class='ocrx_word' id='word_1_353' title='bbox 1745 955 1923 997; x_wconf 88' lang='lat' dir='ltr'>unicuique</span> 
     </span>
     <span class='ocr_line' id='line_1_65' title="bbox 1191 1006 1925 1051; baseline -0.003 -11"><span class='ocrx_word' id='word_1_354' title='bbox 1191 1009 1408 1051; x_wconf 81' lang='lat' dir='ltr'>personaliter</span> <span class='ocrx_word' id='word_1_355' title='bbox 1421 1010 1603 1045; x_wconf 71' lang='lat' dir='ltr'>notificatae</span> <span class='ocrx_word' id='word_1_356' title='bbox 1622 1014 1653 1040; x_wconf 85' lang='lat' dir='ltr'>et</span> <span class='ocrx_word' id='word_1_357' title='bbox 1667 1008 1832 1040; x_wconf 88' lang='lat' dir='ltr'>intimatae</span> <span class='ocrx_word' id='word_1_358' title='bbox 1851 1006 1925 1038; x_wconf 85' lang='lat' dir='ltr'>suis-</span> 
     </span>
     <span class='ocr_line' id='line_1_66' title="bbox 1191 1059 1925 1103; baseline 0 -12"><span class='ocrx_word' id='word_1_359' title='bbox 1191 1066 1281 1101; x_wconf 68' lang='lat' dir='ltr'>sant3</span> <span class='ocrx_word' id='word_1_360' title='bbox 1308 1061 1449 1103; x_wconf 86' lang='lat' dir='ltr'>ipsarum</span> <span class='ocrx_word' id='word_1_361' title='bbox 1484 1071 1561 1094; x_wconf 81' lang='lat' dir='ltr'>vero</span> <span class='ocrx_word' id='word_1_362' title='bbox 1596 1060 1815 1103; x_wconf 86' lang='lat' dir='ltr'>praesentium</span> <span class='ocrx_word' id='word_1_363' title='bbox 1839 1059 1925 1092; x_wconf 88' lang='lat' dir='ltr'>litte-</span> 
     </span>
     <span class='ocr_line' id='line_1_67' title="bbox 1191 1112 1925 1156; baseline -0.003 -10"><span class='ocrx_word' id='word_1_364' title='bbox 1191 1125 1297 1146; x_wconf 80' lang='lat' dir='ltr'>rarum</span> <span class='ocrx_word' id='word_1_365' title='bbox 1323 1115 1540 1156; x_wconf 75' lang='lat' dir='ltr'>transumptis,</span> <span class='ocrx_word' id='word_1_366' title='bbox 1558 1125 1615 1146; x_wconf 86' lang='lat' dir='ltr'>seu</span> <span class='ocrx_word' id='word_1_367' title='bbox 1641 1113 1807 1156; x_wconf 78' lang='lat' dir='ltr'>exempliS,</span> <span class='ocrx_word' id='word_1_368' title='bbox 1830 1112 1925 1145; x_wconf 85' lang='lat' dir='ltr'>etiam</span> 
     </span>
     <span class='ocr_line' id='line_1_68' title="bbox 1191 1166 1927 1210; baseline -0.003 -11"><span class='ocrx_word' id='word_1_369' title='bbox 1191 1168 1383 1210; x_wconf 84' lang='lat' dir='ltr'>impressis,</span> <span class='ocrx_word' id='word_1_370' title='bbox 1414 1178 1511 1199; x_wconf 89' lang='lat' dir='ltr'>manu</span> <span class='ocrx_word' id='word_1_371' title='bbox 1549 1167 1686 1199; x_wconf 86' lang='lat' dir='ltr'>alicuius</span> <span class='ocrx_word' id='word_1_372' title='bbox 1717 1166 1837 1198; x_wconf 86' lang='lat' dir='ltr'>notarii</span> <span class='ocrx_word' id='word_1_373' title='bbox 1866 1176 1927 1208; x_wconf 87' lang='lat' dir='ltr'>pu-</span> 
     </span>
     <span class='ocr_line' id='line_1_69' title="bbox 1192 1219 1927 1263; baseline -0.003 -11"><span class='ocrx_word' id='word_1_374' title='bbox 1192 1220 1268 1252; x_wconf 78' lang='lat' dir='ltr'>blici</span> <span class='ocrx_word' id='word_1_375' title='bbox 1295 1220 1508 1263; x_wconf 87' lang='lat' dir='ltr'>subscriptis,</span> <span class='ocrx_word' id='word_1_376' title='bbox 1532 1225 1563 1252; x_wconf 86' lang='lat' dir='ltr'>et</span> <span class='ocrx_word' id='word_1_377' title='bbox 1588 1219 1696 1261; x_wconf 80' lang='lat' dir='ltr'>sigillo</span> <span class='ocrx_word' id='word_1_378' title='bbox 1714 1229 1876 1262; x_wconf 83' lang='lat' dir='ltr'>personae</span> <span class='ocrx_word' id='word_1_379' title='bbox 1895 1219 1927 1250; x_wconf 90' lang='lat' dir='ltr'>in</span> 
     </span>
     <span class='ocr_line' id='line_1_70' title="bbox 1192 1271 1929 1315; baseline -0.004 -10"><span class='ocrx_word' id='word_1_380' title='bbox 1192 1273 1416 1305; x_wconf 79' lang='lat' dir='ltr'>ecclesiastica</span> <span class='ocrx_word' id='word_1_381' title='bbox 1434 1273 1590 1315; x_wconf 72' lang='lat' dir='ltr'>dignitate</span> <span class='ocrx_word' id='word_1_382' title='bbox 1608 1272 1806 1305; x_wconf 71' lang='lat' dir='ltr'>constitutae</span> <span class='ocrx_word' id='word_1_383' title='bbox 1825 1271 1929 1303; x_wconf 89' lang='lat' dir='ltr'>muni-</span> 
     </span>
     <span class='ocr_line' id='line_1_71' title="bbox 1194 1322 1930 1364; baseline -0.005 -6"><span class='ocrx_word' id='word_1_384' title='bbox 1194 1326 1244 1364; x_wconf 85' lang='lat' dir='ltr'>tis,</span> <span class='ocrx_word' id='word_1_385' title='bbox 1263 1326 1411 1358; x_wconf 86' lang='lat' dir='ltr'>eamdem</span> <span class='ocrx_word' id='word_1_386' title='bbox 1433 1325 1530 1358; x_wconf 85' lang='lat' dir='ltr'>fidem</span> <span class='ocrx_word' id='word_1_387' title='bbox 1544 1326 1577 1357; x_wconf 93' lang='lat' dir='ltr'>in</span> <span class='ocrx_word' id='word_1_388' title='bbox 1597 1324 1718 1357; x_wconf 85' lang='lat' dir='ltr'>iudicio</span> <span class='ocrx_word' id='word_1_389' title='bbox 1733 1330 1764 1356; x_wconf 90' lang='lat' dir='ltr'>et</span> <span class='ocrx_word' id='word_1_390' title='bbox 1785 1329 1872 1355; x_wconf 55' lang='lat' dir='ltr'>extra</span> <span class='ocrx_word' id='word_1_391' title='bbox 1893 1322 1930 1355; x_wconf 91' lang='lat' dir='ltr'>il-</span> 
     </span>
     <span class='ocr_line' id='line_1_72' title="bbox 1192 1376 1930 1421; baseline -0.004 -11"><span class='ocrx_word' id='word_1_392' title='bbox 1192 1379 1246 1411; x_wconf 92' lang='lat' dir='ltr'>lud</span> <span class='ocrx_word' id='word_1_393' title='bbox 1265 1378 1385 1416; x_wconf 79' lang='lat' dir='ltr'>haberi,</span> <span class='ocrx_word' id='word_1_394' title='bbox 1402 1388 1483 1421; x_wconf 87' lang='lat' dir='ltr'>quae</span> <span class='ocrx_word' id='word_1_395' title='bbox 1498 1378 1621 1410; x_wconf 88' lang='lat' dir='ltr'>eisdem</span> <span class='ocrx_word' id='word_1_396' title='bbox 1638 1376 1863 1420; x_wconf 87' lang='lat' dir='ltr'>praesentibus</span> <span class='ocrx_word' id='word_1_397' title='bbox 1878 1376 1930 1407; x_wconf 91' lang='lat' dir='ltr'>ha-</span> 
     </span>
     <span class='ocr_line' id='line_1_73' title="bbox 1193 1430 1929 1469; baseline -0.005 -5"><span class='ocrx_word' id='word_1_398' title='bbox 1193 1433 1335 1469; x_wconf 80' lang='lat' dir='ltr'>beretur,</span> <span class='ocrx_word' id='word_1_399' title='bbox 1351 1432 1377 1463; x_wconf 90' lang='lat' dir='ltr'>si</span> <span class='ocrx_word' id='word_1_400' title='bbox 1396 1432 1501 1464; x_wconf 81' lang='lat' dir='ltr'>forent</span> <span class='ocrx_word' id='word_1_401' title='bbox 1516 1431 1680 1463; x_wconf 80' lang='lat' dir='ltr'>exhibitae</span> <span class='ocrx_word' id='word_1_402' title='bbox 1699 1430 1748 1461; x_wconf 83' lang='lat' dir='ltr'>vel</span> <span class='ocrx_word' id='word_1_403' title='bbox 1766 1434 1929 1461; x_wconf 82' lang='lat' dir='ltr'>ostensae.</span> 
     </span>
     <span class='ocr_line' id='line_1_74' title="bbox 1236 1481 1927 1526; baseline -0.007 -9"><span class='ocrx_word' id='word_1_404' title='bbox 1236 1485 1348 1517; x_wconf 84' lang='lat' dir='ltr'>Datum</span> <span class='ocrx_word' id='word_1_405' title='bbox 1382 1485 1511 1523; x_wconf 80' lang='lat' dir='ltr'>Romae,</span> <span class='ocrx_word' id='word_1_406' title='bbox 1537 1484 1621 1526; x_wconf 87' lang='lat' dir='ltr'>apud</span> <span class='ocrx_word' id='word_1_407' title='bbox 1646 1483 1676 1515; x_wconf 80' lang='lat' dir='ltr'>S.</span> <span class='ocrx_word' id='word_1_408' title='bbox 1704 1482 1842 1520; x_wconf 85' lang='lat' dir='ltr'>Petrum,</span> <span class='ocrx_word' id='word_1_409' title='bbox 1869 1481 1927 1512; x_wconf 91' lang='lat' dir='ltr'>sub</span> 
     </span>
    </p>
   </div>
   <div class='ocr_carea' id='block_1_13' title="bbox 1936 1071 2119 1119">
    <p class='ocr_par' dir='ltr' id='par_1_15' title="bbox 1936 1071 2119 1119">
     <span class='ocr_line' id='line_1_75' title="bbox 1970 1071 2119 1095; baseline -0.02 -3"><span class='ocrx_word' id='word_1_410' title='bbox 1970 1071 2119 1095; x_wconf 74' lang='lat' dir='ltr'>Traneumpto-</span> 
     </span>
     <span class='ocr_line' id='line_1_76' title="bbox 1936 1098 2055 1119; baseline -0.008 0"><span class='ocrx_word' id='word_1_411' title='bbox 1936 1105 1980 1119; x_wconf 78' lang='lat' dir='ltr'>rum</span> <span class='ocrx_word' id='word_1_412' title='bbox 1996 1098 2055 1119; x_wconf 70' lang='lat' dir='ltr'>tides.</span> 
     </span>
    </p>
   </div>
   <div class='ocr_carea' id='block_1_14' title="bbox 1171 1537 1926 1579">
    <p class='ocr_par' dir='ltr' id='par_1_16' title="bbox 1171 1537 1926 1579">
     <span class='ocr_line' id='line_1_77' title="bbox 1171 1537 1926 1579; baseline -0.004 -9"><span class='ocrx_word' id='word_1_413' title='bbox 1171 1552 1172 1563; x_wconf 40' lang='grc' dir='ltr'>π</span> <span class='ocrx_word' id='word_1_414' title='bbox 1193 1539 1311 1571; x_wconf 85' lang='lat' dir='ltr'>annulo</span> <span class='ocrx_word' id='word_1_415' title='bbox 1327 1538 1508 1577; x_wconf 71' lang='lat' dir='ltr'>piscatoris,</span> <span class='ocrx_word' id='word_1_416' title='bbox 1519 1538 1569 1570; x_wconf 89' lang='lat' dir='ltr'>die</span> <span class='ocrx_word' id='word_1_417' title='bbox 1584 1548 1613 1570; x_wconf 80' lang='lat' dir='ltr'>ix</span> <span class='ocrx_word' id='word_1_418' title='bbox 1629 1537 1739 1579; x_wconf 83' lang='lat' dir='ltr'>aprilis</span> <span class='ocrx_word' id='word_1_419' title='bbox 1752 1544 1926 1572; x_wconf 66' lang='lat' dir='ltr'>nnmxvru,</span> 
     </span>
    </p>
   </div>
   <div class='ocr_carea' id='block_1_15' title="bbox 1194 1592 1820 1688">
    <p class='ocr_par' dir='ltr' id='par_1_17' title="bbox 1194 1592 1820 1688">
     <span class='ocr_line' id='line_1_78' title="bbox 1194 1592 1680 1635; baseline -0.002 -11"><span class='ocrx_word' id='word_1_420' title='bbox 1194 1592 1398 1635; x_wconf 70' lang='lat' dir='ltr'>pontificatus</span> <span class='ocrx_word' id='word_1_421' title='bbox 1422 1592 1523 1623; x_wconf 88' lang='lat' dir='ltr'>nostri</span> <span class='ocrx_word' id='word_1_422' title='bbox 1549 1601 1634 1623; x_wconf 90' lang='lat' dir='ltr'>anno</span> <span class='ocrx_word' id='word_1_423' title='bbox 1659 1601 1680 1623; x_wconf 85' lang='lat'>1.</span> 
     </span>
     <span class='ocr_line' id='line_1_79' title="bbox 1230 1652 1820 1688; baseline -0.003 -8"><span class='ocrx_word' id='word_1_424' title='bbox 1230 1654 1290 1680; x_wconf 85' lang='lat' dir='ltr'>Dat.</span> <span class='ocrx_word' id='word_1_425' title='bbox 1306 1653 1349 1680; x_wconf 88' lang='lat' dir='ltr'>die</span> <span class='ocrx_word' id='word_1_426' title='bbox 1365 1654 1380 1680; x_wconf 87' lang='lat'>9</span> <span class='ocrx_word' id='word_1_427' title='bbox 1396 1653 1488 1688; x_wconf 85' lang='lat' dir='ltr'>aprilis</span> <span class='ocrx_word' id='word_1_428' title='bbox 1506 1653 1583 1685; x_wconf 81' lang='grc'>1668,</span> <span class='ocrx_word' id='word_1_429' title='bbox 1602 1652 1698 1687; x_wconf 81' lang='lat' dir='ltr'>pontis.</span> <span class='ocrx_word' id='word_1_430' title='bbox 1717 1660 1787 1678; x_wconf 79' lang='lat' dir='ltr'>anno</span> <span class='ocrx_word' id='word_1_431' title='bbox 1802 1658 1820 1678; x_wconf 90' lang='lat'>1.</span> 
     </span>
    </p>
   </div>
   <div class='ocr_carea' id='block_1_16' title="bbox 1475 1720 1647 1724">
    <p class='ocr_par' dir='ltr' id='par_1_18' title="bbox 1475 1720 1647 1724">
     <span class='ocr_line' id='line_1_80' title="bbox 1475 1720 1647 1724; baseline 0 0"><span class='ocrx_word' id='word_1_432' title='bbox 1475 1720 1647 1724; x_wconf 95' lang='lat' dir='ltr'> </span> 
     </span>
    </p>
   </div>
   <div class='ocr_carea' id='block_1_17' title="bbox 1518 1795 1604 1827">
    <p class='ocr_par' dir='ltr' id='par_1_19' title="bbox 1518 1795 1604 1827">
     <span class='ocr_line' id='line_1_81' title="bbox 1518 1795 1604 1827; baseline -0.012 0"><span class='ocrx_word' id='word_1_433' title='bbox 1518 1795 1604 1827; x_wconf 79' lang='lat' dir='ltr'>LVII.</span> 
     </span>
    </p>
   </div>
   <div class='ocr_carea' id='block_1_18' title="bbox 1199 1875 1934 1972">
    <p class='ocr_par' dir='ltr' id='par_1_20' title="bbox 1199 1875 1934 1972">
     <span class='ocr_line' id='line_1_82' title="bbox 1199 1875 1934 1917; baseline -0.005 -9"><span class='ocrx_word' id='word_1_434' title='bbox 1199 1876 1408 1917; x_wconf 74' lang='lat' dir='ltr'>Confirmatio</span> <span class='ocrx_word' id='word_1_435' title='bbox 1439 1875 1696 1917; x_wconf 70' lang='lat' dir='ltr'>couqreqatiom‘s</span> <span class='ocrx_word' id='word_1_436' title='bbox 1728 1884 1823 1916; x_wconf 76' lang='lat' dir='ltr'>super</span> <span class='ocrx_word' id='word_1_437' title='bbox 1846 1876 1934 1905; x_wconf 75' lang='lat' dir='ltr'>statu</span> 
     </span>
     <span class='ocr_line' id='line_1_83' title="bbox 1240 1927 1845 1972; baseline -0.003 -12"><span class='ocrx_word' id='word_1_438' title='bbox 1240 1928 1458 1972; x_wconf 55' lang='lat' dir='ltr'>ressulart&#39;uQ</span> <span class='ocrx_word' id='word_1_439' title='bbox 1486 1929 1618 1972; x_wconf 75' lang='lat' dir='ltr'>eiusque</span> <span class='ocrx_word' id='word_1_440' title='bbox 1641 1927 1845 1970; x_wconf 74' lang='lat' dir='ltr'>facultatum.</span> 
     </span>
    </p>
   </div>
   <div class='ocr_carea' id='block_1_19' title="bbox 1317 2008 1809 2086">
    <p class='ocr_par' dir='ltr' id='par_1_21' title="bbox 1317 2008 1809 2086">
     <span class='ocr_line' id='line_1_84' title="bbox 1418 2008 1713 2041; baseline -0.003 -6"><span class='ocrx_word' id='word_1_441' title='bbox 1418 2009 1550 2036; x_wconf 78' lang='lat' dir='ltr'>clemens</span> <span class='ocrx_word' id='word_1_442' title='bbox 1570 2009 1648 2041; x_wconf 84' lang='lat' dir='ltr'>Papa</span> <span class='ocrx_word' id='word_1_443' title='bbox 1668 2008 1713 2039; x_wconf 83' lang='lat' dir='ltr'>IX,</span> 
     </span>
     <span class='ocr_line' id='line_1_85' title="bbox 1317 2052 1809 2086; baseline -0.008 -6"><span class='ocrx_word' id='word_1_444' title='bbox 1317 2054 1352 2080; x_wconf 87' lang='lat' dir='ltr'>ad</span> <span class='ocrx_word' id='word_1_445' title='bbox 1368 2056 1544 2086; x_wconf 72' lang='lat' dir='ltr'>perpetuam</span> <span class='ocrx_word' id='word_1_446' title='bbox 1563 2053 1607 2079; x_wconf 83' lang='lat' dir='ltr'>rei</span> <span class='ocrx_word' id='word_1_447' title='bbox 1628 2052 1809 2078; x_wconf 81' lang='lat' dir='ltr'>memoriam.</span> 
     </span>
    </p>
   </div>
   <div class='ocr_carea' id='block_1_20' title="bbox 1243 2120 2090 2164">
    <p class='ocr_par' dir='ltr' id='par_1_22' title="bbox 1243 2120 2090 2164">
     <span class='ocr_line' id='line_1_86' title="bbox 1243 2120 2090 2164; baseline -0.008 -8"><span class='ocrx_word' id='word_1_448' title='bbox 1243 2124 1379 2156; x_wconf 76' lang='lat' dir='ltr'>iniuncti</span> <span class='ocrx_word' id='word_1_449' title='bbox 1406 2123 1498 2155; x_wconf 87' lang='lat' dir='ltr'>uobis</span> <span class='ocrx_word' id='word_1_450' title='bbox 1524 2123 1655 2155; x_wconf 85' lang='lat' dir='ltr'>caelitus</span> <span class='ocrx_word' id='word_1_451' title='bbox 1676 2120 1849 2164; x_wconf 87' lang='lat' dir='ltr'>pastoralis</span> <span class='ocrx_word' id='word_1_452' title='bbox 1867 2130 1934 2152; x_wconf 88' lang='lat' dir='ltr'>mu-</span> <span class='ocrx_word' id='word_1_453' title='bbox 1972 2125 2090 2146; x_wconf 65' lang='lat' dir='ltr'>Exordium</span> 
     </span>
    </p>
   </div>
   <div class='ocr_carea' id='block_1_21' title="bbox 1199 2173 1939 2642">
    <p class='ocr_par' dir='ltr' id='par_1_23' title="bbox 1199 2173 1939 2642">
     <span class='ocr_line' id='line_1_87' title="bbox 1200 2173 1935 2218; baseline -0.007 -9"><span class='ocrx_word' id='word_1_454' title='bbox 1200 2177 1286 2209; x_wconf 85' lang='lat' dir='ltr'>neris</span> <span class='ocrx_word' id='word_1_455' title='bbox 1311 2177 1392 2209; x_wconf 89' lang='lat' dir='ltr'>ratio</span> <span class='ocrx_word' id='word_1_456' title='bbox 1416 2177 1575 2218; x_wconf 81' lang='lat' dir='ltr'>postulat,</span> <span class='ocrx_word' id='word_1_457' title='bbox 1601 2180 1633 2206; x_wconf 91' lang='lat' dir='ltr'>ut</span> <span class='ocrx_word' id='word_1_458' title='bbox 1659 2179 1826 2216; x_wconf 88' lang='lat' dir='ltr'>paternam</span> <span class='ocrx_word' id='word_1_459' title='bbox 1852 2173 1935 2205; x_wconf 79' lang='lat' dir='ltr'>viro-</span> 
     </span>
     <span class='ocr_line' id='line_1_88' title="bbox 1199 2227 1936 2271; baseline -0.007 -9"><span class='ocrx_word' id='word_1_460' title='bbox 1199 2241 1268 2262; x_wconf 86' lang='lat' dir='ltr'>rum</span> <span class='ocrx_word' id='word_1_461' title='bbox 1295 2228 1503 2271; x_wconf 74' lang='lat' dir='ltr'>regularium,</span> <span class='ocrx_word' id='word_1_462' title='bbox 1523 2227 1576 2270; x_wconf 84' lang='lat' dir='ltr'>qui</span> <span class='ocrx_word' id='word_1_463' title='bbox 1595 2228 1793 2269; x_wconf 73' lang='lat' dir='ltr'>abnegantes</span> <span class='ocrx_word' id='word_1_464' title='bbox 1819 2231 1936 2258; x_wconf 84' lang='lat' dir='ltr'>semet-</span> 
     </span>
     <span class='ocr_line' id='line_1_89' title="bbox 1201 2278 1936 2325; baseline -0.007 -10"><span class='ocrx_word' id='word_1_465' title='bbox 1201 2284 1289 2325; x_wconf 85' lang='lat' dir='ltr'>ipsos</span> <span class='ocrx_word' id='word_1_466' title='bbox 1308 2281 1460 2314; x_wconf 76' lang='lat' dir='ltr'>Altissimi</span> <span class='ocrx_word' id='word_1_467' title='bbox 1479 2280 1645 2322; x_wconf 85' lang='lat' dir='ltr'>obsequiis</span> <span class='ocrx_word' id='word_1_468' title='bbox 1667 2290 1737 2311; x_wconf 83' lang='lat' dir='ltr'>sese</span> <span class='ocrx_word' id='word_1_469' title='bbox 1763 2279 1821 2311; x_wconf 90' lang='lat' dir='ltr'>sub</span> <span class='ocrx_word' id='word_1_470' title='bbox 1847 2278 1936 2311; x_wconf 88' lang='lat' dir='ltr'>suavi</span> 
     </span>
     <span class='ocr_line' id='line_1_90' title="bbox 1201 2331 1938 2377; baseline -0.007 -9"><span class='ocrx_word' id='word_1_471' title='bbox 1201 2335 1368 2377; x_wconf 71' lang='lat' dir='ltr'>religionis</span> <span class='ocrx_word' id='word_1_472' title='bbox 1395 2334 1468 2376; x_wconf 68' lang='lat' dir='ltr'>iugo</span> <span class='ocrx_word' id='word_1_473' title='bbox 1499 2333 1720 2372; x_wconf 74' lang='lat' dir='ltr'>devoverunt,</span> <span class='ocrx_word' id='word_1_474' title='bbox 1747 2331 1938 2364; x_wconf 85' lang='lat' dir='ltr'>sollicitudi-</span> 
     </span>
     <span class='ocr_line' id='line_1_91' title="bbox 1200 2385 1938 2429; baseline -0.008 -8"><span class='ocrx_word' id='word_1_475' title='bbox 1200 2398 1273 2420; x_wconf 87' lang='lat' dir='ltr'>nem</span> <span class='ocrx_word' id='word_1_476' title='bbox 1300 2391 1457 2429; x_wconf 78' lang='lat' dir='ltr'>gerentes,</span> <span class='ocrx_word' id='word_1_477' title='bbox 1474 2396 1522 2425; x_wconf 84' lang='lat' dir='ltr'>ea‚</span> <span class='ocrx_word' id='word_1_478' title='bbox 1542 2396 1623 2428; x_wconf 85' lang='lat' dir='ltr'>quae</span> <span class='ocrx_word' id='word_1_479' title='bbox 1638 2396 1696 2428; x_wconf 92' lang='lat' dir='ltr'>pro</span> <span class='ocrx_word' id='word_1_480' title='bbox 1714 2385 1797 2417; x_wconf 85' lang='lat' dir='ltr'>felici</span> <span class='ocrx_word' id='word_1_481' title='bbox 1824 2394 1938 2416; x_wconf 89' lang='lat' dir='ltr'>eorum</span> 
     </span>
     <span class='ocr_line' id='line_1_92' title="bbox 1201 2436 1938 2479; baseline -0.008 -7"><span class='ocrx_word' id='word_1_482' title='bbox 1201 2446 1283 2473; x_wconf 86' lang='lat' dir='ltr'>statu</span> <span class='ocrx_word' id='word_1_483' title='bbox 1316 2438 1561 2477; x_wconf 76' lang='lat' dir='ltr'>conservando,</span> <span class='ocrx_word' id='word_1_484' title='bbox 1587 2437 1870 2479; x_wconf 79' lang='lat' dir='ltr'>restituendaque,</span> <span class='ocrx_word' id='word_1_485' title='bbox 1899 2436 1938 2467; x_wconf 87' lang='lat' dir='ltr'>si-</span> 
     </span>
     <span class='ocr_line' id='line_1_93' title="bbox 1201 2487 1939 2533; baseline -0.008 -8"><span class='ocrx_word' id='word_1_486' title='bbox 1201 2493 1273 2525; x_wconf 89' lang='lat' dir='ltr'>cubi</span> <span class='ocrx_word' id='word_1_487' title='bbox 1300 2491 1423 2531; x_wconf 75' lang='lat' dir='ltr'>excidit,</span> <span class='ocrx_word' id='word_1_488' title='bbox 1451 2490 1590 2533; x_wconf 73' lang='lat' dir='ltr'>regulari</span> <span class='ocrx_word' id='word_1_489' title='bbox 1617 2489 1795 2532; x_wconf 76' lang='lat' dir='ltr'>disciplina,</span> <span class='ocrx_word' id='word_1_490' title='bbox 1829 2498 1863 2519; x_wconf 87' lang='lat' dir='ltr'>ac</span> <span class='ocrx_word' id='word_1_491' title='bbox 1892 2487 1939 2519; x_wconf 89' lang='lat' dir='ltr'>iu-</span> 
     </span>
     <span class='ocr_line' id='line_1_94' title="bbox 1200 2541 1937 2583; baseline -0.009 -4"><span class='ocrx_word' id='word_1_492' title='bbox 1200 2546 1312 2579; x_wconf 86' lang='lat' dir='ltr'>vandis</span> <span class='ocrx_word' id='word_1_493' title='bbox 1338 2544 1555 2578; x_wconf 84' lang='lat' dir='ltr'>laudabilibus</span> <span class='ocrx_word' id='word_1_494' title='bbox 1574 2553 1683 2575; x_wconf 89' lang='lat' dir='ltr'>eorum</span> <span class='ocrx_word' id='word_1_495' title='bbox 1713 2541 1824 2573; x_wconf 88' lang='lat' dir='ltr'>studiis</span> <span class='ocrx_word' id='word_1_496' title='bbox 1842 2546 1937 2583; x_wconf 86' lang='lat' dir='ltr'>atque</span> 
     </span>
     <span class='ocr_line' id='line_1_95' title="bbox 1202 2593 1936 2642; baseline -0.011 -10"><span class='ocrx_word' id='word_1_497' title='bbox 1202 2598 1428 2642; x_wconf 75' lang='lat' dir='ltr'>progressibus</span> <span class='ocrx_word' id='word_1_498' title='bbox 1474 2608 1491 2629; x_wconf 91' lang='lat' dir='ltr'>a</span> <span class='ocrx_word' id='word_1_499' title='bbox 1530 2595 1681 2628; x_wconf 83' lang='lat' dir='ltr'>Romanis</span> <span class='ocrx_word' id='word_1_500' title='bbox 1727 2593 1936 2626; x_wconf 67' lang='lat' dir='ltr'>Pontificibus</span> 
     </span>
    </p>
   </div>
  </div>
 </body>
</html>
