2247 3208
133 222 180 249 An.
199 221 228 249 C.
252 221 320 248 ¹669

962 216 1104 241 CLEMENS
1128 218 1157 241 lx
1182 219 1229 242 Pr.

321 278 466 312 proprio,
485 278 520 300 ac
545 278 580 300 ex
609 271 694 299 certa
721 266 852 299 scientia
877 272 904 299 et
932 267 1057 298 matura

322 320 554 354 deliberatione
580 321 709 359 nostris,
730 320 834 362 deque
861 319 1057 362 apostolicae

321 373 489 416 potcstatis
514 373 737 416 plenitudine,
759 372 1056 416 apprehensionem

320 427 535 470 possessionis
578 427 746 459 domorum
787 425 985 468 regularium
1026 430 1057 457 et

320 485 538 512 com-entuum
560 479 590 511 in
613 480 738 517 ducatu,
758 478 843 512 Statu
864 484 892 510 et
914 477 1056 510 dominio

321 532 553 565 Mediolanensi
573 532 723 575 praefati<
740 530 994 569 consistentium,
1014 540 1057 562 rc·

321 596 457 628 rmuquc
485 591 515 618 et
533 586 690 622 bonorum
705 584 743 616 ad
764 584 833 617 illas
852 589 883 616 et
901 584 971 615 illos
989 594 1056 625 spe-

320 638 474 671 ctantium
501 648 785 681 quorumcumque,
810 646 935 668 necnon
968 646 1056 668 amo-

321 691 439 723 tionem
469 691 762 723 administratorum
787 701 803 721 a
829 691 974 721 locorum
999 688 1056 722 Or-

320 743 453 776 dinariis
479 749 513 775 ut
537 743 715 786 praefertur
752 737 999 784 deputatorum,
1025 746 1057 773 et

320 797 381 829 alia
417 805 635 839 quamcumque
674 806 691 828 a
723 800 899 828 memorato
937 794 1054 826 Ioanne

319 849 416 882 Paulo
431 859 611 881 oeconomo
629 848 784 891 generali,
802 857 856 880 seu
872 847 939 879 eius
956 847 1052 886 iussu,

318 902 468 935 mandato
495 902 545 934 vel
571 901 703 934 nomine
730 912 747 934 a
774 900 940 944 quibusvis
966 900 1052 941 aliis,

318 954 413 987 etiam
438 954 569 998 speciali
596 960 627 987 et
651 953 816 988 individua
841 953 1005 986 mentione
1024 959 1056 986 et

318 1007 525 1050 expressione
541 1006 657 1050 dignis,
674 1007 706 1039 in
726 1006 909 1050 praemissis
927 1013 957 1038 et
972 1008 1055 1038 circa

318 1071 354 1092 ea
379 1060 683 1103 quomodocumque
716 1065 746 1092 et
775 1060 1052 1103 qualitercumque

318 1114 407 1152 facta,
427 1118 506 1152 acta,
530 1118 632 1155 gesta,
660 1112 814 1156 disposita
841 1119 872 1145 et
896 1113 1053 1152 mandata,
1073 1133 1076 1157 :⁴

317 1177 353 1197 ac
372 1166 478 1198 forsan
505 1165 537 1197 in
559 1166 696 1197 futurum
721 1165 789 1198 sine
807 1165 936 1208 speciali
955 1171 986 1198 et
1003 1176 1054 1198 ex—

317 1229 428 1261 presso
461 1223 574 1251 nostro
600 1223 631 1250 et
656 1219 757 1252 dictae
783 1218 875 1250 Sedis
900 1218 1052 1251 mandato

318 1271 475 1309 facienda,
502 1271 658 1313 gerenda,
690 1271 823 1313 agenda,
852 1271 1054 1313 disponenda

317 1329 348 1356 et
373 1324 570 1363 mandanda,
597 1334 666 1356 cum
693 1324 840 1356 omnibus
867 1329 895 1356 et
919 1323 1051 1366 singulis
1073 1332 1075 1356 ὲ

1102 266 1215 298 bentes
1244 277 1301 299 seu
1328 268 1449 302 habere
1476 270 1725 312 quomodolibet
1748 281 1839 315 prae-

1102 319 1283 360 tendentes,
1299 319 1363 353 illis
1382 331 1446 354 non
1467 323 1705 362 consenserint,
1722 334 1780 357 nec
1798 325 1837 358 ad

1102 381 1139 403 ea
1158 372 1271 411 vocati,
1289 373 1375 406 citati
1398 379 1429 406 et
1447 374 1558 414 auditi,
1581 385 1685 418 neque
1710 386 1836 416 causae,

1100 430 1237 466 propter
1255 436 1332 468 quas
1352 433 1542 469 praesentes
1559 435 1761 468 emanarunt,
1784 430 1838 462 ad-

1100 476 1236 517 ductae,
1270 478 1450 512 veriticatae
1475 486 1528 512 aut
1553 480 1744 515 iustificatae
1770 482 1837 515 fue·

1099 528 1178 569 rint,
1206 531 1296 563 nullo
1322 541 1463 574 unquam
1492 538 1637 576 [empore
1661 534 1700 567 de
1725 536 1836 568 subre-

1099 582 1217 624 ptionis
1242 584 1290 616 vel
1317 584 1518 627 obreptionis
1540 592 1594 618 aut
1618 587 1774 620 nullitatis
1793 589 1836 621 ri-

1100 635 1152 673 tio,
1173 646 1229 668 seu
1248 636 1436 670 intentionis
1460 644 1589 671 nostrae
1608 646 1661 672 aut
1677 640 1835 675 interesse

1099 687 1287 721 habentium
1325 700 1520 730 consensus,
1551 692 1654 725 aliove
1689 694 1836 736 quolibet

1098 739 1194 772 etiam
1214 741 1416 783 quantumvis
1435 742 1562 776 formali
1576 750 1608 775 et
1628 745 1834 779 substantiali

1098 803 1133 824 ac
1158 793 1334 835 incogitato
1369 800 1401 826 et
1433 794 1673 838 inexcogitabili
1710 798 1834 831 defectu

1096 846 1212 886 notari,
1238 846 1428 889 impugnari,
1445 848 1588 891 infringi,
1606 851 1781 891 retractari,
1801 852 1833 884 in

1097 899 1348 932 controversiam
1380 901 1486 933 vocari
1520 912 1576 934 seu
1610 903 1648 934 ad
1676 905 1832 937 terminos

1097 950 1176 984 iuris
1191 952 1313 991 reduci,
1325 958 1379 985 aut
1390 953 1542 986 adversus
1557 954 1627 987 illas
1641 956 1832 998 aperitionis

1097 1005 1171 1044 oriS,
1201 1006 1415 1039 restitutionis
1443 1007 1475 1039 in
1504 1007 1678 1050 integrum,
1705 1009 1833 1043 aliudve

1097 1058 1322 1102 quodcumque
1348 1059 1436 1099 iuris,
1465 1060 1537 1092 facti
1562 1062 1611 1094 vel
1636 1062 1756 1104 gratiae
1783 1073 1833 1095 re-

1097 1111 1239 1143 medium
1264 1111 1417 1144 intentari
1436 1114 1484 1145 vel
1501 1113 1679 1156 impetrari,
1698 1125 1755 1147 seu
1773 1115 1832 1148 im-

1073 1161 1074 1182 ³
1096 1169 1232 1206 petrato,
1256 1170 1310 1197 aut
1334 1166 1430 1198 etiam
1448 1172 1550 1205 motu,
1571 1166 1703 1199 scientia
1729 1173 1760 1200 et
1778 1178 1833 1211 po-

1097 1217 1220 1250 tcstatis
1238 1218 1441 1261 plenitudine
1456 1218 1588 1262 paribus
1605 1230 1759 1252 concesso
1781 1222 1830 1254 vel

1097 1276 1244 1303 emanato
1270 1271 1451 1314 quempiam
1473 1271 1504 1304 in
1527 1272 1646 1305 iudicio
1671 1275 1720 1306 vel
1742 1280 1832 1307 extra

1096 1324 1175 1356 illud
1193 1324 1237 1356 uti
1258 1334 1313 1356 seu
1331 1335 1364 1357 se
1382 1324 1490 1357 iuvare
1511 1326 1578 1358 ullo
1603 1326 1698 1358 modo
1724 1336 1828 1368 posse,

1744 213 1807 247 785
1852 226 1900 250 Ao.
1917 223 1945 250 c.
1970 224 2035 250 ivea

316 1376 391 1409 inde
417 1376 561 1419 sequutis
587 1383 618 1408 et
642 1377 909 1419 quandocumque
935 1386 1053 1419 sequu-
1073 1368 1074 1410 l
1096 1377 1152 1409 sed
1170 1377 1256 1419 ipsas
1274 1383 1464 1419 praesentes
1490 1377 1614 1410 litteras
1635 1388 1764 1421 semper
1784 1378 1832 1411 fir·

318 1429 393 1461 turis
409 1455 416 1469 ,
449 1429 577 1472 penitus
610 1433 641 1461 et
674 1429 806 1462 omnino
841 1430 944 1469 nulla,
971 1430 1053 1462 indi·
1073 1423 1076 1452 l
1095 1441 1172 1469 mas,
1193 1430 1313 1462 validas
1331 1435 1361 1462 et
1379 1429 1523 1462 efficaces
1546 1430 1683 1463 existere
1703 1436 1734 1463 et
1751 1432 1831 1471 fore,

315 1482 428 1522 valida,
450 1482 548 1521 irrita,
574 1481 700 1517 frivola.
724 1482 851 1522 inania,
879 1493 914 1515 ac
945 1494 961 1515 a
987 1493 1052 1516 non
1072 1481 1074 1523 l
1095 1493 1235 1525 suosque
1268 1482 1430 1525 plenarios
1461 1487 1493 1514 et
1522 1482 1666 1525 integros
1700 1483 1831 1518 effectus

316 1535 455 1567 habente
474 1540 667 1578 potestatem
693 1541 848 1568 attentata
862 1541 893 1568 et
913 1537 950 1568 de
969 1538 1051 1569 tacto
1072 1527 1074 1575 l
1095 1537 1201 1568 sortiri
1228 1543 1259 1569 et
1283 1536 1440 1575 obtinere,
1461 1547 1496 1568 ac
1521 1537 1560 1569 ab
1585 1537 1660 1575 illis,
1681 1538 1720 1570 ad
1748 1549 1829 1581 quos

316 1593 530 1631 praesumpta,
546 1587 730 1630 nulliusque
750 1588 885 1627 roboris,
899 1589 1051 1621 momenti
1072 1579 1074 1622 l
1095 1594 1220 1631 spectat
1241 1594 1273 1621 et
1292 1588 1460 1631 spectabit,
1477 1588 1708 1621 inviolabiliter
1733 1595 1765 1622 et
1782 1590 1831 1623 in-

316 1647 347 1674 ct
372 1639 530 1672 efficaciae
557 1650 629 1672 esse
654 1646 685 1673 et
710 1641 749 1672 ab
775 1640 865 1672 initio
892 1641 989 1673 fuisse
1022 1647 1053 1674 et
1095 1652 1254 1673 concusso
1279 1641 1456 1679 observari,
1475 1641 1585 1684 sicque
1608 1647 1639 1674 et
1655 1652 1719 1675 non
1737 1643 1831 1676 aliter

315 1698 474 1736 perpetuo
500 1693 584 1731 fore,
616 1698 727 1726 tenore
753 1693 969 1735 praesentium
997 1694 1051 1726 de-
1071 1691 1073 1732 ξ
1094 1693 1126 1725 in
1152 1693 1340 1736 praemissis
1364 1704 1425 1736 per
1460 1704 1680 1736 quoscumque
1706 1694 1829 1728 iudices

317 1746 482 1779 cernimus
516 1752 548 1778 et
572 1746 792 1785 declaramus;
820 1757 866 1786 ae,
891 1747 929 1778 ad
954 1747 1052 1779 maio·
1071 1746 1073 1800 ἶΙ
1095 1746 1276 1779 ordinarios
1291 1752 1323 1778 et
1345 1747 1524 1788 delegatos,
1544 1747 1639 1778 etiam
1661 1758 1830 1782 causarum

317 1809 384 1833 rem
401 1805 431 1831 et
448 1799 717 1831 abundantiorem
736 1801 906 1839 cautelam,
925 1805 956 1831 et
977 1810 1052 1842 qua-
1071 1813 1073 1842 ,¹
1095 1799 1203 1842 palatii
1229 1800 1400 1843 apostolici
1426 1800 1600 1840 auditores,
1622 1812 1658 1834 ae
1682 1802 1712 1834 S.
1736 1802 1772 1834 R.
1793 1801 1827 1834 E.

316 1857 408 1884 tenus
435 1862 516 1894 opus
549 1851 604 1892 sit,
638 1851 694 1884 illa
721 1852 829 1884 omnia
855 1858 886 1884 et
910 1852 1050 1894 singula,
1071 1851 1072 1889 J
1094 1853 1552 1892 ca1·dinales‚etiamdelatere
1569 1855 1830 1897 legatos‚aliosvo

317 1909 477 1948 quatenus.
502 1904 540 1936 de
559 1904 641 1936 facto
659 1910 887 1947 processerunt
905 1915 958 1936 seu
977 1915 1052 1948 pro·
1095 1905 1255 1948 quoslibet
1281 1916 1483 1948 quacumque
1515 1907 1771 1949 praeeminentia
1799 1914 1831 1940 et

316 1957 434 1990 cedent
447 1957 478 1988 in
494 1957 644 1996 futurum,
659 1967 856 1997 revocamus,
874 1967 1049 1997 cassamus,
1071 1954 1072 1995 s
1094 1963 1255 2001 potestate
1273 1958 1442 2001 fungentes
1459 1964 1490 1991 et
1510 1959 1688 1999 functurOS,
1706 1961 1831 1993 sublata

316 2009 476 2042 irritamus
502 2015 534 2042 et
557 2011 781 2048 annullamus,
807 2011 994 2053 viribusque
1021 2017 1073 2043 et·
1095 2011 1139 2043 eis
1163 2011 1272 2054 quavis
1298 2011 1391 2044 aliter
1415 2011 1578 2044 iudicandi
1608 2018 1639 2045 et
1669 2013 1830 2056 interpre-

317 2062 430 2095 etl'ectu
456 2062 585 2106 penitus
611 2069 641 2096 et
666 2063 797 2096 omnino
826 2074 994 2097 vacuamus
1018 2064 1051 2097 in
1071 2078 1073 2107 ς
1095 2064 1181 2096 tandi
1212 2064 1360 2096 facultate
1394 2070 1425 2096 et
1457 2065 1666 2105 auctoritate,
1695 2065 1828 2099 iudicari

316 2115 465 2148 omnibus
497 2121 527 2148 et
552 2126 611 2158 per
642 2116 751 2148 onmia
787 2116 924 2158 perinde
961 2127 997 2148 ac
1024 2117 1051 2149 si
1094 2122 1124 2149 et
1142 2116 1267 2149 definiri
1297 2117 1435 2157 debere,
1463 2128 1500 2150 ac
1525 2117 1653 2150 irritum
1678 2124 1709 2150 et
1734 2118 1829 2151 inane

316 2179 481 2211 nunquam
507 2169 588 2201 facta
617 2167 752 2201 fuissent
781 2180 836 2201 seu
867 2169 1053 2202 evenissent
1071 2179 1073 2210 ς
1094 2170 1120 2202 si
1146 2180 1238 2202 secus
1265 2180 1363 2213 super
1388 2169 1438 2202 his
1462 2181 1479 2202 a
1500 2181 1682 2213 quoquam,
1717 2171 1828 2214 quavis

317 2231 374 2253 nec
398 2232 550 2264 rmquam
576 2222 682 2254 forent
706 2222 756 2254 vel
782 2222 960 2255 evenirent.
1071 2215 1073 2270 l
1094 2222 1296 2262 aucroritate,
1315 2222 1455 2255 scienter
1470 2224 1519 2256 vel
1537 2222 1734 2266 ignoranter,
1754 2234 1830 2257 con-

359 2273 374 2316 §
398 2273 429 2306 3.
449 2274 665 2306 Decernentes
682 2274 804 2317 pariter
817 2275 943 2307 easdem
958 2286 1052 2318 prae·
1095 2274 1228 2318 tingerit
1251 2275 1413 2307 attentari.

317 2332 426 2358 sentes
452 2326 576 2358 litteras
601 2331 632 2359 et
657 2327 689 2359 in
714 2327 759 2359 eis
784 2332 935 2360 contenta
960 2337 1073 2370 quae-t
1138 2328 1153 2370 ἓ
1178 2326 1209 2359 4.
1237 2326 1306 2359 Non
1328 2327 1546 2368 obstantibus,
1568 2334 1724 2372 quatenus
1748 2340 1830 2372 opus
1841 2333 2025 2365 cantaminum.

317 2388 463 2421 cumque,
491 2378 586 2411 etiam
612 2389 646 2411 ex
667 2389 704 2411 eo
725 2380 812 2422 quod
837 2380 939 2412 dictus
963 2380 1053 2413 Ioan—
1072 2378 1073 2389 ¹
1095 2380 1143 2419 sit,
1161 2381 1274 2412 nostra
1290 2384 1323 2412 et
1339 2380 1550 2414 cancellariae
1572 2382 1769 2424 apostolicae
1786 2392 1829 2415 re-

317 2441 374 2464 nes
401 2431 515 2464 Paulus
541 2441 742 2464 oeconomus
761 2433 923 2474 generalis
943 2438 975 2465 et
999 2433 1051 2465 alii
1096 2434 1167 2475 gula
1186 2433 1224 2465 de
1246 2443 1311 2465 non
1329 2432 1474 2466 tollendo
1493 2433 1562 2466 iure
1576 2434 1729 2476 quaesito,
1745 2434 1830 2467 aliis-

317 2483 468 2527 quilibet,
485 2484 713 2527 cuiuscumque
730 2490 843 2523 status,
860 2486 987 2527 gradus,
1004 2497 1054 2518 or·
1072 2476 1074 2537 Ξ
1096 2496 1158 2528 que
1192 2485 1478 2517 constitutionibus
1509 2491 1541 2518 et
1571 2486 1830 2519 ordinationibus

318 2536 410 2576 diuis,
437 2536 710 2579 praeeminentiae
737 2542 767 2568 ct
793 2537 957 2578 dignitatis
989 2538 1074 2570 exi-¹
1097 2537 1294 2580 apostolicis,
1317 2547 1445 2569 necnon
1471 2537 1646 2580 quibusvis,
1666 2538 1762 2570 etiam
1788 2538 1831 2570 iu·

318 2593 413 2626 stant,
434 2588 465 2619 in
484 2588 670 2630 praemissi<
691 2589 796 2620 forsan
814 2589 973 2621 interesse
996 2590 1053 2623 ha-
1072 2599 1075 2630 ῃ
1097 2596 1264 2626 ramento.
1289 2589 1534 2623 confirmatione
1559 2591 1735 2632 apostolica
1749 2617 1757 2632 ‚
1782 2592 1830 2625 vel

407 2651 484 2682 butt.
505 2650 588 2677 Rom.
605 2665 638 2669 —
660 2651 714 2675 i'ot.
739 2651 756 2675 λ
768 2650 826 2677 Vll.
971 2651 1005 2678 99

121 2281 233 2301 cun-nuo
245 2288 304 2307 prae>

120 2311 248 2328 SUrV-lllfsse.
