2247 3208
160 218 200 246 An
229 216 257 246 C.
282 218 349 246 {061

209 282 342 302 (innantium

158 309 275 334 dui-ugano.

184 442 295 462 [tt-erutum
315 442 341 462 ir-

158 473 231 490 filans.

191 1810 306 1836 Expositio.

196 2335 307 2355 nat-,rutum
316 2339 352 2353 ca-

169 2362 229 2388 pitul·
241 2361 352 2387 generalis.
399 2379 406 2384 ,

949 217 1139 243 ᾸΪΈΧᾸΝΒΕΗ
1161 218 1207 242 VH
1233 217 1281 242 ΡΙ).

399 267 415 311 ἓ
440 266 471 300 3.
490 266 560 300 Non
579 266 786 300 obstantibus
805 267 1090 301 constitutionibus

353 326 386 353 et
409 321 668 354 ordinationibus
687 321 882 364 apostolicis,
904 321 1091 362 ceterisque

353 374 528 407 contrariis
555 374 834 417 quibuscumque.

396 426 411 469 ξ
435 425 467 459 4.
493 425 579 459 Nulli
606 436 683 468 ergo
709 426 843 460 omnino
867 426 1035 459 hominum
1055 424 1093 457 li-

353 484 423 511 ceat
438 479 497 511 bac
514 479 664 521 paginam
682 484 811 512 nostrae
830 477 1090 522 approbationis,

353 531 442 572 iussi,
469 531 656 572 voluntatis,
683 530 988 569 dismembrationis,
1006 539 1092 572 sepa-

352 584 500 624 rationis,
527 584 710 624 ercctionis,
736 582 959 621 institutionis,
981 592 1093 625 appro-

352 636 493 670 bationis
509 664 516 677 ‚
551 635 797 679 adscriptionis,
837 634 1066 678 assignationis
1082 661 1089 673 ‚

353 689 571 723 concessionis
596 695 628 721 et
651 687 880 731 impartitionis
903 687 1092 729 infringere,

351 743 401 775 vel
426 742 455 774 ei
481 752 558 774 ausu
577 740 748 775 temerario
766 739 947 778 contraire',
967 739 992 771 si
1019 739 1090 782 quis

353 800 458 827 autem
476 794 537 827 hoc
555 799 712 826 attentare.
731 792 991 836 praesumpserit,
1015 791 1093 824 indi-

352 847 537 889 gnationem
563 845 796 888 omnipotentis
828 845 883 877 Dei
917 855 953 877 ac
981 845 1094 876 beato-

351 909 421 932 rum
446 899 529 931 Petri
556 905 586 931 et
610 899 700 931 Pauli
726 899 946 941 apostolorum
965 897 1034 930 eins
1058 907 1091 930 se

352 953 478 986 noverit
500 953 715 984 incursurum.

395 1006 512 1038 Datum
538 1004 679 1045 Romae,
706 1006 790 1049 apud
816 1005 846 1038 S.
875 1005 1005 1037 Mariam
1032 1004 1095 1037 Ma-

353 1059 483 1098 iorem⁷
522 1068 606 1091 anno
640 1058 874 1091 incarnationis
911 1057 1093 1091 dominicae

353 1120 502 1151 nnetxm
518 1121 548 1144 n·
568 1111 640 1144 idus
666 1111 861 1151 novembris,
883 1110 1093 1154 pontificatus

353 1165 458 1197 nostri
489 1174 574 1197 anno
599 1175 628 1197 x.

390 1225 447 1253 Dat.
469 1226 513 1252 die
529 1226 563 1253 10
578 1225 732 1252 novembris
751 1226 828 1260 1664,
846 1225 940 1260 pontif.
957 1233 1028 1252 anno
1048 1233 1075 1252 x.

655 1367 788 1400 CDXCV.

356 1447 564 1490 Confirmatio
592 1447 709 1479 statuti
742 1456 839 1489 super
862 1446 1094 1479 commissoriis

399 1501 622 1534 visitatoribus
637 1500 883 1543 provinciarzmz
900 1500 1051 1533 Baeticae
1066 1504 1094 1532 el

399 1554 608 1596 Leqiunensis
623 1553 711 1584 tertii
725 1551 860 1585 Ordinis
873 1553 978 1584 sancti
992 1552 1021 1584 F
1022 1562 1094 1584 ran-

400 1607 477 1639 ciscz'
501 1607 537 1638 in
561 1605 705 1649 capitulo
728 1605 876 1648 ρεπεν-(τῦ
900 1605 979 1638 editi
994 1603 1013 1637 ¹.

551 1685 716 1712 Alexander
741 1685 817 1718 Papa
837 1685 900 1716 VII,

503 1730 539 1756 ad
559 1730 691 1756 futuram
710 1730 755 1756 rei
770 1729 948 1756 memoriam.

403 1801 418 1843 ξ,
442 1800 472 1832 ’1.
500 1800 622 1842 Evponi
649 1800 744 1832 nobis
762 1810 868 1842 nuper
888 1800 1033 1832 fecerunt
1049 1800 1096 1832 di—

359 1853 435 1886 lecti
461 1853 515 1885 filii
544 1853 659 1884 fratres
684 1853 925 1895 provinciarum
948 1853 1094 1885 Baeticae

360 1911 391 1938 et
403 1905 616 1948 Legionensis
633 1904 719 1936 tertii
737 1904 866 1936 Ordinis
885 1905 985 1936 sancti
1002 1905 1097 1937 Fran-

360 1958 436 1991 cisci
462 1958 549 2001 quod
576 1957 667 1995 alias,
689 1957 841 1989 videlicet
865 1957 917 1990 die
941 1968 998 1990 xxx
1023 1957 1095 1989 maii

358 2011 505 2055 proxime
526 2010 706 2054 praeteriti,
725 2009 758 2042 in
783 2009 926 2052 capitulo
951 2010 1095 2052 generali

358 2062 487 2096 Ordinis
513 2063 646 2095 fratrum
673 2062 830 2094 Minorum
855 2062 1001 2094 eiusdem
1026 2073 1098 2094 san-

359 2116 402 2149 cti
427 2115 590 2148 Francisei
625 2116 664 2147 de
690 2114 897 2148 Observantia
931 2125 1097 2158 nuncupa-

360 2174 476 2208 torum,
502 2169 618 2201 factum
644 2168 700 2200 fuit
718 2178 778 2211 pro
797 2167 950 2210 praefatis
967 2168 1098 2210 provin-

361 2221 418 2254 ciis
445 2221 573 2254 Baetica
597 2226 629 2254 et
653 2220 848 2263 Legionensi
874 2225 1031 2253 statutum
1057 2225 1098 2253 te-

361 2274 450 2306 noris
475 2274 528 2317 qui
554 2273 708 2316 sequitur,
726 2272 899 2306 videlicet:

412 2338 425 2357 «
452 2325 608 2358 Statuitur
633 2331 664 2358 et
693 2325 864 2358 ordinatur
892 2325 979 2368 quod
1012 2335 1099 2358 com-

363 2378 506 2411 missarii
532 2378 714 2411 visitatores
735 2377 821 2410 tertii
848 2375 977 2410 Ordinis
995 2378 1033 2411 dc
1051 2388 1101 2411 ce-

364 2437 434 2465 tero
459 2441 525 2464 non
542 2431 670 2474 possint
687 2430 807 2462 assumi
825 2431 863 2462 de
880 2429 1099 2471 observantia,

365 2485 422 2518 sed
447 2484 532 2528 quod
557 2483 674 2516 assumi
693 2484 833 2516 debeant
849 2483 888 2516 de
908 2483 978 2526 ipso
1005 2484 1100 2516 tertio

365 2537 494 2578 Ordine,
513 2537 556 2569 ita
574 2537 660 2580 quod
686 2546 745 2580 pro
771 2536 955 2569 visitatione
976 2535 1008 2568 in
1027 2546 1102 2579 qna-

404 2601 414 2628 1
432 2600 468 2628 Ex
483 2599 590 2635 Regest.
608 2599 633 2626 in
649 2599 750 2626 Secret.
767 2599 845 2626 Brev.

1771 207 1835 241 317)

1136 266 1215 299 libet
1233 266 1401 309 provincia
1418 266 1503 299 tertii
1523 265 1650 299 Ordinis
1669 266 1776 298 debito
1794 272 1872 297 tem-

1136 329 1217 362 pore
1243 320 1431 363 peragendti
1467 321 1615 362 designet
1640 319 1872 352 revertnidissi-

1136 382 1207 403 mus
1231 372 1335 404 virum
1372 372 1533 415 aliquem.
1563 373 1616 415 qui
1653 373 1691 404 sit
1727 373 1871 405 ciusdem

1134 424 1352 466 professionis
1378 429 1408 456 et
1432 424 1580 463 instituti,
1607 425 1736 457 alterius
1763 430 1871 456 tamen

1134 474 1331 519 provinciae,
1349 479 1444 510 talem
1462 477 1592 520 quidem
1611 479 1738 520 qualem
1754 483 1873 510 statuta

1135 530 1299 571 generalia
1335 531 1525 562 decernunt.
1554 530 1633 563 Casu
1670 537 1776 564 tamen
1810 541 1872 573 quo

1134 589 1199 614 non
1224 581 1425 615 inveniretur
1442 583 1588 615 visitator
1612 584 1748 616 idoneus
1766 584 1797 615 in
1814 590 1873 616 ter-

1134 634 1178 666 tio
1203 634 1332 674 Ordine,
1359 635 1474 678 poterit
1502 636 1619 668 assumi
1647 641 1679 669 et.
1703 648 1738 668 ex·
1765 637 1870 679 primo

1134 691 1165 719 et
1189 697 1226 719 ex
1251 687 1461 720 vicinioribus
1486 689 1672 731 provinciis.

1178 740 1192 783 ξς
1216 740 1247 772 02.
1276 740 1353 773 Cum
1379 746 1503 780 autem,
1528 741 1609 773 sicut
1636 743 1748 775 eadem
1774 753 1873 785 expo-

1134 793 1207 826 sitio
1233 793 1458 836 subhmgebat,
1481 794 1555 826 dicti
1583 792 1784 837 eipjanentes
1809 800 1872 827 sta—

1135 851 1239 878 tutum
1276 846 1483 883 huiusmodi,
1516 858 1580 890 quo
1614 847 1734 879 firmius
1769 849 1873 880 subsi-

1134 904 1217 944 stat,
1245 904 1277 932 et
1309 904 1455 932 servetur
1491 900 1645 939 exactius,
1672 901 1870 943 apostolicae

1135 958 1263 987 nostrae
1289 952 1545 985 confirmationis
1579 953 1757 995 patrm-into
1786 964 1873 985 com-

1134 1005 1253 1038 muniri
1267 1015 1472 1048 summopere
1489 1005 1701 1038 desiderentss:
1718 1015 1785 1044 nos,
1801 1016 1873 1049 spe-

1135 1057 1249 1091 cialem
1263 1057 1341 1100 ipsis
1361 1058 1600 1101 exponentibus
1615 1058 1751 1100 gratiam
1768 1059 1870 1091 facere

1135 1111 1294 1151 volentes,
1316 1116 1348 1143 et
1369 1121 1481 1144 eorum
1503 1111 1687 1153 singulares
1712 1122 1871 1154 personas

1135 1174 1152 1195 a
1170 1163 1336 1206 quibusvis
1361 1164 1717 1202 excommunicationis,
1737 1175 1873 1206 snspen-

1135 1217 1237 1250 sionis
1263 1222 1295 1249 et.
1311 1208 1484 1255 interdicti,
1511 1216 1647 1259 aliisque
1674 1217 1873 1249 ecclesiasti-

1135 1270 1181 1301 cis
1201 1269 1382 1308 sententiis,
1398 1269 1545 1301 censuris
1561 1274 1591 1301 et
1609 1269 1734 1311 poenis,
1761 1280 1777 1300 a
1804 1269 1871 1301 iure

1135 1323 1186 1355 vel
1219 1323 1258 1354 ab
1295 1322 1446 1361 homine,
1473 1321 1584 1364 quavis
1622 1322 1795 1354 occasione
1821 1322 1872 1354 vel

1135 1377 1232 1408 causa
1257 1375 1339 1414 latis,
1366 1375 1391 1407 si
1419 1374 1534 1417 quibus
1561 1375 1809 1417 q1101110d<›1ib‹2·t
1826 1375 1873 1406 in-

1135 1429 1275 1461 nodatae
1302 1427 1458 1466 existunt,
1485 1428 1524 1460 ad
1551 1426 1698 1459 ell‘ectum
1718 1434 1875 1470 praesen-

1134 1474 1214 1513 finni
1244 1481 1407 1513 dumtaxat
1440 1481 1727 1523 consequendum,
1757 1481 1873 1512 barum

1137 1534 1222 1567 serie
1255 1534 1464 1566 absolventes
1483 1538 1513 1565 ct
1531 1534 1691 1566 absolutas
1717 1533 1783 1566 fore
1801 1544 1875 1565 esni-

1137 1593 1254 1627 sentes,
1281 1586 1570 1630 supplicationilms
1605 1596 1716 1619 eorum
1742 1587 1874 1619 nomine

1137 1640 1231 1673 nobis
1257 1649 1357 1682 super
1382 1639 1445 1672 hoc
1462 1639 1630 1671 humiliter
1648 1639 1810 1682 porreetis
1832 1639 1875 1671 in-

1138 1693 1258 1731 clinati,
1278 1692 1316 1724 de
1336 1691 1570 1724 venerabilium
1590 1692 1723 1724 fratrum
1749 1698 1875 1724 nostro-

1139 1756 1208 1778 rnm
1233 1745 1264 1778 S.
1296 1745 1333 1777 R.
1364 1745 1398 1777 E.
1430 1745 1643 1777 eardinalimn
1680 1745 1820 1787 negotiis
1846 1751 1877 1776 et

1138 1797 1429 1830 consultationibus
1455 1797 1680 1839 el‘iiscoliiorum
1702 1802 1733 1829 et
1752 1798 1876 1838 regula-

1139 1850 1221 1882 rium
1252 1849 1515 1892 praepositorum
1552 1850 1712 1887 consilio,
1743 1845 1875 1881 attentis

1139 1903 1292 1941 narratis,
1312 1902 1550 1945 praeinserttnn
1576 1908 1738 1939 stannum,
1765 1908 1875 1934 aucto-

1139 1955 1233 1987 ritate
1261 1953 1451 1998 apostolica,
1482 1960 1595 1986 tenore
1628 1954 1873 1997 praesentium,

1138 2008 1280 2050 benigne
1306 2007 1523 2050 approbamus
1558 2012 1589 2039 et
1625 2006 1874 2045 contirmanms,

1140 2061 1234 2103 eique
1249 2059 1451 2102 apostolicae
1470 2059 1668 2103 auctoritatis
1689 2060 1787 2091 robur
1803 2059 1878 2091 :alii-

1140 2113 1251 2151 cimus‚
1268 2118 1299 2145 et
1315 2112 1396 2144 illud
1415 2111 1447 2143 in
1464 2117 1635 2154 posterum
1654 2111 1775 2143 servari
1794 2122 1877 2143 man—

1140 2166 1262 2205 damns,
1289 2165 1375 2197 salva
1400 2169 1505 2196 tamen
1523 2175 1650 2207 semper
1667 2164 1697 2195 in
1722 2163 1878 2207 praemis-

1139 2219 1181 2251 sis
1199 2217 1387 2250 auctoritate
1408 2217 1670 2260 congregationis
1690 2217 1878 2249 eorumdem

1141 2271 1366 2303 cardinalium.

1184 2323 1199 2367 ξ
1222 2323 1253 2357 3.
1280 2323 1498 2356 Decernentes
1529 2323 1659 2356 easdem
1683 2328 1877 2366 praesentes

1142 2377 1268 2410 litteras
1295 2386 1425 2419 semper
1448 2376 1576 2414 firmas,
1603 2377 1724 2409 validas
1751 2382 1782 2408 et
1810 2377 1878 2409 esli-

1142 2439 1235 2462 caces
1256 2429 1393 2462 existere
1413 2434 1445 2461 et
1462 2429 1541 2469 sore,
1557 2440 1697 2472 suosque
1713 2430 1877 2472 plenarios

1144 2487 1176 2515 et
1199 2482 1344 2524 integros
1369 2481 1501 2514 effeetus
1526 2482 1635 2514 sortiri
1658 2488 1688 2514 et
1713 2482 1875 2521 obtinere,

1144 2545 1179 2567 ac
1197 2534 1276 2574 aliis,
1294 2534 1333 2566 ad
1351 2545 1433 2576 quos
1450 2539 1576 2577 spectat
1600 2540 1631 2567 et
1650 2545 1707 2577 pro
1731 2540 1877 2577 tempore

1181 2598 1189 2622 1
1215 2596 1284 2623 Edit.
1302 2596 1384 2623 Main.
1401 2595 1465 2631 legit
1480 2597 1621 2624 ‹fesium-cl
1636 2599 1675 2632 (n.
1693 2598 1739 2627 Τ.).

1881 217 1932 242 ΛΓ..
1952 217 1980 242 C.
2000 216 2065 243 1864

1910 750 2016 770 §launum
2032 756 2067 770 ca>

1884 777 1942 800 pilul-
1959 777 2066 800 gunerans

1885 803 1978 822 ranno-x
1992 804 2066 823 contir-

1884 832 1933 848 nial.

1916 2332 2028 2352 Decretum
2046 2333 2074 2353 ir-

1890 2366 1893 2377 ι
1902 2362 1962 2379 ilaus.
