2247 3208
251 222 298 248 in.
316 221 343 248 c.
367 221 432 249 1667
478 213 543 247 498

440 271 590 304 Montatia
606 275 638 303 et
653 270 804 303 omnibus
817 268 1001 311 praemissis
1019 268 1175 300 factarum

441 329 578 356 tenetur.
595 322 654 360 Qui
671 322 802 365 quidem
817 321 1054 354 illustrissimus
1079 325 1110 352 et
1128 329 1177 352 re-

440 375 690 409 verendissimus
724 374 873 407 dominus
912 373 1177 415 archiepiscopus

439 427 660 467 Taurinensis‚
683 426 868 470 praemissis
895 426 968 458 visis
994 431 1025 458 ct
1050 425 1178 462 auditis,

439 480 569 513 attentis
593 479 717 512 meritis
737 479 813 512 dicti
838 478 1045 512 illustrissimi
1072 484 1102 510 ct
1127 489 1178 509 ex-

439 531 662 565 cellentissimi
678 531 799 563 domini
814 528 1178 573 marchionis,petitioni

439 584 623 628 praedictae
657 589 818 627 tamquam
851 583 912 615 iuri
939 594 1098 616 consonae
1125 594 1179 615 an-

439 649 540 671 nuere
560 637 765 677 deliberavit,
784 642 816 670 et
832 637 905 670 ideo
922 647 979 669 suo
998 642 1029 669 et
1050 636 1178 668 nomine

440 701 515 724 suae
553 689 706 723 ecclesiae
748 689 1034 732 archiepiscopalis
1070 688 1180 722 Tauri-

439 743 548 776 nensis
573 748 605 775 et
628 742 715 776 illius
741 752 873 774 mensae
899 747 931 774 et
956 751 1179 774 successorum

440 806 572 829 suorum
598 795 630 828 in
655 796 723 838 ipsa
748 794 899 834 ecclesia,
927 800 957 827 et
985 794 1062 826 alias
1092 794 1179 826 omni

439 848 566 882 meliori
591 848 700 887 modo,
721 847 904 890 praedictae
923 846 1101 879 venditioni
1123 857 1181 888 per

441 901 562 935 dictum
588 899 892 933 excellentissimum
911 899 1077 932 dominum
1099 910 1181 932 mar—

441 954 594 988 chionem
620 954 807 996 Philippum
832 953 1047 992 Ssondratmn,
1067 958 1098 985 et
1118 963 1181 985 em-

440 1007 545 1051 ptioni
572 1017 629 1050 per
655 1006 773 1039 dictum
791 1005 1103 1045 excellentissimum
1127 1005 1181 1038 do-

441 1060 564 1092 minum
589 1059 814 1092 marchionem
835 1058 1044 1091 planitiarum
1069 1068 1181 1101 respe-

434 1104 522 1144 ctive
556 1112 646 1144 sactis
679 1112 717 1144 de
748 1110 840 1144 dietis
874 1111 971 1143 feudo
997 1116 1028 1142 et
1058 1110 1180 1142 iuribus

442 1165 586 1198 eiusdem
619 1174 716 1207 supra
742 1168 773 1196 et
803 1163 886 1196 infra
917 1163 1074 1206 expressis
1107 1173 1182 1195 con-

442 1217 543 1250 sensit
575 1222 606 1248 et
639 1216 826 1257 consentit,
860 1226 1016 1259 suumque
1044 1215 1181 1248 liberum

443 1280 636 1303 consensum
659 1274 691 1301 et
715 1279 882 1301 assensum
907 1268 939 1301 in
958 1269 1003 1300 eis
1021 1268 1180 1312 praestitit

436 1328 476 1367 ret
507 1327 667 1366 praestat,
699 1327 731 1354 et
762 1321 960 1364 praedictam
989 1321 1183 1363 recognitio-

444 1386 517 1408 nem
546 1386 604 1419 per
636 1376 741 1418 ipsum
766 1374 984 1417 perillustrem
1017 1374 1182 1407 dominum

445 1534 629 1567 confitendo
656 1532 807 1565 habuisse
828 1537 859 1564 et
875 1531 1007 1565 realiter
1024 1532 1182 1575 recepisse

446 1598 462 1618 a
482 1585 648 1629 praedicto
670 1585 800 1617 domino
818 1589 1026 1627 procuratore
1047 1589 1119 1616 ante
1137 1595 1183 1617 ro-

446 1639 548 1682 gitum
573 1638 669 1670 liuius
696 1637 882 1670 intrumcnti
908 1638 947 1670 de
972 1637 1105 1680 propria
1130 1648 1184 1680 pe-

446 1691 541 1723 cunia
565 1691 641 1723 dicti
669 1689 930 1722 excellentissimi
957 1689 1077 1722 domini
1103 1700 1184 1722 mar-

446 1743 573 1776 chionis
598 1743 806 1775 planitiarum
825 1742 1022 1774 laudemium
1040 1742 1184 1775 debitum

447 1796 478 1828 in
505 1795 611 1839 duplis
639 1795 791 1828 trecentis
824 1795 892 1827 auri
917 1795 948 1827 in
978 1805 1074 1835 auro,
1100 1795 1185 1828 iuxta

448 1849 659 1892 quantitatem
685 1848 900 1880 adiudicatum
924 1848 1033 1890 vigore
1058 1854 1186 1881 senten-

448 1903 510 1934 tiae
536 1901 810 1934 arbitramentalis
843 1901 999 1944 probatae
1034 1902 1072 1933 ab
1097 1901 1185 1934 illus-

449 1955 590 1987 trissimo
606 1960 636 1987 et
653 1953 921 1986 reverendissimo
941 1953 1070 1986 domino
1088 1954 1185 1987 Petro

449 2007 634 2050 Bargellino
664 2007 848 2039 Thebarum
881 2007 1130 2050 archiepiscopo
1156 2013 1187 2040 et

450 2061 564 2094 nuntio
602 2059 782 2103 apostolico
814 2059 942 2091 Taurini
976 2060 1185 2093 commoranti

451 2114 535 2157 apud
550 2114 672 2155 regiam
687 2111 914 2145 celsitudinem
929 2112 1116 2152 Sabandizoe,
1127 2114 1186 2145 sub

451 2168 534 2199 nona
559 2165 701 2198 octobris
726 2165 873 2207 proxime
898 2164 1008 2208 elapsi,
1029 2175 1111 2208 quae
1129 2165 1189 2197 suit

451 2220 594 2262 proserta
607 2219 674 2251 sine
692 2218 894 2261 praeiudicio
909 2218 1025 2250 iurium
1038 2218 1187 2260 partium,
1206 2220 1208 2231 ²

452 2282 510 2313 pro
536 2281 597 2314 quo
622 2270 784 2303 laudemio
810 2276 841 2302 et
864 2272 987 2302 summa
1008 2270 1142 2313 <putavit
1159 2278 1191 2304 et

453 2323 555 2366 quitat
572 2323 690 2355 dictum
707 2322 1011 2356 excellentissimum
1026 2323 1189 2355 dominum

454 2375 674 2408 marchionem
697 2375 904 2408 planitiarum
922 2374 997 2408 licet
1014 2375 1187 2415 absentem,

455 2429 538 2460 dicto
573 2428 702 2460 domino
735 2433 945 2471 procuratore
978 2429 1041 2460 una
1066 2439 1189 2460 mecum

455 2480 581 2514 notario
601 2489 632 2513 et
650 2480 832 2520 secretario,
854 2485 889 2512 ut
906 2483 1045 2523 persona
1061 2481 1190 2523 publiea

456 2533 560 2567 officio
587 2533 717 2576 publico
743 2536 905 2575 fungente,
922 2544 979 2576 pro
1006 2534 1120 2566 eodem
1140 2544 1191 2565 ex-

456 2587 683 2621 cellentissimo
726 2586 857 2619 domino
893 2586 1122 2631 stipulantibus
1160 2591 1191 2618 et

1019 220 1199 244 BL'LLARIL'M
1225 218 1377 243 ROMAM‘M

1221 266 1471 308 acceptantibus,
1499 265 1719 298 renunciando
1755 275 1826 297 curn
1859 264 1958 297 infra-

1220 317 1340 360 scripto
1372 317 1552 349 iuramento
1586 318 1768 360 exceptioni
1802 328 1866 350 non
1900 328 1958 350 nu-

1220 375 1360 402 meratae
1386 368 1555 412 pecuniae,
1582 380 1651 402 cum
1677 375 1770 412 pacto
1795 370 1901 403 valido
1927 377 1954 402 et

1221 422 1311 455 firmo
1345 423 1382 454 dc
1416 421 1496 454 nihil
1523 421 1658 464 amplius
1684 422 1854 455 occasione
1881 423 1955 456 dicti

1221 474 1373 508 laudemii
1400 475 1438 507 ab
1465 475 1579 506 eedem
1605 475 1874 509 excellentissimo
1901 477 1954 509 do-

1221 527 1308 559 mino
1334 527 1524 559 marchione
1551 527 1699 569 petendo,
1719 527 1954 561 reinvestiendo

1222 581 1370 613 eumdem
1397 580 1615 623 prrillustrem
1637 580 1801 613 dominum
1826 581 1954 614 advoca-

1223 638 1287 665 tum
1305 634 1461 666 Bonetnm
1480 637 1724 676 procuratorem
1743 634 1955 676 praedictum,

1223 686 1342 718 ibidem
1370 691 1404 717 ut
1432 696 1528 729 supra
1547 686 1675 718 nomine
1697 686 1771 718 dicti
1798 688 1958 720 excellen-

1223 738 1337 770 tissimi
1369 739 1489 771 domini
1522 738 1720 771 marchionis
1751 739 1955 772 Planitiaruiu

1223 796 1396 834 petentem,
1422 796 1634 834 praesentem,
1657 797 1887 836 acceptantem‚
1904 794 1958 825 st}-

1223 844 1385 886 pulanteni
1411 850 1440 876 et
1466 843 1676 886 recipientem
1694 845 1762 877 eius
1779 850 1810 877 et
1828 846 1955 879 nominc

1225 896 1360 929 clim-um
1386 901 1417 928 et
1441 907 1664 929 successorum
1690 908 1819 930 suorum
1837 909 1946 931 mascu

1224 949 1326 981 lorum
1353 948 1570 990 legitimorum
1603 949 1895 991 primogenitorum
1921 963 1954 983 cx

1225 1001 1308 1034 linea
1332 1001 1509 1033 masculina
1529 1002 1566 1033 de
1592 1001 1737 1043 legitimo
1755 1003 1957 1037 matrimonio

1224 1055 1485 1087 descendentium
1510 1065 1611 1097 usque
1638 1055 1668 1087 in
1693 1060 1896 1098 perpetuum,
1919 1057 1955 1089 di:

1224 1107 1391 1150 praedicto
1417 1113 1516 1147 recto,
1543 1108 1656 1148 nobili,
1679 1108 1800 1151 gentili,
1827 1109 1957 1152 antiquo

1226 1159 1310 1192 avito
1344 1166 1375 1193 et
1405 1165 1540 1204 paterno
1566 1160 1660 1193 seudo
1685 1161 1862 1194 masculino
1888 1172 1957 1195 cuni

1225 1213 1292 1246 iure
1317 1213 1617 1257 priinogcniuirae,
1645 1214 1686 1246 ita
1718 1215 1803 1257 quod
1833 1214 1871 1247 de
1897 1215 1960 1258 pri-

1226 1267 1389 1309 mogenito
1404 1267 1435 1298 in
1450 1267 1700 1310 primogenitum
1718 1267 1818 1310 ipsius
1837 1268 1957 1300 domini

1227 1319 1484 1353 excellentissimi
1511 1319 1705 1352 marchionis
1737 1319 1956 1359 Planitiarum,

1203 1384 1419 1417 ¹suorumque
1449 1373 1688 1416 praedictorum
1716 1384 1750 1406 ex
1784 1373 1868 1406 linea
1903 1375 1959 1406 sua

445 1429 633 1462 advocatum
648 1428 804 1460 Bonetum
823 1431 1067 1470 procuratorem
1082 1432 1111 1459 et
1130 1437 1184 1459 no·
1202 1420 1204 1450 l

444 1481 531 1513 mine
557 1480 733 1523 praemisso
759 1478 937 1522 acceptavit
961 1483 993 1511 et
1023 1483 1179 1522 acceptat,
1202 1499 1204 1508 ÷

1225 1426 1401 1458 maculina
1426 1432 1457 1458 et
1480 1426 1621 1468 legitima
1647 1436 1744 1469 usque
1777 1426 1810 1458 in
1843 1436 1959 1469 perpe—

1227 1486 1313 1512 tuum
1325 1479 1598 1518 descendentium,
1613 1478 1690 1510 utin
1706 1477 1864 1510 inlinitum
1880 1484 1959 1511 tran-

1225 1538 1291 1565 seat
1303 1533 1371 1576 ipso
1385 1533 1453 1564 iure
1469 1537 1498 1564 ct
1519 1531 1608 1571 sacto,
1624 1531 1824 1574 praedictum
1837 1532 1956 1564 locuni.

1228 1585 1332 1618 villani
1359 1590 1389 1618 et
1414 1589 1552 1616 castium
1570 1584 1749 1623 Montatiae,
1768 1595 1838 1616 cum
1859 1584 1954 1617 insen-

1228 1639 1293 1671 dari
1319 1638 1433 1678 solitis,
1462 1643 1493 1670 et
1517 1637 1756 1670 semoventibus
1783 1637 1822 1669 de
1848 1637 1958 1677 feudo,

1228 1692 1350 1724 directo
1378 1691 1520 1723 dominio
1552 1696 1584 1723 et
1616 1690 1845 1733 superioritate
1870 1701 1960 1734 prae*

1228 1745 1329 1777 ‹elit-tae
1361 1754 1489 1776 mensae
1527 1743 1816 1786 archiepiscopalis
1852 1742 1962 1775 Tauri-

1229 1796 1353 1836 nensis,
1374 1806 1444 1828 cum
1470 1796 1734 1828 dentminatione
1763 1795 1961 1828 marchionis

1228 1848 1408 1887 Montaliae,
1435 1848 1703 1891 quemadmodum
1735 1848 1835 1881 dictus
1860 1850 1963 1881 excel-

1230 1901 1422 1934 lentissimus
1449 1901 1596 1933 dominus
1624 1901 1793 1944 Philippus
1818 1901 1962 1934 marchio

1228 1954 1415 1986 Sl‘ondratus
1430 1955 1613 1993 vocabatur,
1629 1964 1700 1986 cum
1714 1964 1802 1986 mero
1814 1959 1843 1986 et
1866 1954 1962 1986 mixto

1229 2007 1364 2050 imperio
1398 2012 1429 2039 et
1463 2007 1647 2039 omnimoda
1681 2006 1900 2039 iurisdictione
1933 2012 1962 2038 et

1230 2059 1326 2102 gladii
1353 2064 1523 2102 potestate,
1544 2069 1579 2091 ac
1598 2059 1708 2097 furnis,
1729 2058 1883 2101 pedagiis,
1905 2058 1963 2090 viis

1230 2118 1261 2145 et
1285 2112 1506 2151 andamcntis,
1535 2111 1659 2143 fossatis
1689 2111 1788 2154 ipsius
1814 2111 1907 2143 castri
1934 2117 1965 2143 ct

1231 2166 1334 2203 villae,
1347 2164 1551 2203 molendinis,
1570 2163 1794 2196 venationibus
1815 2168 1847 2195 et
1863 2164 1964 2206 pisca-

1231 2217 1382 2255 tionibus,
1408 2216 1503 2249 terris
1528 2222 1558 2248 ct
1582 2217 1689 2259 pratis,
1715 2216 1833 2256 vineis,
1860 2216 1965 2258 gerbi-

1231 2269 1297 2308 dis,
1324 2268 1487 2311 piscariis,
1515 2267 1641 2300 sit-tibus
1666 2278 1735 2299 cuni
1769 2267 1834 2299 suis
1865 2267 1963 2299 curiis

1232 2321 1401 2353 feudorum
1435 2325 1467 2352 et
1497 2320 1690 2352 allodiorum
1723 2320 1754 2351 in
1782 2319 1965 2352 hominibus

1231 2373 1384 2412 vassallis,
1409 2373 1630 2412 fidelitatibus,
1658 2372 1810 2415 poderiis,
1835 2371 1963 2411 bannis,

1232 2426 1503 2466 successionibus,
1531 2424 1815 2463 acconciamcntis,
1843 2424 1963 2466 guartis

1233 2485 1264 2512 et
1276 2478 1497 2521 scaraguartis,
1513 2488 1546 2510 ac
1562 2478 1832 2520 iurepatronalus,
1849 2476 1965 2509 debitis

1232 2542 1266 2564 ac
1291 2531 1454 2570 debituris,
1481 2530 1608 2563 directis
1634 2539 1669 2562 ac
1694 2529 1900 2567 districtibus,
1921 2530 1966 2561 al-

1232 2583 1399 2628 bergariis,
1428 2583 1604 2623 cavalcatis,
1634 2582 1849 2622 succuisibus,
1872 2582 1966 2615 advo-

1961 214 1999 242 An

2004 213 2055 242 .C.
2078 211 2143 242 1665
