2247 3208
68 214 84 244 ,Α
93 220 119 239 n.
146 212 174 239 C.
198 211 267 240 1565

258 263 354 292 netae
379 269 436 301 per
465 258 612 291 bancum
647 257 756 290 dilecti
782 257 837 290 filii
869 257 1009 290 ”l‘liomae

259 312 406 346 Baccelli
433 310 608 354 receperit:
635 311 710 344 hine
736 316 779 343 est
808 313 896 354 quod
928 322 1008 351 nos,

267 369 453 408 opportune
471 364 502 396 in
523 364 710 407 praemissis
732 364 912 407 providere,
940 364 1010 396 illo-

265 427 403 460 rumque
429 416 601 457 valitlitati‚
630 417 737 450 robori
765 422 797 449 et
821 417 982 449 efficaciae
998 443 1005 455 ,

268 475 424 513 quantum
442 480 513 502 cum
535 470 672 502 Domino
693 480 875 513 possumus,
894 480 1009 502 consu-

267 523 346 562 lere,
362 532 399 554 ac
410 522 699 564 congregationem
725 527 757 554 et
782 522 1008 564 pandulphum

261 575 431 618 praefatos
457 574 606 618 specialis
633 575 738 607 favore
757 574 879 616 gratiae
899 584 1007 616 prose—

261 627 322 670 qui
347 627 506 667 volentes‚
534 627 718 668 dictumque
743 626 971 668 Pandulphum
990 637 1006 658 a

265 679 431 722 quibusvis
449 678 797 716 excommunicationis,
818 678 1006 721 suspensio-

266 731 368 765 sionis
393 738 424 764 et
447 731 620 771 interdicti,
647 731 783 773 aliisque
810 731 1006 763 ecclesiasti-

265 784 309 815 cis
334 783 515 823 sententiis,
542 783 686 815 censuris
714 788 745 815 et
770 783 874 826 penis,
894 794 911 816 a
936 783 1004 816 iure

263 837 314 870 vel
351 837 390 869 ab
427 836 580 875 homine,
607 836 715 879 quavis
752 837 925 868 occasione
956 837 1004 869 vel

266 891 362 922 causa
386 889 470 932 latis,
496 889 521 921 si
547 889 662 932 quibus
689 889 932 932 qutunodolibet
958 889 1006 922 in·

263 943 403 975 nodatus
421 942 536 981 existit,
554 942 592 974 ad
614 941 760 975 effectum
786 943 1006 985 praesentium

263 996 429 1028 dumtaxat
462 995 747 1037 consequendum,
775 996 888 1027 harum
921 995 1004 1027 serie

265 1047 469 1081 absolventes
489 1053 519 1081 et
536 1048 719 1081 ahsolutum
739 1048 805 1080 sore
823 1053 1003 1087 censentes,

879 209 1064 233 Ari-:xxxrmn
1089 210 1130 232 vti
1158 209 1204 232 ΡΡ.

1056 256 1126 298 pria
1153 256 1340 288 auctoritate
1367 255 1614 298 apprehendere
1634 260 1662 287 et
1681 265 1797 297 appre-

1057 310 1192 341 hensam
1218 314 1377 352 perpetuo
1404 309 1561 347 retinere,
1589 308 1708 350 illaque
1742 307 1796 340 ad-

1055 361 1250 400 ministrare,
1273 363 1378 394 locare
1402 366 1433 393 et
1458 361 1644 399 arrendare,
1671 372 1706 392 ac
1725 360 1795 393 illo-

1052 425 1122 446 rum
1148 415 1271 447 sructus
1287 441 1294 454 ,
1320 415 1485 454 redditus,
1512 419 1711 457 proventus,
1739 415 1794 446 οἶ,-

1052 467 1221 499 ventioncs
1254 472 1285 500 et
1316 468 1534 499 emolumenta
1571 477 1791 509 quaecumque

1053 520 1232 562 percipere,
1255 520 1395 561 exigere,
1422 520 1541 557 levare,
1567 530 1602 552 ae
1620 519 1651 551 in
1670 525 1792 551 susten-

1051 573 1206 605 tationem
1231 573 1433 605 alumnorum
1452 572 1554 604 (lictae
1574 572 1712 603 nationis
1730 572 1792 604 Ma-

1050 624 1229 657 ronitarum
1244 624 1275 657 in
1290 624 1475 667 supradicto
1496 624 1635 665 collegio
1650 623 1789 663 Urbano,

1051 687 1106 709 seu
1132 677 1217 717 alibi,
1245 682 1343 719 prout
1368 677 1464 709 nohis
1485 682 1515 708 et
1534 677 1637 709 dictae
1659 686 1791 718 congre-

1051 729 1129 762 tioni
1150 731 1366 773 opportunius
1386 730 1555 766 videbitur,
1576 735 1790 761 manutenen-

1026 783 1183 821 ttlorum,
1211 783 1358 825 aliosque
1393 782 1493 825 ipsius
1528 781 1790 823 congregationis

1048 846 1134 876 usus,
1145 835 1355 868 necessitates
1371 840 1403 867 et
1416 834 1587 867 utilitatem
1599 838 1789 866 convertere

1049 893 1080 921 et
1105 898 1249 930 erogare,
1266 888 1403 920 cuiusvis
1429 886 1558 919 licentia
1577 887 1716 929 desuper
1734 887 1790 918 mi·

1048 942 1133 974 nime
1154 941 1331 984 requisita),
1351 940 1530 983 itidemque
1551 945 1720 982 perpetuo,
1735 950 1789 982 ap-

1049 995 1215 1038 plicamus,
1241 994 1445 1027 attribuimus
1473 998 1503 1025 et
1525 987 1802 1035 appropriamuss

1091 1048 1106 1090 ξ
1130 1047 1160 1079 [ι.
1190 1047 1360 1079 Praeterea
1377 1045 1600 1078 venditIOnem
1619 1045 1735 1076 domus
1758 1049 1790 1076 et

1696 196 1760 230 393
1807 206 1854 232 An.
1871 204 1898 232 c.
1922 204 1987 231 aas

267 1110 393 1134 necnon
431 1100 614 1133 testamenti
651 1111 705 1133 seu
743 1101 875 1133 alterius
910 1101 1026 1154 etiam]
1049 1100 1214 1139 ecclesiae,
1241 1110 1295 1132 seu
1318 1099 1496 1142 cappellae,
1515 1109 1550 1130 ac
1569 1098 1702 1130 duarum
1720 1107 1787 1140 pos‘

265 1153 397 1186 ultimae
423 1153 644 1196 dispositionis
662 1154 798 1197 praefati
813 1154 942 1187 Victorii
962 1159 1007 1186 te-
1024 1158 1029 1188 }
1047 1153 1229 1186 sessionum
1248 1151 1503 1194 supradictarum
1522 1149 1786 1192 congregationis

266 1216 393 1246 norem,
413 1210 445 1238 et
461 1206 523 1238 alia
547 1217 768 1249 quaecumque
787 1207 883 1239 etiam
901 1206 1005 1249 speci·
1025 1193 1027 1232 ἶ
1049 1205 1210 1248 praefatae
1237 1203 1368 1236 nomine
1406 1203 1491 1235 dicto
1525 1202 1717 1244 Pandulplio
1745 1201 1788 1233 sa-

265 1258 358 1291 licam
383 1264 414 1291 et
443 1258 640 1291 individuam
673 1260 874 1292 mentionem
899 1265 928 1292 et
954 1247 1141 1297 ex-sctam,
1167 1262 1198 1289 et
1218 1257 1257 1289 ab
1284 1257 1396 1288 eadem
1415 1254 1669 1297 congregatione
1692 1253 1788 1285 ratiti-

265 1312 693 1355 pressionemrequirentia,
714 1313 940 1355 praesentibus
960 1313 1005 1344 iti·

266 1365 339 1398 dem
364 1375 422 1408 pro
446 1365 545 1408 plene
572 1370 604 1398 et
627 1365 824 1398 sufficienter
840 1366 1004 1409 expressis

266 1422 299 1450 et
321 1417 454 1451 insertis
480 1417 650 1458 habentes,
674 1423 764 1451 motu
790 1419 942 1462 proprio,
969 1430 1005 1451 ae

267 1482 303 1504 ex
322 1472 410 1504 certa
428 1471 564 1504 scientia
582 1476 613 1504 et
627 1473 750 1504 matura
767 1472 1004 1505 deliberatione

267 1524 396 1565 nostris,
411 1523 515 1567 deque
533 1524 728 1567 apostolicae
747 1524 918 1567 potestatis
938 1526 1006 1568 ple-

268 1577 435 1617 nitudine,
461 1577 640 1620 praefatum
666 1578 839 1621 collegium
864 1578 1028 1611 nationis⁴

266 1629 495 1663 Maronitarum
519 1628 578 1661 sub
596 1629 799 1662 invocatione
817 1629 848 1663 S.
864 1630 1005 1673 Ephrem

268 1682 299 1714 in
318 1681 445 1715 civitate
462 1681 697 1715 Ravennatensi
724 1693 741 1715 a
766 1688 943 1716 memorato
962 1683 1006 1715 ln-

269 1734 418 1767 nocentio
455 1735 710 1777 praedecessore
735 1740 877 1768 erectum
903 1741 935 1768 et
958 1735 1006 1768 in·

269 1788 433 1828 stitutum,
460 1793 495 1820 ut
518 1787 722 1830 praefertur,
748 1799 784 1821 ac
809 1788 878 1821 eius
904 1791 1006 1822 eccle-

269 1841 349 1874 siam
374 1850 432 1873 seu
455 1841 634 1884 cappellam
669 1842 883 1884 supradictam
899 1869 906 1882 ‚
941 1853 1007 1875 om-

269 1903 409 1936 nemque
443 1893 474 1925 in
500 1892 586 1926 illius
621 1893 751 1936 collegii
784 1899 817 1926 et
850 1894 1006 1928 ecclesiae

270 1956 327 1979 seu
352 1947 519 1990 cappellae
545 1946 684 1986 titulum,
711 1946 898 1986 essentiam,
918 1952 1008 1980 natu-

270 2009 339 2032 ram
359 2004 391 2032 et
408 1999 716 2038 denominationem,
729 2005 841 2032 tenore
860 2010 1007 2042 praesen·
1026 2006 1028 2014 ¹

272 2051 363 2091 tium,
379 2057 538 2095 perpetuo
557 2051 788 2095 supprimimus
806 2058 837 2084 et
850 2051 1007 2094 extingui-

271 2114 360 2144 mus;
376 2114 505 2137 necnon
530 2109 593 2136 tam
618 2105 759 2148 pretium
782 2105 939 2137 dictorum
956 2106 1008 2138 bo-

273 2167 387 2189 norum
411 2156 627 2196 venditorum,
654 2167 749 2200 quam
774 2161 882 2189 cetera
900 2158 1008 2190 omnia

273 2214 305 2241 et
324 2208 450 2250 singula
466 2209 611 2241 eiusdem
629 2209 757 2251 collegii
773 2210 816 2241 sic
842 2211 1008 2253 suppressi

274 2266 305 2294 et
329 2261 458 2294 extincti
483 2261 578 2301 bona,
604 2261 738 2294 mobilia
764 2268 795 2294 et
819 2263 1007 2303 immobilia,

274 2315 343 2347 loca
368 2313 536 2353 montium,
556 2313 699 2346 actiones
714 2319 746 2346 et
760 2314 829 2347 iura
844 2326 1011 2357 quaecum-

275 2377 350 2409 que,
377 2371 571 2399 memoratae
597 2366 805 2399 cardinalium
837 2378 1013 2411 congrega-

277 2419 354 2453 tioni
370 2420 428 2462 (ita
446 2425 479 2452 ut
492 2419 586 2452 liceat
604 2419 663 2463 ipsi
682 2421 938 2463 congregationi,
955 2432 1013 2464 per

277 2484 323 2513 se,
349 2483 406 2506 seu
431 2483 506 2506 suos
531 2478 758 2516 procuratores
783 2478 815 2506 et
838 2474 1010 2515 ministros,

276 2525 409 2559 illorum
435 2525 580 2558 omnium
603 2531 634 2558 et
658 2527 858 2569 singulorum
883 2537 1010 2568 veram,

277 2579 397 2611 realem
424 2583 455 2611 et
479 2579 636 2611 actualem
669 2579 909 2622 possessionem
942 2590 1013 2623 pro-

369 2639 446 2670 Bull.
468 2640 549 2667 Rom.
567 2655 600 2660 -
619 2641 677 2668 Vol.
699 2641 789 2670 XVII.
934 2642 968 2668 50

1047 1315 1161 1349 catam,
1190 1314 1223 1341 ut
1240 1309 1420 1352 praesertin
1439 1318 1473 1339 ac
1498 1307 1677 1339 consectum
1696 1307 1788 1339 (lesu-

1048 1374 1105 1406 per
1129 1363 1378 1395 instrumentum
1414 1360 1653 1403 praeinsertum
1675 1386 1682 1399 ,
1715 1370 1787 1392 cum

1047 1416 1195 1449 omnibus
1220 1420 1252 1448 et
1275 1414 1411 1457 singulis
1436 1414 1556 1457 pactis,
1592 1412 1788 1445 conditioni-

1047 1471 1113 1509 bus,
1141 1468 1422 1507 conventionibus,
1440 1466 1724 1505 declarationibusy
1742 1476 1786 1498 re-

1048 1521 1295 1560 servationibus,
1323 1519 1575 1562 obligationibus
1602 1522 1631 1551 et
1657 1518 1727 1550 aliis
1752 1517 1785 1551 in

1049 1586 1087 1609 eo
1112 1573 1279 1613 contentis,
1300 1582 1425 1605 necnon
1440 1571 1736 1615 apprehensionem
1755 1575 1787 1603 et

1047 1628 1254 1671 adeptionem
1268 1625 1486 1669 possessionis
1508 1624 1666 1657 dictorum
1684 1623 1788 1655 bono-

1048 1692 1118 1715 rum
1142 1681 1344 1714 venditorum
1369 1679 1408 1710 ab
1442 1678 1557 1711 eodem
1592 1677 1785 1720 Pandulpho

1049 1735 1155 1768 forsan
1182 1734 1307 1773 factam,
1334 1737 1507 1774 ceteraque
1535 1729 1609 1762 inde
1635 1729 1713 1761 alias
1742 1729 1787 1761 le-

1048 1787 1158 1829 gitime
1184 1791 1319 1829 sequuta
1337 1790 1364 1817 et
1389 1788 1548 1821 secutura,
1565 1786 1664 1821 motu,
1685 1780 1787 1814 scien-

1049 1840 1100 1878 tia,
1126 1838 1373 1873 deliberatione..
1391 1835 1560 1879 potestatis
1582 1834 1786 1878 plenitudine

1049 1898 1080 1925 et
1105 1897 1217 1925 tenore
1239 1890 1421 1934 praedictis,
1441 1886 1667 1920 confirmamus
1685 1892 1715 1919 et.
1733 1897 1787 1930 ap-

1049 1945 1222 1988 probamus
1252 1953 1288 1975 ac
1312 1941 1563 1979 convalidamus,
1588 1939 1717 1982 illisque
1742 1939 1788 1971 in-

1048 1997 1206 2031 violabilis
1228 1994 1505 2037 etii-refragabilis
1524 1992 1722 2035 apostolicae
1740 1991 1788 2024 fir·

1049 2050 1168 2083 utitatis
1194 2050 1312 2087 robur,
1338 2048 1402 2080 rim
1428 2052 1459 2079 et
1484 2045 1657 2079 efficaciam
1683 2044 1788 2077 adiici-

1051 2115 1127 2143 nius,
1155 2113 1190 2135 ae
1215 2112 1327 2135 omues
1347 2106 1378 2133 et
1395 2100 1539 2141 singulos
1557 2098 1634 2130 iuris
1652 2102 1682 2130 et
1701 2098 1786 2137 sacti,

1052 2166 1179 2189 necnon
1210 2153 1449 2187 solemnitatum
1488 2161 1786 2194 quarumcumque,

1053 2215 1115 2242 tam
1142 2219 1178 2241 ex
1207 2208 1282 2240 iuris
1307 2206 1489 2239 eommunis
1521 2209 1553 2237 et
1584 2203 1789 2237 constitutio-

1053 2274 1128 2295 num
1153 2260 1414 2305 apostolicamim,
1436 2269 1530 2301 quam
1549 2268 1585 2290 ex
1611 2267 1789 2299 congrega-

1055 2315 1148 2348 tionis
1166 2320 1197 2347 et
1210 2312 1340 2355 collegii
1364 2312 1593 2355 praefatorum,
1612 2310 1790 2343 aliorumve

1054 2366 1285 2412 quorumlihet,
1299 2365 1395 2398 etiam
1416 2364 1609 2403 iuramento,
1626 2362 1792 2396 confirma-

1054 2421 1141 2453 tione
1162 2418 1347 2463 apostolica‚
1363 2417 1412 2449 vel
1431 2415 1540 2459 quavis
1559 2415 1710 2448 firmitate
1729 2415 1792 2448 alia

1055 2474 1296 2512 roboratorum,
1323 2475 1537 2508 statutorum,
1563 2469 1788 2509 decretorum,

1056 2526 1299 2560 ordinationum
1323 2530 1353 2556 et
1378 2523 1668 2561 consuetudinum,
1695 2522 1791 2554 etiam

1057 2577 1370 2617 innnemombssium,
1386 2576 1598 2620 praescripto,
1614 2585 1674 2607 usu
1691 2580 1722 2608 et
1735 2580 1792 2619 sty-
