<?xml version="1.0" encoding="UTF-8"?>
<!DOCTYPE html PUBLIC "-//W3C//DTD XHTML 1.0 Transitional//EN"
    "http://www.w3.org/TR/xhtml1/DTD/xhtml1-transitional.dtd">
<html xmlns="http://www.w3.org/1999/xhtml" xml:lang="en" lang="en">
 <head>
  <title>
</title>
<meta http-equiv="Content-Type" content="text/html;charset=utf-8" />
  <meta name='ocr-system' content='tesseract 3.04.00' />
  <meta name='ocr-capabilities' content='ocr_page ocr_carea ocr_par ocr_line ocrx_word'/>
</head>
<body>
  <div class='ocr_page' id='page_1' title='image "./bullarumdiplomat17cath_0832.png"; bbox 0 0 2247 3208; ppageno 0'>
   <div class='ocr_carea' id='block_1_1' title="bbox 199 261 2104 671">
    <p class='ocr_par' dir='ltr' id='par_1_1' title="bbox 199 261 2104 671">
     <span class='ocr_line' id='line_1_1' title="bbox 199 261 1327 298; baseline 0.003 -14"><span class='ocrx_word' id='word_1_1' title='bbox 199 270 248 298; x_wconf 84' lang='lat' dir='ltr'>An.</span> <span class='ocrx_word' id='word_1_2' title='bbox 266 270 296 298; x_wconf 51' lang='lat' dir='ltr'>C·</span> <span class='ocrx_word' id='word_1_3' title='bbox 319 270 386 298; x_wconf 75' lang='lat'>1668</span> <span class='ocrx_word' id='word_1_4' title='bbox 433 261 497 295; x_wconf 79' lang='lat'>730</span> <span class='ocrx_word' id='word_1_5' title='bbox 971 264 1151 287; x_wconf 56' lang='grc'>0611111110]</span> <span class='ocrx_word' id='word_1_6' title='bbox 1175 263 1327 287; x_wconf 59' lang='grc'>0011111011</span> 
     </span>
     <span class='ocr_line' id='line_1_2' title="bbox 438 310 1910 360; baseline -0.004 -9"><span class='ocrx_word' id='word_1_7' title='bbox 438 318 588 351; x_wconf 76' lang='lat' dir='ltr'>rantibus</span> <span class='ocrx_word' id='word_1_8' title='bbox 602 327 661 360; x_wconf 81' lang='lat' dir='ltr'>pro</span> <span class='ocrx_word' id='word_1_9' title='bbox 680 315 815 347; x_wconf 78' lang='lat' dir='ltr'>{uitione</span> <span class='ocrx_word' id='word_1_10' title='bbox 832 312 973 345; x_wconf 71' lang='lat' dir='ltr'>civitatis</span> <span class='ocrx_word' id='word_1_11' title='bbox 990 318 1018 345; x_wconf 82' lang='lat' dir='ltr'>et</span> <span class='ocrx_word' id='word_1_12' title='bbox 1034 311 1129 354; x_wconf 69' lang='lat' dir='ltr'>requi</span> <span class='ocrx_word' id='word_1_13' title='bbox 1171 315 1263 353; x_wconf 85' lang='lat' dir='ltr'>pater</span> <span class='ocrx_word' id='word_1_14' title='bbox 1297 310 1594 344; x_wconf 78' lang='lat' dir='ltr'>misericordiarum</span> <span class='ocrx_word' id='word_1_15' title='bbox 1633 316 1672 349; x_wconf 64' lang='lat' dir='ltr'>et&gt;</span> <span class='ocrx_word' id='word_1_16' title='bbox 1694 312 1778 346; x_wconf 86' lang='lat' dir='ltr'>Deus</span> <span class='ocrx_word' id='word_1_17' title='bbox 1813 313 1910 345; x_wconf 88' lang='lat' dir='ltr'>totius</span> 
     </span>
     <span class='ocr_line' id='line_1_3' title="bbox 441 362 1909 408; baseline -0.002 -7"><span class='ocrx_word' id='word_1_18' title='bbox 441 371 552 404; x_wconf 76' lang='lat' dir='ltr'>Cretae</span> <span class='ocrx_word' id='word_1_19' title='bbox 572 373 683 401; x_wconf 75' lang='lat' dir='ltr'>contra</span> <span class='ocrx_word' id='word_1_20' title='bbox 703 368 820 399; x_wconf 76' lang='lat' dir='ltr'>Turcas</span> <span class='ocrx_word' id='word_1_21' title='bbox 838 376 874 397; x_wconf 83' lang='lat' dir='ltr'>ac</span> <span class='ocrx_word' id='word_1_22' title='bbox 888 376 946 408; x_wconf 74' lang='lat' dir='ltr'>pro</span> <span class='ocrx_word' id='word_1_23' title='bbox 971 365 1060 407; x_wconf 74' lang='lat' dir='ltr'>felici</span> <span class='ocrx_word' id='word_1_24' title='bbox 1083 363 1128 396; x_wconf 75' lang='lat' dir='ltr'>di-</span> <span class='ocrx_word' id='word_1_25' title='bbox 1172 362 1406 395; x_wconf 85' lang='lat' dir='ltr'>consolationis</span> <span class='ocrx_word' id='word_1_26' title='bbox 1438 362 1612 396; x_wconf 71' lang='lat' dir='ltr'>Ecclesiam</span> <span class='ocrx_word' id='word_1_27' title='bbox 1648 375 1736 396; x_wconf 81' lang='lat' dir='ltr'>suam</span> <span class='ocrx_word' id='word_1_28' title='bbox 1766 370 1909 399; x_wconf 85' lang='lat' dir='ltr'>sanctam</span> 
     </span>
     <span class='ocr_line' id='line_1_4' title="bbox 435 415 1910 464; baseline -0.003 -9"><span class='ocrx_word' id='word_1_29' title='bbox 435 423 573 456; x_wconf 77' lang='lat' dir='ltr'>rectione</span> <span class='ocrx_word' id='word_1_30' title='bbox 597 421 796 464; x_wconf 68' lang='lat' dir='ltr'>neqoliorum</span> <span class='ocrx_word' id='word_1_31' title='bbox 821 419 914 462; x_wconf 71' lang='lat' dir='ltr'>requi</span> <span class='ocrx_word' id='word_1_32' title='bbox 938 417 1105 450; x_wconf 66' lang='lat' dir='ltr'>Potniae.</span> <span class='ocrx_word' id='word_1_33' title='bbox 1172 419 1357 458; x_wconf 69' lang='lat' dir='ltr'>protegere,</span> <span class='ocrx_word' id='word_1_34' title='bbox 1391 415 1521 458; x_wconf 83' lang='lat' dir='ltr'>eiusque</span> <span class='ocrx_word' id='word_1_35' title='bbox 1547 416 1688 449; x_wconf 90' lang='lat' dir='ltr'>hostium</span> <span class='ocrx_word' id='word_1_36' title='bbox 1713 417 1853 460; x_wconf 86' lang='lat' dir='ltr'>impetus</span> <span class='ocrx_word' id='word_1_37' title='bbox 1878 422 1910 450; x_wconf 87' lang='lat' dir='ltr'>et</span> 
     </span>
     <span class='ocr_line' id='line_1_5' title="bbox 1171 466 1907 513; baseline 0.007 -15"><span class='ocrx_word' id='word_1_38' title='bbox 1171 467 1254 500; x_wconf 74' lang='lat' dir='ltr'>vires</span> <span class='ocrx_word' id='word_1_39' title='bbox 1278 466 1402 500; x_wconf 86' lang='lat' dir='ltr'>virtutis</span> <span class='ocrx_word' id='word_1_40' title='bbox 1427 478 1504 500; x_wconf 89' lang='lat' dir='ltr'>suae</span> <span class='ocrx_word' id='word_1_41' title='bbox 1537 469 1684 511; x_wconf 72' lang='lat' dir='ltr'>potentia</span> <span class='ocrx_word' id='word_1_42' title='bbox 1707 470 1884 513; x_wconf 77' lang='lat' dir='ltr'>reprimere</span> <span class='ocrx_word' id='word_1_43' title='bbox 1900 497 1907 511; x_wconf 97' lang='lat'>,</span> 
     </span>
     <span class='ocr_line' id='line_1_6' title="bbox 1173 521 1908 565; baseline 0.007 -14"><span class='ocrx_word' id='word_1_44' title='bbox 1173 525 1268 563; x_wconf 86' lang='lat' dir='ltr'>atque</span> <span class='ocrx_word' id='word_1_45' title='bbox 1294 521 1513 563; x_wconf 78' lang='lat' dir='ltr'>confringere,</span> <span class='ocrx_word' id='word_1_46' title='bbox 1535 532 1773 565; x_wconf 83' lang='lat' dir='ltr'>prosperosque</span> <span class='ocrx_word' id='word_1_47' title='bbox 1798 534 1908 557; x_wconf 87' lang='lat' dir='ltr'>rerum</span> 
     </span>
     <span class='ocr_line' id='line_1_7' title="bbox 1174 574 1797 618; baseline 0.005 -13"><span class='ocrx_word' id='word_1_48' title='bbox 1174 578 1305 606; x_wconf 88' lang='lat' dir='ltr'>eventus</span> <span class='ocrx_word' id='word_1_49' title='bbox 1328 574 1469 616; x_wconf 78' lang='lat' dir='ltr'>benigne</span> <span class='ocrx_word' id='word_1_50' title='bbox 1495 575 1607 617; x_wconf 79' lang='lat' dir='ltr'>largiri</span> <span class='ocrx_word' id='word_1_51' title='bbox 1632 575 1797 618; x_wconf 77' lang='lat' dir='ltr'>dignetur:</span> 
     </span>
     <span class='ocr_line' id='line_1_8' title="bbox 1217 627 2104 671; baseline 0.003 -11"><span class='ocrx_word' id='word_1_52' title='bbox 1217 627 1231 669; x_wconf 60' lang='grc' dir='ltr'><strong>ἓ</strong></span> <span class='ocrx_word' id='word_1_53' title='bbox 1256 627 1286 660; x_wconf 81' lang='lat'>3.</span> <span class='ocrx_word' id='word_1_54' title='bbox 1314 628 1395 660; x_wconf 92' lang='lat' dir='ltr'>Ilinc</span> <span class='ocrx_word' id='word_1_55' title='bbox 1414 632 1461 659; x_wconf 89' lang='lat' dir='ltr'>est</span> <span class='ocrx_word' id='word_1_56' title='bbox 1478 629 1563 671; x_wconf 89' lang='lat' dir='ltr'>quod</span> <span class='ocrx_word' id='word_1_57' title='bbox 1581 639 1650 668; x_wconf 76' lang='lat' dir='ltr'>nos7</span> <span class='ocrx_word' id='word_1_58' title='bbox 1669 629 1766 661; x_wconf 89' lang='lat' dir='ltr'>divini</span> <span class='ocrx_word' id='word_1_59' title='bbox 1793 629 1907 663; x_wconf 86' lang='lat' dir='ltr'>favoris</span> <span class='ocrx_word' id='word_1_60' title='bbox 1954 642 2104 663; x_wconf 72' lang='lat' dir='ltr'>Processiones</span> 
     </span>
    </p>
   </div>
   <div class='ocr_carea' id='block_1_2' title="bbox 1174 670 2103 724">
    <p class='ocr_par' dir='ltr' id='par_1_2' title="bbox 1174 670 2103 724">
     <span class='ocr_line' id='line_1_9' title="bbox 1174 670 2103 724; baseline 0.004 -13"><span class='ocrx_word' id='word_1_61' title='bbox 1174 679 1372 722; x_wconf 84' lang='lat' dir='ltr'>praesidium</span> <span class='ocrx_word' id='word_1_62' title='bbox 1399 680 1430 711; x_wconf 91' lang='grc'>11]</span> <span class='ocrx_word' id='word_1_63' title='bbox 1456 680 1526 713; x_wconf 86' lang='lat' dir='ltr'>aliis</span> <span class='ocrx_word' id='word_1_64' title='bbox 1552 691 1680 724; x_wconf 84' lang='lat' dir='ltr'>quoque</span> <span class='ocrx_word' id='word_1_65' title='bbox 1706 681 1813 714; x_wconf 85' lang='lat' dir='ltr'>Italiae</span> <span class='ocrx_word' id='word_1_66' title='bbox 1835 670 2103 715; x_wconf 53' lang='lat' dir='ltr'>civi-iicdliec‘iiaiffiii</span> 
     </span>
    </p>
   </div>
   <div class='ocr_carea' id='block_1_3' title="bbox 1903 720 2074 741">
    <p class='ocr_par' dir='ltr' id='par_1_3' title="bbox 1903 720 2074 741">
     <span class='ocr_line' id='line_1_10' title="bbox 1903 720 2074 741; baseline 0 0"><span class='ocrx_word' id='word_1_67' title='bbox 1903 735 1907 741; x_wconf 93' lang='lat'>.</span> <span class='ocrx_word' id='word_1_68' title='bbox 1921 721 1967 741; x_wconf 81' lang='lat' dir='ltr'>fieri</span> <span class='ocrx_word' id='word_1_69' title='bbox 1982 720 2074 741; x_wconf 74' lang='lat' dir='ltr'>mandat.</span> 
     </span>
    </p>
   </div>
   <div class='ocr_carea' id='block_1_4' title="bbox 1912 264 2100 292">
    <p class='ocr_par' dir='ltr' id='par_1_4' title="bbox 1912 264 2100 292">
     <span class='ocr_line' id='line_1_11' title="bbox 1912 264 2100 292; baseline -0.011 0"><span class='ocrx_word' id='word_1_70' title='bbox 1912 265 1961 292; x_wconf 73' lang='lat' dir='ltr'>An.</span> <span class='ocrx_word' id='word_1_71' title='bbox 1983 265 2012 292; x_wconf 89' lang='lat' dir='ltr'>C.</span> <span class='ocrx_word' id='word_1_72' title='bbox 2034 264 2100 291; x_wconf 69' lang='lat'>1068</span> 
     </span>
    </p>
   </div>
   <div class='ocr_carea' id='block_1_5' title="bbox 543 506 981 581">
    <p class='ocr_par' dir='ltr' id='par_1_5' title="bbox 543 506 981 581">
     <span class='ocr_line' id='line_1_12' title="bbox 611 506 916 540; baseline -0.01 -5"><span class='ocrx_word' id='word_1_73' title='bbox 611 510 745 535; x_wconf 80' lang='lat' dir='ltr'>Clemens</span> <span class='ocrx_word' id='word_1_74' title='bbox 765 508 844 540; x_wconf 82' lang='lat' dir='ltr'>Papa</span> <span class='ocrx_word' id='word_1_75' title='bbox 864 506 916 538; x_wconf 87' lang='lat' dir='ltr'>IX,</span> 
     </span>
     <span class='ocr_line' id='line_1_13' title="bbox 543 550 981 581; baseline -0.011 0"><span class='ocrx_word' id='word_1_76' title='bbox 543 554 579 581; x_wconf 87' lang='lat' dir='ltr'>ad</span> <span class='ocrx_word' id='word_1_77' title='bbox 595 554 726 580; x_wconf 80' lang='lat' dir='ltr'>futuram</span> <span class='ocrx_word' id='word_1_78' title='bbox 741 551 785 578; x_wconf 83' lang='lat' dir='ltr'>rei</span> <span class='ocrx_word' id='word_1_79' title='bbox 801 550 981 578; x_wconf 84' lang='lat' dir='ltr'>memoriam.</span> 
     </span>
    </p>
   </div>
   <div class='ocr_carea' id='block_1_6' title="bbox 228 649 384 669">
    <p class='ocr_par' dir='ltr' id='par_1_6' title="bbox 228 649 384 669">
     <span class='ocr_line' id='line_1_14' title="bbox 228 649 384 669; baseline -0.013 0"><span class='ocrx_word' id='word_1_80' title='bbox 228 650 294 669; x_wconf 59' lang='lat' dir='ltr'>{tanea</span> <span class='ocrx_word' id='word_1_81' title='bbox 320 649 384 668; x_wconf 70' lang='lat' dir='ltr'>huius</span> 
     </span>
    </p>
   </div>
   <div class='ocr_carea' id='block_1_7' title="bbox 202 629 1130 697">
    <p class='ocr_par' dir='ltr' id='par_1_7' title="bbox 202 629 1130 697">
     <span class='ocr_line' id='line_1_15' title="bbox 202 629 1130 697; baseline -0.009 -27"><span class='ocrx_word' id='word_1_82' title='bbox 202 676 212 697; x_wconf 46' lang='lat' dir='ltr'>s</span> <span class='ocrx_word' id='word_1_83' title='bbox 440 635 497 678; x_wconf 65' lang='lat' dir='ltr'>gl.</span> <span class='ocrx_word' id='word_1_84' title='bbox 515 634 592 667; x_wconf 87' lang='lat' dir='ltr'>Cum</span> <span class='ocrx_word' id='word_1_85' title='bbox 608 644 666 666; x_wconf 88' lang='grc'>1105</span> <span class='ocrx_word' id='word_1_86' title='bbox 684 642 799 675; x_wconf 88' lang='lat' dir='ltr'>nuper,</span> <span class='ocrx_word' id='word_1_87' title='bbox 817 631 968 664; x_wconf 85' lang='lat' dir='ltr'>videlicet</span> <span class='ocrx_word' id='word_1_88' title='bbox 986 629 1036 663; x_wconf 89' lang='grc'>1116</span> <span class='ocrx_word' id='word_1_89' title='bbox 1052 640 1130 663; x_wconf 78' lang='lat' dir='ltr'>xxm</span> 
     </span>
     <span class='ocr_line' id='line_1_16' title="bbox 214 678 369 696; baseline -0.013 0"><span class='ocrx_word' id='word_1_90' title='bbox 214 678 304 696; x_wconf 53' lang='lat' dir='ltr'>{mustum</span> <span class='ocrx_word' id='word_1_91' title='bbox 310 682 350 694; x_wconf 58' lang='lat'>======</span> <span class='ocrx_word' id='word_1_92' title='bbox 354 682 369 694; x_wconf 67' lang='grc'>54</span> 
     </span>
    </p>
   </div>
   <div class='ocr_carea' id='block_1_8' title="bbox 395 683 1133 732">
    <p class='ocr_par' dir='ltr' id='par_1_8' title="bbox 395 683 1133 732">
     <span class='ocr_line' id='line_1_17' title="bbox 395 683 1133 732; baseline -0.009 -11"><span class='ocrx_word' id='word_1_93' title='bbox 395 686 588 732; x_wconf 73' lang='lat' dir='ltr'>septembris</span> <span class='ocrx_word' id='word_1_94' title='bbox 619 684 764 729; x_wconf 81' lang='lat' dir='ltr'>proxime</span> <span class='ocrx_word' id='word_1_95' title='bbox 789 683 966 727; x_wconf 83' lang='lat' dir='ltr'>praeteriti,</span> <span class='ocrx_word' id='word_1_96' title='bbox 1000 693 1133 726; x_wconf 89' lang='lat' dir='ltr'>proces-</span> 
     </span>
    </p>
   </div>
   <div class='ocr_carea' id='block_1_9' title="bbox 211 2389 396 2463">
    <p class='ocr_par' dir='ltr' id='par_1_9' title="bbox 211 2389 396 2463">
     <span class='ocr_line' id='line_1_18' title="bbox 238 2389 395 2409; baseline 0 0"><span class='ocrx_word' id='word_1_97' title='bbox 238 2390 314 2409; x_wconf 69' lang='lat' dir='ltr'>Pre‹=s·s</span> <span class='ocrx_word' id='word_1_98' title='bbox 343 2389 395 2409; x_wconf 78' lang='lat' dir='ltr'>indl-</span> 
     </span>
     <span class='ocr_line' id='line_1_19' title="bbox 287 2416 396 2436; baseline 0.009 -1"><span class='ocrx_word' id='word_1_99' title='bbox 287 2417 306 2435; x_wconf 86' lang='lat' dir='ltr'>iu</span> <span class='ocrx_word' id='word_1_100' title='bbox 333 2416 396 2436; x_wconf 81' lang='lat' dir='ltr'>Statu</span> 
     </span>
     <span class='ocr_line' id='line_1_20' title="bbox 211 2443 369 2463; baseline 0 -1"><span class='ocrx_word' id='word_1_101' title='bbox 211 2443 369 2463; x_wconf 42' lang='lat' dir='ltr'>Lxx-testantem.</span> 
     </span>
    </p>
   </div>
   <div class='ocr_carea' id='block_1_10' title="bbox 212 2419 258 2435">
    <p class='ocr_par' dir='ltr' id='par_1_10' title="bbox 212 2419 258 2435">
     <span class='ocr_line' id='line_1_21' title="bbox 212 2419 258 2435; baseline 0 0"><span class='ocrx_word' id='word_1_102' title='bbox 212 2419 258 2435; x_wconf 62' lang='lat' dir='ltr'>clm·</span> 
     </span>
    </p>
   </div>
   <div class='ocr_carea' id='block_1_11' title="bbox 396 737 1136 1257">
    <p class='ocr_par' dir='ltr' id='par_1_11' title="bbox 396 737 1136 1257">
     <span class='ocr_line' id='line_1_22' title="bbox 396 737 1133 775; baseline -0.008 0"><span class='ocrx_word' id='word_1_103' title='bbox 396 742 477 775; x_wconf 88' lang='lat' dir='ltr'>sioni</span> <span class='ocrx_word' id='word_1_104' title='bbox 497 742 535 774; x_wconf 90' lang='lat' dir='ltr'>ab</span> <span class='ocrx_word' id='word_1_105' title='bbox 552 740 689 773; x_wconf 81' lang='lat' dir='ltr'>ecclesia</span> <span class='ocrx_word' id='word_1_106' title='bbox 702 739 732 771; x_wconf 91' lang='lat' dir='ltr'>S.</span> <span class='ocrx_word' id='word_1_107' title='bbox 749 737 897 771; x_wconf 88' lang='lat' dir='ltr'>Stanislai</span> <span class='ocrx_word' id='word_1_108' title='bbox 916 737 1057 770; x_wconf 86' lang='lat' dir='ltr'>nationis</span> <span class='ocrx_word' id='word_1_109' title='bbox 1074 737 1133 770; x_wconf 89' lang='lat' dir='ltr'>Po-</span> 
     </span>
     <span class='ocr_line' id='line_1_23' title="bbox 397 790 1132 829; baseline -0.008 -1"><span class='ocrx_word' id='word_1_110' title='bbox 397 797 548 829; x_wconf 84' lang='lat' dir='ltr'>lonoruni</span> <span class='ocrx_word' id='word_1_111' title='bbox 569 794 608 826; x_wconf 87' lang='lat' dir='ltr'>ad</span> <span class='ocrx_word' id='word_1_112' title='bbox 633 792 805 825; x_wconf 88' lang='lat' dir='ltr'>ecclesiam</span> <span class='ocrx_word' id='word_1_113' title='bbox 822 791 852 824; x_wconf 86' lang='lat' dir='ltr'>S.</span> <span class='ocrx_word' id='word_1_114' title='bbox 872 791 968 823; x_wconf 82' lang='lat' dir='ltr'>Marci</span> <span class='ocrx_word' id='word_1_115' title='bbox 990 791 1028 824; x_wconf 88' lang='lat' dir='ltr'>de</span> <span class='ocrx_word' id='word_1_116' title='bbox 1047 790 1132 823; x_wconf 88' lang='lat' dir='ltr'>Urbe</span> 
     </span>
     <span class='ocr_line' id='line_1_24' title="bbox 397 843 1130 886; baseline -0.01 -4"><span class='ocrx_word' id='word_1_117' title='bbox 397 860 414 881; x_wconf 82' lang='lat' dir='ltr'>a</span> <span class='ocrx_word' id='word_1_118' title='bbox 439 848 532 881; x_wconf 89' lang='lat' dir='ltr'>nobis</span> <span class='ocrx_word' id='word_1_119' title='bbox 557 846 744 886; x_wconf 82' lang='lat' dir='ltr'>institutae,</span> <span class='ocrx_word' id='word_1_120' title='bbox 774 855 809 877; x_wconf 90' lang='lat' dir='ltr'>ac</span> <span class='ocrx_word' id='word_1_121' title='bbox 840 844 955 876; x_wconf 88' lang='lat' dir='ltr'>missae</span> <span class='ocrx_word' id='word_1_122' title='bbox 980 843 1130 884; x_wconf 83' lang='lat' dir='ltr'>solemni,</span> 
     </span>
     <span class='ocr_line' id='line_1_25' title="bbox 399 895 1133 945; baseline -0.008 -12"><span class='ocrx_word' id='word_1_123' title='bbox 399 911 481 945; x_wconf 88' lang='lat' dir='ltr'>quae</span> <span class='ocrx_word' id='word_1_124' title='bbox 507 900 539 932; x_wconf 89' lang='lat' dir='ltr'>in</span> <span class='ocrx_word' id='word_1_125' title='bbox 556 899 669 932; x_wconf 79' lang='lat' dir='ltr'>eadem</span> <span class='ocrx_word' id='word_1_126' title='bbox 688 897 824 931; x_wconf 82' lang='lat' dir='ltr'>ecclesia</span> <span class='ocrx_word' id='word_1_127' title='bbox 838 896 868 929; x_wconf 86' lang='lat' dir='ltr'>S.</span> <span class='ocrx_word' id='word_1_128' title='bbox 888 895 983 928; x_wconf 78' lang='lat' dir='ltr'>Marci</span> <span class='ocrx_word' id='word_1_129' title='bbox 997 895 1133 942; x_wconf 76' lang='lat' dir='ltr'>subinde</span> 
     </span>
     <span class='ocr_line' id='line_1_26' title="bbox 398 947 1134 990; baseline -0.007 -3"><span class='ocrx_word' id='word_1_130' title='bbox 398 953 559 987; x_wconf 86' lang='lat' dir='ltr'>celebrata</span> <span class='ocrx_word' id='word_1_131' title='bbox 596 951 674 990; x_wconf 82' lang='lat' dir='ltr'>suit,</span> <span class='ocrx_word' id='word_1_132' title='bbox 706 952 769 982; x_wconf 76' lang='lat' dir='ltr'>una</span> <span class='ocrx_word' id='word_1_133' title='bbox 800 960 871 982; x_wconf 90' lang='lat' dir='ltr'>cum</span> <span class='ocrx_word' id='word_1_134' title='bbox 895 947 1134 982; x_wconf 79' lang='lat' dir='ltr'>venerabilibus</span> 
     </span>
     <span class='ocr_line' id='line_1_27' title="bbox 397 1001 1131 1041; baseline -0.008 -3"><span class='ocrx_word' id='word_1_135' title='bbox 397 1006 548 1039; x_wconf 87' lang='lat' dir='ltr'>fratribus</span> <span class='ocrx_word' id='word_1_136' title='bbox 575 1004 692 1037; x_wconf 89' lang='lat' dir='ltr'>nostris</span> <span class='ocrx_word' id='word_1_137' title='bbox 717 1003 746 1035; x_wconf 92' lang='lat' dir='ltr'>S.</span> <span class='ocrx_word' id='word_1_138' title='bbox 775 1003 811 1034; x_wconf 76' lang='lat' dir='ltr'>R.</span> <span class='ocrx_word' id='word_1_139' title='bbox 838 1002 872 1034; x_wconf 81' lang='lat' dir='ltr'>E.</span> <span class='ocrx_word' id='word_1_140' title='bbox 902 1001 1131 1041; x_wconf 69' lang='lat' dir='ltr'>cardinalibus,</span> 
     </span>
     <span class='ocr_line' id='line_1_28' title="bbox 397 1054 1136 1102; baseline -0.009 -10"><span class='ocrx_word' id='word_1_141' title='bbox 397 1070 526 1093; x_wconf 86' lang='lat' dir='ltr'>necnon</span> <span class='ocrx_word' id='word_1_142' title='bbox 561 1057 776 1102; x_wconf 87' lang='lat' dir='ltr'>patriarchis,</span> <span class='ocrx_word' id='word_1_143' title='bbox 814 1054 1068 1097; x_wconf 74' lang='lat' dir='ltr'>archiepiscopis</span> <span class='ocrx_word' id='word_1_144' title='bbox 1105 1059 1136 1086; x_wconf 90' lang='lat' dir='ltr'>et</span> 
     </span>
     <span class='ocr_line' id='line_1_29' title="bbox 398 1106 1135 1155; baseline -0.009 -10"><span class='ocrx_word' id='word_1_145' title='bbox 398 1111 571 1155; x_wconf 86' lang='lat' dir='ltr'>episcopis,</span> <span class='ocrx_word' id='word_1_146' title='bbox 598 1111 732 1152; x_wconf 84' lang='lat' dir='ltr'>aliisque</span> <span class='ocrx_word' id='word_1_147' title='bbox 758 1108 909 1152; x_wconf 86' lang='lat' dir='ltr'>praelatis</span> <span class='ocrx_word' id='word_1_148' title='bbox 934 1112 966 1140; x_wconf 88' lang='lat' dir='ltr'>et</span> <span class='ocrx_word' id='word_1_149' title='bbox 990 1106 1135 1139; x_wconf 84' lang='lat' dir='ltr'>officiali-</span> 
     </span>
     <span class='ocr_line' id='line_1_30' title="bbox 396 1159 1135 1208; baseline -0.008 -11"><span class='ocrx_word' id='word_1_150' title='bbox 396 1166 457 1198; x_wconf 89' lang='lat' dir='ltr'>bus</span> <span class='ocrx_word' id='word_1_151' title='bbox 483 1164 649 1208; x_wconf 75' lang='lat' dir='ltr'>cappellae</span> <span class='ocrx_word' id='word_1_152' title='bbox 674 1168 801 1194; x_wconf 83' lang='lat' dir='ltr'>nostrae</span> <span class='ocrx_word' id='word_1_153' title='bbox 827 1159 1009 1204; x_wconf 81' lang='lat' dir='ltr'>pontificiae</span> <span class='ocrx_word' id='word_1_154' title='bbox 1035 1159 1135 1192; x_wconf 84' lang='lat' dir='ltr'>inter-</span> 
     </span>
     <span class='ocr_line' id='line_1_31' title="bbox 399 1213 1135 1257; baseline -0.008 -7"><span class='ocrx_word' id='word_1_155' title='bbox 399 1218 576 1257; x_wconf 76' lang='lat' dir='ltr'>fuerim‘us3</span> <span class='ocrx_word' id='word_1_156' title='bbox 614 1226 649 1248; x_wconf 76' lang='lat' dir='ltr'>ac</span> <span class='ocrx_word' id='word_1_157' title='bbox 685 1215 834 1248; x_wconf 83' lang='lat' dir='ltr'>omnibus</span> <span class='ocrx_word' id='word_1_158' title='bbox 869 1213 1135 1246; x_wconf 76' lang='lat' dir='ltr'>christifidelibus</span> 
     </span>
    </p>
   </div>
   <div class='ocr_carea' id='block_1_12' title="bbox 398 1267 1154 1363">
    <p class='ocr_par' dir='ltr' id='par_1_12' title="bbox 398 1267 1154 1363">
     <span class='ocr_line' id='line_1_32' title="bbox 398 1267 1154 1313; baseline -0.008 -10"><span class='ocrx_word' id='word_1_159' title='bbox 398 1282 471 1303; x_wconf 85' lang='lat' dir='ltr'>vere</span> <span class='ocrx_word' id='word_1_160' title='bbox 497 1269 738 1313; x_wconf 80' lang='lat' dir='ltr'>poenitentibus</span> <span class='ocrx_word' id='word_1_161' title='bbox 754 1273 785 1300; x_wconf 81' lang='lat' dir='ltr'>et</span> <span class='ocrx_word' id='word_1_162' title='bbox 806 1267 971 1307; x_wconf 86' lang='lat' dir='ltr'>confessis,</span> <span class='ocrx_word' id='word_1_163' title='bbox 994 1277 1030 1299; x_wconf 85' lang='lat' dir='ltr'>ac</span> <span class='ocrx_word' id='word_1_164' title='bbox 1048 1268 1136 1298; x_wconf 70' lang='lat' dir='ltr'>sacra</span> <span class='ocrx_word' id='word_1_165' title='bbox 1153 1300 1154 1303; x_wconf 14' lang='grc' dir='ltr'><strong>Ἰ</strong></span> 
     </span>
     <span class='ocr_line' id='line_1_33' title="bbox 399 1319 1154 1363; baseline -0.007 -7"><span class='ocrx_word' id='word_1_166' title='bbox 399 1322 629 1356; x_wconf 80' lang='lat' dir='ltr'>communione</span> <span class='ocrx_word' id='word_1_167' title='bbox 648 1321 774 1354; x_wconf 81' lang='lat' dir='ltr'>resectis</span> <span class='ocrx_word' id='word_1_168' title='bbox 787 1347 794 1361; x_wconf 90' lang='lat'>,</span> <span class='ocrx_word' id='word_1_169' title='bbox 814 1321 868 1363; x_wconf 81' lang='lat' dir='ltr'>qui</span> <span class='ocrx_word' id='word_1_170' title='bbox 887 1319 1089 1363; x_wconf 76' lang='lat' dir='ltr'>processioni</span> <span class='ocrx_word' id='word_1_171' title='bbox 1107 1324 1154 1351; x_wconf 60' lang='lat' dir='ltr'>et*</span> 
     </span>
    </p>
   </div>
   <div class='ocr_carea' id='block_1_13' title="bbox 398 1373 1148 2685">
    <p class='ocr_par' dir='ltr' id='par_1_13' title="bbox 398 1373 1144 2368">
     <span class='ocr_line' id='line_1_34' title="bbox 398 1373 1137 1418; baseline -0.008 -9"><span class='ocrx_word' id='word_1_172' title='bbox 398 1376 514 1409; x_wconf 88' lang='lat' dir='ltr'>missae</span> <span class='ocrx_word' id='word_1_173' title='bbox 539 1374 711 1418; x_wconf 82' lang='lat' dir='ltr'>praedictis</span> <span class='ocrx_word' id='word_1_174' title='bbox 729 1374 933 1412; x_wconf 72' lang='lat' dir='ltr'>interessent,</span> <span class='ocrx_word' id='word_1_175' title='bbox 951 1373 1001 1405; x_wconf 90' lang='lat' dir='ltr'>vel</span> <span class='ocrx_word' id='word_1_176' title='bbox 1019 1377 1137 1404; x_wconf 82' lang='lat' dir='ltr'>utram-</span> 
     </span>
     <span class='ocr_line' id='line_1_35' title="bbox 399 1425 1138 1473; baseline -0.005 -12"><span class='ocrx_word' id='word_1_177' title='bbox 399 1440 461 1473; x_wconf 88' lang='lat' dir='ltr'>que</span> <span class='ocrx_word' id='word_1_178' title='bbox 487 1428 655 1462; x_wconf 85' lang='lat' dir='ltr'>ecclesiam</span> <span class='ocrx_word' id='word_1_179' title='bbox 680 1427 865 1460; x_wconf 89' lang='lat' dir='ltr'>huiusmodi</span> <span class='ocrx_word' id='word_1_180' title='bbox 892 1437 929 1460; x_wconf 88' lang='lat' dir='ltr'>eo</span> <span class='ocrx_word' id='word_1_181' title='bbox 956 1426 1006 1459; x_wconf 91' lang='lat' dir='ltr'>die</span> <span class='ocrx_word' id='word_1_182' title='bbox 1031 1425 1138 1458; x_wconf 81' lang='lat' dir='ltr'>visita-</span> 
     </span>
     <span class='ocr_line' id='line_1_36' title="bbox 398 1479 1137 1525; baseline -0.005 -10"><span class='ocrx_word' id='word_1_183' title='bbox 398 1488 483 1521; x_wconf 86' lang='lat' dir='ltr'>rent,</span> <span class='ocrx_word' id='word_1_184' title='bbox 510 1482 619 1525; x_wconf 88' lang='lat' dir='ltr'>ibique</span> <span class='ocrx_word' id='word_1_185' title='bbox 646 1480 785 1513; x_wconf 72' lang='lat' dir='ltr'>dixinum</span> <span class='ocrx_word' id='word_1_186' title='bbox 812 1479 964 1513; x_wconf 79' lang='lat' dir='ltr'>auxilium</span> <span class='ocrx_word' id='word_1_187' title='bbox 992 1485 1053 1511; x_wconf 89' lang='lat' dir='ltr'>tam</span> <span class='ocrx_word' id='word_1_188' title='bbox 1078 1489 1137 1522; x_wconf 90' lang='lat' dir='ltr'>pro</span> 
     </span>
     <span class='ocr_line' id='line_1_37' title="bbox 401 1531 1136 1574; baseline -0.007 -6"><span class='ocrx_word' id='word_1_189' title='bbox 401 1535 591 1568; x_wconf 82' lang='lat' dir='ltr'>defensione</span> <span class='ocrx_word' id='word_1_190' title='bbox 618 1540 647 1566; x_wconf 87' lang='grc'>61</span> <span class='ocrx_word' id='word_1_191' title='bbox 673 1533 806 1566; x_wconf 86' lang='lat' dir='ltr'>tuitione</span> <span class='ocrx_word' id='word_1_192' title='bbox 831 1533 966 1565; x_wconf 87' lang='lat' dir='ltr'>civitatis</span> <span class='ocrx_word' id='word_1_193' title='bbox 991 1537 1022 1564; x_wconf 92' lang='lat' dir='ltr'>et</span> <span class='ocrx_word' id='word_1_194' title='bbox 1046 1531 1136 1574; x_wconf 77' lang='lat' dir='ltr'>regni</span> 
     </span>
     <span class='ocr_line' id='line_1_38' title="bbox 401 1586 1137 1630; baseline -0.007 -8"><span class='ocrx_word' id='word_1_195' title='bbox 401 1589 511 1622; x_wconf 88' lang='lat' dir='ltr'>Cretae</span> <span class='ocrx_word' id='word_1_196' title='bbox 549 1593 662 1621; x_wconf 86' lang='lat' dir='ltr'>contra</span> <span class='ocrx_word' id='word_1_197' title='bbox 694 1587 923 1630; x_wconf 74' lang='lat' dir='ltr'>oppressiones</span> <span class='ocrx_word' id='word_1_198' title='bbox 960 1586 1137 1618; x_wconf 88' lang='lat' dir='ltr'>Turcarum</span> 
     </span>
     <span class='ocr_line' id='line_1_39' title="bbox 401 1639 1139 1684; baseline -0.004 -10"><span class='ocrx_word' id='word_1_199' title='bbox 401 1653 494 1684; x_wconf 86' lang='lat' dir='ltr'>quam</span> <span class='ocrx_word' id='word_1_200' title='bbox 523 1652 582 1684; x_wconf 92' lang='lat' dir='ltr'>pro</span> <span class='ocrx_word' id='word_1_201' title='bbox 607 1640 811 1684; x_wconf 72' lang='lat' dir='ltr'>presentibus</span> <span class='ocrx_word' id='word_1_202' title='bbox 829 1639 1074 1672; x_wconf 83' lang='lat' dir='ltr'>necessitatibus</span> <span class='ocrx_word' id='word_1_203' title='bbox 1099 1639 1139 1671; x_wconf 88' lang='lat' dir='ltr'>se-</span> 
     </span>
     <span class='ocr_line' id='line_1_40' title="bbox 400 1691 1139 1737; baseline -0.005 -10"><span class='ocrx_word' id='word_1_204' title='bbox 400 1694 520 1737; x_wconf 87' lang='lat' dir='ltr'>licique</span> <span class='ocrx_word' id='word_1_205' title='bbox 545 1694 725 1726; x_wconf 81' lang='lat' dir='ltr'>directione</span> <span class='ocrx_word' id='word_1_206' title='bbox 744 1693 951 1735; x_wconf 68' lang='lat' dir='ltr'>negotiorum</span> <span class='ocrx_word' id='word_1_207' title='bbox 971 1692 1062 1734; x_wconf 78' lang='lat' dir='ltr'>regni</span> <span class='ocrx_word' id='word_1_208' title='bbox 1080 1691 1139 1724; x_wconf 88' lang='lat' dir='ltr'>Po-</span> 
     </span>
     <span class='ocr_line' id='line_1_41' title="bbox 401 1745 1138 1789; baseline -0.004 -10"><span class='ocrx_word' id='word_1_209' title='bbox 401 1746 509 1780; x_wconf 85' lang='lat' dir='ltr'>loniae</span> <span class='ocrx_word' id='word_1_210' title='bbox 535 1747 757 1789; x_wconf 73' lang='lat' dir='ltr'>implorarent,</span> <span class='ocrx_word' id='word_1_211' title='bbox 790 1745 967 1788; x_wconf 83' lang='lat' dir='ltr'>plenariam</span> <span class='ocrx_word' id='word_1_212' title='bbox 994 1745 1138 1777; x_wconf 88' lang='lat' dir='ltr'>omnium</span> 
     </span>
     <span class='ocr_line' id='line_1_42' title="bbox 401 1797 1139 1843; baseline -0.005 -10"><span class='ocrx_word' id='word_1_213' title='bbox 401 1805 608 1843; x_wconf 84' lang='lat' dir='ltr'>peccatorum</span> <span class='ocrx_word' id='word_1_214' title='bbox 627 1808 759 1831; x_wconf 86' lang='lat' dir='ltr'>suorum</span> <span class='ocrx_word' id='word_1_215' title='bbox 783 1797 1018 1840; x_wconf 78' lang='lat' dir='ltr'>indulgentiam</span> <span class='ocrx_word' id='word_1_216' title='bbox 1039 1803 1070 1830; x_wconf 90' lang='lat' dir='ltr'>et</span> <span class='ocrx_word' id='word_1_217' title='bbox 1088 1808 1139 1830; x_wconf 88' lang='lat' dir='ltr'>re-</span> 
     </span>
     <span class='ocr_line' id='line_1_43' title="bbox 402 1851 1140 1885; baseline -0.003 0"><span class='ocrx_word' id='word_1_218' title='bbox 402 1852 593 1885; x_wconf 82' lang='lat' dir='ltr'>missionem</span> <span class='ocrx_word' id='word_1_219' title='bbox 609 1851 858 1884; x_wconf 85' lang='lat' dir='ltr'>misericorditer</span> <span class='ocrx_word' id='word_1_220' title='bbox 872 1851 904 1883; x_wconf 91' lang='lat' dir='ltr'>in</span> <span class='ocrx_word' id='word_1_221' title='bbox 919 1851 1053 1883; x_wconf 89' lang='lat' dir='ltr'>Domino</span> <span class='ocrx_word' id='word_1_222' title='bbox 1068 1861 1140 1883; x_wconf 86' lang='lat' dir='ltr'>con-</span> 
     </span>
     <span class='ocr_line' id='line_1_44' title="bbox 403 1903 1139 1946; baseline -0.003 -8"><span class='ocrx_word' id='word_1_223' title='bbox 403 1906 615 1944; x_wconf 75' lang='lat' dir='ltr'>cesserimus,</span> <span class='ocrx_word' id='word_1_224' title='bbox 654 1915 688 1937; x_wconf 84' lang='lat' dir='ltr'>ac</span> <span class='ocrx_word' id='word_1_225' title='bbox 724 1903 883 1937; x_wconf 87' lang='lat' dir='ltr'>eiusmodi</span> <span class='ocrx_word' id='word_1_226' title='bbox 919 1904 1139 1946; x_wconf 78' lang='lat' dir='ltr'>indulgentiae</span> 
     </span>
     <span class='ocr_line' id='line_1_45' title="bbox 403 1956 1141 2002; baseline -0.003 -12"><span class='ocrx_word' id='word_1_227' title='bbox 403 1958 577 2002; x_wconf 80' lang='lat' dir='ltr'>participes</span> <span class='ocrx_word' id='word_1_228' title='bbox 603 1968 732 2001; x_wconf 83' lang='lat' dir='ltr'>quoque</span> <span class='ocrx_word' id='word_1_229' title='bbox 757 1956 827 1990; x_wconf 84' lang='lat' dir='ltr'>ficri</span> <span class='ocrx_word' id='word_1_230' title='bbox 858 1957 1056 1990; x_wconf 78' lang='lat' dir='ltr'>voluerImus</span> <span class='ocrx_word' id='word_1_231' title='bbox 1092 1967 1141 1988; x_wconf 88' lang='lat' dir='ltr'>re-</span> 
     </span>
     <span class='ocr_line' id='line_1_46' title="bbox 405 2009 1141 2054; baseline -0.003 -11"><span class='ocrx_word' id='word_1_232' title='bbox 405 2012 532 2054; x_wconf 70' lang='lat' dir='ltr'>gulares</span> <span class='ocrx_word' id='word_1_233' title='bbox 557 2011 724 2054; x_wconf 85' lang='lat' dir='ltr'>utriusque</span> <span class='ocrx_word' id='word_1_234' title='bbox 751 2021 844 2043; x_wconf 81' lang='lat' dir='ltr'>sexus</span> <span class='ocrx_word' id='word_1_235' title='bbox 868 2010 900 2042; x_wconf 93' lang='lat' dir='ltr'>in</span> <span class='ocrx_word' id='word_1_236' title='bbox 927 2011 1074 2043; x_wconf 78' lang='lat' dir='ltr'>clausura</span> <span class='ocrx_word' id='word_1_237' title='bbox 1096 2009 1141 2041; x_wconf 93' lang='lat' dir='ltr'>vi-</span> 
     </span>
     <span class='ocr_line' id='line_1_47' title="bbox 406 2062 1142 2106; baseline -0.001 -11"><span class='ocrx_word' id='word_1_238' title='bbox 406 2068 526 2103; x_wconf 84' lang='lat' dir='ltr'>ventes,</span> <span class='ocrx_word' id='word_1_239' title='bbox 554 2063 606 2106; x_wconf 88' lang='lat' dir='ltr'>qui</span> <span class='ocrx_word' id='word_1_240' title='bbox 632 2063 671 2095; x_wconf 85' lang='lat' dir='ltr'>ad</span> <span class='ocrx_word' id='word_1_241' title='bbox 697 2063 836 2095; x_wconf 85' lang='lat' dir='ltr'>divinam</span> <span class='ocrx_word' id='word_1_242' title='bbox 865 2073 961 2106; x_wconf 88' lang='lat' dir='ltr'>opem</span> <span class='ocrx_word' id='word_1_243' title='bbox 993 2062 1142 2095; x_wconf 85' lang='lat' dir='ltr'>similiter</span> 
     </span>
     <span class='ocr_line' id='line_1_48' title="bbox 405 2115 1143 2159; baseline -0.001 -11"><span class='ocrx_word' id='word_1_244' title='bbox 405 2117 639 2159; x_wconf 69' lang='lat' dir='ltr'>confugerent,</span> <span class='ocrx_word' id='word_1_245' title='bbox 664 2121 695 2149; x_wconf 90' lang='lat' dir='ltr'>et</span> <span class='ocrx_word' id='word_1_246' title='bbox 715 2116 747 2148; x_wconf 90' lang='grc'>11]</span> <span class='ocrx_word' id='word_1_247' title='bbox 765 2116 898 2149; x_wconf 74' lang='lat' dir='ltr'>diversis</span> <span class='ocrx_word' id='word_1_248' title='bbox 924 2115 1069 2149; x_wconf 87' lang='lat' dir='ltr'>eiusdem</span> <span class='ocrx_word' id='word_1_249' title='bbox 1085 2115 1143 2148; x_wconf 91' lang='lat' dir='ltr'>Ur-</span> 
     </span>
     <span class='ocr_line' id='line_1_49' title="bbox 404 2168 1144 2202; baseline -0.003 -1"><span class='ocrx_word' id='word_1_250' title='bbox 404 2168 454 2201; x_wconf 86' lang='lat' dir='ltr'>bis</span> <span class='ocrx_word' id='word_1_251' title='bbox 480 2169 625 2202; x_wconf 87' lang='lat' dir='ltr'>ecclesiis</span> <span class='ocrx_word' id='word_1_252' title='bbox 642 2168 694 2202; x_wconf 82' lang='lat' dir='ltr'>SS.</span> <span class='ocrx_word' id='word_1_253' title='bbox 714 2168 935 2201; x_wconf 73' lang='lat' dir='ltr'>Eucharistiae</span> <span class='ocrx_word' id='word_1_254' title='bbox 956 2168 1144 2201; x_wconf 86' lang='lat' dir='ltr'>Sacramen-</span> 
     </span>
     <span class='ocr_line' id='line_1_50' title="bbox 407 2220 1142 2265; baseline -0.001 -12"><span class='ocrx_word' id='word_1_255' title='bbox 407 2228 474 2254; x_wconf 86' lang='lat' dir='ltr'>tum</span> <span class='ocrx_word' id='word_1_256' title='bbox 489 2222 635 2265; x_wconf 77' lang='lat' dir='ltr'>publicae</span> <span class='ocrx_word' id='word_1_257' title='bbox 651 2222 792 2255; x_wconf 81' lang='lat' dir='ltr'>fidelium</span> <span class='ocrx_word' id='word_1_258' title='bbox 812 2221 1011 2254; x_wconf 83' lang='lat' dir='ltr'>venerationi</span> <span class='ocrx_word' id='word_1_259' title='bbox 1026 2220 1142 2263; x_wconf 76' lang='lat' dir='ltr'>exponi</span> 
     </span>
     <span class='ocr_line' id='line_1_51' title="bbox 407 2273 1142 2317; baseline -0.001 -11"><span class='ocrx_word' id='word_1_260' title='bbox 407 2275 633 2315; x_wconf 73' lang='lat' dir='ltr'>curaverimus,</span> <span class='ocrx_word' id='word_1_261' title='bbox 659 2275 793 2317; x_wconf 82' lang='lat' dir='ltr'>piasque</span> <span class='ocrx_word' id='word_1_262' title='bbox 827 2274 865 2306; x_wconf 89' lang='lat' dir='ltr'>ad</span> <span class='ocrx_word' id='word_1_263' title='bbox 892 2273 991 2306; x_wconf 87' lang='lat' dir='ltr'>Deum</span> <span class='ocrx_word' id='word_1_264' title='bbox 1029 2283 1142 2316; x_wconf 83' lang='lat' dir='ltr'>preces</span> 
     </span>
     <span class='ocr_line' id='line_1_52' title="bbox 407 2327 856 2368; baseline -0.002 -8"><span class='ocrx_word' id='word_1_265' title='bbox 407 2327 458 2360; x_wconf 86' lang='lat' dir='ltr'>his</span> <span class='ocrx_word' id='word_1_266' title='bbox 487 2328 600 2360; x_wconf 81' lang='lat' dir='ltr'>diebus</span> <span class='ocrx_word' id='word_1_267' title='bbox 625 2327 856 2368; x_wconf 76' lang='lat' dir='ltr'>indixerimus3</span> 
     </span>
    </p>

    <p class='ocr_par' dir='ltr' id='par_1_14' title="bbox 409 2379 1148 2685">
     <span class='ocr_line' id='line_1_53' title="bbox 453 2379 1143 2423; baseline 0 -11"><span class='ocrx_word' id='word_1_268' title='bbox 453 2380 523 2423; x_wconf 61' lang='lat' dir='ltr'>git.</span> <span class='ocrx_word' id='word_1_269' title='bbox 559 2381 602 2412; x_wconf 78' lang='lat' dir='ltr'>Ac</span> <span class='ocrx_word' id='word_1_270' title='bbox 634 2380 750 2413; x_wconf 79' lang='lat' dir='ltr'>similia</span> <span class='ocrx_word' id='word_1_271' title='bbox 784 2379 979 2413; x_wconf 77' lang='lat' dir='ltr'>christianae</span> <span class='ocrx_word' id='word_1_272' title='bbox 1016 2379 1143 2422; x_wconf 87' lang='lat' dir='ltr'>pietatis</span> 
     </span>
     <span class='ocr_line' id='line_1_54' title="bbox 409 2433 1145 2477; baseline -0.001 -11"><span class='ocrx_word' id='word_1_273' title='bbox 409 2444 519 2477; x_wconf 88' lang='lat' dir='ltr'>opera,</span> <span class='ocrx_word' id='word_1_274' title='bbox 546 2439 608 2465; x_wconf 81' lang='lat' dir='ltr'>tam</span> <span class='ocrx_word' id='word_1_275' title='bbox 634 2433 666 2464; x_wconf 94' lang='lat' dir='ltr'>in</span> <span class='ocrx_word' id='word_1_276' title='bbox 691 2433 841 2466; x_wconf 88' lang='lat' dir='ltr'>universo</span> <span class='ocrx_word' id='word_1_277' title='bbox 867 2433 956 2466; x_wconf 82' lang='lat' dir='ltr'>Statu</span> <span class='ocrx_word' id='word_1_278' title='bbox 986 2433 1145 2465; x_wconf 87' lang='lat' dir='ltr'>Ecclesia-</span> 
     </span>
     <span class='ocr_line' id='line_1_55' title="bbox 410 2485 1146 2519; baseline -0.001 -1"><span class='ocrx_word' id='word_1_279' title='bbox 410 2486 490 2518; x_wconf 89' lang='lat' dir='ltr'>stico</span> <span class='ocrx_word' id='word_1_280' title='bbox 515 2485 608 2517; x_wconf 89' lang='lat' dir='ltr'>nobis</span> <span class='ocrx_word' id='word_1_281' title='bbox 642 2486 779 2518; x_wconf 83' lang='lat' dir='ltr'>mediate</span> <span class='ocrx_word' id='word_1_282' title='bbox 806 2488 855 2519; x_wconf 85' lang='lat' dir='ltr'>vel</span> <span class='ocrx_word' id='word_1_283' title='bbox 882 2485 1067 2518; x_wconf 71' lang='lat' dir='ltr'>immediate</span> <span class='ocrx_word' id='word_1_284' title='bbox 1094 2496 1146 2517; x_wconf 87' lang='lat' dir='ltr'>su-</span> 
     </span>
     <span class='ocr_line' id='line_1_56' title="bbox 411 2538 1146 2582; baseline -0.001 -10"><span class='ocrx_word' id='word_1_285' title='bbox 411 2539 541 2579; x_wconf 84' lang='lat' dir='ltr'>biecto,</span> <span class='ocrx_word' id='word_1_286' title='bbox 573 2549 667 2581; x_wconf 80' lang='lat' dir='ltr'>quam</span> <span class='ocrx_word' id='word_1_287' title='bbox 700 2538 731 2570; x_wconf 89' lang='lat' dir='ltr'>in</span> <span class='ocrx_word' id='word_1_288' title='bbox 759 2539 902 2572; x_wconf 90' lang='lat' dir='ltr'>dominio</span> <span class='ocrx_word' id='word_1_289' title='bbox 935 2538 1146 2582; x_wconf 84' lang='lat' dir='ltr'>Reipublicae</span> 
     </span>
     <span class='ocr_line' id='line_1_57' title="bbox 410 2591 1147 2634; baseline 0 -11"><span class='ocrx_word' id='word_1_290' title='bbox 410 2592 624 2631; x_wconf 76' lang='lat' dir='ltr'>Venetorum,</span> <span class='ocrx_word' id='word_1_291' title='bbox 655 2591 793 2633; x_wconf 75' lang='lat' dir='ltr'>erogatis</span> <span class='ocrx_word' id='word_1_292' title='bbox 826 2591 950 2634; x_wconf 85' lang='lat' dir='ltr'>pariter</span> <span class='ocrx_word' id='word_1_293' title='bbox 978 2591 1147 2633; x_wconf 81' lang='lat' dir='ltr'>indulgen-</span> 
     </span>
     <span class='ocr_line' id='line_1_58' title="bbox 411 2643 1148 2685; baseline -0.005 -5"><span class='ocrx_word' id='word_1_294' title='bbox 411 2645 525 2683; x_wconf 74' lang='lat' dir='ltr'>tiarum</span> <span class='ocrx_word' id='word_1_295' title='bbox 550 2644 759 2685; x_wconf 86' lang='lat' dir='ltr'>muneribus,</span> <span class='ocrx_word' id='word_1_296' title='bbox 789 2643 857 2676; x_wconf 80' lang='lat' dir='ltr'>fieri</span> <span class='ocrx_word' id='word_1_297' title='bbox 883 2644 1092 2685; x_wconf 81' lang='lat' dir='ltr'>voluerimus,</span> <span class='ocrx_word' id='word_1_298' title='bbox 1114 2649 1148 2676; x_wconf 88' lang='lat' dir='ltr'>ut</span> 
     </span>
    </p>
   </div>
   <div class='ocr_carea' id='block_1_14' title="bbox 1162 1925 1171 2675">
    <p class='ocr_par' dir='ltr' id='par_1_15' title="bbox 1162 1925 1171 2675">
     <span class='ocr_line' id='line_1_59' title="bbox 1162 1925 1171 2675; baseline 0 0"><span class='ocrx_word' id='word_1_299' title='bbox 1162 1925 1171 2675; x_wconf 95' lang='lat' dir='ltr'> </span> 
     </span>
    </p>
   </div>
   <div class='ocr_carea' id='block_1_15' title="bbox 1176 733 1918 1731">
    <p class='ocr_par' dir='ltr' id='par_1_16' title="bbox 1176 733 1918 1731">
     <span class='ocr_line' id='line_1_60' title="bbox 1176 733 1910 776; baseline 0.004 -12"><span class='ocrx_word' id='word_1_300' title='bbox 1176 733 1292 765; x_wconf 87' lang='lat' dir='ltr'>tatibus</span> <span class='ocrx_word' id='word_1_301' title='bbox 1334 738 1364 765; x_wconf 88' lang='lat' dir='ltr'>et</span> <span class='ocrx_word' id='word_1_302' title='bbox 1400 733 1477 766; x_wconf 86' lang='lat' dir='ltr'>locis</span> <span class='ocrx_word' id='word_1_303' title='bbox 1514 733 1737 776; x_wconf 86' lang='lat' dir='ltr'>pariformiter</span> <span class='ocrx_word' id='word_1_304' title='bbox 1768 734 1910 767; x_wconf 88' lang='lat' dir='ltr'>invocari</span> 
     </span>
     <span class='ocr_line' id='line_1_61' title="bbox 1176 785 1912 830; baseline 0.004 -13"><span class='ocrx_word' id='word_1_305' title='bbox 1176 790 1271 828; x_wconf 83' lang='lat' dir='ltr'>atque</span> <span class='ocrx_word' id='word_1_306' title='bbox 1298 785 1479 819; x_wconf 84' lang='lat' dir='ltr'>coniunctis</span> <span class='ocrx_word' id='word_1_307' title='bbox 1509 785 1652 819; x_wconf 85' lang='lat' dir='ltr'>fidelium</span> <span class='ocrx_word' id='word_1_308' title='bbox 1681 786 1829 829; x_wconf 85' lang='lat' dir='ltr'>precibus</span> <span class='ocrx_word' id='word_1_309' title='bbox 1854 797 1912 830; x_wconf 91' lang='lat' dir='ltr'>po-</span> 
     </span>
     <span class='ocr_line' id='line_1_62' title="bbox 1176 838 1914 881; baseline 0.003 -11"><span class='ocrx_word' id='word_1_310' title='bbox 1176 838 1286 871; x_wconf 83' lang='lat' dir='ltr'>stulari</span> <span class='ocrx_word' id='word_1_311' title='bbox 1323 838 1511 881; x_wconf 83' lang='lat' dir='ltr'>cupientes,</span> <span class='ocrx_word' id='word_1_312' title='bbox 1538 839 1780 871; x_wconf 82' lang='lat' dir='ltr'>venerabilibus</span> <span class='ocrx_word' id='word_1_313' title='bbox 1807 839 1914 872; x_wconf 88' lang='lat' dir='ltr'>fratri-</span> 
     </span>
     <span class='ocr_line' id='line_1_63' title="bbox 1176 891 1912 936; baseline 0.005 -14"><span class='ocrx_word' id='word_1_314' title='bbox 1176 891 1235 923; x_wconf 83' lang='lat' dir='ltr'>bus</span> <span class='ocrx_word' id='word_1_315' title='bbox 1253 891 1507 934; x_wconf 86' lang='lat' dir='ltr'>archiepiscopis</span> <span class='ocrx_word' id='word_1_316' title='bbox 1533 896 1563 924; x_wconf 89' lang='lat' dir='ltr'>et</span> <span class='ocrx_word' id='word_1_317' title='bbox 1584 892 1755 935; x_wconf 89' lang='lat' dir='ltr'>episcopis,</span> <span class='ocrx_word' id='word_1_318' title='bbox 1778 893 1912 936; x_wconf 85' lang='lat' dir='ltr'>aliisque</span> 
     </span>
     <span class='ocr_line' id='line_1_64' title="bbox 1178 943 1914 986; baseline 0.003 -10"><span class='ocrx_word' id='word_1_319' title='bbox 1178 943 1388 976; x_wconf 84' lang='lat' dir='ltr'>ecclesiarum</span> <span class='ocrx_word' id='word_1_320' title='bbox 1412 944 1565 986; x_wconf 86' lang='lat' dir='ltr'>praelatis</span> <span class='ocrx_word' id='word_1_321' title='bbox 1590 944 1814 978; x_wconf 82' lang='lat' dir='ltr'>etOrdinariis</span> <span class='ocrx_word' id='word_1_322' title='bbox 1839 945 1914 978; x_wconf 88' lang='lat' dir='ltr'>civi-</span> 
     </span>
     <span class='ocr_line' id='line_1_65' title="bbox 1179 997 1914 1041; baseline 0.004 -13"><span class='ocrx_word' id='word_1_323' title='bbox 1179 1001 1278 1028; x_wconf 86' lang='lat' dir='ltr'>tatum</span> <span class='ocrx_word' id='word_1_324' title='bbox 1303 1001 1334 1029; x_wconf 90' lang='lat' dir='ltr'>et</span> <span class='ocrx_word' id='word_1_325' title='bbox 1358 997 1552 1037; x_wconf 89' lang='lat' dir='ltr'>dioecesum,</span> <span class='ocrx_word' id='word_1_326' title='bbox 1581 998 1786 1041; x_wconf 86' lang='lat' dir='ltr'>oppidorum,</span> <span class='ocrx_word' id='word_1_327' title='bbox 1814 1004 1914 1031; x_wconf 89' lang='lat' dir='ltr'>terra-</span> 
     </span>
     <span class='ocr_line' id='line_1_66' title="bbox 1178 1049 1914 1093; baseline 0.004 -13"><span class='ocrx_word' id='word_1_328' title='bbox 1178 1059 1249 1081; x_wconf 89' lang='lat' dir='ltr'>rum</span> <span class='ocrx_word' id='word_1_329' title='bbox 1267 1054 1299 1081; x_wconf 92' lang='lat' dir='ltr'>et</span> <span class='ocrx_word' id='word_1_330' title='bbox 1322 1049 1467 1082; x_wconf 89' lang='lat' dir='ltr'>locorum</span> <span class='ocrx_word' id='word_1_331' title='bbox 1487 1049 1631 1093; x_wconf 84' lang='lat' dir='ltr'>reliquae</span> <span class='ocrx_word' id='word_1_332' title='bbox 1650 1051 1768 1091; x_wconf 85' lang='lat' dir='ltr'>Italiae,</span> <span class='ocrx_word' id='word_1_333' title='bbox 1787 1061 1842 1083; x_wconf 88' lang='lat' dir='ltr'>seu</span> <span class='ocrx_word' id='word_1_334' title='bbox 1861 1061 1914 1083; x_wconf 91' lang='lat' dir='ltr'>eo-</span> 
     </span>
     <span class='ocr_line' id='line_1_67' title="bbox 1178 1096 1911 1146; baseline 0.004 -13"><span class='ocrx_word' id='word_1_335' title='bbox 1178 1112 1250 1134; x_wconf 84' lang='lat' dir='ltr'>rnm</span> <span class='ocrx_word' id='word_1_336' title='bbox 1267 1102 1394 1134; x_wconf 86' lang='lat' dir='ltr'>vicariis</span> <span class='ocrx_word' id='word_1_337' title='bbox 1413 1096 1444 1134; x_wconf 83' lang='lat' dir='ltr'>in</span> <span class='ocrx_word' id='word_1_338' title='bbox 1462 1103 1680 1146; x_wconf 83' lang='lat' dir='ltr'>spiritualibus</span> <span class='ocrx_word' id='word_1_339' title='bbox 1697 1104 1911 1146; x_wconf 78' lang='lat' dir='ltr'>generalibus,</span> 
     </span>
     <span class='ocr_line' id='line_1_68' title="bbox 1178 1156 1914 1198; baseline 0.004 -12"><span class='ocrx_word' id='word_1_340' title='bbox 1178 1164 1237 1196; x_wconf 88' lang='lat' dir='ltr'>per</span> <span class='ocrx_word' id='word_1_341' title='bbox 1261 1157 1453 1198; x_wconf 60' lang='lat' dir='ltr'>pitesentes</span> <span class='ocrx_word' id='word_1_342' title='bbox 1478 1156 1705 1189; x_wconf 85' lang='lat' dir='ltr'>committimus</span> <span class='ocrx_word' id='word_1_343' title='bbox 1728 1161 1759 1189; x_wconf 87' lang='lat' dir='ltr'>et</span> <span class='ocrx_word' id='word_1_344' title='bbox 1782 1157 1914 1189; x_wconf 86' lang='lat' dir='ltr'>manda-</span> 
     </span>
     <span class='ocr_line' id='line_1_69' title="bbox 1178 1208 1914 1253; baseline 0.004 -14"><span class='ocrx_word' id='word_1_345' title='bbox 1178 1218 1247 1239; x_wconf 88' lang='lat' dir='ltr'>mus</span> <span class='ocrx_word' id='word_1_346' title='bbox 1273 1212 1315 1248; x_wconf 86' lang='lat' dir='ltr'>ut,</span> <span class='ocrx_word' id='word_1_347' title='bbox 1341 1208 1446 1241; x_wconf 88' lang='lat' dir='ltr'>statim</span> <span class='ocrx_word' id='word_1_348' title='bbox 1471 1214 1567 1252; x_wconf 86' lang='lat' dir='ltr'>atque</span> <span class='ocrx_word' id='word_1_349' title='bbox 1592 1209 1735 1252; x_wconf 82' lang='lat' dir='ltr'>ipsarum</span> <span class='ocrx_word' id='word_1_350' title='bbox 1759 1220 1914 1253; x_wconf 87' lang='lat' dir='ltr'>praesen-</span> 
     </span>
     <span class='ocr_line' id='line_1_70' title="bbox 1179 1261 1913 1305; baseline 0.003 -12"><span class='ocrx_word' id='word_1_351' title='bbox 1179 1261 1257 1293; x_wconf 87' lang='lat' dir='ltr'>tium</span> <span class='ocrx_word' id='word_1_352' title='bbox 1283 1262 1461 1294; x_wconf 88' lang='lat' dir='ltr'>litterarum</span> <span class='ocrx_word' id='word_1_353' title='bbox 1493 1266 1694 1305; x_wconf 88' lang='lat' dir='ltr'>transumpta</span> <span class='ocrx_word' id='word_1_354' title='bbox 1725 1273 1779 1296; x_wconf 87' lang='lat' dir='ltr'>seu</span> <span class='ocrx_word' id='word_1_355' title='bbox 1813 1273 1913 1295; x_wconf 78' lang='lat' dir='ltr'>exem-</span> 
     </span>
     <span class='ocr_line' id='line_1_71' title="bbox 1179 1315 1916 1359; baseline 0.003 -12"><span class='ocrx_word' id='word_1_356' title='bbox 1179 1316 1233 1358; x_wconf 86' lang='lat' dir='ltr'>pla</span> <span class='ocrx_word' id='word_1_357' title='bbox 1255 1315 1350 1347; x_wconf 86' lang='lat' dir='ltr'>etiam</span> <span class='ocrx_word' id='word_1_358' title='bbox 1376 1315 1534 1358; x_wconf 81' lang='lat' dir='ltr'>impressa</span> <span class='ocrx_word' id='word_1_359' title='bbox 1558 1316 1597 1349; x_wconf 87' lang='lat' dir='ltr'>ad</span> <span class='ocrx_word' id='word_1_360' title='bbox 1623 1326 1678 1348; x_wconf 88' lang='lat' dir='ltr'>eos</span> <span class='ocrx_word' id='word_1_361' title='bbox 1696 1317 1916 1359; x_wconf 83' lang='lat' dir='ltr'>pervenerint,</span> 
     </span>
     <span class='ocr_line' id='line_1_72' title="bbox 1180 1367 1917 1412; baseline 0.003 -13"><span class='ocrx_word' id='word_1_362' title='bbox 1180 1367 1408 1410; x_wconf 86' lang='lat' dir='ltr'>processiones</span> <span class='ocrx_word' id='word_1_363' title='bbox 1442 1369 1562 1411; x_wconf 85' lang='lat' dir='ltr'>pariter</span> <span class='ocrx_word' id='word_1_364' title='bbox 1587 1369 1619 1401; x_wconf 90' lang='lat' dir='ltr'>in</span> <span class='ocrx_word' id='word_1_365' title='bbox 1644 1369 1708 1401; x_wconf 90' lang='lat' dir='ltr'>suis</span> <span class='ocrx_word' id='word_1_366' title='bbox 1739 1369 1917 1412; x_wconf 73' lang='lat' dir='ltr'>respective</span> 
     </span>
     <span class='ocr_line' id='line_1_73' title="bbox 1181 1420 1917 1465; baseline 0.003 -13"><span class='ocrx_word' id='word_1_367' title='bbox 1181 1420 1372 1461; x_wconf 81' lang='lat' dir='ltr'>civitatibus,</span> <span class='ocrx_word' id='word_1_368' title='bbox 1394 1422 1531 1465; x_wconf 82' lang='lat' dir='ltr'>oppidis,</span> <span class='ocrx_word' id='word_1_369' title='bbox 1553 1422 1647 1454; x_wconf 87' lang='lat' dir='ltr'>terris</span> <span class='ocrx_word' id='word_1_370' title='bbox 1672 1427 1704 1454; x_wconf 90' lang='lat' dir='ltr'>et</span> <span class='ocrx_word' id='word_1_371' title='bbox 1728 1422 1808 1455; x_wconf 89' lang='lat' dir='ltr'>locis</span> <span class='ocrx_word' id='word_1_372' title='bbox 1826 1421 1917 1454; x_wconf 89' lang='lat' dir='ltr'>insti-</span> 
     </span>
     <span class='ocr_line' id='line_1_74' title="bbox 1181 1474 1917 1514; baseline 0.004 -9"><span class='ocrx_word' id='word_1_373' title='bbox 1181 1479 1289 1514; x_wconf 81' lang='lat' dir='ltr'>tuant,</span> <span class='ocrx_word' id='word_1_374' title='bbox 1319 1484 1354 1507; x_wconf 89' lang='lat' dir='ltr'>ac</span> <span class='ocrx_word' id='word_1_375' title='bbox 1379 1480 1589 1507; x_wconf 81' lang='lat' dir='ltr'>memoratum</span> <span class='ocrx_word' id='word_1_376' title='bbox 1614 1474 1666 1508; x_wconf 83' lang='lat' dir='ltr'>SS.</span> <span class='ocrx_word' id='word_1_377' title='bbox 1694 1475 1917 1508; x_wconf 83' lang='lat' dir='ltr'>Eucharistiae</span> 
     </span>
     <span class='ocr_line' id='line_1_75' title="bbox 1181 1526 1918 1571; baseline 0 -11"><span class='ocrx_word' id='word_1_378' title='bbox 1181 1526 1422 1561; x_wconf 69' lang='lat' dir='ltr'>Sacramentum</span> <span class='ocrx_word' id='word_1_379' title='bbox 1446 1528 1479 1561; x_wconf 92' lang='lat' dir='ltr'>in</span> <span class='ocrx_word' id='word_1_380' title='bbox 1504 1528 1649 1561; x_wconf 87' lang='lat' dir='ltr'>ecclesiis</span> <span class='ocrx_word' id='word_1_381' title='bbox 1667 1539 1725 1571; x_wconf 90' lang='lat' dir='ltr'>per</span> <span class='ocrx_word' id='word_1_382' title='bbox 1741 1539 1797 1561; x_wconf 88' lang='lat' dir='ltr'>eos</span> <span class='ocrx_word' id='word_1_383' title='bbox 1815 1538 1918 1570; x_wconf 84' lang='lat' dir='ltr'>respe-</span> 
     </span>
     <span class='ocr_line' id='line_1_76' title="bbox 1182 1580 1918 1624; baseline 0.001 -12"><span class='ocrx_word' id='word_1_384' title='bbox 1182 1580 1262 1613; x_wconf 89' lang='lat' dir='ltr'>ctive</span> <span class='ocrx_word' id='word_1_385' title='bbox 1296 1581 1504 1624; x_wconf 75' lang='lat' dir='ltr'>designandis</span> <span class='ocrx_word' id='word_1_386' title='bbox 1540 1581 1684 1614; x_wconf 82' lang='lat' dir='ltr'>fidelium</span> <span class='ocrx_word' id='word_1_387' title='bbox 1714 1581 1918 1614; x_wconf 88' lang='lat' dir='ltr'>venerationi</span> 
     </span>
     <span class='ocr_line' id='line_1_77' title="bbox 1181 1633 1918 1677; baseline -0.001 -11"><span class='ocrx_word' id='word_1_388' title='bbox 1181 1643 1238 1676; x_wconf 88' lang='lat' dir='ltr'>per</span> <span class='ocrx_word' id='word_1_389' title='bbox 1263 1634 1448 1676; x_wconf 84' lang='lat' dir='ltr'>quindecim</span> <span class='ocrx_word' id='word_1_390' title='bbox 1474 1634 1542 1667; x_wconf 88' lang='lat' dir='ltr'>dies</span> <span class='ocrx_word' id='word_1_391' title='bbox 1558 1634 1706 1667; x_wconf 88' lang='lat' dir='ltr'>similiter</span> <span class='ocrx_word' id='word_1_392' title='bbox 1723 1633 1838 1677; x_wconf 79' lang='lat' dir='ltr'>exponi</span> <span class='ocrx_word' id='word_1_393' title='bbox 1863 1643 1918 1665; x_wconf 90' lang='grc'>611-</span> 
     </span>
     <span class='ocr_line' id='line_1_78' title="bbox 1182 1686 1825 1731; baseline 0.005 -14"><span class='ocrx_word' id='word_1_394' title='bbox 1182 1691 1269 1726; x_wconf 86' lang='lat' dir='ltr'>rent,</span> <span class='ocrx_word' id='word_1_395' title='bbox 1295 1687 1504 1730; x_wconf 83' lang='lat' dir='ltr'>publicasque</span> <span class='ocrx_word' id='word_1_396' title='bbox 1530 1697 1645 1731; x_wconf 82' lang='lat' dir='ltr'>preces</span> <span class='ocrx_word' id='word_1_397' title='bbox 1670 1686 1825 1720; x_wconf 85' lang='lat' dir='ltr'>indicant.</span> 
     </span>
    </p>
   </div>
   <div class='ocr_carea' id='block_1_16' title="bbox 1226 1739 2111 1797">
    <p class='ocr_par' dir='ltr' id='par_1_17' title="bbox 1226 1739 2111 1797">
     <span class='ocr_line' id='line_1_79' title="bbox 1226 1739 2111 1797; baseline -0.002 -26"><span class='ocrx_word' id='word_1_398' title='bbox 1226 1739 1240 1782; x_wconf 74' lang='lat'>§</span> <span class='ocrx_word' id='word_1_399' title='bbox 1264 1739 1295 1772; x_wconf 75' lang='grc'>4.</span> <span class='ocrx_word' id='word_1_400' title='bbox 1322 1739 1385 1773; x_wconf 85' lang='lat' dir='ltr'>Nos</span> <span class='ocrx_word' id='word_1_401' title='bbox 1413 1740 1499 1773; x_wconf 89' lang='lat' dir='ltr'>enim</span> <span class='ocrx_word' id='word_1_402' title='bbox 1531 1740 1679 1773; x_wconf 89' lang='lat' dir='ltr'>omnibus</span> <span class='ocrx_word' id='word_1_403' title='bbox 1715 1745 1745 1773; x_wconf 87' lang='lat' dir='ltr'>et</span> <span class='ocrx_word' id='word_1_404' title='bbox 1781 1740 2111 1797; x_wconf 50' lang='lat' dir='ltr'>Singulissssffiffissggt’fflu·</span> 
     </span>
    </p>
   </div>
   <div class='ocr_carea' id='block_1_17' title="bbox 1183 1793 1929 2687">
    <p class='ocr_par' dir='ltr' id='par_1_18' title="bbox 1183 1793 1929 2687">
     <span class='ocr_line' id='line_1_80' title="bbox 1183 1793 1918 1837; baseline 0.003 -13"><span class='ocrx_word' id='word_1_405' title='bbox 1183 1793 1352 1836; x_wconf 83' lang='lat' dir='ltr'>utriusque</span> <span class='ocrx_word' id='word_1_406' title='bbox 1370 1803 1464 1826; x_wconf 78' lang='lat' dir='ltr'>sexus</span> <span class='ocrx_word' id='word_1_407' title='bbox 1478 1793 1743 1827; x_wconf 78' lang='lat' dir='ltr'>christifidelibus</span> <span class='ocrx_word' id='word_1_408' title='bbox 1758 1803 1830 1826; x_wconf 89' lang='lat' dir='ltr'>vere</span> <span class='ocrx_word' id='word_1_409' title='bbox 1847 1803 1918 1837; x_wconf 89' lang='lat' dir='ltr'>poe-</span> 
     </span>
     <span class='ocr_line' id='line_1_81' title="bbox 1184 1845 1920 1887; baseline 0.003 -10"><span class='ocrx_word' id='word_1_410' title='bbox 1184 1845 1360 1879; x_wconf 87' lang='lat' dir='ltr'>nitentibus</span> <span class='ocrx_word' id='word_1_411' title='bbox 1390 1852 1421 1879; x_wconf 91' lang='lat' dir='ltr'>et</span> <span class='ocrx_word' id='word_1_412' title='bbox 1453 1846 1619 1887; x_wconf 76' lang='lat' dir='ltr'>confessis,</span> <span class='ocrx_word' id='word_1_413' title='bbox 1651 1857 1687 1879; x_wconf 90' lang='lat' dir='ltr'>ac</span> <span class='ocrx_word' id='word_1_414' title='bbox 1715 1848 1802 1879; x_wconf 73' lang='lat' dir='ltr'>sacra</span> <span class='ocrx_word' id='word_1_415' title='bbox 1833 1857 1920 1879; x_wconf 91' lang='lat' dir='ltr'>com-</span> 
     </span>
     <span class='ocr_line' id='line_1_82' title="bbox 1184 1898 1919 1943; baseline 0.001 -13"><span class='ocrx_word' id='word_1_416' title='bbox 1184 1898 1337 1932; x_wconf 90' lang='lat' dir='ltr'>munione</span> <span class='ocrx_word' id='word_1_417' title='bbox 1377 1899 1526 1939; x_wconf 86' lang='lat' dir='ltr'>refectis,</span> <span class='ocrx_word' id='word_1_418' title='bbox 1561 1900 1614 1943; x_wconf 86' lang='lat' dir='ltr'>qui</span> <span class='ocrx_word' id='word_1_419' title='bbox 1656 1899 1919 1943; x_wconf 88' lang='lat' dir='ltr'>processionibus</span> 
     </span>
     <span class='ocr_line' id='line_1_83' title="bbox 1186 1952 1922 1996; baseline 0.003 -13"><span class='ocrx_word' id='word_1_420' title='bbox 1186 1952 1369 1985; x_wconf 88' lang='lat' dir='ltr'>huiusmodi</span> <span class='ocrx_word' id='word_1_421' title='bbox 1386 1953 1565 1996; x_wconf 84' lang='lat' dir='ltr'>respective</span> <span class='ocrx_word' id='word_1_422' title='bbox 1583 1953 1797 1994; x_wconf 86' lang='lat' dir='ltr'>interfuerint,</span> <span class='ocrx_word' id='word_1_423' title='bbox 1812 1953 1861 1986; x_wconf 88' lang='lat' dir='ltr'>vel</span> <span class='ocrx_word' id='word_1_424' title='bbox 1876 1963 1922 1985; x_wconf 91' lang='lat' dir='ltr'>ec-</span> 
     </span>
     <span class='ocr_line' id='line_1_84' title="bbox 1185 2005 1922 2049; baseline 0.001 -12"><span class='ocrx_word' id='word_1_425' title='bbox 1185 2005 1311 2045; x_wconf 77' lang='lat' dir='ltr'>clesias,</span> <span class='ocrx_word' id='word_1_426' title='bbox 1329 2016 1346 2038; x_wconf 90' lang='lat' dir='ltr'>a</span> <span class='ocrx_word' id='word_1_427' title='bbox 1363 2016 1426 2049; x_wconf 87' lang='lat' dir='ltr'>qua</span> <span class='ocrx_word' id='word_1_428' title='bbox 1444 2011 1474 2038; x_wconf 93' lang='lat' dir='ltr'>et</span> <span class='ocrx_word' id='word_1_429' title='bbox 1493 2006 1533 2038; x_wconf 88' lang='lat' dir='ltr'>ad</span> <span class='ocrx_word' id='word_1_430' title='bbox 1550 2016 1646 2049; x_wconf 88' lang='lat' dir='ltr'>quam</span> <span class='ocrx_word' id='word_1_431' title='bbox 1663 2005 1768 2049; x_wconf 89' lang='lat' dir='ltr'>aliqua</span> <span class='ocrx_word' id='word_1_432' title='bbox 1792 2016 1922 2048; x_wconf 89' lang='lat' dir='ltr'>proces-</span> 
     </span>
     <span class='ocr_line' id='line_1_85' title="bbox 1186 2057 1922 2102; baseline -0.001 -11"><span class='ocrx_word' id='word_1_433' title='bbox 1186 2059 1312 2091; x_wconf 88' lang='lat' dir='ltr'>sionum</span> <span class='ocrx_word' id='word_1_434' title='bbox 1338 2059 1479 2102; x_wconf 79' lang='lat' dir='ltr'>ipsarum</span> <span class='ocrx_word' id='word_1_435' title='bbox 1499 2057 1562 2099; x_wconf 86' lang='lat' dir='ltr'>fiet,</span> <span class='ocrx_word' id='word_1_436' title='bbox 1583 2069 1621 2092; x_wconf 92' lang='lat' dir='ltr'>eo</span> <span class='ocrx_word' id='word_1_437' title='bbox 1640 2058 1689 2091; x_wconf 89' lang='lat' dir='ltr'>die</span> <span class='ocrx_word' id='word_1_438' title='bbox 1716 2058 1827 2091; x_wconf 87' lang='lat' dir='ltr'>devote</span> <span class='ocrx_word' id='word_1_439' title='bbox 1848 2058 1922 2090; x_wconf 90' lang='lat' dir='ltr'>visi-</span> 
     </span>
     <span class='ocr_line' id='line_1_86' title="bbox 1188 2112 1922 2155; baseline 0 -11"><span class='ocrx_word' id='word_1_440' title='bbox 1188 2112 1346 2153; x_wconf 83' lang='lat' dir='ltr'>taverint,</span> <span class='ocrx_word' id='word_1_441' title='bbox 1380 2112 1490 2155; x_wconf 59' lang='lat' dir='ltr'>ibique</span> <span class='ocrx_word' id='word_1_442' title='bbox 1517 2112 1661 2145; x_wconf 87' lang='lat' dir='ltr'>divinum</span> <span class='ocrx_word' id='word_1_443' title='bbox 1685 2112 1836 2146; x_wconf 80' lang='lat' dir='ltr'>auxilium</span> <span class='ocrx_word' id='word_1_444' title='bbox 1852 2139 1860 2153; x_wconf 92' lang='lat'>,</span> <span class='ocrx_word' id='word_1_445' title='bbox 1887 2116 1922 2144; x_wconf 88' lang='lat' dir='ltr'>ut</span> 
     </span>
     <span class='ocr_line' id='line_1_87' title="bbox 1186 2164 1923 2208; baseline 0.001 -12"><span class='ocrx_word' id='word_1_446' title='bbox 1186 2164 1411 2208; x_wconf 72' lang='lat' dir='ltr'>pmemittitur,</span> <span class='ocrx_word' id='word_1_447' title='bbox 1437 2164 1698 2208; x_wconf 84' lang='lat' dir='ltr'>imploraverint,</span> <span class='ocrx_word' id='word_1_448' title='bbox 1725 2166 1863 2197; x_wconf 80' lang='lat' dir='ltr'>necnon·</span> <span class='ocrx_word' id='word_1_449' title='bbox 1875 2175 1923 2197; x_wconf 90' lang='lat' dir='ltr'>re-</span> 
     </span>
     <span class='ocr_line' id='line_1_88' title="bbox 1187 2217 1924 2260; baseline 0 -11"><span class='ocrx_word' id='word_1_450' title='bbox 1187 2217 1352 2260; x_wconf 65' lang='lat' dir='ltr'>gularibus</span> <span class='ocrx_word' id='word_1_451' title='bbox 1385 2217 1553 2260; x_wconf 86' lang='lat' dir='ltr'>utriusque</span> <span class='ocrx_word' id='word_1_452' title='bbox 1590 2227 1684 2250; x_wconf 82' lang='lat' dir='ltr'>sexus</span> <span class='ocrx_word' id='word_1_453' title='bbox 1716 2217 1749 2250; x_wconf 94' lang='lat' dir='ltr'>in</span> <span class='ocrx_word' id='word_1_454' title='bbox 1774 2218 1924 2251; x_wconf 77' lang='lat' dir='ltr'>clausura</span> 
     </span>
     <span class='ocr_line' id='line_1_89' title="bbox 1189 2270 1926 2314; baseline 0.001 -11"><span class='ocrx_word' id='word_1_455' title='bbox 1189 2271 1378 2312; x_wconf 76' lang='lat' dir='ltr'>viventibus,</span> <span class='ocrx_word' id='word_1_456' title='bbox 1399 2271 1452 2314; x_wconf 81' lang='lat' dir='ltr'>qui</span> <span class='ocrx_word' id='word_1_457' title='bbox 1474 2270 1619 2305; x_wconf 89' lang='lat' dir='ltr'>similiter</span> <span class='ocrx_word' id='word_1_458' title='bbox 1637 2271 1773 2304; x_wconf 87' lang='lat' dir='ltr'>confessi</span> <span class='ocrx_word' id='word_1_459' title='bbox 1788 2276 1819 2304; x_wconf 87' lang='lat' dir='ltr'>et</span> <span class='ocrx_word' id='word_1_460' title='bbox 1834 2272 1926 2304; x_wconf 75' lang='lat' dir='ltr'>sacra</span> 
     </span>
     <span class='ocr_line' id='line_1_90' title="bbox 1191 2323 1927 2367; baseline 0 -11"><span class='ocrx_word' id='word_1_461' title='bbox 1191 2324 1418 2357; x_wconf 86' lang='lat' dir='ltr'>communione</span> <span class='ocrx_word' id='word_1_462' title='bbox 1441 2324 1551 2357; x_wconf 86' lang='lat' dir='ltr'>refecti</span> <span class='ocrx_word' id='word_1_463' title='bbox 1574 2323 1642 2367; x_wconf 82' lang='lat' dir='ltr'>pias</span> <span class='ocrx_word' id='word_1_464' title='bbox 1670 2324 1708 2357; x_wconf 87' lang='lat' dir='ltr'>ad</span> <span class='ocrx_word' id='word_1_465' title='bbox 1731 2324 1831 2357; x_wconf 86' lang='lat' dir='ltr'>Deum</span> <span class='ocrx_word' id='word_1_466' title='bbox 1856 2335 1927 2367; x_wconf 86' lang='lat' dir='ltr'>pre-</span> 
     </span>
     <span class='ocr_line' id='line_1_91' title="bbox 1192 2377 1928 2421; baseline 0.001 -11"><span class='ocrx_word' id='word_1_467' title='bbox 1192 2388 1243 2411; x_wconf 88' lang='lat' dir='ltr'>ces</span> <span class='ocrx_word' id='word_1_468' title='bbox 1268 2378 1300 2410; x_wconf 88' lang='lat' dir='ltr'>in</span> <span class='ocrx_word' id='word_1_469' title='bbox 1327 2377 1390 2410; x_wconf 86' lang='lat' dir='ltr'>suis</span> <span class='ocrx_word' id='word_1_470' title='bbox 1415 2378 1591 2421; x_wconf 80' lang='lat' dir='ltr'>respective</span> <span class='ocrx_word' id='word_1_471' title='bbox 1612 2377 1757 2411; x_wconf 87' lang='lat' dir='ltr'>ecclesiis</span> <span class='ocrx_word' id='word_1_472' title='bbox 1783 2389 1839 2411; x_wconf 91' lang='lat' dir='ltr'>seu</span> <span class='ocrx_word' id='word_1_473' title='bbox 1859 2388 1928 2411; x_wconf 90' lang='lat' dir='ltr'>mo-</span> 
     </span>
     <span class='ocr_line' id='line_1_92' title="bbox 1192 2430 1928 2474; baseline -0.001 -11"><span class='ocrx_word' id='word_1_474' title='bbox 1192 2430 1338 2464; x_wconf 88' lang='lat' dir='ltr'>nasteriis</span> <span class='ocrx_word' id='word_1_475' title='bbox 1353 2430 1571 2474; x_wconf 88' lang='lat' dir='ltr'>pariformiter</span> <span class='ocrx_word' id='word_1_476' title='bbox 1585 2430 1737 2470; x_wconf 89' lang='lat' dir='ltr'>fuderint,</span> <span class='ocrx_word' id='word_1_477' title='bbox 1750 2430 1928 2474; x_wconf 88' lang='lat' dir='ltr'>plenariam</span> 
     </span>
     <span class='ocr_line' id='line_1_93' title="bbox 1192 2484 1929 2528; baseline -0.003 -11"><span class='ocrx_word' id='word_1_478' title='bbox 1192 2485 1336 2518; x_wconf 88' lang='lat' dir='ltr'>omnium</span> <span class='ocrx_word' id='word_1_479' title='bbox 1360 2490 1567 2528; x_wconf 87' lang='lat' dir='ltr'>peccatorum</span> <span class='ocrx_word' id='word_1_480' title='bbox 1598 2495 1729 2517; x_wconf 86' lang='lat' dir='ltr'>suorum</span> <span class='ocrx_word' id='word_1_481' title='bbox 1758 2484 1929 2526; x_wconf 79' lang='lat' dir='ltr'>indulgen-</span> 
     </span>
     <span class='ocr_line' id='line_1_94' title="bbox 1194 2536 1929 2570; baseline 0 -1"><span class='ocrx_word' id='word_1_482' title='bbox 1194 2538 1268 2570; x_wconf 90' lang='lat' dir='ltr'>tiam</span> <span class='ocrx_word' id='word_1_483' title='bbox 1294 2542 1325 2570; x_wconf 87' lang='lat' dir='ltr'>et</span> <span class='ocrx_word' id='word_1_484' title='bbox 1345 2537 1568 2570; x_wconf 88' lang='lat' dir='ltr'>remissionem</span> <span class='ocrx_word' id='word_1_485' title='bbox 1587 2537 1792 2569; x_wconf 86' lang='lat' dir='ltr'>concedimus</span> <span class='ocrx_word' id='word_1_486' title='bbox 1817 2536 1929 2569; x_wconf 90' lang='lat' dir='ltr'>simili-</span> 
     </span>
     <span class='ocr_line' id='line_1_95' title="bbox 1195 2589 1927 2633; baseline -0.003 -10"><span class='ocrx_word' id='word_1_487' title='bbox 1195 2596 1244 2624; x_wconf 89' lang='lat' dir='ltr'>ter</span> <span class='ocrx_word' id='word_1_488' title='bbox 1268 2597 1299 2623; x_wconf 89' lang='lat' dir='ltr'>et</span> <span class='ocrx_word' id='word_1_489' title='bbox 1324 2590 1510 2633; x_wconf 65' lang='lat' dir='ltr'>elargimur.</span> <span class='ocrx_word' id='word_1_490' title='bbox 1538 2590 1580 2622; x_wconf 90' lang='lat' dir='ltr'>Ac</span> <span class='ocrx_word' id='word_1_491' title='bbox 1612 2589 1762 2633; x_wconf 77' lang='lat' dir='ltr'>praefatis</span> <span class='ocrx_word' id='word_1_492' title='bbox 1793 2594 1823 2622; x_wconf 87' lang='grc'>61</span> <span class='ocrx_word' id='word_1_493' title='bbox 1856 2590 1927 2622; x_wconf 89' lang='lat' dir='ltr'>aliis</span> 
     </span>
     <span class='ocr_line' id='line_1_96' title="bbox 1194 2642 1928 2687; baseline 0 -10"><span class='ocrx_word' id='word_1_494' title='bbox 1194 2643 1472 2684; x_wconf 80' lang='lat' dir='ltr'>christifidelibus,</span> <span class='ocrx_word' id='word_1_495' title='bbox 1495 2643 1547 2687; x_wconf 91' lang='lat' dir='ltr'>qui</span> <span class='ocrx_word' id='word_1_496' title='bbox 1573 2648 1645 2676; x_wconf 85' lang='lat' dir='ltr'>ante</span> <span class='ocrx_word' id='word_1_497' title='bbox 1670 2642 1722 2676; x_wconf 86' lang='lat' dir='ltr'>SS.</span> <span class='ocrx_word' id='word_1_498' title='bbox 1742 2642 1928 2677; x_wconf 85' lang='lat' dir='ltr'>Sacramen-</span> 
     </span>
    </p>
   </div>
  </div>
 </body>
</html>
