2247 3208
136 219 183 245 Au.
201 218 228 245 (I.
252 218 319 245 1662

188 703 316 730 Supra-licta

133 729 219 750 deri-cta
236 737 316 750 seriari

133 757 218 776 :inan-lat

132 783 186 802 ualtx*
210 786 316 809 protertu-

248 758 315 777 (κη-«11-

198 1761 310 1782 Confirmat

126 1788 230 1808 ronna-x.

929 217 1116 241 ALEXANDER
1138 217 1182 240 VH
1208 217 1255 240 FP.

336 277 403 300 non
429 267 646 300 adversentur
664 267 764 300 sacris
787 266 977 306 canonibus,
997 276 1074 308 apo-

336 321 528 364 stolicisque
554 320 858 360 constitutionibus,
880 325 911 352 et
937 330 1074 362 gencra-

334 374 420 407 libus
453 375 582 407 statutis
618 374 754 407 fratrum
791 374 1043 406 reformatorum
1063 400 1069 412 ,

335 437 438 470 caque
450 428 586 460 secretis
599 427 903 470 suffragiisprobari
919 426 1069 464 debeant,

333 485 366 513 et
390 481 429 513 ab
459 481 611 513 omnibus
647 481 814 514 observari
844 480 882 511 ad
912 479 1069 512 maiorem

333 532 389 566 Dei
403 533 541 575 gloriam
558 534 761 577 fratrumque
775 533 980 576 spiritualem
996 542 1072 575 pro-

334 585 469 627 fectum,
483 587 660 619 dummodo
675 590 956 628 recognoscantur
977 585 1068 628 prius

333 644 362 671 et
390 640 616 683 approbentur
642 650 658 671 a
683 638 833 671 ministro
860 638 1017 681 generali.

376 691 570 735 Supradicta
596 696 704 723 antem
723 692 854 724 decreta
880 696 912 723 et
937 696 1065 729 statuta,

332 744 371 776 dc
389 750 465 776 voto
486 744 583 776 etiam
605 744 747 787 primum
768 744 879 777 vicarii
903 744 1066 787 generalis

332 797 586 829 reformatorum
616 797 734 830 deinde
764 797 904 829 ministri
931 808 1068 839 gencra-

331 850 369 882 lis
389 849 536 883 eiusdem
554 849 683 882 Ordinis
702 850 838 890 sancita,
857 851 895 882 ab
914 850 1066 883 omnibus

330 901 495 943 religiosis
520 901 553 933 in
579 901 769 944 supradicto
791 906 953 934 conventu
979 912 1068 934 com-

329 953 534 986 morantibus
558 958 588 986 et
610 954 676 986 Deo
696 948 929 993 servientilms,
947 953 978 986 iu
993 964 1067 996 per-

329 1011 466 1049 petuum
482 1006 632 1047 valitura,
649 1006 882 1039 iuviolabiliter
898 1006 1066 1039 observari

329 1059 481 1092 volumus
500 1064 532 1092 et
552 1060 756 1092 mandamus.

374 1112 413 1145 Ut
438 1118 547 1146 autem
582 1113 770 1157 supradicta
802 1113 927 1146 firmius
961 1114 1067 1146 subsi-

331 1170 428 1206 stant,
453 1166 698 1199 illustrissimus
720 1172 751 1198 et
769 1166 1065 1200 reverendissimus

330 1219 506 1262 episcopus
534 1220 728 1259 Placentiae,
755 1231 862 1263 nuper
883 1225 995 1253 orator
1015 1232 1066 1253 ca-

329 1272 443 1305 tholici
479 1272 708 1315 Hispaniarmn
746 1274 832 1315 regis
850 1300 856 1313 ,
897 1273 1067 1306 humiliter

329 1325 490 1368 supplicat
509 1325 677 1358 Sanctitati
696 1326 838 1366 Vestrae,
857 1332 892 1358 nt
912 1327 1066 1369 dignetur

327 1377 381 1410 illa
405 1377 599 1411 confirmare
625 1390 686 1422 per
703 1390 777 1412 suas
803 1380 929 1412 litteras
947 1380 979 1411 in
1002 1380 1066 1412 for-

327 1433 379 1463 ma
405 1431 527 1464 Brevis.
556 1432 589 1464 ln
616 1443 756 1475 quorum
782 1432 889 1473 fidem,
918 1438 980 1466 etc.

370 1484 486 1517 Datum
503 1484 638 1525 Romae,
658 1485 708 1518 die
727 1496 795 1518 xxx1
812 1485 879 1518 iulii
897 1496 1039 1520 MDCLxu.

404 1546 437 1578 F.
459 1547 633 1580 cardinalis
648 1548 857 1589 ansssmuus,
879 1554 1061 1592 protector.

458 1609 543 1642 Loco
570 1612 592 1650 -l-
617 1610 727 1652 sigilli.

414 1673 573 1706 AGAPITrs
592 1673 780 1715 COLonrirs,
807 1675 1016 1708 secretarius.

369 1752 384 1795 ἓ
409 1751 439 1784 ⁶2.
467 1752 545 1785 Cum
571 1759 690 1794 autem,
717 1754 802 1786 sicut
827 1755 941 1787 eadem
965 1766 1062 1798 expo-

327 1805 401 1838 sitio
427 1806 657 1848 subiungebat,
677 1806 823 1839 firmiora
841 1813 871 1840 et
893 1809 1061 1841 stabiliora

327 1859 401 1899 sint,
421 1860 632 1902 exactiusque
655 1866 837 1900 serventur,
856 1862 910 1894 illa
929 1873 1012 1905 quae
1031 1873 1063 1895 a-

326 1913 506 1955 postolicae
523 1912 781 1946 confirmationis
796 1915 962 1957 pracsidio
977 1927 1063 1948 com-

327 1966 528 2006 muniuntur,
555 1967 650 1999 nobis
668 1972 845 2010 propterea
873 1968 978 2001 dictus
1004 1969 1063 2001 Lu-

327 2019 461 2051 dovicus
487 2019 664 2062 episcopus
691 2021 862 2054 humiliter
882 2022 1061 2065 supplicari

327 2072 412 2111 fecit,
439 2077 475 2103 ut
498 2072 530 2104 in
556 2073 747 2115 praemissis
773 2079 960 2116 opportune
986 2086 1063 2118 pro-

326 2125 438 2158 videre
466 2130 498 2158 et
522 2130 557 2158 111
582 2126 666 2158 infra
702 2127 874 2170 indulgere
905 2129 943 2161 de
970 2129 1062 2161 beni-

327 2179 450 2221 gnitate
475 2179 658 2222 apostolica
679 2181 902 2223 dignaremur.
921 2182 984 2215 Nos
1002 2183 1062 2225 igi-

329 2236 389 2271 tur,
405 2232 554 2265 eiusdem
568 2233 723 2266 Lndoviei
741 2235 889 2278 episcopi
903 2236 984 2269 votis
1001 2237 1061 2269 bac

326 2285 359 2317 in
385 2296 419 2317 re
447 2286 671 2320 favorabiliter
700 2298 846 2322 annuere
879 2289 1059 2332 cupientes,

327 2348 467 2381 eumque
487 2349 503 2371 a
518 2340 686 2382 quibusvis
702 2342 1061 2384 excommunicationis,

326 2391 554 2434 suspensionis
566 2393 784 2435 etinterdicti,
801 2395 937 2439 aliisque
957 2398 1062 2430 eccle-

327 2445 467 2478 siasticis
494 2447 680 2488 sententiis,
700 2449 848 2481 censuris
875 2454 907 2482 et
930 2451 1060 2494 poenis,

327 2509 344 2530 a
364 2498 434 2531 iure
460 2500 510 2532 vel
531 2500 570 2532 ab
592 2500 737 2542 homine,
757 2503 869 2545 quavis
888 2504 1060 2537 occasione

327 2552 377 2583 vel
403 2555 500 2585 causa
524 2553 611 2595 latis,
631 2554 790 2598 siquibus
812 2557 1062 2599 quomodolibet

326 2604 502 2639 innodatus
540 2608 671 2647 existit,
709 2609 748 2642 ad
781 2608 932 2644 effectum
967 2621 1061 2649 prae-

1109 265 1250 297 sentium
1283 265 1449 298 dumtaxat
1479 265 1760 309 consequendum,
1789 265 1846 298 lia-

1109 318 1276 351 rumseric
1293 319 1502 351 aljtsolventes
1521 324 1550 351 ct
1570 319 1756 352 absolutum
1774 319 1843 352 fore

1107 377 1280 404 censentes
1298 399 1305 411 ‚
1332 372 1520 405 huiusmodi
1546 373 1842 416 supplicationibus

1106 423 1264 464 inclinati,
1294 425 1499 467 praeinserta
1519 426 1651 459 decreta
1669 431 1701 458 et
1721 431 1843 459 statuta

1106 487 1122 508 a
1147 482 1330 509 memorato
1356 478 1530 511 Francisffl)
1549 480 1705 512 cardinali
1730 485 1842 523 prote-

1105 534 1195 562 ctore
1215 530 1297 562 facta
1320 535 1352 563 et
1366 531 1452 563 edita
1467 536 1502 563 ut
1518 532 1713 574 praefertur,
1730 538 1841 566 aucto-

1104 582 1200 615 ritate
1233 583 1426 626 apostolica,
1456 589 1571 617 tenore
1603 586 1839 628 praesentium,

1103 634 1334 668 confirmamus
1370 641 1401 669 et
1437 638 1681 680 approbamus,
1707 638 1840 682 illisque

1102 687 1301 721 inviolabilis
1328 691 1528 733 apostolicae
1551 690 1712 724 firmitatis
1738 693 1841 724 robur

1102 741 1294 782 adiicimus,
1322 754 1358 775 ac
1390 753 1504 776 omnes
1530 749 1562 776 et
1587 744 1733 787 singulos
1759 745 1839 778 iuris

1103 799 1134 826 et
1161 794 1235 827 facti
1262 796 1424 836 defectus,
1452 797 1476 829 si
1505 797 1559 840 qui
1591 797 1735 840 desuper
1760 809 1840 841 quo-

1102 847 1285 881 modolibet
1308 849 1560 890 intervenerint,
1587 852 1792 894 supplemus.

1145 900 1159 943 ἓ
1184 900 1214 933 3.
1243 901 1465 935 Decerneutes
1491 904 1623 936 easdem
1645 909 1838 947 praesentes

1102 952 1228 994 litteras
1250 965 1382 998 semper
1399 954 1522 997 firmas,
1543 957 1664 989 validas
1684 963 1715 990 et
1733 958 1839 991 effica-

1102 1017 1155 1039 ces
1182 1007 1323 1041 existere
1349 1014 1380 1041 et
1399 1009 1481 1050 fore,
1501 1020 1645 1053 suosque
1671 1011 1837 1054 plenarios

1102 1064 1133 1091 et
1149 1059 1296 1103 integros
1316 1061 1450 1095 effectus
1476 1063 1587 1095 sortiri
1615 1068 1646 1096 et
1672 1064 1836 1105 obtinere,

1101 1124 1136 1145 ac
1162 1114 1201 1146 ab
1226 1114 1303 1155 illis,
1322 1115 1361 1148 ad
1380 1126 1462 1159 quos
1477 1121 1604 1159 spectat
1628 1122 1660 1149 et
1675 1123 1735 1160 p'ro
1757 1122 1838 1150 tem-

1100 1177 1180 1209 pore
1207 1169 1381 1211 spectabit,
1401 1169 1635 1203 inviolabiliter
1653 1171 1834 1211 observari,

1101 1219 1213 1262 sicque
1245 1220 1277 1252 in
1306 1222 1497 1264 praemissis
1523 1234 1583 1266 per
1608 1235 1836 1267 quoscumque

1100 1272 1225 1305 indic-es
1259 1274 1444 1308 ordinarios
1478 1281 1510 1308 et
1536 1276 1717 1319 delegatos,
1737 1277 1836 1310 etiam

1100 1337 1273 1359 causarum
1305 1329 1416 1371 palatii
1447 1330 1620 1372 apostolici
1645 1331 1834 1372 auditores,

1100 1380 1237 1413 iudicari
1265 1386 1296 1414 et
1321 1381 1449 1415 deliniri
1475 1384 1618 1424 debere,
1645 1395 1682 1417 ac
1705 1385 1836 1417 irritum

1100 1439 1132 1465 et
1156 1434 1253 1467 inane
1270 1435 1296 1467 si
1314 1445 1409 1470 secus
1425 1447 1526 1479 super
1543 1438 1594 1470 his
1617 1449 1633 1470 a
1658 1448 1835 1481 quoquam,

1100 1488 1211 1530 quavis
1225 1489 1433 1531 auctoritate,
1451 1490 1596 1523 scienter
1614 1492 1664 1524 vel
1682 1491 1836 1534 ignoran—

1099 1545 1161 1581 ter,
1180 1541 1357 1584 contigerit
1375 1543 1541 1576 attentari.

1142 1594 1200 1637 §Aa
1221 1594 1290 1628 Non
1312 1597 1519 1629 obstantibus
1541 1597 1833 1631 constitutionibus

1099 1653 1131 1681 et
1160 1649 1423 1683 ordinationibus
1449 1651 1660 1693 apostolicis,
1687 1661 1833 1690 necnon,

1098 1708 1259 1746 quatenus
1273 1713 1356 1746 opus
1382 1704 1435 1744 sit,
1455 1705 1679 1747 praefatorum
1704 1703 1834 1737 Ordinis

1097 1760 1129 1788 et
1153 1756 1354 1799 provinciae,
1377 1756 1475 1789 etiam
1499 1757 1695 1797 iuramento,
1717 1757 1835 1790 confir-

1096 1809 1240 1843 matione
1260 1810 1453 1854 apostolica,
1472 1812 1522 1844 vel
1541 1809 1653 1854 quavis
1679 1811 1833 1844 firmitate

1096 1863 1158 1896 alia
1183 1864 1356 1903 roboratis,
1374 1864 1502 1897 statutis
1530 1870 1561 1897 ct
1586 1865 1834 1897 consuctudini-

1097 1917 1170 1957 bus,
1198 1917 1379 1960 privilegiis
1406 1929 1548 1961 quoquc,
1568 1918 1703 1950 indultis
1725 1923 1757 1950 et
1782 1918 1833 1950 lit-

1098 1970 1175 2002 teris
1202 1971 1408 2013 apostolicis,
1436 1971 1468 2003 in
1501 1971 1703 2004 contrarium
1737 1983 1833 2015 prae-

1097 2023 1273 2056 missorum
1299 2025 1549 2067 quomodolibet
1574 2025 1754 2065 concessis,
1776 2037 1832 2069 ap-

1096 2076 1243 2118 probatis
1270 2082 1302 2108 et
1326 2077 1506 2118 innovatis·,
1534 2078 1652 2121 quibus
1679 2078 1830 2111 omnibus

1096 2134 1128 2161 et
1148 2129 1298 2172 singulis,
1321 2130 1448 2163 etiamsi
1467 2136 1542 2171 ete„
1560 2130 1711 2164 illorum¹
1738 2136 1832 2164 teno-

1096 2192 1149 2214 res
1181 2183 1414 2225 praesentibus
1449 2194 1509 2227 pro
1546 2185 1643 2227 plene
1681 2190 1713 2217 ct
1743 2184 1832 2217 suffi-

1096 2235 1224 2268 cienter
1249 2236 1414 2279 expressis
1440 2247 1477 2269 ac
1505 2237 1544 2269 de
1571 2238 1672 2270 verbo
1698 2238 1737 2270 ad
1762 2248 1833 2270 ver-

1095 2288 1172 2320 bum
1189 2288 1323 2322 insertis
1346 2290 1520 2331 habentes,
1536 2290 1600 2323 illis
1618 2291 1697 2323 alias
1715 2291 1747 2323 in
1770 2302 1830 2324 suo

1095 2343 1216 2375 robore
1241 2344 1479 2386 permansuris,
1506 2345 1545 2377 ad
1570 2343 1832 2388 praemissorum

1096 2396 1260 2438 effectum,
1279 2397 1341 2431 hac
1362 2398 1432 2431 vice
1451 2399 1627 2439 dumtaxat,
1643 2398 1832 2442 specialiter

1096 2454 1128 2482 et
1142 2460 1297 2493 expresse
1314 2451 1525 2494 derogamus,
1545 2452 1732 2495 ceterisque
1753 2461 1831 2485 con-

1095 2502 1204 2535 trariis
1231 2503 1508 2548 quibuscumque.

1131 2618 1141 2643 1
1158 2616 1225 2645 Male
1236 2617 1300 2646 edit.
1313 2618 1392 2646 11Ῑεί0.
1405 2619 1470 2651 legit
1480 2619 1597 2648 etiamsi
1609 2619 1727 2647 illorum
1739 2619 1829 2650 (aaz).

1769 207 1810 239 59
1858 216 1906 242 An.
1921 216 1948 242 c.
1973 216 2038 243 1602

1880 913 2000 937 Clausulae.

1850 1605 1959 1628 Contraria
1970 1607 2031 1628 tollit.
