<?xml version="1.0" encoding="UTF-8"?>
<!DOCTYPE html PUBLIC "-//W3C//DTD XHTML 1.0 Transitional//EN"
    "http://www.w3.org/TR/xhtml1/DTD/xhtml1-transitional.dtd">
<html xmlns="http://www.w3.org/1999/xhtml" xml:lang="en" lang="en">
 <head>
  <title>
</title>
<meta http-equiv="Content-Type" content="text/html;charset=utf-8" />
  <meta name='ocr-system' content='tesseract 3.04.00' />
  <meta name='ocr-capabilities' content='ocr_page ocr_carea ocr_par ocr_line ocrx_word'/>
</head>
<body>
  <div class='ocr_page' id='page_1' title='image "./bullarumdiplomat17cath_0298.png"; bbox 0 0 2247 3208; ppageno 0'>
   <div class='ocr_carea' id='block_1_1' title="bbox 197 202 494 238">
    <p class='ocr_par' dir='ltr' id='par_1_1' title="bbox 197 202 494 238">
     <span class='ocr_line' id='line_1_1' title="bbox 197 202 494 238; baseline -0.003 -2"><span class='ocrx_word' id='word_1_1' title='bbox 197 209 251 237; x_wconf 76' lang='lat' dir='ltr'>An.</span> <span class='ocrx_word' id='word_1_2' title='bbox 272 209 300 238; x_wconf 92' lang='lat' dir='ltr'>c.</span> <span class='ocrx_word' id='word_1_3' title='bbox 316 209 386 237; x_wconf 67' lang='lat'>4664</span> <span class='ocrx_word' id='word_1_4' title='bbox 431 202 494 236; x_wconf 69' lang='lat'>246</span> 
     </span>
    </p>
   </div>
   <div class='ocr_carea' id='block_1_2' title="bbox 374 256 1125 1883">
    <p class='ocr_par' dir='ltr' id='par_1_2' title="bbox 386 256 1125 1671">
     <span class='ocr_line' id='line_1_2' title="bbox 390 256 1123 299; baseline -0.007 -7"><span class='ocrx_word' id='word_1_5' title='bbox 390 259 534 299; x_wconf 79' lang='lat' dir='ltr'>stolicis,</span> <span class='ocrx_word' id='word_1_6' title='bbox 561 268 689 290; x_wconf 81' lang='lat' dir='ltr'>necnon</span> <span class='ocrx_word' id='word_1_7' title='bbox 714 257 919 290; x_wconf 85' lang='lat' dir='ltr'>ecclesiarum</span> <span class='ocrx_word' id='word_1_8' title='bbox 944 256 1123 299; x_wconf 86' lang='lat' dir='ltr'>praedicta-</span> 
     </span>
     <span class='ocr_line' id='line_1_3' title="bbox 390 308 1122 351; baseline -0.005 -7"><span class='ocrx_word' id='word_1_9' title='bbox 390 322 482 351; x_wconf 89' lang='lat' dir='ltr'>rum,</span> <span class='ocrx_word' id='word_1_10' title='bbox 511 311 607 343; x_wconf 85' lang='lat' dir='ltr'>etiam</span> <span class='ocrx_word' id='word_1_11' title='bbox 642 310 844 349; x_wconf 87' lang='lat' dir='ltr'>iuramento,</span> <span class='ocrx_word' id='word_1_12' title='bbox 876 308 1122 341; x_wconf 82' lang='lat' dir='ltr'>confirmatione</span> 
     </span>
     <span class='ocr_line' id='line_1_4' title="bbox 390 361 1123 407; baseline -0.004 -11"><span class='ocrx_word' id='word_1_13' title='bbox 390 363 579 407; x_wconf 74' lang='lat' dir='ltr'>apostolica,</span> <span class='ocrx_word' id='word_1_14' title='bbox 600 363 650 395; x_wconf 90' lang='lat' dir='ltr'>vel</span> <span class='ocrx_word' id='word_1_15' title='bbox 676 362 786 405; x_wconf 87' lang='lat' dir='ltr'>quavis</span> <span class='ocrx_word' id='word_1_16' title='bbox 807 361 958 394; x_wconf 82' lang='lat' dir='ltr'>firmitate</span> <span class='ocrx_word' id='word_1_17' title='bbox 984 361 1047 394; x_wconf 74' lang='lat' dir='ltr'>alia</span> <span class='ocrx_word' id='word_1_18' title='bbox 1070 372 1123 393; x_wconf 89' lang='lat' dir='ltr'>ro-</span> 
     </span>
     <span class='ocr_line' id='line_1_5' title="bbox 388 413 1123 457; baseline -0.004 -9"><span class='ocrx_word' id='word_1_19' title='bbox 388 415 525 455; x_wconf 89' lang='lat' dir='ltr'>boratis,</span> <span class='ocrx_word' id='word_1_20' title='bbox 542 414 670 446; x_wconf 87' lang='lat' dir='ltr'>statutis</span> <span class='ocrx_word' id='word_1_21' title='bbox 688 419 719 446; x_wconf 85' lang='lat' dir='ltr'>et</span> <span class='ocrx_word' id='word_1_22' title='bbox 736 414 1039 453; x_wconf 85' lang='lat' dir='ltr'>consuetudinibus,</span> <span class='ocrx_word' id='word_1_23' title='bbox 1057 413 1123 457; x_wconf 91' lang='lat' dir='ltr'>pri-</span> 
     </span>
     <span class='ocr_line' id='line_1_6' title="bbox 389 467 1123 510; baseline -0.001 -10"><span class='ocrx_word' id='word_1_24' title='bbox 389 467 515 509; x_wconf 76' lang='lat' dir='ltr'>vilegiis</span> <span class='ocrx_word' id='word_1_25' title='bbox 534 478 671 510; x_wconf 85' lang='lat' dir='ltr'>quoque,</span> <span class='ocrx_word' id='word_1_26' title='bbox 691 467 827 499; x_wconf 86' lang='lat' dir='ltr'>indultis</span> <span class='ocrx_word' id='word_1_27' title='bbox 853 472 885 499; x_wconf 93' lang='lat' dir='ltr'>et</span> <span class='ocrx_word' id='word_1_28' title='bbox 904 467 1021 499; x_wconf 87' lang='lat' dir='ltr'>litteris</span> <span class='ocrx_word' id='word_1_29' title='bbox 1046 477 1123 510; x_wconf 86' lang='lat' dir='ltr'>apo-</span> 
     </span>
     <span class='ocr_line' id='line_1_7' title="bbox 389 519 1122 562; baseline -0.001 -10"><span class='ocrx_word' id='word_1_30' title='bbox 389 519 522 559; x_wconf 84' lang='lat' dir='ltr'>stolicis,</span> <span class='ocrx_word' id='word_1_31' title='bbox 541 520 660 552; x_wconf 84' lang='lat' dir='ltr'>eisdem</span> <span class='ocrx_word' id='word_1_32' title='bbox 677 520 820 552; x_wconf 83' lang='lat' dir='ltr'>ecclesiis</span> <span class='ocrx_word' id='word_1_33' title='bbox 838 525 868 551; x_wconf 88' lang='lat' dir='ltr'>et</span> <span class='ocrx_word' id='word_1_34' title='bbox 888 519 1045 562; x_wconf 84' lang='lat' dir='ltr'>capitulis,</span> <span class='ocrx_word' id='word_1_35' title='bbox 1064 519 1122 551; x_wconf 91' lang='lat' dir='ltr'>sub</span> 
     </span>
     <span class='ocr_line' id='line_1_8' title="bbox 390 572 1123 615; baseline 0 -11"><span class='ocrx_word' id='word_1_36' title='bbox 390 572 646 615; x_wconf 83' lang='lat' dir='ltr'>quibuscumque</span> <span class='ocrx_word' id='word_1_37' title='bbox 675 572 841 605; x_wconf 88' lang='lat' dir='ltr'>tenoribus</span> <span class='ocrx_word' id='word_1_38' title='bbox 867 577 898 604; x_wconf 90' lang='lat' dir='ltr'>et</span> <span class='ocrx_word' id='word_1_39' title='bbox 929 572 1061 612; x_wconf 85' lang='lat' dir='ltr'>formis,</span> <span class='ocrx_word' id='word_1_40' title='bbox 1087 582 1123 604; x_wconf 86' lang='lat' dir='ltr'>ac</span> 
     </span>
     <span class='ocr_line' id='line_1_9' title="bbox 388 625 1123 668; baseline 0 -11"><span class='ocrx_word' id='word_1_41' title='bbox 388 636 460 658; x_wconf 89' lang='lat' dir='ltr'>cum</span> <span class='ocrx_word' id='word_1_42' title='bbox 485 625 648 668; x_wconf 81' lang='lat' dir='ltr'>quibusvis</span> <span class='ocrx_word' id='word_1_43' title='bbox 662 625 757 658; x_wconf 87' lang='lat' dir='ltr'>etiam</span> <span class='ocrx_word' id='word_1_44' title='bbox 777 626 1050 668; x_wconf 80' lang='lat' dir='ltr'>derogatoriarum</span> <span class='ocrx_word' id='word_1_45' title='bbox 1069 625 1123 657; x_wconf 92' lang='lat' dir='ltr'>de-</span> 
     </span>
     <span class='ocr_line' id='line_1_10' title="bbox 387 678 1122 721; baseline 0 -11"><span class='ocrx_word' id='word_1_46' title='bbox 387 678 567 720; x_wconf 82' lang='lat' dir='ltr'>rogatoriis,</span> <span class='ocrx_word' id='word_1_47' title='bbox 594 679 729 721; x_wconf 83' lang='lat' dir='ltr'>aliisque</span> <span class='ocrx_word' id='word_1_48' title='bbox 750 678 991 718; x_wconf 86' lang='lat' dir='ltr'>efficacioribus,</span> <span class='ocrx_word' id='word_1_49' title='bbox 1017 678 1122 710; x_wconf 86' lang='lat' dir='ltr'>effica-</span> 
     </span>
     <span class='ocr_line' id='line_1_11' title="bbox 387 730 1123 770; baseline -0.001 -7"><span class='ocrx_word' id='word_1_50' title='bbox 387 731 523 763; x_wconf 81' lang='lat' dir='ltr'>cissimis</span> <span class='ocrx_word' id='word_1_51' title='bbox 549 736 579 763; x_wconf 88' lang='lat' dir='ltr'>ct</span> <span class='ocrx_word' id='word_1_52' title='bbox 610 731 745 763; x_wconf 88' lang='lat' dir='ltr'>insolitis</span> <span class='ocrx_word' id='word_1_53' title='bbox 776 730 945 770; x_wconf 88' lang='lat' dir='ltr'>clausulis,</span> <span class='ocrx_word' id='word_1_54' title='bbox 972 730 1123 763; x_wconf 84' lang='lat' dir='ltr'>irritanti-</span> 
     </span>
     <span class='ocr_line' id='line_1_12' title="bbox 386 782 1120 825; baseline 0 -11"><span class='ocrx_word' id='word_1_55' title='bbox 386 782 510 825; x_wconf 86' lang='lat' dir='ltr'>busque</span> <span class='ocrx_word' id='word_1_56' title='bbox 525 788 556 815; x_wconf 88' lang='lat' dir='ltr'>et</span> <span class='ocrx_word' id='word_1_57' title='bbox 568 783 637 816; x_wconf 90' lang='lat' dir='ltr'>aliis</span> <span class='ocrx_word' id='word_1_58' title='bbox 652 783 798 821; x_wconf 87' lang='lat' dir='ltr'>decretis,</span> <span class='ocrx_word' id='word_1_59' title='bbox 812 788 843 815; x_wconf 88' lang='lat' dir='ltr'>et</span> <span class='ocrx_word' id='word_1_60' title='bbox 857 783 976 815; x_wconf 75' lang='lat' dir='ltr'>iteratis</span> <span class='ocrx_word' id='word_1_61' title='bbox 989 783 1120 823; x_wconf 88' lang='lat' dir='ltr'>vicibus,</span> 
     </span>
     <span class='ocr_line' id='line_1_13' title="bbox 388 834 1123 878; baseline -0.003 -11"><span class='ocrx_word' id='word_1_62' title='bbox 388 835 554 867; x_wconf 82' lang='lat' dir='ltr'>concessis</span> <span class='ocrx_word' id='word_1_63' title='bbox 568 862 575 875; x_wconf 85' lang='lat'>,</span> <span class='ocrx_word' id='word_1_64' title='bbox 595 835 781 878; x_wconf 85' lang='lat' dir='ltr'>approbatis</span> <span class='ocrx_word' id='word_1_65' title='bbox 796 840 827 867; x_wconf 91' lang='lat' dir='ltr'>et</span> <span class='ocrx_word' id='word_1_66' title='bbox 844 834 1026 874; x_wconf 85' lang='lat' dir='ltr'>innovatis;</span> <span class='ocrx_word' id='word_1_67' title='bbox 1054 834 1123 877; x_wconf 89' lang='lat' dir='ltr'>qui-</span> 
     </span>
     <span class='ocr_line' id='line_1_14' title="bbox 387 887 1121 930; baseline -0.001 -10"><span class='ocrx_word' id='word_1_68' title='bbox 387 888 447 920; x_wconf 88' lang='lat' dir='ltr'>hus</span> <span class='ocrx_word' id='word_1_69' title='bbox 474 888 625 921; x_wconf 88' lang='lat' dir='ltr'>omnibus</span> <span class='ocrx_word' id='word_1_70' title='bbox 641 893 673 920; x_wconf 90' lang='lat' dir='ltr'>et</span> <span class='ocrx_word' id='word_1_71' title='bbox 692 887 838 930; x_wconf 75' lang='lat' dir='ltr'>singulis,</span> <span class='ocrx_word' id='word_1_72' title='bbox 858 888 982 919; x_wconf 80' lang='lat' dir='ltr'>etiamsi</span> <span class='ocrx_word' id='word_1_73' title='bbox 1003 887 1041 919; x_wconf 90' lang='lat' dir='ltr'>de</span> <span class='ocrx_word' id='word_1_74' title='bbox 1058 887 1121 919; x_wconf 91' lang='lat' dir='ltr'>illis</span> 
     </span>
     <span class='ocr_line' id='line_1_15' title="bbox 388 939 1125 983; baseline -0.003 -10"><span class='ocrx_word' id='word_1_75' title='bbox 388 951 563 983; x_wconf 87' lang='lat' dir='ltr'>eorumque</span> <span class='ocrx_word' id='word_1_76' title='bbox 588 941 662 973; x_wconf 88' lang='lat' dir='ltr'>totis</span> <span class='ocrx_word' id='word_1_77' title='bbox 687 940 857 972; x_wconf 90' lang='lat' dir='ltr'>tenoribus</span> <span class='ocrx_word' id='word_1_78' title='bbox 875 939 1031 982; x_wconf 85' lang='lat' dir='ltr'>specialis,</span> <span class='ocrx_word' id='word_1_79' title='bbox 1051 950 1125 982; x_wconf 85' lang='lat' dir='ltr'>spe-</span> 
     </span>
     <span class='ocr_line' id='line_1_16' title="bbox 388 992 1121 1036; baseline -0.003 -10"><span class='ocrx_word' id='word_1_80' title='bbox 388 994 486 1035; x_wconf 81' lang='lat' dir='ltr'>cifica,</span> <span class='ocrx_word' id='word_1_81' title='bbox 512 1004 661 1036; x_wconf 80' lang='lat' dir='ltr'>expressa</span> <span class='ocrx_word' id='word_1_82' title='bbox 675 999 705 1026; x_wconf 92' lang='lat' dir='ltr'>et</span> <span class='ocrx_word' id='word_1_83' title='bbox 719 993 891 1033; x_wconf 82' lang='lat' dir='ltr'>individua,</span> <span class='ocrx_word' id='word_1_84' title='bbox 917 1003 953 1025; x_wconf 89' lang='lat' dir='ltr'>ac</span> <span class='ocrx_word' id='word_1_85' title='bbox 970 993 1008 1025; x_wconf 90' lang='lat' dir='ltr'>de</span> <span class='ocrx_word' id='word_1_86' title='bbox 1025 992 1121 1025; x_wconf 89' lang='lat' dir='ltr'>verbo</span> 
     </span>
     <span class='ocr_line' id='line_1_17' title="bbox 388 1046 1121 1088; baseline -0.001 -10"><span class='ocrx_word' id='word_1_87' title='bbox 388 1046 427 1078; x_wconf 88' lang='lat' dir='ltr'>ad</span> <span class='ocrx_word' id='word_1_88' title='bbox 451 1046 583 1079; x_wconf 88' lang='lat' dir='ltr'>verbum</span> <span class='ocrx_word' id='word_1_89' title='bbox 601 1073 607 1086; x_wconf 95' lang='lat'>,</span> <span class='ocrx_word' id='word_1_90' title='bbox 641 1056 704 1078; x_wconf 91' lang='lat' dir='ltr'>non</span> <span class='ocrx_word' id='word_1_91' title='bbox 737 1050 842 1078; x_wconf 87' lang='lat' dir='ltr'>autem</span> <span class='ocrx_word' id='word_1_92' title='bbox 875 1056 932 1088; x_wconf 83' lang='lat' dir='ltr'>per</span> <span class='ocrx_word' id='word_1_93' title='bbox 964 1046 1121 1077; x_wconf 80' lang='lat' dir='ltr'>clausulas</span> 
     </span>
     <span class='ocr_line' id='line_1_18' title="bbox 388 1099 1121 1141; baseline -0.003 -10"><span class='ocrx_word' id='word_1_94' title='bbox 388 1099 553 1141; x_wconf 77' lang='lat' dir='ltr'>generales</span> <span class='ocrx_word' id='word_1_95' title='bbox 579 1099 662 1131; x_wconf 86' lang='lat' dir='ltr'>idem</span> <span class='ocrx_word' id='word_1_96' title='bbox 688 1099 895 1141; x_wconf 87' lang='lat' dir='ltr'>importantes</span> <span class='ocrx_word' id='word_1_97' title='bbox 920 1099 1040 1131; x_wconf 84' lang='lat' dir='ltr'>mentio</span> <span class='ocrx_word' id='word_1_98' title='bbox 1066 1108 1121 1130; x_wconf 89' lang='lat' dir='ltr'>seu</span> 
     </span>
     <span class='ocr_line' id='line_1_19' title="bbox 388 1151 1121 1194; baseline -0.001 -10"><span class='ocrx_word' id='word_1_99' title='bbox 388 1152 516 1194; x_wconf 83' lang='lat' dir='ltr'>quaevis</span> <span class='ocrx_word' id='word_1_100' title='bbox 546 1152 607 1184; x_wconf 89' lang='lat' dir='ltr'>alia</span> <span class='ocrx_word' id='word_1_101' title='bbox 640 1152 803 1194; x_wconf 84' lang='lat' dir='ltr'>expressio</span> <span class='ocrx_word' id='word_1_102' title='bbox 836 1156 890 1183; x_wconf 91' lang='lat' dir='ltr'>aut</span> <span class='ocrx_word' id='word_1_103' title='bbox 922 1152 1028 1194; x_wconf 83' lang='lat' dir='ltr'>aliqua</span> <span class='ocrx_word' id='word_1_104' title='bbox 1061 1151 1121 1183; x_wconf 90' lang='lat' dir='ltr'>alia</span> 
     </span>
     <span class='ocr_line' id='line_1_20' title="bbox 387 1204 1119 1247; baseline 0 -11"><span class='ocrx_word' id='word_1_105' title='bbox 387 1204 543 1247; x_wconf 80' lang='lat' dir='ltr'>exquisita</span> <span class='ocrx_word' id='word_1_106' title='bbox 564 1204 664 1236; x_wconf 84' lang='lat' dir='ltr'>forma</span> <span class='ocrx_word' id='word_1_107' title='bbox 688 1204 727 1236; x_wconf 91' lang='lat' dir='ltr'>ad</span> <span class='ocrx_word' id='word_1_108' title='bbox 753 1204 815 1236; x_wconf 88' lang='lat' dir='ltr'>hoc</span> <span class='ocrx_word' id='word_1_109' title='bbox 840 1205 994 1236; x_wconf 87' lang='lat' dir='ltr'>servanda</span> <span class='ocrx_word' id='word_1_110' title='bbox 1019 1204 1097 1236; x_wconf 85' lang='lat' dir='ltr'>soret</span> <span class='ocrx_word' id='word_1_111' title='bbox 1112 1231 1119 1243; x_wconf 93' lang='lat'>,</span> 
     </span>
     <span class='ocr_line' id='line_1_21' title="bbox 386 1257 1122 1295; baseline 0 -6"><span class='ocrx_word' id='word_1_112' title='bbox 386 1262 514 1290; x_wconf 82' lang='lat' dir='ltr'>tenores</span> <span class='ocrx_word' id='word_1_113' title='bbox 533 1257 728 1295; x_wconf 87' lang='lat' dir='ltr'>huiusmodi,</span> <span class='ocrx_word' id='word_1_114' title='bbox 746 1268 781 1289; x_wconf 88' lang='lat' dir='ltr'>ac</span> <span class='ocrx_word' id='word_1_115' title='bbox 795 1257 820 1290; x_wconf 91' lang='lat' dir='ltr'>si</span> <span class='ocrx_word' id='word_1_116' title='bbox 835 1258 873 1290; x_wconf 90' lang='lat' dir='ltr'>de</span> <span class='ocrx_word' id='word_1_117' title='bbox 886 1258 983 1291; x_wconf 89' lang='lat' dir='ltr'>verbo</span> <span class='ocrx_word' id='word_1_118' title='bbox 1001 1258 1039 1290; x_wconf 84' lang='lat' dir='ltr'>ad</span> <span class='ocrx_word' id='word_1_119' title='bbox 1052 1268 1122 1290; x_wconf 89' lang='lat' dir='ltr'>ver-</span> 
     </span>
     <span class='ocr_line' id='line_1_22' title="bbox 387 1310 1120 1354; baseline 0.003 -12"><span class='ocrx_word' id='word_1_120' title='bbox 387 1310 463 1342; x_wconf 89' lang='lat' dir='ltr'>bum</span> <span class='ocrx_word' id='word_1_121' title='bbox 478 1311 704 1351; x_wconf 81' lang='lat' dir='ltr'>insererentur,</span> <span class='ocrx_word' id='word_1_122' title='bbox 716 1311 944 1353; x_wconf 81' lang='lat' dir='ltr'>praesentibus</span> <span class='ocrx_word' id='word_1_123' title='bbox 954 1321 1014 1354; x_wconf 88' lang='lat' dir='ltr'>pro</span> <span class='ocrx_word' id='word_1_124' title='bbox 1024 1312 1120 1354; x_wconf 88' lang='lat' dir='ltr'>plene</span> 
     </span>
     <span class='ocr_line' id='line_1_23' title="bbox 389 1362 1123 1406; baseline 0.003 -11"><span class='ocrx_word' id='word_1_125' title='bbox 389 1367 422 1396; x_wconf 90' lang='lat' dir='ltr'>et</span> <span class='ocrx_word' id='word_1_126' title='bbox 450 1362 629 1395; x_wconf 84' lang='lat' dir='ltr'>sufficientr</span> <span class='ocrx_word' id='word_1_127' title='bbox 654 1364 818 1406; x_wconf 84' lang='lat' dir='ltr'>expressis</span> <span class='ocrx_word' id='word_1_128' title='bbox 845 1375 880 1396; x_wconf 90' lang='lat' dir='ltr'>ac</span> <span class='ocrx_word' id='word_1_129' title='bbox 908 1364 1041 1397; x_wconf 85' lang='lat' dir='ltr'>insertis</span> <span class='ocrx_word' id='word_1_130' title='bbox 1068 1365 1123 1397; x_wconf 85' lang='lat' dir='ltr'>ha-</span> 
     </span>
     <span class='ocr_line' id='line_1_24' title="bbox 388 1416 1123 1460; baseline 0.003 -12"><span class='ocrx_word' id='word_1_131' title='bbox 388 1416 516 1456; x_wconf 86' lang='lat' dir='ltr'>bentes,</span> <span class='ocrx_word' id='word_1_132' title='bbox 535 1416 598 1448; x_wconf 89' lang='lat' dir='ltr'>illis</span> <span class='ocrx_word' id='word_1_133' title='bbox 613 1416 692 1449; x_wconf 74' lang='lat' dir='ltr'>alias</span> <span class='ocrx_word' id='word_1_134' title='bbox 706 1416 739 1448; x_wconf 90' lang='lat' dir='ltr'>in</span> <span class='ocrx_word' id='word_1_135' title='bbox 757 1427 816 1449; x_wconf 89' lang='lat' dir='ltr'>suo</span> <span class='ocrx_word' id='word_1_136' title='bbox 835 1417 954 1449; x_wconf 78' lang='lat' dir='ltr'>robore</span> <span class='ocrx_word' id='word_1_137' title='bbox 973 1427 1123 1460; x_wconf 88' lang='lat' dir='ltr'>perman-</span> 
     </span>
     <span class='ocr_line' id='line_1_25' title="bbox 388 1469 1122 1512; baseline 0.003 -11"><span class='ocrx_word' id='word_1_138' title='bbox 388 1469 487 1509; x_wconf 91' lang='lat' dir='ltr'>suris,</span> <span class='ocrx_word' id='word_1_139' title='bbox 519 1469 557 1501; x_wconf 86' lang='lat' dir='ltr'>ad</span> <span class='ocrx_word' id='word_1_140' title='bbox 582 1469 839 1512; x_wconf 80' lang='lat' dir='ltr'>praemissorum</span> <span class='ocrx_word' id='word_1_141' title='bbox 868 1469 1032 1510; x_wconf 76' lang='lat' dir='ltr'>effectum,</span> <span class='ocrx_word' id='word_1_142' title='bbox 1061 1471 1122 1503; x_wconf 87' lang='lat' dir='ltr'>hac</span> 
     </span>
     <span class='ocr_line' id='line_1_26' title="bbox 388 1521 1121 1566; baseline 0.003 -13"><span class='ocrx_word' id='word_1_143' title='bbox 388 1521 457 1554; x_wconf 82' lang='lat' dir='ltr'>viee</span> <span class='ocrx_word' id='word_1_144' title='bbox 484 1522 664 1563; x_wconf 77' lang='lat' dir='ltr'>dumtaxat,</span> <span class='ocrx_word' id='word_1_145' title='bbox 693 1522 881 1565; x_wconf 78' lang='lat' dir='ltr'>specialiter</span> <span class='ocrx_word' id='word_1_146' title='bbox 910 1528 941 1555; x_wconf 78' lang='lat' dir='ltr'>et</span> <span class='ocrx_word' id='word_1_147' title='bbox 966 1533 1121 1566; x_wconf 82' lang='lat' dir='ltr'>expresse</span> 
     </span>
     <span class='ocr_line' id='line_1_27' title="bbox 389 1575 1123 1619; baseline 0.001 -13"><span class='ocrx_word' id='word_1_148' title='bbox 389 1575 605 1617; x_wconf 78' lang='lat' dir='ltr'>deroganius;</span> <span class='ocrx_word' id='word_1_149' title='bbox 636 1575 818 1618; x_wconf 87' lang='lat' dir='ltr'>ceterisque</span> <span class='ocrx_word' id='word_1_150' title='bbox 850 1576 1021 1608; x_wconf 80' lang='lat' dir='ltr'>contrariis</span> <span class='ocrx_word' id='word_1_151' title='bbox 1055 1576 1123 1619; x_wconf 89' lang='lat' dir='ltr'>qui-</span> 
     </span>
     <span class='ocr_line' id='line_1_28' title="bbox 388 1627 604 1671; baseline 0.009 -12"><span class='ocrx_word' id='word_1_152' title='bbox 388 1627 604 1671; x_wconf 75' lang='lat' dir='ltr'>buscumque.</span> 
     </span>
    </p>

    <p class='ocr_par' dir='ltr' id='par_1_3' title="bbox 374 1680 1123 1883">
     <span class='ocr_line' id='line_1_29' title="bbox 432 1680 1123 1724; baseline 0.001 -11"><span class='ocrx_word' id='word_1_153' title='bbox 432 1680 546 1713; x_wconf 85' lang='lat' dir='ltr'>Datum</span> <span class='ocrx_word' id='word_1_154' title='bbox 565 1681 696 1720; x_wconf 81' lang='lat' dir='ltr'>Romae,</span> <span class='ocrx_word' id='word_1_155' title='bbox 715 1681 799 1724; x_wconf 88' lang='lat' dir='ltr'>apud</span> <span class='ocrx_word' id='word_1_156' title='bbox 819 1681 850 1713; x_wconf 82' lang='lat' dir='ltr'>S.</span> <span class='ocrx_word' id='word_1_157' title='bbox 871 1681 1001 1713; x_wconf 83' lang='lat' dir='ltr'>Mariam</span> <span class='ocrx_word' id='word_1_158' title='bbox 1026 1681 1123 1714; x_wconf 81' lang='lat' dir='ltr'>Maio-</span> 
     </span>
     <span class='ocr_line' id='line_1_30' title="bbox 391 1733 1123 1773; baseline 0.001 -8"><span class='ocrx_word' id='word_1_159' title='bbox 391 1743 470 1773; x_wconf 86' lang='lat' dir='ltr'>rem,</span> <span class='ocrx_word' id='word_1_160' title='bbox 489 1734 547 1765; x_wconf 88' lang='lat' dir='ltr'>sub</span> <span class='ocrx_word' id='word_1_161' title='bbox 566 1734 686 1766; x_wconf 82' lang='lat' dir='ltr'>annulo</span> <span class='ocrx_word' id='word_1_162' title='bbox 701 1733 886 1773; x_wconf 87' lang='lat' dir='ltr'>Piscatoris,</span> <span class='ocrx_word' id='word_1_163' title='bbox 907 1734 957 1766; x_wconf 87' lang='lat' dir='ltr'>die</span> <span class='ocrx_word' id='word_1_164' title='bbox 976 1744 1026 1767; x_wconf 76' lang='lat' dir='ltr'>xw</span> <span class='ocrx_word' id='word_1_165' title='bbox 1043 1744 1123 1766; x_wconf 79' lang='lat' dir='ltr'>niar-</span> 
     </span>
     <span class='ocr_line' id='line_1_31' title="bbox 390 1785 1119 1828; baseline 0.003 -11"><span class='ocrx_word' id='word_1_166' title='bbox 390 1785 426 1817; x_wconf 86' lang='lat' dir='ltr'>tii</span> <span class='ocrx_word' id='word_1_167' title='bbox 443 1795 594 1826; x_wconf 78' lang='lat' dir='ltr'>MDCthv,</span> <span class='ocrx_word' id='word_1_168' title='bbox 614 1785 821 1828; x_wconf 82' lang='lat' dir='ltr'>pontificatus</span> <span class='ocrx_word' id='word_1_169' title='bbox 846 1786 949 1819; x_wconf 81' lang='lat' dir='ltr'>nostri</span> <span class='ocrx_word' id='word_1_170' title='bbox 975 1797 1059 1819; x_wconf 87' lang='lat' dir='ltr'>anuo</span> <span class='ocrx_word' id='word_1_171' title='bbox 1078 1797 1119 1820; x_wconf 80' lang='lat' dir='ltr'>lx.</span> 
     </span>
     <span class='ocr_line' id='line_1_32' title="bbox 374 1836 1038 1883; baseline 0 -9"><span class='ocrx_word' id='word_1_172' title='bbox 374 1836 377 1837; x_wconf 30' lang='lat'><em>⁷</em></span> <span class='ocrx_word' id='word_1_173' title='bbox 425 1846 482 1874; x_wconf 85' lang='lat' dir='ltr'>Dat.</span> <span class='ocrx_word' id='word_1_174' title='bbox 498 1847 543 1874; x_wconf 81' lang='lat' dir='ltr'>die</span> <span class='ocrx_word' id='word_1_175' title='bbox 560 1848 591 1874; x_wconf 76' lang='lat'>14</span> <span class='ocrx_word' id='word_1_176' title='bbox 607 1847 694 1874; x_wconf 82' lang='lat' dir='ltr'>martii</span> <span class='ocrx_word' id='word_1_177' title='bbox 712 1847 788 1882; x_wconf 79' lang='lat'>1664,</span> <span class='ocrx_word' id='word_1_178' title='bbox 805 1847 899 1883; x_wconf 84' lang='lat' dir='ltr'>pontif.</span> <span class='ocrx_word' id='word_1_179' title='bbox 916 1855 986 1875; x_wconf 86' lang='lat' dir='ltr'>anuo</span> <span class='ocrx_word' id='word_1_180' title='bbox 1002 1854 1038 1874; x_wconf 86' lang='lat' dir='ltr'>lx.</span> 
     </span>
    </p>
   </div>
   <div class='ocr_carea' id='block_1_3' title="bbox 665 1980 842 2014">
    <p class='ocr_par' dir='ltr' id='par_1_4' title="bbox 665 1980 842 2014">
     <span class='ocr_line' id='line_1_33' title="bbox 665 1980 842 2014; baseline 0 -1"><span class='ocrx_word' id='word_1_181' title='bbox 665 1980 842 2014; x_wconf 72' lang='lat' dir='ltr'><strong>CDLXVHI.</strong></span> 
     </span>
    </p>
   </div>
   <div class='ocr_carea' id='block_1_4' title="bbox 389 2051 1126 2622">
    <p class='ocr_par' dir='ltr' id='par_1_5' title="bbox 389 2051 1126 2570">
     <span class='ocr_line' id='line_1_34' title="bbox 389 2051 1125 2095; baseline 0.001 -12"><span class='ocrx_word' id='word_1_182' title='bbox 389 2051 637 2084; x_wconf 79' lang='lat' dir='ltr'>Dismembratio</span> <span class='ocrx_word' id='word_1_183' title='bbox 648 2062 683 2084; x_wconf 77' lang='lat' dir='ltr'>ac</span> <span class='ocrx_word' id='word_1_184' title='bbox 692 2053 852 2095; x_wconf 80' lang='lat' dir='ltr'>separatio</span> <span class='ocrx_word' id='word_1_185' title='bbox 862 2063 880 2084; x_wconf 84' lang='lat' dir='ltr'>a</span> <span class='ocrx_word' id='word_1_186' title='bbox 887 2052 1055 2095; x_wconf 61' lang='lat' dir='ltr'>provincis?</span> <span class='ocrx_word' id='word_1_187' title='bbox 1065 2052 1125 2084; x_wconf 83' lang='lat' dir='ltr'>Lu-</span> 
     </span>
     <span class='ocr_line' id='line_1_35' title="bbox 432 2103 1125 2147; baseline 0 -11"><span class='ocrx_word' id='word_1_188' title='bbox 432 2103 592 2147; x_wconf 75' lang='lat' dir='ltr'>ssdzmeizsi</span> <span class='ocrx_word' id='word_1_189' title='bbox 606 2103 738 2137; x_wconf 76' lang='lat' dir='ltr'>Ordinis</span> <span class='ocrx_word' id='word_1_190' title='bbox 751 2106 894 2146; x_wconf 74' lang='lat' dir='ltr'>fratrum</span> <span class='ocrx_word' id='word_1_191' title='bbox 907 2105 1012 2137; x_wconf 69' lang='lat' dir='ltr'>saizclz&#39;</span> <span class='ocrx_word' id='word_1_192' title='bbox 1020 2105 1125 2137; x_wconf 82' lang='lat' dir='ltr'>Fran-</span> 
     </span>
     <span class='ocr_line' id='line_1_36' title="bbox 433 2156 1125 2200; baseline 0.001 -12"><span class='ocrx_word' id='word_1_193' title='bbox 433 2156 509 2188; x_wconf 57' lang='grc' dir='ltr'><strong><em>εἰδοί</em></strong></span> <span class='ocrx_word' id='word_1_194' title='bbox 532 2156 569 2188; x_wconf 82' lang='lat' dir='ltr'>de</span> <span class='ocrx_word' id='word_1_195' title='bbox 592 2157 703 2189; x_wconf 76' lang='lat' dir='ltr'>Paula</span> <span class='ocrx_word' id='word_1_196' title='bbox 719 2157 936 2190; x_wconf 69' lang='lat' dir='ltr'>lllinimorum</span> <span class='ocrx_word' id='word_1_197' title='bbox 960 2168 1125 2200; x_wconf 76' lang='lat' dir='ltr'>nuncupa-</span> 
     </span>
     <span class='ocr_line' id='line_1_37' title="bbox 436 2210 1126 2254; baseline 0.003 -13"><span class='ocrx_word' id='word_1_198' title='bbox 436 2213 538 2254; x_wconf 48' lang='lat' dir='ltr'>torum}</span> <span class='ocrx_word' id='word_1_199' title='bbox 561 2220 615 2241; x_wconf 61' lang='grc' dir='ltr'>ερας</span> <span class='ocrx_word' id='word_1_200' title='bbox 640 2214 862 2250; x_wconf 68' lang='lat' dir='ltr'>conventuum,</span> <span class='ocrx_word' id='word_1_201' title='bbox 882 2210 1028 2243; x_wconf 74' lang='lat' dir='ltr'>videlicet</span> <span class='ocrx_word' id='word_1_202' title='bbox 1051 2210 1126 2243; x_wconf 80' lang='lat' dir='ltr'>Bel-</span> 
     </span>
     <span class='ocr_line' id='line_1_38' title="bbox 436 2261 1121 2304; baseline 0.003 -11"><span class='ocrx_word' id='word_1_203' title='bbox 436 2261 677 2304; x_wconf 72' lang='lat' dir='ltr'>lireqardensis,</span> <span class='ocrx_word' id='word_1_204' title='bbox 697 2262 975 2304; x_wconf 73' lang='lat' dir='ltr'>Calvimonlensis,</span> <span class='ocrx_word' id='word_1_205' title='bbox 1001 2264 1121 2295; x_wconf 76' lang='lat' dir='ltr'>Briva-</span> 
     </span>
     <span class='ocr_line' id='line_1_39' title="bbox 436 2315 1122 2359; baseline 0.001 -12"><span class='ocrx_word' id='word_1_206' title='bbox 436 2315 550 2354; x_wconf 78' lang='lat' dir='ltr'>tensis,</span> <span class='ocrx_word' id='word_1_207' title='bbox 577 2315 868 2356; x_wconf 70' lang='lat' dir='ltr'>Claramontensz&#39;s,</span> <span class='ocrx_word' id='word_1_208' title='bbox 900 2317 1122 2359; x_wconf 77' lang='lat' dir='ltr'>Curtipelren-</span> 
     </span>
     <span class='ocr_line' id='line_1_40' title="bbox 433 2367 1126 2402; baseline 0.003 -3"><span class='ocrx_word' id='word_1_209' title='bbox 433 2367 478 2399; x_wconf 77' lang='lat' dir='ltr'>sis</span> <span class='ocrx_word' id='word_1_210' title='bbox 502 2372 530 2399; x_wconf 79' lang='lat' dir='ltr'>et</span> <span class='ocrx_word' id='word_1_211' title='bbox 558 2367 741 2400; x_wconf 77' lang='lat' dir='ltr'>Ussonensis</span> <span class='ocrx_word' id='word_1_212' title='bbox 772 2369 914 2401; x_wconf 69' lang='lat' dir='ltr'>nationis</span> <span class='ocrx_word' id='word_1_213' title='bbox 946 2370 1126 2402; x_wconf 71' lang='lat' dir='ltr'>Arverniae</span> 
     </span>
     <span class='ocr_line' id='line_1_41' title="bbox 436 2418 1125 2465; baseline 0.001 -12"><span class='ocrx_word' id='word_1_214' title='bbox 436 2418 571 2453; x_wconf 78' lang='lat' dir='ltr'>Ordinis</span> <span class='ocrx_word' id='word_1_215' title='bbox 596 2420 795 2461; x_wconf 72' lang='lat' dir='ltr'>huiusmodi,</span> <span class='ocrx_word' id='word_1_216' title='bbox 815 2432 989 2465; x_wconf 78' lang='lat' dir='ltr'>eorumque</span> <span class='ocrx_word' id='word_1_217' title='bbox 1013 2423 1125 2454; x_wconf 76' lang='lat' dir='ltr'>erectio</span> 
     </span>
     <span class='ocr_line' id='line_1_42' title="bbox 433 2473 1126 2516; baseline 0.004 -11"><span class='ocrx_word' id='word_1_218' title='bbox 433 2473 470 2505; x_wconf 80' lang='lat' dir='ltr'>in</span> <span class='ocrx_word' id='word_1_219' title='bbox 505 2483 620 2506; x_wconf 75' lang='lat' dir='ltr'>novam</span> <span class='ocrx_word' id='word_1_220' title='bbox 655 2474 856 2516; x_wconf 71' lang='lat' dir='ltr'>provinciam</span> <span class='ocrx_word' id='word_1_221' title='bbox 891 2475 1126 2508; x_wconf 70' lang='lat' dir='ltr'>Arvernensem</span> 
     </span>
     <span class='ocr_line' id='line_1_43' title="bbox 433 2526 723 2570; baseline -0.003 -11"><span class='ocrx_word' id='word_1_222' title='bbox 433 2526 692 2570; x_wconf 69' lang='lat' dir='ltr'>nuncupandum</span> <span class='ocrx_word' id='word_1_223' title='bbox 703 2528 723 2559; x_wconf 90' lang='lat'>¹.</span> 
     </span>
    </p>

    <p class='ocr_par' dir='ltr' id='par_1_6' title="bbox 427 2587 933 2622">
     <span class='ocr_line' id='line_1_44' title="bbox 427 2587 933 2622; baseline 0.004 -9"><span class='ocrx_word' id='word_1_224' title='bbox 427 2589 437 2613; x_wconf 81' lang='lat'><strong>1</strong></span> <span class='ocrx_word' id='word_1_225' title='bbox 456 2587 494 2614; x_wconf 80' lang='lat' dir='ltr'>Ex</span> <span class='ocrx_word' id='word_1_226' title='bbox 509 2588 618 2622; x_wconf 73' lang='lat' dir='ltr'>Regest.</span> <span class='ocrx_word' id='word_1_227' title='bbox 635 2587 660 2614; x_wconf 89' lang='lat' dir='ltr'>in</span> <span class='ocrx_word' id='word_1_228' title='bbox 677 2588 780 2615; x_wconf 84' lang='lat' dir='ltr'>Secret.</span> <span class='ocrx_word' id='word_1_229' title='bbox 797 2589 933 2615; x_wconf 78' lang='lat' dir='ltr'>Brevium.</span> 
     </span>
    </p>
   </div>
   <div class='ocr_carea' id='block_1_5' title="bbox 1141 413 1147 1885">
    <p class='ocr_par' dir='ltr' id='par_1_7' title="bbox 1141 413 1147 1885">
     <span class='ocr_line' id='line_1_45' title="bbox 1141 413 1147 1885; baseline 0 0"><span class='ocrx_word' id='word_1_230' title='bbox 1141 413 1147 1885; x_wconf 95' lang='lat' dir='ltr'> </span> 
     </span>
    </p>
   </div>
   <div class='ocr_carea' id='block_1_6' title="bbox 1145 2059 1147 2617">
    <p class='ocr_par' dir='ltr' id='par_1_8' title="bbox 1145 2059 1147 2617">
     <span class='ocr_line' id='line_1_46' title="bbox 1145 2059 1147 2617; baseline 0 0"><span class='ocrx_word' id='word_1_231' title='bbox 1145 2059 1147 2617; x_wconf 95' lang='lat' dir='ltr'> </span> 
     </span>
    </p>
   </div>
   <div class='ocr_carea' id='block_1_7' title="bbox 972 201 2093 241">
    <p class='ocr_par' dir='ltr' id='par_1_9' title="bbox 972 201 2093 241">
     <span class='ocr_line' id='line_1_47' title="bbox 972 201 2093 241; baseline 0.004 -8"><span class='ocrx_word' id='word_1_232' title='bbox 972 208 1151 233; x_wconf 67' lang='lat' dir='ltr'>Burmanni</span> <span class='ocrx_word' id='word_1_233' title='bbox 1174 208 1325 234; x_wconf 70' lang='lat' dir='ltr'>Romnum</span> <span class='ocrx_word' id='word_1_234' title='bbox 1897 201 1955 241; x_wconf 59' lang='lat' dir='ltr'>An.</span> <span class='ocrx_word' id='word_1_235' title='bbox 1977 212 1997 240; x_wconf 82' lang='lat' dir='ltr'>c</span> <span class='ocrx_word' id='word_1_236' title='bbox 2025 212 2093 241; x_wconf 73' lang='lat'>1664</span> 
     </span>
    </p>
   </div>
   <div class='ocr_carea' id='block_1_8' title="bbox 1285 257 1777 335">
    <p class='ocr_par' dir='ltr' id='par_1_10' title="bbox 1285 257 1777 335">
     <span class='ocr_line' id='line_1_48' title="bbox 1359 257 1702 293; baseline 0.006 -10"><span class='ocrx_word' id='word_1_237' title='bbox 1359 257 1525 284; x_wconf 79' lang='lat' dir='ltr'>Alexander</span> <span class='ocrx_word' id='word_1_238' title='bbox 1545 258 1623 292; x_wconf 85' lang='lat' dir='ltr'>Papa</span> <span class='ocrx_word' id='word_1_239' title='bbox 1641 258 1702 293; x_wconf 85' lang='lat' dir='ltr'>vu,</span> 
     </span>
     <span class='ocr_line' id='line_1_49' title="bbox 1285 301 1777 335; baseline 0.002 -7"><span class='ocrx_word' id='word_1_240' title='bbox 1285 302 1321 328; x_wconf 84' lang='lat' dir='ltr'>ad</span> <span class='ocrx_word' id='word_1_241' title='bbox 1337 305 1513 335; x_wconf 81' lang='lat' dir='ltr'>perpetuam</span> <span class='ocrx_word' id='word_1_242' title='bbox 1532 303 1578 329; x_wconf 87' lang='lat' dir='ltr'>rei</span> <span class='ocrx_word' id='word_1_243' title='bbox 1597 301 1777 329; x_wconf 83' lang='lat' dir='ltr'>memoriam.</span> 
     </span>
    </p>
   </div>
   <div class='ocr_carea' id='block_1_9' title="bbox 1163 361 2090 931">
    <p class='ocr_par' dir='ltr' id='par_1_11' title="bbox 1163 361 1898 879">
     <span class='ocr_line' id='line_1_50' title="bbox 1209 361 1895 405; baseline 0.003 -12"><span class='ocrx_word' id='word_1_244' title='bbox 1209 361 1242 394; x_wconf 90' lang='lat' dir='ltr'>In</span> <span class='ocrx_word' id='word_1_245' title='bbox 1267 372 1419 405; x_wconf 88' lang='lat' dir='ltr'>supremo</span> <span class='ocrx_word' id='word_1_246' title='bbox 1444 363 1609 396; x_wconf 85' lang='lat' dir='ltr'>militantis</span> <span class='ocrx_word' id='word_1_247' title='bbox 1626 363 1786 396; x_wconf 85' lang='lat' dir='ltr'>Ecclesiae</span> <span class='ocrx_word' id='word_1_248' title='bbox 1804 362 1895 402; x_wconf 91' lang='lat' dir='ltr'>solio,</span> 
     </span>
     <span class='ocr_line' id='line_1_51' title="bbox 1165 414 1897 458; baseline 0.003 -12"><span class='ocrx_word' id='word_1_249' title='bbox 1165 414 1286 446; x_wconf 84' lang='lat' dir='ltr'>meritis</span> <span class='ocrx_word' id='word_1_250' title='bbox 1311 415 1385 447; x_wconf 88' lang='lat' dir='ltr'>licet</span> <span class='ocrx_word' id='word_1_251' title='bbox 1409 415 1605 458; x_wconf 80' lang='lat' dir='ltr'>imparibus,</span> <span class='ocrx_word' id='word_1_252' title='bbox 1633 416 1737 448; x_wconf 74' lang='lat' dir='ltr'>divina</span> <span class='ocrx_word' id='word_1_253' title='bbox 1762 415 1897 458; x_wconf 89' lang='lat' dir='ltr'>disposi-</span> 
     </span>
     <span class='ocr_line' id='line_1_52' title="bbox 1166 467 1893 511; baseline 0.001 -12"><span class='ocrx_word' id='word_1_254' title='bbox 1166 467 1250 500; x_wconf 86' lang='lat' dir='ltr'>tione</span> <span class='ocrx_word' id='word_1_255' title='bbox 1275 468 1428 507; x_wconf 78' lang='lat' dir='ltr'>collocati,</span> <span class='ocrx_word' id='word_1_256' title='bbox 1455 469 1492 500; x_wconf 89' lang='lat' dir='ltr'>ad</span> <span class='ocrx_word' id='word_1_257' title='bbox 1510 479 1547 500; x_wconf 91' lang='lat' dir='ltr'>ea</span> <span class='ocrx_word' id='word_1_258' title='bbox 1565 468 1743 511; x_wconf 83' lang='lat' dir='ltr'>peculiares</span> <span class='ocrx_word' id='word_1_259' title='bbox 1759 468 1893 511; x_wconf 81' lang='lat' dir='ltr'>vigilan-</span> 
     </span>
     <span class='ocr_line' id='line_1_53' title="bbox 1165 520 1894 561; baseline 0.001 -10"><span class='ocrx_word' id='word_1_260' title='bbox 1165 520 1225 552; x_wconf 88' lang='lat' dir='ltr'>tiae</span> <span class='ocrx_word' id='word_1_261' title='bbox 1250 525 1375 552; x_wconf 88' lang='lat' dir='ltr'>nostrae</span> <span class='ocrx_word' id='word_1_262' title='bbox 1401 530 1490 553; x_wconf 90' lang='lat' dir='ltr'>curas</span> <span class='ocrx_word' id='word_1_263' title='bbox 1514 520 1653 553; x_wconf 82' lang='lat' dir='ltr'>libenter</span> <span class='ocrx_word' id='word_1_264' title='bbox 1669 521 1894 561; x_wconf 83' lang='lat' dir='ltr'>convertimus,</span> 
     </span>
     <span class='ocr_line' id='line_1_54' title="bbox 1165 572 1896 615; baseline 0.001 -11"><span class='ocrx_word' id='word_1_265' title='bbox 1165 582 1222 614; x_wconf 89' lang='lat' dir='ltr'>per</span> <span class='ocrx_word' id='word_1_266' title='bbox 1245 583 1325 614; x_wconf 88' lang='lat' dir='ltr'>quae</span> <span class='ocrx_word' id='word_1_267' title='bbox 1350 578 1476 605; x_wconf 77' lang='lat' dir='ltr'>exortae</span> <span class='ocrx_word' id='word_1_268' title='bbox 1503 572 1586 605; x_wconf 90' lang='lat' dir='ltr'>inter</span> <span class='ocrx_word' id='word_1_269' title='bbox 1619 572 1789 615; x_wconf 83' lang='lat' dir='ltr'>religiosos</span> <span class='ocrx_word' id='word_1_270' title='bbox 1813 573 1896 606; x_wconf 89' lang='lat' dir='ltr'>viros</span> 
     </span>
     <span class='ocr_line' id='line_1_55' title="bbox 1164 624 1896 667; baseline 0.001 -12"><span class='ocrx_word' id='word_1_271' title='bbox 1164 625 1396 657; x_wconf 87' lang='lat' dir='ltr'>controversiae</span> <span class='ocrx_word' id='word_1_272' title='bbox 1422 625 1610 667; x_wconf 86' lang='lat' dir='ltr'>opportunis</span> <span class='ocrx_word' id='word_1_273' title='bbox 1627 625 1804 657; x_wconf 89' lang='lat' dir='ltr'>rationibus</span> <span class='ocrx_word' id='word_1_274' title='bbox 1823 624 1896 657; x_wconf 88' lang='lat' dir='ltr'>diri·</span> 
     </span>
     <span class='ocr_line' id='line_1_56' title="bbox 1163 677 1894 720; baseline 0 -11"><span class='ocrx_word' id='word_1_275' title='bbox 1163 682 1298 716; x_wconf 90' lang='lat' dir='ltr'>mantur,</span> <span class='ocrx_word' id='word_1_276' title='bbox 1317 683 1347 709; x_wconf 88' lang='lat' dir='ltr'>et</span> <span class='ocrx_word' id='word_1_277' title='bbox 1362 688 1460 710; x_wconf 87' lang='lat' dir='ltr'>novae</span> <span class='ocrx_word' id='word_1_278' title='bbox 1478 677 1660 720; x_wconf 87' lang='lat' dir='ltr'>provinciae</span> <span class='ocrx_word' id='word_1_279' title='bbox 1677 677 1894 717; x_wconf 84' lang='lat' dir='ltr'>instituantur,</span> 
     </span>
     <span class='ocr_line' id='line_1_57' title="bbox 1165 730 1898 772; baseline 0.001 -11"><span class='ocrx_word' id='word_1_280' title='bbox 1165 730 1246 762; x_wconf 86' lang='lat' dir='ltr'>sicut</span> <span class='ocrx_word' id='word_1_281' title='bbox 1277 730 1316 762; x_wconf 91' lang='lat' dir='ltr'>ad</span> <span class='ocrx_word' id='word_1_282' title='bbox 1353 730 1582 772; x_wconf 83' lang='lat' dir='ltr'>omnipotentis</span> <span class='ocrx_word' id='word_1_283' title='bbox 1614 730 1669 762; x_wconf 92' lang='lat' dir='ltr'>Dei</span> <span class='ocrx_word' id='word_1_284' title='bbox 1700 730 1835 772; x_wconf 85' lang='lat' dir='ltr'>gloriam</span> <span class='ocrx_word' id='word_1_285' title='bbox 1866 734 1898 762; x_wconf 90' lang='lat' dir='ltr'>et</span> 
     </span>
     <span class='ocr_line' id='line_1_58' title="bbox 1164 782 1896 825; baseline 0 -11"><span class='ocrx_word' id='word_1_286' title='bbox 1164 782 1329 824; x_wconf 80' lang='lat' dir='ltr'>religionis</span> <span class='ocrx_word' id='word_1_287' title='bbox 1362 782 1593 815; x_wconf 84' lang='lat' dir='ltr'>incrementum</span> <span class='ocrx_word' id='word_1_288' title='bbox 1625 782 1839 825; x_wconf 85' lang='lat' dir='ltr'>conspicimus</span> <span class='ocrx_word' id='word_1_289' title='bbox 1864 782 1896 814; x_wconf 93' lang='lat' dir='ltr'>in</span> 
     </span>
     <span class='ocr_line' id='line_1_59' title="bbox 1164 836 1678 879; baseline 0.002 -12"><span class='ocrx_word' id='word_1_290' title='bbox 1164 836 1298 868; x_wconf 89' lang='lat' dir='ltr'>Domino</span> <span class='ocrx_word' id='word_1_291' title='bbox 1322 836 1493 868; x_wconf 85' lang='lat' dir='ltr'>salubriter</span> <span class='ocrx_word' id='word_1_292' title='bbox 1517 836 1678 879; x_wconf 76' lang='lat' dir='ltr'>expedire.</span> 
     </span>
    </p>

    <p class='ocr_par' dir='ltr' id='par_1_12' title="bbox 1207 889 2090 931">
     <span class='ocr_line' id='line_1_60' title="bbox 1207 889 2090 931; baseline 0.001 -11"><span class='ocrx_word' id='word_1_293' title='bbox 1207 890 1221 931; x_wconf 64' lang='lat' dir='ltr'>g</span> <span class='ocrx_word' id='word_1_294' title='bbox 1247 889 1277 920; x_wconf 84' lang='lat' dir='ltr'>l.</span> <span class='ocrx_word' id='word_1_295' title='bbox 1304 889 1423 931; x_wconf 80' lang='lat' dir='ltr'>Itaque,</span> <span class='ocrx_word' id='word_1_296' title='bbox 1451 900 1579 921; x_wconf 88' lang='lat' dir='ltr'>causam</span> <span class='ocrx_word' id='word_1_297' title='bbox 1604 889 1895 922; x_wconf 86' lang='lat' dir='ltr'>dismembrationis</span> <span class='ocrx_word' id='word_1_298' title='bbox 1948 897 2090 918; x_wconf 66' lang='lat' dir='ltr'>[Ji-&lt;membra-</span> 
     </span>
    </p>
   </div>
   <div class='ocr_carea' id='block_1_10' title="bbox 1906 924 2091 944">
    <p class='ocr_par' dir='ltr' id='par_1_13' title="bbox 1906 924 2091 944">
     <span class='ocr_line' id='line_1_61' title="bbox 1906 924 2091 944; baseline 0.005 -1"><span class='ocrx_word' id='word_1_299' title='bbox 1906 924 1982 943; x_wconf 57' lang='lat' dir='ltr'>tionem</span> <span class='ocrx_word' id='word_1_300' title='bbox 1993 924 2091 944; x_wconf 76' lang='lat' dir='ltr'>concedit</span> 
     </span>
    </p>
   </div>
   <div class='ocr_carea' id='block_1_11' title="bbox 1164 941 2089 1001">
    <p class='ocr_par' dir='ltr' id='par_1_14' title="bbox 1164 941 2089 1001">
     <span class='ocr_line' id='line_1_62' title="bbox 1164 941 2089 1001; baseline 0 -28"><span class='ocrx_word' id='word_1_301' title='bbox 1164 952 1199 973; x_wconf 83' lang='lat' dir='ltr'>ae</span> <span class='ocrx_word' id='word_1_302' title='bbox 1223 942 1433 984; x_wconf 81' lang='lat' dir='ltr'>separationis</span> <span class='ocrx_word' id='word_1_303' title='bbox 1459 953 1510 973; x_wconf 79' lang='lat' dir='ltr'>sex</span> <span class='ocrx_word' id='word_1_304' title='bbox 1537 947 1759 981; x_wconf 83' lang='lat' dir='ltr'>conventuum,</span> <span class='ocrx_word' id='word_1_305' title='bbox 1785 941 1896 974; x_wconf 82' lang='lat' dir='ltr'>videti·</span> <span class='ocrx_word' id='word_1_306' title='bbox 1907 950 2089 1001; x_wconf 40' lang='lat' dir='ltr'>Jiggtgge21r313ffi</span> 
     </span>
    </p>
   </div>
   <div class='ocr_carea' id='block_1_12' title="bbox 1164 994 2006 1036">
    <p class='ocr_par' dir='ltr' id='par_1_15' title="bbox 1164 994 2006 1036">
     <span class='ocr_line' id='line_1_63' title="bbox 1164 994 2006 1036; baseline -0.002 -10"><span class='ocrx_word' id='word_1_307' title='bbox 1164 1000 1212 1027; x_wconf 76' lang='lat' dir='ltr'>cet</span> <span class='ocrx_word' id='word_1_308' title='bbox 1225 995 1518 1036; x_wconf 72' lang='lat' dir='ltr'>Belliregardensis,</span> <span class='ocrx_word' id='word_1_309' title='bbox 1536 994 1807 1034; x_wconf 83' lang='lat' dir='ltr'>Calvimontensis,</span> <span class='ocrx_word' id='word_1_310' title='bbox 1824 995 1892 1026; x_wconf 86' lang='lat' dir='ltr'>Bri·</span> <span class='ocrx_word' id='word_1_311' title='bbox 1907 1003 2006 1029; x_wconf 59' lang='lat' dir='ltr'>divona.</span> 
     </span>
    </p>
   </div>
   <div class='ocr_carea' id='block_1_13' title="bbox 1143 1046 1896 1089">
    <p class='ocr_par' dir='ltr' id='par_1_16' title="bbox 1143 1046 1896 1089">
     <span class='ocr_line' id='line_1_64' title="bbox 1143 1046 1896 1089; baseline -0.001 -10"><span class='ocrx_word' id='word_1_312' title='bbox 1143 1048 1318 1087; x_wconf 54' lang='lat' dir='ltr'>walensis,</span> <span class='ocrx_word' id='word_1_313' title='bbox 1344 1047 1622 1087; x_wconf 78' lang='lat' dir='ltr'>Claramontensis,</span> <span class='ocrx_word' id='word_1_314' title='bbox 1649 1046 1896 1089; x_wconf 77' lang='lat' dir='ltr'>Curtipetrensis</span> 
     </span>
    </p>
   </div>
   <div class='ocr_carea' id='block_1_14' title="bbox 1164 1098 1901 2625">
    <p class='ocr_par' dir='ltr' id='par_1_17' title="bbox 1164 1098 1901 2625">
     <span class='ocr_line' id='line_1_65' title="bbox 1164 1098 1896 1139; baseline -0.001 -7"><span class='ocrx_word' id='word_1_315' title='bbox 1164 1106 1196 1132; x_wconf 83' lang='lat' dir='ltr'>et</span> <span class='ocrx_word' id='word_1_316' title='bbox 1214 1100 1411 1139; x_wconf 70' lang='lat' dir='ltr'>l&#39;ssonensis,</span> <span class='ocrx_word' id='word_1_317' title='bbox 1427 1099 1564 1132; x_wconf 86' lang='lat' dir='ltr'>nationis</span> <span class='ocrx_word' id='word_1_318' title='bbox 1582 1099 1752 1131; x_wconf 86' lang='lat' dir='ltr'>Arverniae</span> <span class='ocrx_word' id='word_1_319' title='bbox 1769 1098 1896 1131; x_wconf 90' lang='lat' dir='ltr'>Ordinis</span> 
     </span>
     <span class='ocr_line' id='line_1_66' title="bbox 1165 1151 1897 1185; baseline -0.003 0"><span class='ocrx_word' id='word_1_320' title='bbox 1165 1154 1297 1185; x_wconf 81' lang='lat' dir='ltr'>fratrum</span> <span class='ocrx_word' id='word_1_321' title='bbox 1308 1152 1408 1185; x_wconf 89' lang='lat' dir='ltr'>sancti</span> <span class='ocrx_word' id='word_1_322' title='bbox 1423 1152 1581 1184; x_wconf 86' lang='lat' dir='ltr'>Francisci</span> <span class='ocrx_word' id='word_1_323' title='bbox 1593 1152 1631 1184; x_wconf 90' lang='lat' dir='ltr'>de</span> <span class='ocrx_word' id='word_1_324' title='bbox 1644 1152 1740 1184; x_wconf 87' lang='lat' dir='ltr'>Paula</span> <span class='ocrx_word' id='word_1_325' title='bbox 1752 1151 1897 1184; x_wconf 86' lang='lat' dir='ltr'>Minimo-</span> 
     </span>
     <span class='ocr_line' id='line_1_67' title="bbox 1164 1204 1896 1248; baseline -0.001 -11"><span class='ocrx_word' id='word_1_326' title='bbox 1164 1217 1234 1238; x_wconf 89' lang='lat' dir='ltr'>rum</span> <span class='ocrx_word' id='word_1_327' title='bbox 1259 1209 1527 1248; x_wconf 69' lang='lat' dir='ltr'>nuncupatorum,</span> <span class='ocrx_word' id='word_1_328' title='bbox 1547 1215 1564 1236; x_wconf 89' lang='lat' dir='ltr'>a</span> <span class='ocrx_word' id='word_1_329' title='bbox 1583 1204 1746 1248; x_wconf 76' lang='lat' dir='ltr'>provincia</span> <span class='ocrx_word' id='word_1_330' title='bbox 1770 1204 1896 1246; x_wconf 83' lang='lat' dir='ltr'>Lugdu-</span> 
     </span>
     <span class='ocr_line' id='line_1_68' title="bbox 1165 1256 1896 1297; baseline -0.003 -7"><span class='ocrx_word' id='word_1_331' title='bbox 1165 1258 1255 1291; x_wconf 89' lang='lat' dir='ltr'>nensi</span> <span class='ocrx_word' id='word_1_332' title='bbox 1265 1257 1408 1290; x_wconf 85' lang='lat' dir='ltr'>eiusdem</span> <span class='ocrx_word' id='word_1_333' title='bbox 1418 1256 1553 1297; x_wconf 86' lang='lat' dir='ltr'>Ordinis,</span> <span class='ocrx_word' id='word_1_334' title='bbox 1566 1261 1597 1289; x_wconf 88' lang='lat' dir='ltr'>et</span> <span class='ocrx_word' id='word_1_335' title='bbox 1609 1267 1721 1289; x_wconf 87' lang='lat' dir='ltr'>eorum</span> <span class='ocrx_word' id='word_1_336' title='bbox 1735 1256 1767 1288; x_wconf 91' lang='lat' dir='ltr'>in</span> <span class='ocrx_word' id='word_1_337' title='bbox 1782 1266 1896 1289; x_wconf 88' lang='lat' dir='ltr'>novam</span> 
     </span>
     <span class='ocr_line' id='line_1_69' title="bbox 1165 1309 1894 1354; baseline -0.003 -10"><span class='ocrx_word' id='word_1_338' title='bbox 1165 1311 1361 1354; x_wconf 74' lang='lat' dir='ltr'>provinciam</span> <span class='ocrx_word' id='word_1_339' title='bbox 1386 1311 1617 1343; x_wconf 82' lang='lat' dir='ltr'>Arvernensem</span> <span class='ocrx_word' id='word_1_340' title='bbox 1647 1309 1894 1353; x_wconf 89' lang='lat' dir='ltr'>nuncupandam</span> 
     </span>
     <span class='ocr_line' id='line_1_70' title="bbox 1165 1361 1898 1405; baseline -0.004 -8"><span class='ocrx_word' id='word_1_341' title='bbox 1165 1365 1349 1405; x_wconf 87' lang='lat' dir='ltr'>erectionis,</span> <span class='ocrx_word' id='word_1_342' title='bbox 1377 1365 1414 1396; x_wconf 89' lang='lat' dir='ltr'>ad</span> <span class='ocrx_word' id='word_1_343' title='bbox 1441 1364 1622 1396; x_wconf 85' lang='lat' dir='ltr'>instantiam</span> <span class='ocrx_word' id='word_1_344' title='bbox 1648 1364 1837 1396; x_wconf 89' lang='lat' dir='ltr'>dilectorum</span> <span class='ocrx_word' id='word_1_345' title='bbox 1861 1361 1898 1394; x_wconf 86' lang='lat' dir='ltr'>fi-</span> 
     </span>
     <span class='ocr_line' id='line_1_71' title="bbox 1165 1416 1897 1460; baseline -0.003 -10"><span class='ocrx_word' id='word_1_346' title='bbox 1165 1418 1281 1451; x_wconf 90' lang='lat' dir='ltr'>liorum</span> <span class='ocrx_word' id='word_1_347' title='bbox 1292 1418 1424 1450; x_wconf 85' lang='lat' dir='ltr'>fratrum</span> <span class='ocrx_word' id='word_1_348' title='bbox 1435 1417 1534 1460; x_wconf 88' lang='lat' dir='ltr'>ipsius</span> <span class='ocrx_word' id='word_1_349' title='bbox 1543 1416 1751 1449; x_wconf 83' lang='lat' dir='ltr'>Arvernensis</span> <span class='ocrx_word' id='word_1_350' title='bbox 1760 1416 1897 1448; x_wconf 86' lang='lat' dir='ltr'>nationis</span> 
     </span>
     <span class='ocr_line' id='line_1_72' title="bbox 1165 1469 1898 1513; baseline -0.001 -10"><span class='ocrx_word' id='word_1_351' title='bbox 1165 1471 1314 1504; x_wconf 85' lang='lat' dir='ltr'>dirimere</span> <span class='ocrx_word' id='word_1_352' title='bbox 1326 1471 1505 1513; x_wconf 87' lang='lat' dir='ltr'>cupientes,</span> <span class='ocrx_word' id='word_1_353' title='bbox 1515 1480 1550 1502; x_wconf 89' lang='lat' dir='ltr'>ac</span> <span class='ocrx_word' id='word_1_354' title='bbox 1562 1470 1752 1502; x_wconf 85' lang='lat' dir='ltr'>eorumdem</span> <span class='ocrx_word' id='word_1_355' title='bbox 1762 1469 1898 1502; x_wconf 79' lang='lat' dir='ltr'>fratrum</span> 
     </span>
     <span class='ocr_line' id='line_1_73' title="bbox 1166 1522 1899 1566; baseline -0.003 -10"><span class='ocrx_word' id='word_1_356' title='bbox 1166 1524 1416 1556; x_wconf 70' lang='lat' dir='ltr'>Arvernensium</span> <span class='ocrx_word' id='word_1_357' title='bbox 1435 1523 1613 1565; x_wconf 78' lang='lat' dir='ltr'>singulares</span> <span class='ocrx_word' id='word_1_358' title='bbox 1627 1533 1779 1566; x_wconf 89' lang='lat' dir='ltr'>personas</span> <span class='ocrx_word' id='word_1_359' title='bbox 1798 1533 1815 1555; x_wconf 89' lang='lat' dir='ltr'>a</span> <span class='ocrx_word' id='word_1_360' title='bbox 1834 1522 1899 1565; x_wconf 89' lang='lat' dir='ltr'>qui-</span> 
     </span>
     <span class='ocr_line' id='line_1_74' title="bbox 1164 1574 1898 1618; baseline -0.004 -9"><span class='ocrx_word' id='word_1_361' title='bbox 1164 1577 1272 1610; x_wconf 85' lang='lat' dir='ltr'>busvis</span> <span class='ocrx_word' id='word_1_362' title='bbox 1296 1576 1649 1616; x_wconf 82' lang='lat' dir='ltr'>excommunicationis,</span> <span class='ocrx_word' id='word_1_363' title='bbox 1673 1574 1898 1618; x_wconf 83' lang='lat' dir='ltr'>suspensionis</span> 
     </span>
     <span class='ocr_line' id='line_1_75' title="bbox 1166 1628 1899 1672; baseline -0.005 -9"><span class='ocrx_word' id='word_1_364' title='bbox 1166 1636 1197 1663; x_wconf 88' lang='lat' dir='ltr'>et</span> <span class='ocrx_word' id='word_1_365' title='bbox 1221 1630 1396 1669; x_wconf 86' lang='lat' dir='ltr'>interdicti,</span> <span class='ocrx_word' id='word_1_366' title='bbox 1418 1629 1555 1672; x_wconf 86' lang='lat' dir='ltr'>aliisque</span> <span class='ocrx_word' id='word_1_367' title='bbox 1577 1628 1804 1661; x_wconf 84' lang='lat' dir='ltr'>ecclesiasticis</span> <span class='ocrx_word' id='word_1_368' title='bbox 1826 1637 1899 1660; x_wconf 88' lang='lat' dir='ltr'>sen-</span> 
     </span>
     <span class='ocr_line' id='line_1_76' title="bbox 1166 1680 1898 1726; baseline -0.005 -10"><span class='ocrx_word' id='word_1_369' title='bbox 1166 1684 1285 1723; x_wconf 91' lang='lat' dir='ltr'>tentiis,</span> <span class='ocrx_word' id='word_1_370' title='bbox 1300 1683 1446 1716; x_wconf 88' lang='lat' dir='ltr'>censuris</span> <span class='ocrx_word' id='word_1_371' title='bbox 1465 1688 1496 1715; x_wconf 91' lang='lat' dir='ltr'>et</span> <span class='ocrx_word' id='word_1_372' title='bbox 1513 1683 1628 1726; x_wconf 89' lang='lat' dir='ltr'>poenis</span> <span class='ocrx_word' id='word_1_373' title='bbox 1642 1709 1649 1722; x_wconf 94' lang='lat'>,</span> <span class='ocrx_word' id='word_1_374' title='bbox 1669 1693 1686 1714; x_wconf 91' lang='lat' dir='ltr'>a</span> <span class='ocrx_word' id='word_1_375' title='bbox 1703 1682 1770 1714; x_wconf 87' lang='lat' dir='ltr'>iure</span> <span class='ocrx_word' id='word_1_376' title='bbox 1789 1681 1839 1713; x_wconf 92' lang='lat' dir='ltr'>vel</span> <span class='ocrx_word' id='word_1_377' title='bbox 1858 1680 1898 1713; x_wconf 89' lang='lat' dir='ltr'>ab</span> 
     </span>
     <span class='ocr_line' id='line_1_77' title="bbox 1166 1733 1897 1780; baseline -0.007 -10"><span class='ocrx_word' id='word_1_378' title='bbox 1166 1737 1310 1777; x_wconf 88' lang='lat' dir='ltr'>homine,</span> <span class='ocrx_word' id='word_1_379' title='bbox 1326 1737 1437 1780; x_wconf 86' lang='lat' dir='ltr'>quavis</span> <span class='ocrx_word' id='word_1_380' title='bbox 1450 1736 1620 1769; x_wconf 85' lang='lat' dir='ltr'>occasione</span> <span class='ocrx_word' id='word_1_381' title='bbox 1642 1736 1693 1768; x_wconf 89' lang='lat' dir='ltr'>vel</span> <span class='ocrx_word' id='word_1_382' title='bbox 1708 1736 1802 1767; x_wconf 81' lang='lat' dir='ltr'>causa</span> <span class='ocrx_word' id='word_1_383' title='bbox 1816 1733 1897 1773; x_wconf 89' lang='lat' dir='ltr'>latis,</span> 
     </span>
     <span class='ocr_line' id='line_1_78' title="bbox 1166 1785 1900 1832; baseline -0.007 -10"><span class='ocrx_word' id='word_1_384' title='bbox 1166 1790 1191 1822; x_wconf 88' lang='lat' dir='ltr'>si</span> <span class='ocrx_word' id='word_1_385' title='bbox 1222 1790 1341 1832; x_wconf 87' lang='lat' dir='ltr'>quibus·</span> <span class='ocrx_word' id='word_1_386' title='bbox 1366 1788 1615 1832; x_wconf 86' lang='lat' dir='ltr'>quomodolibet</span> <span class='ocrx_word' id='word_1_387' title='bbox 1639 1787 1811 1820; x_wconf 89' lang='lat' dir='ltr'>innodatae</span> <span class='ocrx_word' id='word_1_388' title='bbox 1837 1785 1900 1818; x_wconf 78' lang='lat' dir='ltr'>exi-</span> 
     </span>
     <span class='ocr_line' id='line_1_79' title="bbox 1166 1839 1900 1883; baseline -0.005 -9"><span class='ocrx_word' id='word_1_389' title='bbox 1166 1847 1270 1882; x_wconf 88' lang='lat' dir='ltr'>stunt,</span> <span class='ocrx_word' id='word_1_390' title='bbox 1301 1842 1340 1874; x_wconf 90' lang='lat' dir='ltr'>ad</span> <span class='ocrx_word' id='word_1_391' title='bbox 1376 1840 1524 1873; x_wconf 76' lang='lat' dir='ltr'>effectum</span> <span class='ocrx_word' id='word_1_392' title='bbox 1554 1839 1777 1883; x_wconf 85' lang='lat' dir='ltr'>praesentium</span> <span class='ocrx_word' id='word_1_393' title='bbox 1809 1839 1900 1871; x_wconf 91' lang='lat' dir='ltr'>dum-</span> 
     </span>
     <span class='ocr_line' id='line_1_80' title="bbox 1166 1890 1900 1936; baseline -0.005 -9"><span class='ocrx_word' id='word_1_394' title='bbox 1166 1899 1252 1927; x_wconf 84' lang='lat' dir='ltr'>taxat</span> <span class='ocrx_word' id='word_1_395' title='bbox 1283 1893 1567 1936; x_wconf 86' lang='lat' dir='ltr'>consequendum,</span> <span class='ocrx_word' id='word_1_396' title='bbox 1593 1893 1710 1925; x_wconf 87' lang='lat' dir='ltr'>harum</span> <span class='ocrx_word' id='word_1_397' title='bbox 1735 1892 1820 1924; x_wconf 91' lang='lat' dir='ltr'>serie</span> <span class='ocrx_word' id='word_1_398' title='bbox 1846 1890 1900 1923; x_wconf 83' lang='lat' dir='ltr'>ab·</span> 
     </span>
     <span class='ocr_line' id='line_1_81' title="bbox 1167 1946 1897 1984; baseline -0.005 -5"><span class='ocrx_word' id='word_1_399' title='bbox 1167 1948 1332 1980; x_wconf 85' lang='lat' dir='ltr'>solventes</span> <span class='ocrx_word' id='word_1_400' title='bbox 1358 1951 1390 1979; x_wconf 90' lang='lat' dir='ltr'>et</span> <span class='ocrx_word' id='word_1_401' title='bbox 1414 1947 1578 1978; x_wconf 87' lang='lat' dir='ltr'>absolutas</span> <span class='ocrx_word' id='word_1_402' title='bbox 1606 1946 1675 1978; x_wconf 88' lang='lat' dir='ltr'>sore</span> <span class='ocrx_word' id='word_1_403' title='bbox 1705 1948 1897 1984; x_wconf 83' lang='lat' dir='ltr'>censentes,</span> 
     </span>
     <span class='ocr_line' id='line_1_82' title="bbox 1167 1996 1898 2043; baseline -0.005 -11"><span class='ocrx_word' id='word_1_404' title='bbox 1167 1999 1460 2043; x_wconf 83' lang='lat' dir='ltr'>supplicationibus</span> <span class='ocrx_word' id='word_1_405' title='bbox 1494 2009 1605 2031; x_wconf 82' lang='lat' dir='ltr'>cortun</span> <span class='ocrx_word' id='word_1_406' title='bbox 1637 1997 1769 2030; x_wconf 87' lang='lat' dir='ltr'>nomine</span> <span class='ocrx_word' id='word_1_407' title='bbox 1802 1996 1898 2029; x_wconf 83' lang='lat' dir='ltr'>nobis</span> 
     </span>
     <span class='ocr_line' id='line_1_83' title="bbox 1167 2049 1899 2095; baseline -0.005 -11"><span class='ocrx_word' id='word_1_408' title='bbox 1167 2063 1268 2095; x_wconf 91' lang='lat' dir='ltr'>super</span> <span class='ocrx_word' id='word_1_409' title='bbox 1292 2053 1354 2084; x_wconf 86' lang='lat' dir='ltr'>hoc</span> <span class='ocrx_word' id='word_1_410' title='bbox 1387 2051 1554 2084; x_wconf 84' lang='lat' dir='ltr'>humiliter</span> <span class='ocrx_word' id='word_1_411' title='bbox 1579 2050 1740 2093; x_wconf 76' lang='lat' dir='ltr'>porrectis</span> <span class='ocrx_word' id='word_1_412' title='bbox 1765 2049 1899 2081; x_wconf 92' lang='lat' dir='ltr'>inclina-</span> 
     </span>
     <span class='ocr_line' id='line_1_84' title="bbox 1168 2104 1900 2145; baseline -0.004 -8"><span class='ocrx_word' id='word_1_413' title='bbox 1168 2105 1206 2145; x_wconf 88' lang='lat' dir='ltr'>ti,</span> <span class='ocrx_word' id='word_1_414' title='bbox 1234 2106 1273 2137; x_wconf 85' lang='lat' dir='ltr'>dc</span> <span class='ocrx_word' id='word_1_415' title='bbox 1296 2104 1527 2137; x_wconf 88' lang='lat' dir='ltr'>venerabilium</span> <span class='ocrx_word' id='word_1_416' title='bbox 1552 2104 1684 2136; x_wconf 81' lang='lat' dir='ltr'>fratrum</span> <span class='ocrx_word' id='word_1_417' title='bbox 1714 2107 1900 2135; x_wconf 91' lang='lat' dir='ltr'>nostrorum</span> 
     </span>
     <span class='ocr_line' id='line_1_85' title="bbox 1167 2155 1901 2198; baseline -0.005 -8"><span class='ocrx_word' id='word_1_418' title='bbox 1167 2158 1197 2190; x_wconf 84' lang='lat' dir='ltr'>S.</span> <span class='ocrx_word' id='word_1_419' title='bbox 1214 2158 1250 2189; x_wconf 82' lang='lat' dir='ltr'>R.</span> <span class='ocrx_word' id='word_1_420' title='bbox 1267 2158 1301 2189; x_wconf 92' lang='lat' dir='ltr'>E.</span> <span class='ocrx_word' id='word_1_421' title='bbox 1319 2157 1529 2189; x_wconf 87' lang='lat' dir='ltr'>cardinalium</span> <span class='ocrx_word' id='word_1_422' title='bbox 1543 2156 1679 2198; x_wconf 80' lang='lat' dir='ltr'>negotiis</span> <span class='ocrx_word' id='word_1_423' title='bbox 1697 2160 1728 2187; x_wconf 89' lang='lat' dir='ltr'>et</span> <span class='ocrx_word' id='word_1_424' title='bbox 1740 2155 1901 2188; x_wconf 84' lang='lat' dir='ltr'>consulta-</span> 
     </span>
     <span class='ocr_line' id='line_1_86' title="bbox 1168 2209 1901 2253; baseline -0.005 -10"><span class='ocrx_word' id='word_1_425' title='bbox 1168 2211 1307 2243; x_wconf 87' lang='lat' dir='ltr'>tionibus</span> <span class='ocrx_word' id='word_1_426' title='bbox 1323 2210 1548 2253; x_wconf 74' lang='lat' dir='ltr'>episeoporum</span> <span class='ocrx_word' id='word_1_427' title='bbox 1561 2214 1592 2241; x_wconf 89' lang='lat' dir='ltr'>et</span> <span class='ocrx_word' id='word_1_428' title='bbox 1603 2209 1800 2251; x_wconf 74' lang='lat' dir='ltr'>regularium</span> <span class='ocrx_word' id='word_1_429' title='bbox 1813 2217 1901 2251; x_wconf 86' lang='lat' dir='ltr'>prae-</span> 
     </span>
     <span class='ocr_line' id='line_1_87' title="bbox 1167 2260 1901 2306; baseline -0.004 -11"><span class='ocrx_word' id='word_1_430' title='bbox 1167 2263 1357 2306; x_wconf 84' lang='lat' dir='ltr'>positorum,</span> <span class='ocrx_word' id='word_1_431' title='bbox 1372 2263 1425 2305; x_wconf 83' lang='lat' dir='ltr'>qui</span> <span class='ocrx_word' id='word_1_432' title='bbox 1451 2262 1709 2295; x_wconf 79' lang='lat' dir='ltr'>informationem</span> <span class='ocrx_word' id='word_1_433' title='bbox 1723 2260 1829 2293; x_wconf 84' lang='lat' dir='ltr'>dilecti</span> <span class='ocrx_word' id='word_1_434' title='bbox 1844 2260 1901 2293; x_wconf 84' lang='lat' dir='ltr'>filii</span> 
     </span>
     <span class='ocr_line' id='line_1_88' title="bbox 1168 2313 1900 2358; baseline -0.004 -10"><span class='ocrx_word' id='word_1_435' title='bbox 1168 2316 1357 2349; x_wconf 82' lang='lat' dir='ltr'>correctoris</span> <span class='ocrx_word' id='word_1_436' title='bbox 1382 2316 1541 2358; x_wconf 75' lang='lat' dir='ltr'>generalis</span> <span class='ocrx_word' id='word_1_437' title='bbox 1565 2315 1692 2348; x_wconf 86' lang='lat' dir='ltr'>Ordinis</span> <span class='ocrx_word' id='word_1_438' title='bbox 1715 2313 1900 2346; x_wconf 87' lang='lat' dir='ltr'>huiusmodi</span> 
     </span>
     <span class='ocr_line' id='line_1_89' title="bbox 1168 2369 1901 2412; baseline -0.004 -11"><span class='ocrx_word' id='word_1_439' title='bbox 1168 2370 1305 2412; x_wconf 87' lang='lat' dir='ltr'>desuper</span> <span class='ocrx_word' id='word_1_440' title='bbox 1329 2369 1519 2409; x_wconf 86' lang='lat' dir='ltr'>habuerunt,</span> <span class='ocrx_word' id='word_1_441' title='bbox 1537 2379 1672 2411; x_wconf 84' lang='lat' dir='ltr'>remque</span> <span class='ocrx_word' id='word_1_442' title='bbox 1688 2372 1810 2400; x_wconf 86' lang='lat' dir='ltr'>mature</span> <span class='ocrx_word' id='word_1_443' title='bbox 1828 2376 1901 2399; x_wconf 78' lang='lat' dir='ltr'>exa-</span> 
     </span>
     <span class='ocr_line' id='line_1_90' title="bbox 1167 2420 1900 2465; baseline -0.003 -11"><span class='ocrx_word' id='word_1_444' title='bbox 1167 2423 1329 2454; x_wconf 81' lang='lat' dir='ltr'>minarunt</span> <span class='ocrx_word' id='word_1_445' title='bbox 1349 2433 1384 2454; x_wconf 83' lang='lat' dir='ltr'>ac</span> <span class='ocrx_word' id='word_1_446' title='bbox 1401 2422 1652 2465; x_wconf 85' lang='lat' dir='ltr'>perpenderunt,</span> <span class='ocrx_word' id='word_1_447' title='bbox 1671 2420 1816 2461; x_wconf 76' lang='lat' dir='ltr'>consilio,</span> <span class='ocrx_word' id='word_1_448' title='bbox 1835 2429 1900 2452; x_wconf 86' lang='lat' dir='ltr'>me-</span> 
     </span>
     <span class='ocr_line' id='line_1_91' title="bbox 1167 2473 1901 2517; baseline -0.004 -10"><span class='ocrx_word' id='word_1_449' title='bbox 1167 2481 1304 2508; x_wconf 80' lang='lat' dir='ltr'>moratos</span> <span class='ocrx_word' id='word_1_450' title='bbox 1321 2486 1374 2508; x_wconf 79' lang='lat' dir='ltr'>sex</span> <span class='ocrx_word' id='word_1_451' title='bbox 1392 2480 1565 2508; x_wconf 78' lang='lat' dir='ltr'>conventus</span> <span class='ocrx_word' id='word_1_452' title='bbox 1589 2486 1606 2507; x_wconf 85' lang='lat' dir='ltr'>a</span> <span class='ocrx_word' id='word_1_453' title='bbox 1631 2475 1713 2507; x_wconf 75' lang='lat' dir='ltr'>dicta</span> <span class='ocrx_word' id='word_1_454' title='bbox 1738 2473 1901 2517; x_wconf 76' lang='lat' dir='ltr'>provincia</span> 
     </span>
     <span class='ocr_line' id='line_1_92' title="bbox 1167 2526 1901 2570; baseline -0.001 -11"><span class='ocrx_word' id='word_1_455' title='bbox 1167 2528 1386 2570; x_wconf 73' lang='lat' dir='ltr'>Lugdunensi,</span> <span class='ocrx_word' id='word_1_456' title='bbox 1414 2528 1604 2560; x_wconf 85' lang='lat' dir='ltr'>auctoritate</span> <span class='ocrx_word' id='word_1_457' title='bbox 1630 2526 1829 2570; x_wconf 78' lang='lat' dir='ltr'>apostolica,</span> <span class='ocrx_word' id='word_1_458' title='bbox 1854 2530 1901 2558; x_wconf 89' lang='lat' dir='ltr'>te-</span> 
     </span>
     <span class='ocr_line' id='line_1_93' title="bbox 1167 2580 1900 2625; baseline -0.001 -12"><span class='ocrx_word' id='word_1_459' title='bbox 1167 2591 1246 2614; x_wconf 84' lang='lat' dir='ltr'>nore</span> <span class='ocrx_word' id='word_1_460' title='bbox 1265 2581 1498 2625; x_wconf 80' lang='lat' dir='ltr'>praesentium,</span> <span class='ocrx_word' id='word_1_461' title='bbox 1517 2580 1780 2614; x_wconf 86' lang='lat' dir='ltr'>dismembramus</span> <span class='ocrx_word' id='word_1_462' title='bbox 1799 2590 1834 2612; x_wconf 88' lang='lat' dir='ltr'>ac</span> <span class='ocrx_word' id='word_1_463' title='bbox 1852 2589 1900 2613; x_wconf 80' lang='lat' dir='ltr'>se-</span> 
     </span>
    </p>
   </div>
  </div>
 </body>
</html>
