2247 3208
190 251 240 276 An.
257 250 284 277 C.
311 250 378 277 1008

429 242 491 274 744

389 298 518 330 nebitur
542 297 598 330 sub
625 297 744 329 eisdem
770 295 893 339 poenis,
913 306 994 338 quae
1012 301 1123 328 contra

390 350 582 392 guardianos
604 350 744 391 idipsum
763 349 827 380 suis
854 348 1002 380 fratribus
1028 358 1122 391 prae-

390 408 473 435 stare
498 401 697 444 negligentes
723 412 740 433 a
764 401 887 433 statutis
915 400 1122 443 generalibus

389 455 627 488 reformationis
652 455 799 487 decretae
821 460 913 486 sunt:
935 454 1120 487 vestiarium

389 519 463 540 vcro
489 513 576 540 curet
601 507 761 550 generalis
787 518 804 539 a
828 507 967 550 propriis
993 507 1122 550 provin-

389 560 522 593 cialibus
555 559 600 592 eis
638 565 784 602 tempore
823 559 931 592 debito
968 559 1122 592 submini-

389 612 493 645 strari.

432 665 654 698 Restituuntur
667 665 869 699 studentibus
884 665 1052 699 duodecim
1064 667 1122 699 cel-

389 720 437 751 lae
464 718 542 751 alias
567 718 644 761 ipsis
671 718 865 761 assignatae,
894 718 1043 752 videlicet
1068 719 1122 751 de-

388 781 458 804 cem
484 782 564 814 quae
590 777 665 803 sunt
689 771 722 803 in
749 771 938 805 dormitorio
963 772 1047 814 quod
1074 782 1123 803 re-

388 824 481 867 spicit
505 824 628 867 Aquam
653 824 803 864 Paulam,
828 825 899 857 loco
925 829 1032 857 autem
1057 824 1122 867 pri-

387 887 457 910 mae
475 882 507 910 et
521 877 650 910 ultimae
669 877 815 910 eiusdem
829 876 1020 916 dormitorii,
1041 888 1121 920 quac

387 931 428 963 ob
444 930 669 963 obscuritatem
687 930 792 963 studio
808 929 912 962 minus
927 935 1018 973 aptae
1037 935 1120 969 sunt,

387 983 468 1016 aliae
490 983 570 1016 duae
595 983 731 1016 idoneae
758 982 971 1025 assignentur,
997 982 1123 1025 praedi-

387 1035 455 1075 ctis,
474 1043 536 1078 quo
562 1035 631 1068 fieri
656 1035 786 1078 poterit,
814 1034 1075 1078 propinquiores.

430 1088 592 1121 Concedat
610 1087 807 1130 guardianus
828 1087 1033 1120 studentibus
1054 1098 1123 1130 par-

386 1152 458 1174 vum
480 1141 612 1174 hortum
637 1152 709 1173 cum
736 1143 792 1174 sua
810 1143 888 1181 sera,
908 1140 963 1173 ubi
986 1141 1121 1173 seiuncti

387 1194 425 1226 'ab
442 1193 512 1227 aliis
535 1194 685 1226 fratribus
710 1194 848 1227 honeste
865 1193 965 1234 refici,
987 1204 1022 1225 ac
1046 1193 1123 1226 invi-

387 1259 456 1281 cem
482 1248 514 1280 in
539 1248 649 1290 lingua
669 1258 740 1280 cum
756 1247 933 1280 lectoribus
952 1245 1121 1280 exercere¹

388 1306 517 1344 queant.

431 1354 497 1387 Duo
523 1364 651 1397 semper
672 1354 779 1386 adsint
803 1353 835 1386 in
861 1353 923 1386 hoc
948 1352 1051 1386 studio
1076 1353 1122 1385 le-

387 1412 513 1447 ctores,
541 1408 622 1439 alter
647 1406 792 1439 arabicae
818 1406 966 1449 linguae,
993 1411 1123 1439 contro-

387 1460 563 1493 versiarum
602 1461 697 1499 alter,
736 1471 752 1492 a
787 1460 930 1502 generali
965 1461 1015 1492 vel
1051 1460 1120 1492 eius

387 1514 504 1547 vicario
522 1515 626 1554 electi,
645 1514 687 1548 ita
704 1519 736 1545 ut
754 1513 885 1545 nonnisi
903 1513 1033 1556 praevio
1052 1523 1123 1545 exa-

387 1568 473 1600 mine
490 1572 521 1600 et
541 1566 787 1600 confirmatione
813 1576 919 1599 sacrae
945 1576 1122 1608 congrega-

388 1620 484 1654 tionis
510 1621 730 1653 admittantur.
758 1620 848 1653 Serio
881 1624 988 1653 autem
1019 1619 1123 1651 iniun-

388 1673 474 1715 gitur
506 1674 618 1706 iisdem
657 1673 813 1706 sedulitas
838 1679 870 1706 et
893 1672 1122 1706 assiduitas'in

387 1726 592 1766 lectionibus,
618 1726 867 1770 repetitionibus
893 1731 924 1758 et
948 1726 1120 1759 exercitiis.

434 1779 592 1812 Fruamur
617 1781 757 1812 lectores
790 1779 835 1812 sic
861 1779 955 1812 electi
989 1784 1021 1812 et
1052 1790 1123 1812 con-

388 1831 505 1864 firmati
531 1832 759 1875 praecedentia
775 1859 782 1871 ,
810 1832 1064 1875 praeeminentia
1089 1843 1124 1865 ac

389 1885 578 1928 privilegiis,
593 1885 707 1928 quibus
725 1886 863 1918 lectores
880 1886 1021 1918 actuales
1035 1885 1124 1918 theo-

389 1937 495 1979 logiae
521 1937 700 1981 potiuntur.

433 1991 547 2024 Lector
572 1990 860 2023 controversiarum
877 1990 969 2023 binas
989 1990 1125 2033 singulis

391 2044 646 2077 hebdomadibus
672 2045 775 2077 tradat
799 2044 829 2076 in
856 2044 984 2087 scriptis
1013 2044 1125 2077 lectio-

391 2107 448 2130 nes
462 2097 753 2129 controversiarum
772 2097 988 2137 orientalium,
1007 2102 1038 2129 et
1054 2103 1126 2141 post

391 2160 539 2192 vesperas
555 2150 740 2183 earumdem
758 2150 875 2182 habeat
892 2150 1122 2191 conserentias,

392 2202 681 2245 frequentibusque
706 2202 866 2235 exercitiis
892 2203 1058 2235 studentes
1080 2203 1127 2235 in-

393 2254 519 2294 stituat;
546 2255 678 2298 singulis
705 2267 779 2289 vero
803 2256 965 2288 mensibus
990 2257 1126 2290 traditae

394 2307 560 2340 doctrinae
587 2309 822 2352 disputationes
845 2309 1035 2342 habeantur.

438 2360 554 2393 Lector
577 2372 652 2394 vero
684 2361 813 2403 linguae
845 2362 993 2395 arabicae
1024 2367 1070 2395 ter
1094 2362 1126 2395 in

395 2413 601 2445 hebdomada
614 2414 707 2456 legat,
724 2419 755 2446 et
772 2424 888 2454 rerum,
905 2426 981 2458 quas
997 2415 1127 2448 studen-

396 2470 442 2498 tes
461 2465 614 2505 docuerit,
632 2466 859 2508 repetitionem
872 2468 912 2500 ab
927 2467 1050 2501 eisdem
1067 2467 1127 2501 exi-

395 2523 463 2560 gar,
490 2518 624 2561 singulis
650 2519 780 2559 diebus,
811 2519 925 2563 quibus
950 2522 1059 2563 legere
1084 2526 1128 2554 te-

432 2634 443 2660 1
460 2631 508 2660 Vel
523 2641 550 2659 se
564 2640 695 2661 exercere
711 2632 752 2660 vel
767 2634 895 2662 exerceri
907 2633 1014 2669 legend.
1030 2636 1126 2672 (ιιι).

975 235 1154 273 ΒυωζΑΒιυΜ
1179 249 1330 275 nerianum

1167 300 1274 337 netur,
1295 307 1352 339 per
1377 298 1489 331 horam
1510 306 1583 342 post
1607 312 1756 345 vesperas
1778 305 1904 339 audito-

1166 358 1218 381 res
1243 355 1317 382 suo's
1343 357 1503 384 exerceat.

1209 401 1405 435 Prohibetur
1435 415 1536 447 aeque
1573 407 1747 442 lectoribus
1779 422 1815 443 ac
1840 418 1902 444 stu-

1166 454 1317 487 dentibus
1347 456 1460 489 diebus
1495 459 1670 492 lectionum
1701 472 1717 494 e
1743 471 1900 497 conventu

1165 509 1275 550 egredi
1302 520 1505 553 quacumque
1532 522 1567 544 ex
1594 516 1701 554 causa,
1724 515 1817 548 ctiam
1841 519 1901 550 sub

1165 566 1331 604 praetextu
1357 563 1454 595 alium
1482 564 1630 606 fratrem,
1657 568 1783 600 tametsi
1809 579 1902 612 supe-

1165 614 1231 647 rior
1256 615 1305 655 sit,
1325 616 1515 657 associandi,
1533 618 1593 650 nisi
1624 621 1760 662 expletis
1778 621 1901 664 integre

1164 667 1357 701 lectionibus
1388 680 1424 702 ac
1457 671 1618 703 exercitiis
1652 674 1689 705 ea
1715 673 1787 713 die,
1818 685 1899 717 quae

1141 729 1143 751 ¹,
1165 719 1232 752 fieri
1260 721 1421 754 debebant
1439 728 1493 755 aut
1517 731 1742 757 consueverat.
1765 725 1855 764 Quod
1875 727 1900 759 si

1165 774 1359 815 guardianus
1384 775 1511 815 viderit,
1538 778 1587 810 'vel
1612 778 1779 811 minimum
1806 782 1840 812 ea
1862 781 1900 813 de

1142 858 1143 864 ,
1164 829 1257 859 causa
1282 827 1320 860 iis
1346 828 1486 868 detrahi,
1514 835 1568 861 aut
1594 831 1700 864 minus
1726 832 1900 874 diligenter

1165 880 1291 922 peragi,
1324 881 1495 923 prohibeat
1523 893 1658 925 p1·0rsus
1686 896 1852 923 egressiuu
1883 897 1900 918 e

1165 938 1327 965 conventu
1351 944 1409 977 per
1434 939 1535 967 totum
1561 936 1645 968 diem
1666 937 1851 970 lectionum.

1208 985 1325 1018 Diebus
1353 997 1429 1019 vero
1456 987 1546 1020 sestis
1571 994 1625 1020 aut
1644 989 1846 1022 vacationum
1864 989 1900 1022 li-

1165 1045 1235 1071 ceat
1255 1038 1433 1081 guardiano
1451 1040 1630 1081 studentes,
1650 1042 1830 1074 devotionis
1847 1048 1901 1074 aut

1165 1092 1226 1124 alia
1251 1092 1387 1124 honesta
1412 1094 1524 1132 causa,
1551 1093 1578 1125 si
1603 1093 1645 1125 ita
1678 1094 1830 1137 expedire
1855 1095 1900 1127 vi-

1165 1144 1303 1184 debitur,
1330 1144 1415 1176 soras
1436 1145 1577 1185 mittere,
1598 1146 1772 1179 dummodo
1792 1149 1829 1179 ea
1849 1147 1899 1179 die

1167 1198 1275 1229 theses
1301 1208 1365 1230 non
1392 1198 1584 1236 habeantur,
1605 1208 1664 1230 nec
1682 1198 1830 1231 omnibus
1848 1201 1900 1231 ca-

1165 1251 1237 1283 dem
1262 1251 1312 1283 die
1339 1251 1470 1283 licentia
1487 1252 1690 1283 concedatur.
1717 1251 1839 1284 Poterit
1856 1251 1901 1284 iti-

1165 1303 1236 1336 dem
1260 1303 1458 1345 guardianus
1477 1303 1652 1345 aliquando
1672 1303 1769 1336 ctiam
1786 1304 1900 1336 diebus

1165 1356 1322 1397 lectionis,
1348 1357 1373 1388 si
1400 1357 1575 1388 necessitas
1601 1362 1735 1399 urgeat,
1769 1358 1900 1390 eosdem

1166 1410 1333 1442 studentes
1368 1409 1405 1441 ad
1442 1409 1673 1441 celebrandum
1706 1415 1795 1442 extra
1820 1421 1897 1452 pro-

1165 1463 1269 1506 priam
1291 1462 1458 1495 ecclesiam
1476 1462 1615 1502 mittere,
1639 1463 1813 1496 dummodo
1835 1474 1900 1496 non

1166 1526 1285 1555 cinnes,
1302 1515 1358 1548 sed
1383 1514 1482 1558 aliqui
1501 1519 1624 1548 tantum
1642 1515 1818 1556 mittantur,
1840 1526 1901 1549 nec

1168 1570 1353 1612 frequenter
1376 1568 1439 1607 fiat,
1466 1577 1527 1600 nec
1546 1568 1613 1600 ullo
1634 1569 1730 1601 modo
1748 1569 1899 1602 lectionis

1166 1627 1219 1655 aut
1232 1621 1458 1655 exercitiorum
1473 1626 1632 1663 tempore,
1648 1631 1686 1654 eo
1700 1627 1803 1654 autem
1824 1632 1900 1654 casu

1166 1675 1252 1708 illico
1267 1675 1392 1717 expleta
1410 1673 1574 1707 functione
1593 1674 1698 1707 redire
1717 1679 1898 1707 teneantur.

1210 1728 1249 1760 Ut
1280 1728 1416 1761 lectores
1450 1727 1711 1760 distractionibus
1743 1727 1901 1762 submotis

1167 1781 1352 1823 diligentius
1377 1781 1443 1813 suis
1467 1780 1653 1813 incumbant
1673 1780 1779 1813 studio
1797 1791 1833 1813 ac
1855 1782 1901 1814 le-

1166 1835 1340 1875 ctionibus,
1366 1834 1560 1878 prohibetur
1584 1834 1699 1866 iisdem
1727 1834 1898 1867 visitatoris

1167 1895 1220 1922 aut
1243 1887 1382 1920 cuiusvis
1408 1887 1539 1920 alterius
1570 1887 1710 1920 muneris
1744 1898 1825 1920 onus
1851 1899 1900 1920 as-

1167 1952 1305 1980 sumere,
1333 1945 1388 1973 aut
1413 1940 1740 1983 quadrageshmdium
1769 1941 1900 1974 concio-

1167 2005 1242 2027 num
1268 1999 1334 2026 tum
1360 1994 1442 2026 intra
1462 1999 1528 2025 turn
1547 1999 1635 2036 extra
1655 1993 1772 2026 Urbem
1790 2004 1900 2026 cursus

1168 2047 1322 2090 aggredi,
1350 2047 1437 2089 quod
1470 2046 1565 2079 etiam
1598 2046 1816 2087 studentibus,
1844 2047 1901 2079 du-

1168 2106 1259 2145 rante
1285 2100 1409 2140 studio,
1435 2099 1656 2139 interdicitur,
1684 2099 1809 2132 tametsi
1835 2110 1901 2131 non

1168 2154 1286 2186 idcirco
1312 2152 1524 2196 prohibeatur
1561 2152 1682 2184 eisdem
1714 2162 1901 2184 sermonem

1169 2206 1309 2249 aliquem
1335 2210 1389 2237 aut
1413 2205 1602 2237 concionem
1627 2204 1790 2237 interdum
1819 2204 1902 2236 infra

1169 2269 1289 2292 annum
1315 2258 1433 2291 habere
1452 2258 1492 2290 ob
1514 2257 1656 2300 aliquam
1676 2252 1901 2290 occurrentem

1169 2311 1373 2344 festivitatem
1389 2315 1443 2343 aut
1460 2310 1671 2354 quadraginta
1693 2311 1846 2343 horarum
1868 2321 1902 2344 o-

1170 2364 1341 2397 rationem.

1213 2417 1237 2449 A
1262 2416 1468 2456 lectionibus,
1488 2416 1740 2459 repetitionibus
1761 2427 1797 2449 ac
1814 2427 1905 2450 exer-

1169 2469 1251 2502 citiis
1277 2469 1446 2512 utriusque
1472 2469 1570 2501 studii
1595 2479 1689 2502 nemo
1714 2480 1848 2512 prorsus
1866 2480 1903 2502 ex

1169 2521 1372 2554 studentibus
1390 2531 1595 2564 quocumque
1615 2522 1705 2554 titulo
1723 2527 1776 2554 aut
1792 2522 1902 2555 colore

1169 2575 1347 2614 eximatur,
1374 2579 1427 2606 aut
1452 2585 1593 2617 unquam
1617 2575 1824 2617 permittatur
1848 2575 1903 2607 ab-

1169 2637 1250 2668 esse,
1276 2632 1308 2660 et
1331 2627 1356 2659 si
1383 2627 1452 2671 quis
1476 2627 1662 2670 neglexerit,
1682 2638 1697 2659 a
1723 2628 1900 2672 guardiano

1916 264 1963 286 An.
1979 261 2006 287 (3,
2033 262 2097 289 1668
