2247 3208
506 190 568 225 888

552 253 680 286 tationis
721 253 913 296 apostolicae
960 264 1016 296 pro
1056 251 1203 284 dolandis

549 313 620 339 octo
645 306 756 349 puellis
780 306 820 337 de
838 306 989 349 parochia
1009 306 1038 338 S.
1062 305 1203 338 Andreae

548 359 586 390 de
612 358 745 397 Fractis,
765 358 816 390 at.

460 411 630 445 CCCXClIl.
659 411 866 444 Confirmatio
892 411 1092 444 decretorum
1113 422 1130 443 a
1147 421 1200 454 gc-

546 465 643 498 nerali
681 464 808 497 Ordinis
852 464 1067 497 Eremitarum
1103 463 1201 497 sancti

548 517 714 561 Augustini
741 527 798 560 pro
827 517 908 550 felici
941 516 1099 560 regimine
1125 528 1200 551 con-

544 575 658 603 ventus
679 576 708 603 et
727 570 852 613 collegii
874 569 1003 603 maioris
1020 571 1198 613 nuncupati

547 623 682 657 civitatis
708 623 894 657 Parisiensis
915 622 988 656 dicti
1015 623 1144 656 Ordinis
1170 623 1199 656 in

545 675 727 709 visitatione
753 675 933 717 editorum,
962 681 992 708 et
1015 687 1031 708 a
1058 676 1200 720 capitulo

550 729 690 772 generali
722 729 996 774 approbatorum,
1025 740 1098 764 cum
1131 730 1201 763 illo-

546 792 618 815 rum
644 782 830 824 insertione,
859 782 912 816 023.

457 834 630 869 CCCXCIV.
660 836 866 869 Confirmatio
891 836 1009 870 decreti
1029 847 1202 880 congrega-

548 888 644 922 tionis
667 899 764 933 super
787 889 924 933 negotiis
953 889 1078 922 Ordinis
1104 890 1199 922 Prae-

548 941 832 975 monstratensium
850 947 880 976 et
898 941 1136 975 communitatis
1150 953 1203 975 an-

550 995 630 1040 tiqui
657 995 771 1039 rigoris
791 1002 995 1039 nuncupatae
1021 996 1096 1029 dicti
1113 996 1199 1029 Ordi-

550 1049 611 1089 nis,
639 1059 703 1093 quo
728 1055 856 1082 cavetur
881 1049 1031 1083 unionem
1059 1059 1115 1083 seu
1142 1061 1199 1093 ag-

547 1101 769 1145 gregationem
787 1102 882 1135 unius
902 1104 949 1135 vel
967 1102 1108 1146 plurium
1127 1103 1201 1136 dieti

548 1154 676 1189 Ordinis
694 1155 798 1189 dictae
816 1156 1057 1200 congregationi
1078 1156 1201 1199 antiqui

551 1208 666 1252 rigoris
680 1219 697 1242 a
711 1208 829 1242 vicario
851 1208 975 1242 abbatis
996 1209 1152 1252 generalis
1170 1209 1202 1242 in

549 1267 712 1306 posterum
728 1262 910 1296 nullatenus
924 1262 991 1296 fieri
1001 1262 1129 1302 debere,
1141 1263 1201 1296 nisi

548 1324 660 1349 omnes
674 1315 813 1358 religiosi
828 1315 959 1359 professi
981 1315 1066 1349 illius
1080 1326 1203 1350 monas-

553 1368 624 1403 terii
639 1379 697 1413 per
710 1374 779 1402 vota
793 1375 914 1403 secreta
933 1369 1154 1404 consenserint
1171 1370 1202 1403 in

549 1421 627 1455 illud
646 1422 905 1456 reformationem
923 1423 1098 1463 introduci,
1117 1434 1202 1467 prae-

550 1475 746 1519 cesseritque
770 1475 899 1509 licentia
926 1476 1049 1510 abbatis
1070 1487 1202 1520 genera-

551 1529 599 1568 lis,
619 1535 694 1570 etc.‚
712 1530 927 1573 eamdemque
942 1531 1201 1574 aggregationem

549 1592 615 1615 non
658 1582 750 1615 aliter
786 1582 963 1615 faciendam
996 1593 1063 1616 esse
1105 1594 1201 1627 quam

553 1635 640 1669 iuxta
665 1635 835 1668 formulam
863 1637 1090 1680 praescriptam
1108 1637 1139 1669 in
1154 1636 1203 1669 de-

551 1694 638 1723 creto
665 1689 739 1722 huic
764 1689 854 1723 Brevi
878 1689 1009 1729 inserto,
1037 1689 1090 1722 [13.

462 1741 617 1777 CCCXCV.
645 1742 822 1775 Declaratio
846 1742 1052 1776 invaliditatis
1077 1743 1204 1776 electio-

546 1795 596 1828 nis
621 1795 846 1839 capitularium
873 1797 1025 1830 ecclesiae
1046 1796 1203 1830 Parisieu-

549 1849 592 1882 sis
617 1855 690 1882 ante
719 1849 890 1882 admissam
924 1851 1101 1883 cessionem
1137 1861 1204 1883 car-

549 1902 663 1935 dinalis
692 1903 731 1936 de
763 1903 837 1937 Retz
869 1905 992 1943 tarta-¹,
1022 1910 1052 1936 et
1077 1903 1116 1936 ab
1141 1904 1203 1937 illis

549 1965 676 1990 success
680 1956 727 1990 ive
752 1957 1009 2000 ges101um,4ti.

461 2009 830 2045 CCCXCVI.Revoea1i0
867 2011 1085 2054 quarumdam
1119 2011 1204 2045 oldi-

550 2064 719 2099 nationum
744 2075 800 2109 pei
828 2065 1068 2100 universitatem
1093 2071 1124 2099 et
1148 2066 1204 2098 lio·
1230 2095 1232 2122 ἓ

551 2118 652 2152 mines
682 2118 759 2152 artis
791 2119 1045 2153 vaccinariorum
1071 2118 1163 2152 Urbis
1188 2129 1205 2151 a

550 2170 613 2205 Sua
637 2171 810 2207 Sanctitate
836 2183 891 2216 per
916 2173 1010 2206 Breve
1036 2172 1206 2206 confirma-

556 2231 684 2267 tarum,
723 2236 795 2259 cum
830 2227 959 2259 decreto
1001 2225 1087 2269 quod
1122 2226 1207 2258 circa

555 2283 736 2312 contractus
760 2289 857 2323 super
880 2279 1026 2323 pellibus,
1042 2285 1107 2312 tam
1133 2288 1207 2311 con-

553 2330 690 2365 cinnatis
707 2342 804 2376 quam
824 2332 969 2372 rudibus,
988 2332 1157 2373 ineundos‚
1177 2337 1205 2364 et
1232 2372 1234 2387 ἱ

554 2384 765 2428 aperitionem
787 2395 941 2419 novarum
965 2385 1205 2429 apothecarum,
1232 2392 1234 2404 ¹

554 2444 584 2471 et
608 2437 795 2472 divisionem
821 2439 1041 2479 macellorum,
1058 2439 1083 2471 is
1109 2439 1208 2482 stylus
1232 2447 1234 2464 ¹

553 2491 591 2524 de
628 2498 732 2526 cetero
758 2493 789 2526 in
815 2498 1005 2537 perpetuum
1038 2499 1203 2533 se1¹vetu1

553 2546 607 2590 qui
632 2547 818 2580 senabatur
842 2552 1014 2590 antequam
1033 2546 1134 2580 dictae
1152 2547 1207 2580 ‹le-
1232 2559 1234 2584 ι

553 2598 742 2633 clarationes
756 2606 784 2633 et
801 2600 857 2632 ssr‹
861 2610 895 2634 ve
909 2609 1010 2633 eman
1005 2606 1107 2640 aient,
1129 2598 1181 2633 47.

1053 201 1228 224 BULLARIUM

1253 201 1403 224 ιιοιιιΑΝιιΜ

1257 253 1437 286 CCCXCVII.
1450 253 1658 288 Confirmatio
1672 256 1912 298 privilegiorum
1926 266 1996 298 gra-

1297 326 1300 328 -
1345 307 1459 339 tiarum
1493 312 1524 339 et
1556 308 1829 351 indulgentiarum
1862 310 1995 342 fratrum

1343 360 1556 394 Eremitarum
1574 361 1603 393 S.
1625 361 1714 394 Pauli
1734 362 1826 405 primi
1845 362 1996 395 eremitae

1344 412 1403 446 sub
1436 414 1543 457 regula
1573 414 1603 447 S.
1632 414 1800 457 Augustini
1832 415 1863 448 in
1898 425 1996 459 reguo

1342 466 1555 510 Portugalliae
1581 467 1779 510 degentium,
1806 467 1859 501 49.

1255 528 1425 562 CCCXCllI.
1442 529 1531 568 Ouod
1551 529 1684 562 Ioannes
1702 530 1819 563 Paulus
1836 530 1933 571 Oliva,
1953 531 1996 563 vi-

1342 583 1446 615 carius
1455 583 1612 624 generalis
1623 583 1791 616 Societatis
1804 583 1884 624 lesu,
1898 584 1997 627 possit

1343 636 1522 678 relinquere
1558 642 1586 669 et
1624 635 1764 669 alienare
1800 636 1933 680 collegia
1965 643 1994 670 et

1344 688 1458 721 domos
1483 688 1583 731 ipsius
1600 688 1779 726 Societatis,
1797 689 1882 722 iuxta
1901 691 1998 722 facul-

1344 748 1442 775 tatem
1467 742 1525 776 sibi
1548 742 1695 775 traditam
1715 753 1731 775 a
1751 743 1997 786 congregatione

1345 795 1494 838 generali,
1518 795 1593 827 ⁶245.

1255 857 1423 891 CCCXClX.
1451 858 1494 891 De
1513 858 1738 899 promovendis
1757 858 1795 890 ad
1814 857 1948 891 Ordines
1966 859 1996 891 in

1345 909 1427 943 Urbe
1451 916 1481 943 et
1497 910 1528 942 in
1546 920 1599 944 sex
1616 910 1726 943 vicinis
1745 911 1995 954 episcopatibus,

1257 1016 1313 1050 CD.
1339 1016 1547 1050 Confirmatio
1585 1017 1812 1050 declarationis
1842 1022 1872 1051 et
1895 1018 1998 1051 incor-

1343 1069 1519 1113 porationis
1546 1070 1724 1113 provinciae
1751 1070 1923 1103 Bohemiae
1943 1071 1998 1104 Or-

1344 1122 1427 1156 dinis
1447 1123 1582 1156 fratrum
1601 1123 1757 1157 Minorum
1778 1123 1879 1156 sancti
1900 1124 1998 1157 Fran-

1342 1176 1417 1209 cisci
1435 1176 1516 1209 inter
1534 1176 1714 1219 provincias
1733 1178 1920 1210 reformatas
1938 1177 1999 1210 lta-

1342 1230 1402 1264 liae
1427 1229 1503 1263 dicti
1533 1229 1662 1263 Ordinis
1686 1240 1704 1262 a
1728 1229 1876 1263 ministro
1901 1240 1996 1274 gene-

1342 1283 1401 1316 rali
1436 1288 1466 1316 et
1498 1283 1638 1327 capitulo
1673 1283 1813 1326 generali
1850 1283 1996 1317 eiusdem

1344 1336 1475 1371 Ordinis
1502 1338 1668 1378 factarum,
1694 1336 1745 1369 54.

1360 1398 1567 1433 Confirmatio
1602 1399 1724 1432 formae
1747 1409 1806 1442 pro
1843 1399 2000 1433 electione

1343 1452 1555 1485 discretorum
1572 1451 1732 1484 vocalium
1753 1451 1883 1495 capituli
1903 1462 1999 1495 gene-

1343 1505 1416 1537 ralis
1440 1503 1702 1547 Congregationis
1727 1504 1880 1537 secularis
1908 1504 1999 1538 cleri-

1344 1568 1455 1592 corum
1472 1558 1640 1591 Doctrinae
1656 1558 1853 1591 Christianae
1873 1558 1905 1591 in
1931 1558 1999 1591 Gal-

1344 1612 1403 1651 tia,
1432 1610 1483 1643 55.

1257 1673 1345 1708 CDll.
1369 1673 1575 1707 Confirmatio
1604 1673 1807 1707 decretorum
1843 1680 1873 1707 et
1900 1679 1999 1708 statu-

1344 1733 1450 1760 torum
1468 1736 1565 1770 super
1589 1725 1787 1759 institutione
1805 1732 1834 1759 et
1852 1725 1935 1760 felici
1953 1726 1999 1759 di—

1346 1779 1489 1813 rectione
1513 1784 1687 1812 conventus
1708 1779 1739 1812 in
1761 1778 1922 1822 provincia
1942 1779 2001 1813 no-

1345 1833 1439 1865 mana
1457 1842 1515 1876 pro
1536 1841 1663 1864 secessu
1681 1832 1817 1864 fratrum
1838 1831 1998 1865 Minorum

1344 1885 1510 1919 strictioris
1533 1885 1753 1918 observantiae
1776 1884 1900 1918 Ordinis
1928 1896 2000 1919 san-

1346 1939 1386 1972 cti
1411 1938 1572 1972 Francisci
1592 1937 1631 1971 ab
1649 1938 1902 1972 eminentissimo
1926 1949 1999 1983 pro-

1345 2000 1465 2027 tectore
1491 1992 1634 2026 eiusdem
1659 1992 1797 2033 Ordinis,
1815 1993 1846 2025 in
1871 1993 1933 2026 vim
1954 1994 1999 2026 fa·

1344 2047 1472 2080 cultatis
1488 2045 1547 2079 sibi
1566 2056 1583 2078 a
1609 2045 1856 2089 congregatione
1880 2047 2000 2089 episco-

1345 2109 1460 2144 porum
1485 2105 1516 2132 et
1541 2098 1738 2142 regularium
1758 2108 1942 2140 concessae,
1959 2099 1999 2133 de

1347 2160 1419 2187 voto
1433 2153 1543 2187 vicarii
1569 2152 1725 2196 generalis
1749 2153 1999 2186 reformatorum

1346 2218 1382 2241 ac
1416 2206 1550 2240 ministri
1583 2205 1724 2248 generali
1757 2205 1834 2239 dicti
1852 2205 1996 2247 Ordinis,

1349 2263 1503 2294 factorum
1529 2265 1558 2292 et
1583 2258 1754 2300 editorum,
1782 2258 1833 2291 56.

1260 2323 1360 2358 CDlll.
1387 2320 1578 2356 Donativum
1600 2320 1891 2354 extraordinarium
1910 2321 1999 2364 regni

1347 2374 1473 2408 Siciliae
1498 2374 1564 2418 regi
1582 2373 1739 2407 catholico
1757 2373 1937 2407 faciendum
1951 2384 2001 2408 oc-

1349 2421 1474 2463 casioti'e
1510 2427 1593 2461 dotis
1625 2427 1754 2471 reginae
1779 2425 2000 2461 christianissi-

1348 2492 1420 2516 mae
1444 2481 1519 2515 dicti
1547 2480 1630 2525 1egis
1655 2486 1760 2522 natae,
1788 2478 1841 2513 60.

1260 2544 1577 2580 CD1V.Commissio
1593 2542 1723 2577 officiali
1739 2541 1906 2576 Bisuntino
1924 2552 1999 2576 con-

1349 2604 1376 2630 tr
1379 2609 1396 2631 a
1413 2598 1479 2641 Gug
1472 2597 1627 2631 lielmum
1645 2595 1769 2630 Hunib«
1774 2601 1856 2629 itum
1874 2595 1999 2631 Praeci-

1254 1400 1325 1433 CDl.
