2247 3208
212 271 265 296 An.
284 270 312 298 C.
330 270 398 298 1668
443 261 508 295 644

982 265 1162 291 BULLARIUM
1185 264 1336 290 ROMANUM

408 320 458 353 vel
481 319 613 352 aliarum
640 316 813 360 gratiarum
828 319 859 348 et
872 314 1052 349 litterarum
1066 324 1143 357 apo·
1187 313 1295 345 silium
1329 313 1380 346 vel
1414 315 1650 357 parlamentum
1683 321 1811 359 praeter
1838 316 1918 349 iuris

407 373 590 406 stolicarum
605 375 785 415 praetextu,
804 368 1024 408 beneficiales,
1040 371 1072 401 et
1088 367 1142 399 de-

407 425 573 463 cimarum,
600 435 637 456 ac
662 423 739 456 alias
765 432 877 455 causas
898 420 1085 464 spirituales
1110 424 1142 452 et

405 476 628 519 spiritualibus
652 485 794 508 annexas
819 476 859 507 ab
885 473 1085 507 auditoribus
1110 478 1141 505 et

404 528 630 560 commissariis
661 528 780 560 nostris
813 527 949 570 aliisque
979 525 1139 559 iudicibus

404 580 629 613 ecclesiasticis
654 585 812 621 avocant,
840 580 1035 622 illorumque
1069 589 1139 610 cur-

403 638 513 665 sumet
527 632 735 673 audientiam,
751 642 786 664 ac
804 642 969 675 personas,
989 631 1136 674 capitula,

402 689 589 723 conventus,
614 684 760 727 collegia,
785 694 898 716 causas
918 684 1004 726 ipsas
1024 693 1138 726 prose-

402 738 455 779 qui
478 738 624 770 volentes
649 737 839 780 impediunt,
855 747 891 769 ac
906 747 939 768 se
958 736 996 768 de
1011 736 1136 768 illarum

401 790 586 832 cognitione
599 794 759 832 tamquam
771 789 893 821 iudices
907 789 1134 831 interponunt,

400 844 493 887 quive
519 849 625 886 partes
650 843 784 875 actrices
800 869 807 882 ,
833 852 916 885 quae
948 841 1019 874 illas
1052 852 1137 874 com-

398 896 480 929 mitti
500 896 646 929 fecerunt
663 900 695 928 et
712 895 844 934 faciunt,
863 895 901 927 ad
920 894 1136 927 revocandum

400 954 431 981 et
443 948 584 981 revocari
600 948 778 980 faciendum
803 947 969 980 citationes
988 947 1038 979 vel
1056 946 1135 978 inhi-

399 1002 541 1034 bitiones
557 1007 611 1033 aut
628 1001 706 1033 alias
723 1000 845 1033 litteras
863 1001 895 1032 in
914 1000 960 1032 eis
977 1000 1132 1038 decretas,

399 1059 430 1086 et
453 1055 492 1086 ad
515 1054 695 1086 faciendum
714 1054 763 1086 vel
782 1052 1049 1086 consentiendum
1068 1062 1133 1092 eos,

398 1112 511 1140 contra
543 1117 622 1149 quos
657 1107 736 1138 tales
768 1105 978 1138 inhibitiones
1007 1116 1135 1138 emana-

393 1165 482 1197 runt,
505 1170 522 1191 a
546 1159 692 1191 censuris
719 1163 749 1191 et
773 1158 886 1201 poenis
911 1157 943 1190 in
968 1158 1032 1190 illis
1058 1168 1134 1191 con-

397 1211 494 1244 tentis
520 1212 666 1251 absolvi,
700 1218 759 1254 per
791 1215 944 1242 statutum
971 1212 1021 1244 vel
1055 1211 1133 1244 alias

398 1264 608 1307 compellunt,
625 1265 675 1296 vel
690 1263 939 1307 exequutionem
955 1264 1134 1296 litterarum

397 1317 655 1360 apostolicarum,
671 1327 728 1349 seu
747 1317 1050 1360 exequutorialium,
1062 1327 1134 1359 pro-

397 1380 544 1401 cessuum
561 1396 568 1409 ,
595 1380 630 1401 ac
655 1370 859 1402 decretorum
893 1370 1133 1412 praedictorum

397 1424 644 1466 quomodolibet
657 1425 848 1467 impediunt,
864 1426 912 1457 vel
932 1434 1024 1457 suum
1045 1424 1083 1456 ad
1102 1424 1132 1456 id

396 1476 548 1516 savorem,
574 1477 746 1510 consilium
772 1482 825 1509 aut
850 1487 1018 1509 assensum
1039 1486 1133 1519 prae-

396 1535 493 1569 stant,
521 1531 615 1562 etiam
641 1535 810 1573 praetextu
830 1530 1004 1563 violentiae
1023 1529 1133 1572 prohi-

395 1582 533 1622 bendae,
552 1583 601 1615 vel
625 1583 761 1615 aliarum
776 1582 1056 1625 praetensionum,
1074 1593 1130 1614 seu

397 1634 491 1667 etiam
517 1636 621 1667 donec
646 1635 705 1678 ipsi
731 1635 770 1667 ad
804 1645 861 1668 nos
892 1635 1130 1674 informandos,

394 1692 429 1718 ut
453 1687 574 1726 dicunt,
603 1687 857 1730 supplicaverint
878 1692 931 1719 aut
955 1687 1130 1730 supplicari

395 1739 551 1778 fecerint,
580 1740 640 1772 nisi
666 1740 916 1783 supplicationes
945 1740 1130 1773 huiusmodi

395 1803 503 1825 coram
528 1793 622 1825 uobis
648 1797 679 1825 et
703 1792 783 1825 Sede
809 1793 992 1835 Apostoliczt
1025 1793 1130 1836 legiti-

395 1855 446 1877 me
471 1851 721 1888 prosequantur,
742 1845 868 1878 etiamsi
891 1846 966 1878 talia
983 1846 1130 1878 commit-

394 1903 499 1930 tentes
527 1898 647 1930 suerint
671 1898 893 1941 praesidentes
922 1899 1129 1930 cancellaria-

394 1961 472 1990 rum,
499 1951 718 1990 consiliorum,
746 1951 1033 1993 parlamentomm,
1059 1961 1128 1983 can-

395 2003 534 2041 cellarii,
568 2002 845 2041 vicecancellarii,
873 2002 1048 2035 consiliarii
1078 2014 1129 2035 or-

395 2055 509 2087 dinarii
523 2056 572 2088 vel
584 2055 830 2087 extraordinarii
849 2066 1127 2098 quorumcumque

395 2107 577 2150 principum
594 2108 799 2145 secularium,
811 2108 936 2140 etiamsi
951 2108 1124 2150 imperiali,

395 2160 506 2201 regali,
528 2160 641 2198 ducali,
660 2161 711 2192 vel
729 2160 789 2192 alia
807 2171 1010 2203 [placumque
1035 2170 1128 2203 prae-

395 2212 539 2253 fulgeant
569 2212 743 2254 dignitate,
781 2218 835 2244 aut
869 2212 1125 2256 archiepiscosd,

397 2264 548 2306 episcopi,
567 2265 710 2299 abbates.
730 2265 993 2297 commendatarii
1011 2276 1068 2297 seu
1085 2266 1128 2297 vi-

396 2317 471 2348 carii
499 2317 642 2357 suerint,

440 2369 501 2400 XV.
518 2368 626 2409 Quive,
644 2380 679 2401 ex
695 2380 808 2402 eorum
817 2376 990 2413 praetenso
1010 2371 1124 2410 officio,

396 2422 445 2454 vel
471 2422 509 2453 ad
535 2422 717 2454 instantiam
744 2424 865 2466 partis,
900 2429 954 2456 aut
989 2425 1126 2456 aliorum

396 2485 681 2517 quorumcumquw,
707 2486 861 2518 personas
879 2477 1124 2515 ecclesiasticas,

396 2528 547 2570 capitula,
566 2534 749 2568 conventus,
767 2530 903 2571 collegia
917 2530 1126 2563 ecclesiarum

397 2591 672 2623 quarulucumque
698 2591 804 2613 corani
829 2592 872 2620 se,
892 2582 930 2613 ad
954 2593 1043 2613 suum
1073 2583 1128 2614 tri-

394 2635 511 2674 buual,
539 2633 756 2671 audientiam,
782 2634 1027 2675 cancellariam,
1054 2646 1128 2667 cou-

1184 366 1331 399 canonici
1347 367 1592 410 dispositionem
1610 369 1750 410 trahunt‚
1765 371 1815 403 vel
1833 368 1917 403 trahi

1184 419 1304 452 faciunt
1327 421 1376 452 vel
1401 426 1584 463 procurant,
1614 422 1737 455 directe
1761 424 1811 456 vel
1835 423 1937 456 indi--

1182 476 1286 511 recte,
1314 472 1425 515 quovis
1452 473 1599 516 quaesito
1629 475 1762 514 colore;
1788 486 1917 509 necnon

1181 524 1237 567 qui
1262 530 1388 565 statuta,
1407 525 1641 566 ordinationes,
1659 527 1916 568 constitutiones,

1180 577 1479 619 pragmaticas,·seu
1500 578 1629 620 quaevis
1647 578 1709 611 alia
1727 579 1864 618 decreta,
1883 580 1916 612 in

1180 639 1299 671 genere
1325 630 1375 662 vei
1400 629 1432 662 in
1466 630 1594 673 specie,
1619 641 1656 663 ex
1683 631 1794 674 quavis
1823 633 1915 664 causa

1179 688 1210 715 et
1234 683 1343 725 quovis
1358 683 1506 726 quaesito
1524 684 1647 723 colore,
1666 694 1701 716 ac
1718 685 1813 717 etiam
1827 696 1916 727 prae·

1179 739 1267 768 textu
1291 735 1430 768 cuiusvis
1456 736 1699 769 consuetudinis
1737 742 1789 769 aut
1819 737 1916 780 privi-

1178 787 1263 829 legii,
1290 788 1338 820 vel
1364 788 1443 820 alias
1470 788 1733 831 quomodolibet,
1759 782 1913 830 fecerint,

1178 839 1409 872 ordinaverint.
1425 845 1456 873 et
1481 840 1729 883 publicaverint,
1752 842 1803 874 vel
1824 842 1914 875 sactis

1177 896 1208 924 et
1232 892 1388 925 ordinatis
1411 893 1461 925 usi
1494 893 1633 931 fuerint,
1666 894 1752 927 unde
1782 894 1914 928 libertas

1177 945 1397 978 ecclesiastica
1421 946 1557 986 tollitur,
1583 956 1638 979 seu
1663 947 1695 979 in
1721 947 1828 990 aliquo
1847 949 1913 981 lae-

1177 997 1262 1030 ditur
1286 999 1337 1030 vel
1363 998 1577 1041 deprimitur,
1606 1004 1659 1031 aut
1691 999 1769 1032 alias
1796 1001 1910 1043 quovis

1175 1051 1271 1083 modo
1295 1051 1514 1093 restringitur,
1535 1061 1591 1084 seu
1616 1051 1735 1084 nostris
1752 1057 1784 1084 et
1804 1052 1909 1085 dictae

1175 1102 1266 1135 Sedis
1284 1113 1320 1135 ac
1337 1113 1612 1146 quarumcumque
1635 1104 1846 1137 ecclesiarum
1865 1104 1912 1136 iu-

1175 1155 1264 1187 ribus
1290 1157 1549 1199 quomodolibet,
1574 1157 1695 1190 directe
1718 1159 1768 1190 vel
1794 1157 1912 1190 indire-

1175 1214 1234 1248 cte,
1256 1209 1349 1241 tacite
1375 1210 1425 1242 vel
1443 1220 1602 1253 expresse,
1622 1210 1879 1253 praeiudicatur;

1170 1273 1174 1276 ·
1218 1262 1294 1295 XVI.
1322 1262 1453 1295 Necnon
1472 1263 1534 1306 qui,
1554 1263 1828 1307 archiepiscopos,
1848 1264 1911 1307 epi-

1175 1325 1297 1358 scopos,
1324 1315 1468 1359 aliosque
1487 1316 1670 1359 superiores
1689 1322 1721 1349 et
1737 1316 1908 1349 inferiores

1175 1370 1357 1411 praelatos,
1384 1374 1415 1401 et
1440 1379 1552 1401 omnes
1578 1369 1656 1402 alios
1687 1380 1908 1413 quoscumque

1175 1421 1297 1453 iudices
1316 1422 1552 1454 ecclesiasticos
1567 1421 1757 1461 ordinarios,
1776 1433 1911 1465 quomo-

1175 1473 1307 1513 dolibet,
1335 1474 1395 1506 hac
1416 1474 1454 1506 de
1479 1476 1582 1514 causa,
1609 1474 1730 1507 directe
1751 1476 1800 1507 vel
1826 1474 1908 1506 indi-

1175 1531 1271 1566 recte,
1287 1527 1492 1567 carcerando,
1511 1527 1561 1559 vel
1579 1528 1781 1560 molestando
1795 1538 1907 1560 eorum

1174 1585 1317 1622 agentes,
1333 1584 1574 1622 procuratores,
1594 1580 1767 1612 familiares
1780 1590 1907 1612 necnon

1174 1631 1433 1674 consanguineos
1459 1638 1492 1664 et
1516 1632 1636 1672 aflines,
1663 1638 1718 1665 aut
1738 1634 1827 1671 alias,
1849 1633 1908 1664 im-

1174 1685 1307 1727 pediunt
1333 1685 1504 1727 quominus
1531 1687 1586 1717 sua
1614 1685 1838 1718 iurisdictione
1857 1696 1908 1717 ec-

1173 1737 1353 1770 clesiastica
1376 1744 1489 1770 contra
1514 1748 1735 1780 quoscumque
1760 1742 1906 1777 utantur,

1172 1791 1347 1823 secundum
1375 1791 1459 1833 quod
1486 1801 1627 1823 canones
1647 1795 1678 1822 et
1696 1800 1806 1822 sacrae
1832 1801 1908 1823 con-

1172 1843 1357 1876 stitutiones
1383 1843 1621 1876 ecclesiasticae
1647 1847 1679 1875 et
1696 1843 1824 1875 decreta
1837 1853 1907 1876 con-

1172 1896 1329 1941 ciliorum
1348 1896 1557 1938 generalium,
1585 1902 1617 1929 et
1634 1896 1828 1939 praesertim
1841 1895 1907 1927 Tri-

1172 1949 1305 1989 dentini,
1321 1954 1477 1988 statuunt,
1491 1959 1527 1980 ac
1545 1948 1641 1981 etiam
1659 1947 1743 1988 eos',
1762 1948 1814 1991 qui
1832 1952 1907 1990 post

1171 2002 1317 2045 ipsorum
1342 2001 1578 2034 ordinariorum
1606 2002 1653 2034 vel
1678 2001 1774 2033 etiam
1794 2001 1833 2032 ab
1859 2000 1905 2033 eis

1171 2055 1394 2096 delegatorum
1420 2063 1696 2096 quorumcumque
1725 2053 1904 2085 sententias

1172 2113 1202 2140 et
1216 2108 1358 2147 decreta,
1369 2113 1420 2139 aut
1436 2107 1513 2139 alias
1529 2107 1588 2139 sori
1602 2105 1808 2139 ecclesiastici
1829 2105 1905 2138 iudi-

1171 2160 1253 2192 cium
1271 2160 1454 2199 eludentes,
1481 2159 1519 2191 ad
1546 2158 1759 2190 cancellarias
1778 2164 1807 2190 et
1825 2158 1903 2190 alias

1171 2212 1273 2244 curias
1299 2213 1461 2243 seculares
1493 2216 1684 2250 recurrunt,
1713 2215 1743 2242 et
1777 2210 1815 2241 ab
1840 2210 1904 2242 illis

1171 2265 1409 2308 prohibitiones
1429 2268 1461 2295 et
1480 2263 1632 2295 ‘mandata
1657 2262 1752 2294 etiam
1782 2273 1905 2305 poena-

1170 2319 1213 2351 lia
1231 2317 1402 2350 ordinariis
1428 2322 1460 2349 et
1480 2315 1635 2358 delegatis
1660 2316 1834 2358 praedictis
1852 2316 1905 2348 de-

1170 2371 1258 2404 cerni
1281 2376 1312 2403 et
1336 2375 1447 2402 contra
1473 2370 1545 2402 illos
1570 2369 1685 2412 exequi
1706 2374 1900 2412 procurant;

1171 2435 1227 2457 eos
1253 2435 1381 2467 quoque
1408 2424 1462 2466 qui
1482 2424 1560 2455 haee
1581 2423 1758 2455 decernunt
1780 2427 1812 2455 et
1830 2428 1903 2455 exe-

1171 2483 1326 2521 quuntur,
1351 2488 1406 2509 seu
1433 2477 1509 2509 dant
1534 2475 1694 2514 auxilium,
1721 2475 1900 2516 consilium,

1170 2530 1387 2572 patrocinium
1414 2534 1445 2560 et
1470 2529 1612 2561 savorem
1637 2528 1669 2559 in
1694 2527 1838 2568 eisdem;

1215 2582 1302 2613 xvtl.
1331 2581 1427 2619 Quive
1459 2581 1731 2620 iurisdictionem,
1757 2591 1811 2613 seu
1837 2581 1902 2613 sru-

1209 2646 1217 2669 1
1241 2642 1309 2668 lllale
1325 2643 1390 2669 edit,
1408 2643 1484 2669 Main.
1503 2643 1561 2678 legit
1579 2651 1607 2670 eo
1623 2651 1670 2677 pro
1685 2651 1729 2670 eos
1745 2646 1783 2678 (Β,
1800 2644 1848 2678 r).

1922 266 1972 294 An.
1990 267 2018 293 C.
2039 267 2112 295 1658
