2247 3208
181 244 362 271 An.c.1cce
408 234 471 268 7]ιο

374 298 403 325 et
431 302 528 334 epeia
554 290 606 333 pia
626 298 686 332 per
706 298 774 326 eos,
795 287 913 330 quibus
930 286 962 318 id
980 297 996 317 a
1014 285 1108 320 nobis

374 351 404 378 et
417 345 496 377 Sede
513 342 677 386 praedicta
697 341 906 373 commissum
925 339 1016 377 soret,
1034 344 1109 370 con-

372 397 526 430 vertenda
550 394 842 432 1·eservaverimus;
869 397 1037 435 praeterea
1062 402 1108 423 ca-

372 450 496 483 nonicis·
522 454 550 481 et
576 448 725 480 fratribus
751 446 908 478 dictarum
933 454 1109 487 congrega-

372 504 495 535 tionum
521 511 782 544 sul‘rpressarum,
809 499 862 542 qui
888 508 972 530 nunc
996 497 1108 529 vivunt

372 560 403 588 et
416 556 446 587 in
467 553 589 587 eisdem
607 552 911 601 congregationibus
928 549 1106 593 respective

371 607 608 650 [abscessionem
619 606 804 645 emiserunt,
815 605 998 638 facultatem
1010 608 1108 635 trans-

372 660 465 692 eundi
485 660 522 691 ad
540 660 633 691 aliam
652 668 889 702 quamcumque
914 657 1106 699 religionem

371 713 410 744 ab
436 713 547 745 eadem
572 712 653 745 Sede
679 711 901 754 approbatam,
922 710 953 742 in
972 720 1032 752 qua
1054 708 1108 742 be-

370 766 503 797 nevolos
528 764 711 798 invenerint
736 769 941 806 receptores,
973 768 1022 795 aut
1057 772 1107 793 re-

370 818 520 850 manendi
546 817 577 849 in
603 819 709 850 seculo
737 817 768 849 in
792 817 903 851 habitu
929 816 1037 849 clerici
1060 825 1091 848 se

370 871 488 903 cularis
515 871 573 902 sub
605 871 824 903 iurisdictione
860 875 889 902 et
922 869 1107 903 obedientia

369 923 614 962 Ordinariorum
640 925 785 956 locorum
813 924 864 956 ubi
899 932 953 955 cos
986 922 1105 955 morari

371 977 553 1019 contigerit.
580 988 650 1009 eum
676 977 860 1019 provisione
882 976 1027 1019 ipsorum
1045 975 1106 1007 sin-

369 1030 454 1072 gulis
479 1040 539 1072 pro
565 1030 733 1065 alimentis,
766 1029 891 1061 clericis
918 1028 1048 1071 quidem
1073 1027 1105 1060 in

369 1085 491 1115 summ-'i
526 1082 739 1126 quadraginta
765 1088 924 1115 scutorum
957 1086 1105 1114 monetae

368 1146 542 1171 ronvanae.
568 1135 658 1167 laicis
683 1146 759 1168 vcro
787 1145 841 1167 seu
875 1134 1039 1167 conversis
1073 1133 1105 1165 in

368 1190 491 1221 sur-una
516 1187 625 1230 viginti
652 1193 814 1220 scutorum
839 1187 986 1230 parium,
1014 1186 1106 1219 annis

368 1241 515 1284 siugulis,
543 1242 644 1274 donec
662 1241 799 1273 vixerint
818 1251 872 1272 seu
891 1239 1020 1272 aliunde
1043 1239 1106 1271 sus-

367 1295 516 1329 nolenter
558 1295 603 1327 eis
645 1294 812 1337 provisum
855 1293 968 1331 suerit,
1008 1302 1106 1336 super

367 1348 463 1380 certis
488 1348 582 1380 bonis
608 1353 661 1380 aut
686 1347 867 1379 redditibus
886 1346 1106 1388 congregatio-

366 1410 443 1433 num
458 1410 705 1443 suppressarum
724 1399 908 1431 huiusmodi
927 1398 1104 1441 respective

367 1463 427 1496 per
452 1453 584 1486 cosdem
609 1453 796 1485 Orsinarioe
822 1452 1014 1494 assignanda
1052 1451 1106 1484 tri-

366 1505 531 1540 buerimus
557 1511 588 1538 et
613 1506 767 1548 impertiti
793 1505 964 1545 sucrimus3
991 1516 1026 1537 ac
1053 1505 1105 1537 de-

367 1569 463 1599 mum,
486 1569 526 1591 ne
545 1559 699 1592 ecclesiae
718 1559 903 1591 earumdem
926 1569 1105 1600 congrega-

369 1612 491 1644 tionum
504 1621 748 1654 suppressarum
763 1611 871 1643 debito
890 1611 1105 1643 destituantur

369 1665 510 1705 servitio,
537 1665 591 1697 sed
619 1670 720 1697 sartae
741 1670 841 1705 tectae
865 1665 1101 1704 custodiantur,

368 1718 542 1760 praedictis
568 1717 744 1751 Ordinariis
766 1719 918 1757 locorum,
938 1717 970 1749 in
989 1717 1104 1760 quibus

369 1771 524 1803 ecclesiae
552 1770 639 1813 ipsae
667 1776 742 1802 sunt
771 1770 876 1810 sitae,
908 1770 1105 1803 commiseri-

368 1834 437 1856 mus
475 1830 503 1856 ct
537 1824 795 1856 mainlarerimus
828 1829 862 1856 ut
896 1825 1104 1867 cappellanos

369 1876 524 1919 deputent
541 1887 612 1909 cum
632 1877 827 1920 competenti
843 1877 993 1909 mercede
1008 1877 1103 1909 etiam

367 1938 466 1971 super
486 1940 520 1961 re
542 1932 629 1961 certa
652 1930 691 1962 'de
717 1929 810 1962 bonis
833 1929 1003 1972 praedictis
1030 1929 1105 1962 assi-

367 1982 516 2023 gnanda,
544 1993 602 2025 per
634 1992 713 2026 quos
742 1983 848 2015 missis
876 1988 905 2016 et
931 1982 999 2015 aliis
1029 1993 1105 2015 one-

369 2035 455 2067 ribus
482 2035 624 2075 satisfiat,
651 2046 686 2069 ae
711 2036 789 2079 ipsis
815 2036 960 2069 ecclesiis
979 2036 1105 2069 debitus

369 2089 472 2120 cultus
499 2094 530 2120 et
555 2089 717 2122 veneratio
743 2095 971 2127 conservetur,
1008 2094 1104 2132 utque

370 2141 444 2172 dicti
470 2141 630 2173 Ordinarii
655 2142 868 2174 inventarium
898 2148 961 2174 tam
995 2153 1103 2174 sacrae

370 2203 464 2236 qnam
490 2195 643 2236 profanas¹
662 2195 897 2237 suppellectilis
915 2195 952 2227 ad
971 2205 1106 2237 congre-

370 2246 515 2287 gationes
541 2252 727 2289 suppressas
762 2247 943 2280 huiusmodi
976 2257 1106 2290 respec-

370 2298 432 2330 tive
459 2299 635 2341 spectantis
671 2305 815 2332 accurate
848 2299 1038 2338 conficiant,
1070 2311 1106 2332 ac

370 2351 561 2394 providrteant
586 2362 624 2383 ue
651 2363 666 2383 a
700 2363 903 2396 quocumque
933 2353 1103 2393 occultari,

372 2404 526 2447 occupari
552 2410 605 2437 aut
627 2405 701 2437 iude
721 2406 861 2438 amoveri
880 2407 1015 2439 ulterius
1034 2417 1106 2450 pos-

371 2456 421 2495 sit,
448 2457 509 2489 nisi
536 2462 567 2489 et
591 2458 693 2490 donec
719 2470 735 2490 a
754 2459 846 2491 nubis
866 2464 897 2492 et
917 2459 998 2492 Sede
1017 2470 1107 2502 prae-

371 2510 455 2543 dicta
481 2510 573 2542 aliter
597 2512 814 2553 provideatur,
841 2518 872 2544 et
896 2513 974 2544 alias
1008 2519 1107 2555 prout

371 2565 403 2596 in
428 2564 547 2596 nostris
574 2564 713 2605 desuper
738 2565 768 2595 in
794 2564 887 2597 simili
915 2566 1014 2597 soi-ma
1032 2566 1107 2599 Bre—

952 237 1132 263 BULIARIUM
1155 236 1307 261 ROMANL‘M

1893 241 1947 267 An.
1965 240 1994 268 C.
2009 240 2078 272 1658

1150 284 1308 327 expeditis
1332 284 1459 325 litteris,
1479 296 1613 329 quarum
1633 291 1778 321 tenorem
1794 298 1886 331 prae-

1151 337 1295 370 sentibus
1328 348 1386 381 pro
1418 340 1513 381 plene
1547 345 1577 371 et
1613 340 1809 374 sufficienter
1837 352 1884 374 ex-

1151 400 1266 432 presso
1291 400 1327 422 ac
1352 391 1389 423 de
1417 391 1513 423 verbo
1539 392 1578 424 ad
1602 392 1737 426 verbum
1762 394 1884 427 inserto

1151 441 1265 474 haberi
1289 443 1445 484 volumus,
1473 443 1604 476 uberius
1631 445 1831 485 continetur3

1194 496 1208 539 ἓ
1233 495 1263 528 2.
1291 496 1344 537 Et,
1370 497 1451 529 sicut
1482 508 1542 540 pro
1567 503 1658 540 parte
1693 498 1882 531 dilectorum
1927 511 2075 541 ‘Suppuratio

1150 547 1290 582 filiorum
1307 550 1463 582 nobilium
1488 550 1627 583 virorum
1653 551 1741 583 ducis
1758 557 1789 584 et
1810 551 1884 584 Rei·
1894 538 2077 589 iifss'ssl’ississiiss'iiliiss

1150 602 1298 644 publicae
1324 602 1517 637 Venetorum
1543 604 1637 636 nobis
1663 614 1769 646 nuper
1786 595 2077 647 expo-Zffffiusswfflssl

1150 654 1243 686 situm
1270 655 1334 695 suit,
1361 655 1420 698 ipsi
1439 656 1676 688 atrocissimum
1694 656 1754 689 sibi
1772 667 1789 688 a
1807 656 1884 688 Tur·
1895 647 2020 668 ‘mmmm'

1150 718 1256 740 carum
1282 714 1418 752 tyranno
1444 709 1567 742 illatum
1591 709 1715 743 bellum
1739 720 1756 741 a
1772 709 1883 752 viginti

1151 761 1251 793 tribus
1277 761 1367 794 annis
1391 772 1449 805 pro
1476 773 1606 795 suarum
1633 762 1792 795 ditionum
1825 762 1885 794 tui-

1151 813 1237 845 tione
1262 814 1447 854 sustineant,
1482 815 1735 858 eorumdemque
1770 814 1885 847 Turca-

1151 876 1220 897 rum
1235 866 1393 899 civitatem
1408 867 1545 900 Candiae
1560 864 1679 900 iamdiu
1699 868 1883 900 vehementi

1150 919 1318 958 obsidione
1343 921 1561 963 prementium
1587 921 1727 964 impetus
1753 932 1813 964 pro
1840 921 1885 953 vi-

1149 972 1237 1004 ribus
1263 974 1455 1016 propulsare
1482 978 1638 1016 satagant,
1663 974 1721 1007 sed
1738 974 1882 1006 eiusdem

1151 1018 1358 1068 Reipublicae
1383 1026 1552 1059 facultates
1577 1031 1623 1059 tot
1647 1027 1826 1070 sumptibus
1851 1027 1882 1059 in

1149 1089 1274 1111 causam
1308 1079 1382 1111 dicti
1414 1079 1492 1112 belli
1519 1079 1609 1112 sactis
1641 1080 1721 1112 adeo
1755 1079 1883 1112 attritae

1149 1132 1187 1165 de
1213 1133 1374 1175 praesenti
1395 1132 1614 1175 reperiantur,
1641 1138 1676 1165 ut
1707 1133 1792 1166 bello
1826 1133 1885 1166 hu-

1150 1184 1285 1219 iusmodi
1304 1185 1336 1217 in
1353 1190 1518 1227 posterum
1538 1185 1726 1218 sustinendo
1744 1185 1885 1229 impares

1148 1238 1219 1277 sint,
1244 1237 1516 1281 manifestumque
1542 1238 1679 1281 proinde
1708 1239 1805 1271 instet
1828 1249 1886 1282 pe-

1148 1290 1284 1323 ricnlum
1317 1291 1501 1323 amissionis
1534 1291 1639 1324 dictae
1670 1291 1806 1324 civitatis
1839 1297 1887 1325 to-

1149 1345 1278 1387 tiusque
1304 1344 1394 1386 regni
1429 1343 1564 1384 Cretae,
1597 1344 1657 1376 nisi
1689 1344 1885 1388 Respublica

1148 1396 1216 1439 ipsa
1240 1402 1479 1439 praesentanea·
1505 1396 1634 1431 aliunde
1660 1397 1780 1430 auxilio
1812 1398 1885 1430 sub-

1148 1449 1314 1482 blevetur:

1191 1502 1205 1545 ἓ
1230 1501 1261 1536 3.
1288 1503 1369 1535 Hinc
1392 1509 1440 1535 est
1464 1503 1549 1546 quod
1575 1513 1641 1543 noe«,
1664 1503 1722 1547 qui
1748 1503 1786 1538 ab
1811 1504 1881 1547 ipso
1895 1511 2078 1558 nfflvcedssvou-

1147 1556 1353 1599 pontificatus
1379 1556 1479 1589 nostri
1505 1557 1682 1600 primordio
1703 1559 1812 1591 omnia
1837 1557 1884 1589 di·
1947 1553 1952 1558 '

1147 1609 1237 1641 vinae
1258 1609 1484 1652 humanaeque
1505 1610 1575 1653 opis
1597 1609 1758 1653 praesidia
1785 1615 1883 1653 atque

1148 1661 1263 1694 auxilia
1288 1661 1319 1694 in
1341 1662 1588 1695 subventionem
1613 1663 1660 1695 rei
1686 1662 1883 1695 christianae

1148 1720 1259 1747 contra
1273 1714 1504 1748 infensissimos
1521 1715 1606 1747 illius
1622 1716 1733 1748 hostes
1748 1716 1884 1748 assiduis

1147 1768 1302 1810 pontificii
1327 1768 1385 1801 zeli
1411 1768 1526 1801 studiis
1552 1768 1735 1809 conciliare,
1754 1769 1885 1812 conqui-

1148 1827 1355 1864 1·erc,‚atque
1392 1833 1450 1865 pro
1483 1821 1603 1854 viribus
1636 1822 1784 1855 conferre
1819 1833 1883 1855 non

1148 1875 1338 1915 destitimus,
1353 1875 1562 1918 Reipublicae
1577 1875 1740 1918 praefatae
1750 1875 1783 1908 in
1792 1885 1886 1919 prae-

1148 1928 1294 1960 sentibus
1312 1939 1417 1960 rerum
1431 1928 1596 1973 angustiis,
1616 1934 1769 1971 quantun]
1786 1929 1884 1976 ‘nobis

1149 1992 1183 2013 cx
1210 1983 1273 2014 alto
1299 1981 1497 2022 conceditur,
1516 1981 1697 2022 subvenire,
1716 1982 1885 2025 dictosque

1148 2035 1261 2068 durem
1299 2040 1329 2067 et
1366 2035 1609 2078 Rempublicam
1641 2042 1700 2078 pro
1731 2034 1884 2077 peculiari

1148 2093 1300 2130 paternae
1318 2093 1447 2120 nostrae
1464 2088 1494 2120 in
1514 2098 1569 2120 ecs
1587 2088 1753 2120 charitatis
1773 2087 1885 2121 affectu

1149 2140 1300 2183 specialis
1315 2141 1418 2176 farore
1431 2140 1550 2183 gratiae
1564 2140 1715 2183 prosequi
1729 2141 1883 2179 volentes,

1149 2199 1304 2226 eteorum
1318 2194 1499 2236 singulares
1513 2203 1666 2236 personas
1685 2203 1702 2225 a
1719 2193 1885 2236 quibusvis

1149 2247 1501 2287 excormnunicaffionis,
1528 2246 1751 2290 suspensionis
1777 2252 1807 2279 et
1838 2247 1886 2279 in-

1149 2301 1287 2341 terdicti,
1307 2301 1441 2344 aliisque
1460 2301 1685 2333 ecclesiasticis
1704 2300 1883 2341 sententiis,

1149 2354 1292 2386 censuris
1307 2359 1338 2387 et
1356 2354 1480 2397 poenis,
1499 2365 1514 2386 a
1534 2354 1601 2386 iure
1621 2354 1669 2387 vel
1688 2353 1726 2385 ab
1745 2353 1886 2394 bomine,

1150 2408 1259 2450 quavis
1285 2407 1455 2440 occasione
1480 2408 1529 2440 rel
1555 2409 1649 2439 causa
1674 2407 1754 2447 latis,
1774 2406 1887 2450 siqui·

1149 2462 1209 2493 bns
1247 2460 1494 2503 quomodolibet
1525 2460 1698 2493 innodatae
1732 2459 1883 2501 existunt,

1149 2513 1187 2545 ad
1213 2512 1361 2545 effectum
1387 2512 1609 2555 praesentium
1633 2512 1795 2547 dumtaxat
1812 2522 1886 2544 con-

1149 2565 1368 2607 sequendum,
1405 2565 1520 2597 harum
1559 2565 1641 2597 serie
1679 2565 1885 2597 absolventes

370 2617 415 2650 vis
442 2617 493 2650 die
518 2627 549 2650 vi
583 2617 742 2650 currentis
774 2618 892 2650 mensis
925 2619 1106 2651 decembris
1150 2623 1180 2650 et
1205 2618 1367 2650 absolutas
1401 2619 1468 2651 sore
1504 2623 1689 2657 censentes,
1724 2618 1885 2660 supplica-
