2247 3208
139 194 191 220 An.
214 194 241 220 c.
266 193 331 221 100ss
377 182 440 217 008

623 237 767 271 XXXVII.

332 310 371 343 Ul
389 311 425 341 in
450 309 578 341 natione
597 305 911 347 Germano-nemim
929 304 1063 338 Ordinis

371 363 515 404 fralrnm
554 360 719 393 Minorum
757 360 860 391 sancti
894 358 1064 391 Francisci

371 413 408 445 de
434 412 647 446 Obseruantia
671 415 815 443 servetur
838 411 938 443 Breve
965 409 1064 442 Urba-

371 466 407 498 ni
426 464 506 498 I'III
517 465 602 497 circa
619 463 862 506 abroyatz'onem
879 462 1064 506 privileqio-

370 529 444 550 rum
473 515 729 560 personalium&

540 596 675 623 Clemens
702 595 780 629 Papa
801 595 846 627 lx,

468 642 503 667 ad
523 641 654 667 futuram
674 639 718 666 rei
737 640 917 666 memoriam.

372 714 386 755 g
408 711 438 743 Ἰ.
461 710 584 753 Exponi
606 709 699 743 nobis
718 721 821 754 nuper
840 710 915 743 fecit
928 710 1062 743 dilectus

327 763 409 797 silius
435 763 661 796 Bonaventura
677 763 809 796 Vanden
829 763 944 803 Sande,
971 762 1062 795 Ordi-

326 816 374 849 nis
407 816 540 848 fratrum
577 816 733 848 Minorum
769 816 869 848 sancti
902 815 1061 848 Francisci

325 867 499 901 Strictioris
541 867 768 901 Observantiae
806 872 1061 911 nuncupatorum

324 921 500 964 professor,
526 932 562 954 ac
589 921 620 953 in
645 921 733 953 curia
758 921 887 964 Belgica
911 920 1061 953 commis-

324 974 437 1013 sarius,
449 973 528 1006 etad
546 973 723 1006 Romanam
737 974 869 1011 curiam,
885 978 919 1004 ut
936 973 1060 1013 asserit,

324 1026 506 1069 deputatus,
529 1026 625 1068 quod,
645 1037 715 1058 cum
737 1026 837 1058 felicis
864 1026 1060 1058 recordatio-

323 1077 372 1110 nis
398 1077 545 1110 Urbanus
564 1078 649 1121 Papa
674 1078 736 1110 VIII
754 1078 985 1121 praedecessor
1002 1088 1060 1110 no-

323 1135 398 1168 ster,
420 1140 477 1173 per
495 1131 651 1173 quasdam
679 1141 752 1162 suas
778 1130 809 1162 in
836 1130 931 1162 simili
958 1131 1059 1163 forma

322 1181 430 1214 Brevis
456 1182 506 1215 die
530 1193 596 1216 xxn
622 1182 690 1214 iulii
710 1192 867 1216 ,uncxmx
892 1183 1057 1226 expeditas

323 1235 456 1275 litteras,
474 1236 582 1267 omnia
604 1235 773 1278 privilegia
798 1236 979 1278 personalia
1002 1236 1057 1268 sra-

323 1288 425 1320 tribus
450 1288 523 1320 dicti
550 1287 678 1320 Ordinis
703 1298 856 1321 concessa
887 1290 1059 1331 abrogave-

321 1340 371 1379 rit,
390 1344 421 1372 et
445 1345 509 1373 tarn
534 1351 592 1383 per
616 1340 795 1373 Concilium
821 1341 1054 1381 Tridentinum,

321 1402 401 1425 sess,
428 1403 496 1433 xxv,
515 1404 588 1436 cap.
610 1403 638 1426 iv
656 1393 702 1426 De
717 1393 942 1436 Regyuluribus,
962 1405 1057 1437 quam

320 1456 380 1489 per
404 1451 519 1478 statuta
543 1447 707 1489 generalia
731 1446 982 1479 Barcinonensia
1006 1447 1057 1480 Or-

321 1498 404 1531 dinis
423 1499 578 1542 praedicti
597 1500 642 1532 Da
656 1499 875 1532 Electionibus
889 1510 958 1543 cap.
976 1510 1054 1540 LXXI,

319 1551 522 1594 prohibitum
544 1552 725 1594 reperiatur
748 1562 787 1585 ne
814 1552 998 1595 superiores
1022 1553 1057 1585 ti·

321 1605 442 1637 tulares
469 1604 679 1637 admittantur
703 1604 743 1637 ad
768 1605 960 1638 electiones:
985 1605 1055 1649 ipse

319 1657 553 1698 Bonaventura,
579 1669 638 1701 pro
664 1658 828 1691 communi
853 1659 958 1698 bono,
976 1669 1055 1702 pace

320 1716 352 1743 et
377 1710 599 1744 aedificatione
625 1711 740 1754 quibus
767 1711 855 1744 natio
881 1711 1056 1744 Germano-

320 1763 447 1806 Belgica
471 1769 504 1796 et
523 1774 666 1796 annexae
691 1764 875 1807 provinciae
909 1764 1055 1797 eiusdem

319 1815 446 1849 Ordinis
466 1817 623 1850 hactenus
641 1817 769 1859 gavisae
789 1822 874 1857 sunt,
895 1817 1053 1850 eiusmodi

319 1870 495 1913 privilegiis
520 1871 756 1913 personalibus,
775 1881 858 1914 quae
883 1871 916 1903 in
941 1871 1054 1903 cadem

319 1923 448 1956 natione
475 1934 640 1967 nunquam
659 1924 696 1957 ad
717 1934 810 1956 usum
836 1924 972 1956 deducta
990 1924 1055 1957 sue-

319 1982 404 2017 runt,
430 1987 490 2010 nec
515 1977 583 2010 sine
610 1977 926 2018 inconvenientibus,
948 1979 1055 2010 turba-

320 2029 471 2071 tionibus,
497 2036 591 2074 atque
618 2031 866 2063 confusionibus
891 2031 1053 2064 introduci

321 2089 471 2125 possent,
499 2084 619 2116 aditum
642 2084 819 2126 praecludi,
841 2089 872 2116 et
895 2083 973 2116 alias
998 2094 1054 2126 op-

319 2143 455 2179 portune
482 2137 514 2169 in
536 2137 721 2179 praemissis
739 2148 755 2169 a
772 2137 863 2169 nohis
889 2137 1053 2180 provideri

319 2200 355 2222 ac
380 2195 414 2221 ut
438 2190 520 2222 infra
544 2190 709 2232 indulgeri
735 2200 942 2232 summopere
968 2190 1054 2222 desi-

321 2242 424 2274 derat.

150 2303 309 2349 ‘'¹¹³¹”l’3'fs'mj
363 2295 377 2337 ἓ
402 2294 432 2327 Ξ.
452 2295 513 2328 Nos
531 2296 640 2338 igitur,
660 2295 779 2328 dictum
798 2295 1053 2328 Bonaventuram

124 2335 307 2402 ῗῇἑᾊςυίᾖέἲςὲὶ
319 2348 515 2391 specialibus
532 2349 693 2381 favoribus
711 2354 742 2381 et
768 2348 876 2391 gratiis
896 2348 1053 2392 prosequi

123 2388 221 2454 {gouilu
241 2389 300 2428 ruiis
318 2401 476 2440 volentes,
503 2405 534 2432 et
565 2411 582 2432 a
613 2400 777 2443 quibusvis
803 2400 1054 2433 excommunica-

152 2450 156 2454 '
320 2452 434 2492 tionis,
461 2453 680 2495 suspensionis
712 2459 743 2485 et
768 2453 947 2493 interdicti,
974 2452 1053 2485 aliis-

160 722 247 746 unitio.

354 2569 364 2594 1
383 2567 420 2594 Ex
437 2567 542 2602 Regest.
561 2567 586 2593 iu
602 2566 704 2593 Set-ret.
723 2565 800 2593 Brev.

917 190 1094 213 numanus!
1120 189 1269 213 ROMANUM

1071 2516 1077 2591 l

1857 188 1902 212 An.
1925 187 1954 214 C.
1975 186 2039 212 tufi-a

1107 245 1168 278 que
1199 235 1423 268 ecclesiasticis
1452 236 1628 276 sententiis,
1647 234 1789 269 censuris
1814 240 1846 268 et

1107 287 1239 330 poenis,
1261 298 1278 319 a
1309 287 1376 320 iure
1408 288 1456 320 vel
1486 288 1524 320 ab
1550 288 1701 329 homine,
1733 288 1842 331 quavis

1106 339 1272 372 occasione
1287 341 1335 372 vel
1361 342 1454 372 causa
1478 340 1558 380 latis,
1580 340 1604 373 si
1631 340 1746 383 quibus
1763 350 1840 384 quo-

1106 392 1283 425 modolibet
1306 392 1478 426 innodatus
1499 391 1614 432 existit,
1633 392 1671 424 ad
1692 391 1839 425 effectum

1106 446 1324 488 praesentium
1366 445 1527 478 dumtaxat
1559 446 1839 488 consequendum,

1106 497 1219 529 harum
1252 497 1333 529 serie
1369 497 1571 530 absolventes
1603 503 1634 530 et
1661 497 1841 530 ahsolutum

1106 549 1172 581 sore
1190 554 1367 589 censentes,
1387 549 1683 592 supplicationibus
1700 549 1767 582 eius
1785 560 1844 582 no-

1105 601 1191 634 mine
1217 601 1310 634 nobis
1337 612 1436 645 super
1460 602 1522 634 hoc
1548 602 1714 635 humiliter
1738 613 1843 646 porre-

1105 654 1162 686 ctis
1189 654 1353 693 inclinati,
1379 655 1417 686 de
1441 655 1678 688 venerabilium
1705 655 1841 688 fratrum

1104 712 1294 739 nostrorum
1319 707 1350 740 S.
1370 707 1406 740 R.
1435 707 1469 740 E.
1501 707 1716 740 cardinalium
1742 715 1842 751 nego-

1105 759 1162 791 ciis
1187 764 1219 792 et
1242 760 1531 793 consultationibus
1557 760 1785 803 episcoporum
1809 766 1843 793 et

1104 813 1301 854 regularium
1324 813 1586 856 praepositorum
1612 813 1768 852 consilio,
1794 818 1842 847 at·

1104 864 1199 897 tentis
1224 865 1373 905 narratis,
1397 865 1599 898 inhaerendo
1617 866 1768 909 praefatis
1789 866 1841 898 L’r·

1102 917 1177 950 bani
1203 918 1462 961 praedecessoris
1486 919 1623 959 litteris,
1650 920 1839 953 auctoritate

1103 970 1294 1014 apostolica,
1321 977 1431 1004 tenore
1454 972 1683 1014 praesentium,
1708 973 1840 1005 manda-

1102 1035 1172 1056 mus
1198 1035 1256 1067 per
1280 1034 1498 1067 quoscumque
1515 1024 1624 1067 quavis
1649 1025 1839 1057 auctoritate

1102 1078 1274 1119 fungentes
1299 1078 1483 1110 nullatenus
1504 1077 1717 1120 imposterum
1743 1088 1840 1121 expe-

1102 1131 1162 1163 diri
1199 1140 1254 1163 seu
1288 1130 1424 1163 concedi
1450 1130 1602 1162 fratribus
1626 1130 1754 1163 Ordinis
1779 1131 1838 1163 hu-

1101 1183 1237 1216 iusmodi
1249 1183 1386 1215 nationis
1396 1183 1540 1226 praefata
1547 1182 1723 1225 privilegia,
1735 1193 1838 1216 exem·

1101 1237 1236 1279 ptiones,
1253 1236 1369 1278 gradus
1388 1241 1419 1268 et
1436 1235 1551 1268 similia
1576 1241 1674 1279 prout
1694 1235 1725 1268 in
1744 1235 1836 1268 dictis

1100 1289 1216 1321 litteris
1242 1289 1439 1328 continetur;

1144 1342 1157 1384 g
1181 1341 1212 1374 3.
1237 1341 1409 1373 Praeterea
1434 1341 1625 1373 mandamus
1658 1340 1691 1372 in
1723 1340 1835 1373 eadem
1891 1350 1923 1385 e
1944 1352 2031 1385 manaan

1100 1395 1229 1427 natione
1262 1394 1395 1427 omnino
1430 1393 1548 1426 servari
1585 1377 2032 1436 dispositionemiifissss'fissil'ssiiii

1099 1447 1233 1480 Concilii
1245 1446 1422 1479 Tridentini
1437 1452 1468 1479 et
1478 1450 1670 1479 statutorum
1684 1445 1836 1478 Barcino·
1847 1429 1971 1450 Tmmnm'

1098 1500 1249 1532 nensium
1274 1499 1416 1532 eiusdem
1433 1498 1573 1539 Ordinis,
1601 1498 1754 1531 nimirum
1779 1498 1836 1531 fra·

1098 1558 1164 1585 tres
1184 1552 1367 1596 superiores
1387 1552 1533 1585 titulares
1550 1562 1615 1584 non
1632 1551 1755 1584 admitti
1773 1561 1836 1584 nec

1099 1605 1222 1637 habere
1247 1605 1352 1637 locum
1373 1604 1404 1636 in
1430 1603 1661 1637 electionibus:
1686 1604 1772 1636 salva
1791 1609 1835 1637 ta-

1098 1668 1172 1690 men
1197 1667 1326 1700 semper
1357 1657 1389 1689 in
1422 1656 1606 1699 praemissis
1638 1656 1831 1689 auctoritate

1098 1709 1361 1753 congregationis
1388 1709 1575 1742 eorumdem
1606 1709 1831 1742 cardinalium.

1141 1763 1155 1806 ξ
1181 1762 1212 1795 4.
1239 1762 1454 1795 Decernentes
1480 1763 1564 1805 ipsas
1585 1767 1771 1805 praesentes
1789 1761 1982 1817 ¹5t·„„?g.⁰“¹'¹‘¹²
1998 1772 2028 1792 ir-

1098 1821 1180 1848 teras
1205 1815 1320 1855 firmas,
1337 1815 1457 1848 validas
1483 1820 1513 1847 et
1538 1814 1682 1847 efficaces
1699 1814 1834 1847 existere
1901 1807 1917 1817 ”

1098 1877 1127 1903 et
1159 1870 1246 1910 sore,
1273 1880 1413 1912 suosque
1447 1869 1611 1912 plenarios
1636 1873 1667 1901 et
1691 1868 1834 1911 integros

1098 1923 1227 1957 effectus
1252 1923 1359 1956 sortiri
1385 1928 1417 1955 et
1441 1923 1603 1961 obtinere,
1630 1932 1665 1954 ac
1691 1921 1730 1954 ab
1756 1921 1832 1961 illis,

1097 1977 1136 2009 ad
1162 1987 1243 2019 quos
1268 1981 1391 2019 spectat
1422 1980 1452 2007 et
1485 1985 1543 2018 pro
1581 1980 1725 2017 tempore
1761 1984 1835 2017 spe-

1097 2029 1215 2069 ctabit,
1241 2027 1471 2060 inviolabiliter
1507 2026 1692 2065 observari,
1722 2018 1833 2069 sicque

1096 2082 1129 2114 in
1154 2080 1345 2124 praemissis
1371 2090 1430 2123 per
1460 2089 1682 2122 quoscumque
1710 2079 1834 2111 iudices

1097 2134 1280 2167 ordinarios
1300 2139 1332 2166 et
1349 2133 1528 2175 delegatos,
1548 2131 1645 2164 etiam
1663 2142 1832 2164 causarum

1096 2187 1207 2230 palatii
1232 2185 1406 2229 apostolici
1437 2184 1612 2224 auditores,
1639 2183 1776 2216 iudicari
1802 2189 1834 2216 et

1097 2239 1225 2272 deliniri
1251 2238 1385 2279 debere,
1414 2248 1450 2270 ac
1474 2237 1599 2269 irritum
1625 2242 1657 2269 et
1683 2237 1778 2269 inane
1805 2237 1831 2269 si

1096 2303 1187 2324 secus
1212 2301 1311 2334 super
1327 2291 1378 2323 his
1399 2301 1415 2322 a
1433 2300 1608 2333 quoquam,
1637 2289 1747 2332 quavis
1779 2299 1832 2321 au-

1096 2343 1264 2383 ctoritate,
1286 2343 1429 2376 scienter
1453 2344 1503 2375 vel
1527 2343 1729 2385 ignoranter,
1756 2351 1832 2374 ‹son-

1097 2398 1208 2440 tigerit
1232 2397 1400 2430 attentari.

1140 2450 1154 2493 §
1179 2450 1209 2482 5.
1237 2449 1305 2482 Non
1324 2448 1526 2482 obstantibus
1546 2447 1829 2481 constitutionibus
1839 2452 2026 2501 „fssssfgffflf’ffl‘”

1097 2509 1128 2535 et
1145 2502 1402 2535 ordinationibus
1425 2501 1624 2544 apostolicis,
1647 2500 1829 2543 ceterisque

1096 2556 1264 2589 contrariis
1290 2555 1560 2599 quibuscumque.
