2247 3208
197 222 253 250 'An-
268 218 302 247 C.
321 218 388 247 1668

234 1436 278 1462 Sup
287 1437 374 1458 uomen-

191 1465 234 1484 tum
245 1464 270 1484 de
282 1467 373 1485 actuum,

1016 217 1097 242 CLEu
1104 218 1158 241 ENS
1183 219 1211 241 tx
1237 219 1284 241 1³1³.

396 268 547 301 omnibus
574 272 605 300 et
630 277 689 311 per
712 267 820 299 omnia
841 274 982 310 1111111101,
1002 277 1134 310 quotuo-

395 320 519 353 dolibet
551 320 640 352 vohis
675 320 856 360 videbitur,
887 319 982 351 etiam
1009 319 1040 351 in
1066 319 1131 361 ipsa

395 373 482 406 curia
507 378 538 405 et
565 373 595 404 in
621 373 734 405 mortis
760 373 908 412 articulo,
928 373 1022 405 etiam
1046 373 1130 404 natta

396 426 476 458 sacta
509 426 672 459 mentione
707 426 888 469 praesentis
916 426 965 457 vel
999 425 1130 457 aliarum

394 479 485 511 vobis
511 489 570 521 pro
597 484 742 522 tempore
778 488 1006 511 concessarum
1043 477 1132 509 sinii-

394 532 472 564 lium
499 532 701 572 sacultatum,
728 538 782 564 aut
807 532 891 575 quod
919 532 949 563 in
974 532 1036 563 vim
1061 531 1131 564 illa-

343 589 346 592 ’
393 596 464 618 rum
492 586 602 618 testari
627 596 685 619 seu
711 586 883 629 disponere
912 585 1017 618 velitis
1036 589 1067 616 et
1084 585 1130 616 in-

394 639 556 678 tendatis,
583 640 684 671 semel
710 644 806 681 atque
832 638 946 670 iterum
976 643 1031 670 aut
1062 638 1131 680 plu-

392 691 456 724 ries
490 691 683 734 disponere,
711 695 849 723 statuere
887 696 918 722 et
954 690 1129 729 ordinare,

391 743 435 776 ita
451 749 485 776 111
503 744 658 787 quidquid
686 749 846 783 testatum,
867 748 994 786 gestum
1012 748 1066 774 aut
1083 753 1130 775 or-

392 797 533 829 dinatum
569 806 623 828 seu
659 796 738 828 alias
771 795 963 838 dispositum
997 806 1014 827 a
1040 795 1129 827 vobis

391 849 495 888 fuerit,
521 849 618 881 etiam
642 849 674 881 in
701 849 762 881 vim
789 848 948 892 simplicis
974 848 1128 881 distribu-

391 898 501 943 tionis,
528 914 564 936 ac
588 903 666 936 alias
692 903 778 936 omni
806 902 932 936 meliori
958 904 1053 938 modo
1078 914 1129 935 va-

390 957 471 993 teat,
499 962 531 989 et
554 957 674 990 servari
703 957 834 996 slebeat3
869 957 1001 1000 ipsaque
1034 962 1128 988 testa-

389 1015 510 1050 menta,
537 1010 712 1047 codicillos,
739 1009 976 1053 dispositiones,
996 1009 1127 1042 ordina-

389 1062 507 1099 tiones,
534 1064 640 1105 legata
664 1068 696 1095 et
720 1068 839 1095 statuta
864 1063 993 1105 pluries,
1016 1073 1051 1094 ac
1080 1068 1127 1095 to-

390 1115 449 1148 ties
474 1116 601 1158 quoties
624 1116 713 1148 vobis
739 1115 914 1155 videbitur,
941 1116 1124 1155 moderari,

389 1167 544 1204 limitare,
571 1179 605 1200 ac
633 1168 728 1201 etiam
754 1168 787 1200 in
814 1174 916 1200 totum
950 1179 1123 1207 revocare,

388 1226 419 1252 et
443 1221 504 1253 alia
530 1222 568 1253 de
595 1231 678 1253 novo
699 1222 850 1261 condere,
870 1221 969 1254 libere
988 1226 1020 1253 et
1038 1221 1123 1253 licite

388 1274 528 1314 valeatis,
555 1274 746 1306 auctoritate
779 1273 969 1316 apostolica,
998 1284 1125 1306 earum-

388 1328 461 1359 dem
488 1334 598 1360 tenore
623 1327 856 1371 praesentium,
883 1329 1012 1370 plenam
1039 1333 1068 1360 et
1088 1328 1124 1360 li-

388 1380 494 1412 beram
521 1381 726 1413 concedimus
754 1381 946 1413 facultatem.

429 1433 443 1476 g
468 1432 522 1464 ll.
550 1433 587 1465 Et
612 1433 746 1476 insuper
763 1433 931 1465 statuimus
950 1438 981 1466 et
999 1433 1124 1466 ordina-

386 1495 466 1525 mus,
487 1486 644 1528 vobisque
666 1486 882 1528 indulgemus,
906 1487 1003 1529 quod,
1023 1486 1048 1518 si
1068 1497 1122 1518 vos

385 1538 424 1570 ab
450 1538 604 1571 intestato
629 1545 661 1571 et
678 1539 746 1571 sine
778 1540 842 1572 ulla
867 1541 915 1571 vel
946 1539 1051 1571 minus
1073 1550 1125 1571 va-

386 1591 449 1624 lida
481 1591 644 1624 bonorum
672 1597 701 1623 ct
726 1602 834 1624 rerum
871 1602 905 1624 ac.
940 1592 1122 1630 fructuum,

383 1644 568 1677 reddituum
589 1650 620 1677 et
645 1650 861 1688 proventuum
882 1645 1121 1687 praedictorum

384 1696 595 1739 dispositione
612 1697 642 1729 in
662 1697 746 1729 dicta
763 1697 850 1729 curia
864 1698 910 1729 vel
935 1702 1022 1729 extra
1041 1708 1121 1735 eam,

385 1756 446 1782 tam
472 1751 625 1783 continua
644 1761 737 1793 quam
757 1751 951 1794 interpolata
974 1750 1053 1783 inibi
1071 1762 1124 1783 eu-

385 1803 516 1836 iuslibet
546 1809 685 1836 vestrum
719 1803 895 1846 respective
933 1803 1120 1843 mansione,

384 1866 420 1888 ae
444 1856 540 1889 etiam
566 1862 655 1889 extra
680 1855 837 1889 beneficia
863 1862 970 1888 vestra
995 1857 1043 1888 vel
1061 1856 1123 1889 alia

384 1910 452 1942 loca
478 1909 604 1942 debitae
632 1920 649 1941 a
672 1909 764 1941 vobis
790 1909 984 1941 residentiae
1012 1919 1123 1952 perso-

383 1963 474 2001 nalis,
493 1962 589 1994 etiam
615 1963 704 1994 nulla
729 1962 925 1994 subsistente
951 1965 1055 2001 causa,
1084 1963 1122 1994 ab

384 2016 534 2047 humanis
556 2015 728 2054 decedatis,
745 2016 852 2048 omnia
872 2021 904 2047 ct
920 2016 1047 2058 singula
1068 2017 1124 2048 bo-

383 2079 433 2108 na,
448 2079 498 2101 res
516 2075 547 2101 et
565 2068 643 2106 iura,
666 2069 771 2106 etiam,
788 2074 823 2100 ut
837 2069 1027 2111 praeliemur,
1047 2080 1124 2111 qua-

383 2120 512 2161 lificata,
524 2132 651 2154 necnon
665 2122 769 2164 spolia
780 2121 1014 2164 cuiuscumque
1027 2132 1124 2164 quan-

383 2174 483 2207 titatis
517 2179 550 2207 et
583 2175 702 2207 valoris
736 2174 927 2211 existentia,
956 2174 1051 2206 etiam
1086 2185 1123 2206 ex

382 2227 569 2270 praedictis,
596 2233 627 2259 et
654 2227 732 2260 alias
757 2227 984 2269 undecumque
1010 2238 1124 2269 prove-

384 2279 516 2319 nientia,
538 2280 754 2312 ad·camera1n
771 2280 979 2323 apostolicam
1007 2290 1062 2312 seu
1092 2280 1123 2312 111

386 2331 480 2364 dietis
513 2332 680 2363 beneficiis
716 2342 916 2365 successores
954 2342 1018 2364 non
1051 2343 1124 2375 per-

386 2384 521 2423 tineant,
547 2384 604 2417 sed
629 2385 667 2416 ad
695 2385 854 2417 haeredes
881 2386 976 2416 vestri
996 2385 1125 2426 sangui-

384 2437 435 2469 nis
460 2437 584 2478 integre
611 2437 799 2476 deveniant,
820 2442 859 2476 et,
883 2437 946 2469 illis
972 2437 1125 2469 (leticivn-
1146 2457 1147 2462 =

386 2488 489 2527 tibus,
518 2489 600 2521 inter
626 2488 797 2521 familiares
822 2494 963 2527 vestim,
991 2490 1123 2522 arbitrio

386 2551 542 2583 personae
579 2551 633 2574 seu
665 2551 877 2584 personarum
911 2552 987 2584 quas
1021 2542 1060 2573 ad
1093 2542 1122 2573 id

387 2593 508 2635 scripto
530 2593 786 2631 nominaveritis,
802 2593 1044 2633 distrilutantur,
1063 2594 1123 2626 nisi

1809 212 1872 245 {367

1177 266 1214 297 ‹jle
1233 266 1293 298 alia
1313 267 1524 309 (inpositione
1543 270 1591 301 vel
1612 268 1789 301 intentione
1808 272 1913 302 vestra

1176 319 1334 361 scriptura
1351 319 1447 352 etiam
1466 320 1570 352 minus
1596 321 1730 353 solemni
1750 332 1841 354 secus
1859 334 1913 365 ap-

1176 377 1314 414 pareret,
1336 382 1430 414 quani
1449 378 1523 405 tunc
1542 375 1629 406 velut
1646 374 1807 407 efficacem
1824 376 1911 418 ipsae

1176 434 1335 466 personae
1370 426 1418 457 vel
1449 426 1501 458 alii
1530 427 1654 460 iudices
1684 438 1739 460 seu
1772 439 1912 472 exequu-

1176 481 1260 509 tores
1287 478 1419 510 omuino
1446 480 1560 522 exequi
1588 485 1619 512 et
1643 481 1822 523 adimplere
1853 482 1912 515 illi-

1175 540 1237 571 que
1262 540 1331 561 sese
1358 532 1558 563 conformare
1577 533 1608 565 111
1630 534 1779 565 on'inilius
1801 541 1833 567 et
1853 546 1912 578 per

1174 582 1280 614 omnia
1295 582 1446 616 debeant.
1468 584 1500 616 Et
1518 585 1729 618 nihilominus
1742 598 1912 630 quaecum-

1175 644 1237 676 que
1265 634 1447 668 huiusmoili
1467 642 1667 679 testamenta7
1684 641 1796 682 legata,
1818 642 1910 673 [lona-

1174 686 1303 727 tiones,
1329 687 1575 730 dispositiones,
1603 696 1635 723 et,
1665 692 1726 724 alia
1764 694 1868 725 forsan
1893 705 1908 726 a

1172 739 1276 780 vobis,
1304 740 1400 773 etiam
1426 743 1515 775 nulla
1540 749 1592 775 aut
1613 745 1718 777 minus
1739 746 1909 779 sufficienti

1174 793 1321 826 facultate
1348 794 1501 835 sull'ultis,
1527 797 1565 829 de
1593 797 1774 831 huiusmodi
1801 800 1906 839 bonis,

1173 846 1293 878 iuribus
1312 853 1342 879 et
1358 848 1545 889 actionibus,
1562 850 1723 889 fructibus,
1748 853 1906 894 pecuniis,

1172 899 1353 939 iocalibus,
1388 901 1525 945 aliisque
1562 903 1657 935 rebus
1693 905 1906 947 supradictis,

1172 952 1269 985 etiam
1294 952 1324 984 in
1352 953 1492 987 favorem
1527 956 1841 999 consanguineorum
1877 963 1907 990 et

1171 1004 1315 1038 affinium
1341 1007 1582 1049 praedictorum
1608 1014 1637 1041 et
1664 1009 1740 1041 alias
1774 1021 1908 1053 quomo-

1171 1058 1295 1091 dolibet
1309 1059 1399 1101 sacta,
1419 1072 1489 1093 eum
1506 1062 1653 1094 omnibus
1666 1062 1739 1094 inde
1753 1063 1904 1105 sequuhs,

1170 1121 1206 1143 ae
1236 1112 1331 1145 etiam
1365 1124 1400 1145 ea
1434 1125 1515 1157 quae
1548 1125 1605 1157 per
1626 1126 1680 1147 vos
1706 1115 1737 1147 in
1766 1115 1905 1148 futurum

1169 1163 1256 1204 sient,
1283 1176 1432 1206 exnunc,
1455 1173 1551 1210 prout
1576 1178 1610 1200 ex
1634 1174 1716 1207 tune,
1744 1173 1775 1200 et
1795 1179 1810 1200 e
1829 1179 1905 1201 con—

1171 1222 1227 1256 tra,
1250 1229 1309 1261 pro
1328 1219 1411 1251 dicta
1436 1222 1558 1252 summa
1583 1232 1635 1253 sex
1656 1221 1790 1253 millium
1810 1222 1905 1253 duca-

1170 1275 1274 1303 torum
1289 1273 1504 1315 approbamus
1523 1279 1554 1305 et
1573 1273 1820 1313 confirmamus,
1840 1285 1905 1306 orn-

1168 1333 1288 1366 nesque
1314 1330 1344 1356 et
1368 1324 1513 1367 singulos
1539 1326 1617 1358 iuris
1647 1332 1679 1358 et
1708 1327 1780 1358 sacti
1801 1337 1837 1358 ae
1853 1338 1909 1359 so-.

1168 1377 1368 1410 leniuit-atum
1387 1379 1576 1411 omissurum
1594 1385 1625 1411 ct
1653 1379 1903 1412 omittcnclarum

1167 1441 1292 1464 necnon
1318 1431 1545 1463 substantiales
1582 1431 1729 1474 aliosque
1759 1432 1902 1464 desectus

1167 1495 1399 1527 quoscumque,
1418 1485 1443 1516 si
1462 1486 1515 1528 qui
1535 1485 1767 1518 intervenerint.
1785 1492 1839 1518 aut
1856 1486 1904 1518 in—

1169 1542 1378 1570 tervenerunt
1396 1538 1428 1570 in
1447 1539 1582 1575 eisdem„
1600 1539 1724 1571 etiamsi
1745 1540 1823 1571 tales
1841 1539 1904 1571 sint

1167 1593 1214 1623 vel
1242 1592 1362 1623 suerint
1386 1592 1470 1634 quod
1505 1593 1673 1635 specialis,
1699 1592 1847 1635 specitica
1873 1598 1903 1624 et

1167 1654 1316 1686 expressa
1333 1645 1370 1676 (le
1386 1644 1448 1676 illis
1467 1645 1588 1677 mentio
1608 1646 1832 1688 praesentibus
1852 1646 1902 1677 ha-

1166 1697 1271 1729 benda
1297 1703 1392 1737 esset,
1413 1699 1613 1741 supplemus.

1210 1752 1224 1793 ξ
1249 1750 1301 1782 1ϊῖ.
1329 1750 1510 1783 Districtius
1533 1751 1719 1784 inhibentes
1737 1752 1903 1795 quibusvis

1167 1804 1444 1848 archiepiscopis,
1472 1805 1645 1848 episcopis,
1673 1811 1726 1837 aut
1751 1806 1821 1838 aliis
1846 1816 1902 1838 ee-

1167 1857 1337 1890 clesiarum
1374 1859 1547 1901 praelatis,
1588 1869 1714 1891 necnon
1758 1869 1904 1892 camerae

1167 1910 1350 1953 praedictae
1377 1911 1634 1953 praesidentibus
1660 1917 1691 1943 et
1717 1912 1852 1951 clericis,
1870 1923 1905 1944 ae

1168 1972 1292 2001 eorum,
1320 1973 1447 1996 necnon
1475 1964 1614 1996 l'ahricae
1640 1964 1793 1997 basilicae
1821 1965 1906 1997 Prin-

1165 2012 1247 2055 cipis
1267 2016 1494 2058 Apostolorum
1515 2017 1552 2049 (lc
1570 2016 1662 2056 Urbe,
1686 2028 1721 2049 ac
1745 2018 1905 2050 cruciatae

1167 2073 1307 2107 sanctae,
1328 2074 1359 2100 et
1379 2069 1449 2101 aliis
1471 2070 1698 2102 collectoribus
1723 2076 1754 2103 et
1779 2071 1907 2103 subcol—

1168 2120 1362 2160 lectoribus,
1389 2121 1568 2164 ceterisque
1602 2122 1830 2165 cuiuscumque
1860 2123 1907 2155 di-

1168 2173 1315 2215 gnitatis,
1341 2178 1463 2211 status,
1496 2174 1613 2216 gradus
1646 2179 1676 2207 et
1708 2176 1905 2208 conditionis

1169 2225 1396 2265 existentibus,
1416 2226 1512 2259 etiam
1532 2227 1642 2269 quavis
1668 2228 1858 2260 aucte-ritate
1875 2233 1908 2261 et

1169 2284 1328 2321 potestate
1356 2280 1578 2321 fungentibus,
1606 2281 1664 2312 sub
1691 2281 1908 2314 excommuni<

1168 2332 1305 2364 cationis
1344 2333 1474 2365 maioris
1508 2333 1643 2376 aliisque
1680 2334 1907 2367 ecclesiasticis

1169 2385 1348 2425 sententiis,
1374 2386 1521 2417 censuris
1555 2392 1586 2418 et
1619 2387 1744 2429 poenis,
1773 2398 1811 2420 ne
1838 2388 1908 2420 uni-

1169 2437 1347 2476 versitates,
1366 2438 1502 2481 collegia
1520 2449 1555 2471 ac
1573 2440 1640 2472 loca
1666 2445 1697 2472 et
1723 2441 1906 2482 legatarios,

1170 2491 1328 2522 haeredes
1345 2495 1376 2522 et
1401 2501 1566 2532 personas,
1590 2502 1715 2524 necnon
1737 2498 1907 2525 testamen-

1169 2548 1286 2583 torum,
1314 2545 1513 2576 voluntatum
1532 2551 1562 2577 et
1580 2545 1821 2578 ordinationum
1849 2547 1906 2578 hu-

1170 2595 1308 2628 iusmodi
1335 2603 1550 2639 exequutores
1575 2599 1758 2641 praedictos
1785 2599 1905 2632 directe

1920 222 1967 248 An.
1990 221 2017 249 (ἶ.
2038 222 2103 249 16ῦὲ

1942 1762 2041 1784 {nhibiuo
2053 1769 2103 1784 con·

1917 1792 1947 1809 tra
1956 1791 2102 1812 molestante&
