2247 3208
195 245 243 274 Ar,
263 245 291 272 C.
317 245 382 271 ¹0⁶0ss

385 293 518 336 eiusque
533 294 804 335 praeposituram,
824 298 964 325 castrum
981 292 1122 325 Charan-

384 347 506 379 ciacuni
532 347 665 389 eiusque
687 346 973 389 praeposituram¹,
992 353 1021 379 et
1044 347 1122 378 ,llar-

383 399 513 439 vittam,
541 409 652 432 earum
677 399 877 439 balliviatus,
907 399 1118 439 castellanias,

383 452 626 494 praefecturas,
653 453 915 496 praeposituras,
944 453 1119 493 territoria,

384 504 535 545 dominia,
564 505 720 545 ditiones,
747 504 970 543 accessiones,
998 516 1120 548 appen-

383 558 471 589 dices
498 563 527 589 et
549 558 710 597 adiuncta,
728 568 745 590 a
762 563 790 590 te
807 564 880 590 tunc
897 563 927 589 et
943 568 1002 600 per
1018 563 1118 590 totum

384 622 504 643 aunum
523 621 660 645 MDCvai
676 622 838 654 possessa,
856 611 1028 649 dumtaxat,
1042 621 1119 643 con-

382 664 533 696 sistentes
558 670 589 697 et
602 664 825 703 consistentia,
843 665 1019 697 dummodo
1034 664 1118 697 intra

381 722 474 759 septa
510 717 640 750 illorum
676 717 868 756 existerent,
900 717 1024 749 etiamsi
1058 718 1116 749 snb

381 769 553 812 temporali
594 769 738 802 dominio
771 770 909 802 aliorum
945 780 1116 812 procerum

379 823 606 861 consisterent,
621 823 669 854 vel
687 824 898 865 temporalem
923 822 1116 856 iurisdietio-

380 886 453 907 nem
479 874 659 915 haberent,
697 886 731 906 ae
770 875 894 907 etiamsi
928 876 1112 918 prioratus,

378 927 623 970 praepositurae
650 933 701 960 aut
726 928 964 970 praepositatus
991 934 1022 960 et
1050 939 1114 961 nen

375 979 571 1012 monasteria
591 986 869 1023 nuncuparentur,
889 992 947 1024 pro
967 986 1113 1024 tempore

376 1037 525 1065 vacantes
557 1042 613 1065 scu
639 1033 802 1071 vacantia,
828 1044 886 1076 per
911 1044 968 1066 nos
995 1040 1026 1066 ct
1053 1034 1114 1067 no-

376 1096 489 1118 mauos
516 1085 688 1118 Pontifices
705 1096 907 1119 successores
925 1093 1053 1120 nostros
1073 1088 1112 1120 ad
1138 1124 1139 1127 Ἰ

376 1138 633 1171 nominationem
651 1144 735 1170 tuam
751 1139 833 1171 infra
858 1140 970 1172 decem
985 1151 1112 1173 menses

375 1201 392 1222 a
419 1191 469 1223 die
495 1191 667 1224 cuiuslibet
701 1193 874 1225 vacationis
910 1192 1110 1233 faciendam,

374 1253 411 1275 ac
434 1243 528 1276 nobis
553 1248 585 1275 et
609 1243 755 1277 Romano
781 1244 926 1277 Pontifici
952 1256 1011 1288 pro
1035 1250 1112 1277 tem-

374 1306 452 1338 pore
485 1296 634 1329 existenti
673 1298 967 1340 praesentandam,
1005 1299 1112 1331 conse-

374 1348 493 1381 rendos
520 1354 552 1381 et
576 1350 785 1389 eonferenda,
814 1350 1004 1383 auctoritate
1034 1362 1111 1394 apo-

373 1401 499 1441 stolica,
524 1403 563 1434 de
581 1402 713 1446 speciali
735 1403 821 1436 dono
839 1403 960 1446 gratiae
978 1414 1110 1437 eonces-

372 1454 471 1486 simus
508 1459 540 1487 et
571 1455 788 1495 indulsimus;
828 1457 907 1489 itaut
944 1457 982 1490 de
1018 1457 1110 1490 dictis

373 1507 583 1550 dignitatibus
601 1508 823 1549 abbatialibus,
839 1516 892 1542 aut
906 1511 1111 1554 quibuscum-

373 1572 434 1604 que
461 1562 678 1601 monasteriis,
704 1563 916 1605 prioratibus,
942 1564 1110 1607 praeposi-

373 1614 452 1646 turis
479 1619 512 1647 et
535 1611 808 1658 praepositalibus
834 1617 1018 1660 praedictis,
1048 1628 1107 1660 pro

374 1673 520 1710 tempore
534 1668 730 1707 vacantibus,
747 1669 869 1712 absque
886 1669 1107 1703 nominatione

372 1722 424 1752 tua
449 1720 626 1762 praedicta,
654 1721 692 1753 de
718 1721 789 1753 aliis
812 1732 889 1754 vero
915 1722 972 1754 sub
1004 1723 1107 1755 nonii-

372 1773 502 1805 natione
529 1773 719 1807 huiusmodi
744 1785 809 1807 non
841 1775 1106 1818 comprehensis,

371 1833 403 1858 et
428 1827 551 1869 absque
569 1826 624 1860 illa
643 1827 745 1860 libere
764 1828 983 1869 conserendis,
1004 1829 1108 1872 digni-

372 1879 488 1912 tatibus
504 1879 861 1913 videlicetsecularibus
876 1881 1107 1925 principalibus

371 1938 401 1964 et
425 1933 629 1975 regularibus
655 1939 725 1966 actu
751 1944 817 1966 non
842 1935 1107 1968 conventualibus

370 1984 454 2016 infra
464 1985 648 2028 praedictos
660 1986 824 2019 districtus
843 1986 1105 2027 consistentibus,

370 2037 500 2070 nonnisi
527 2039 566 2071 de
592 2039 671 2071 loeis
701 2044 772 2072 tuae
806 2038 922 2072 ditioni
953 2039 1106 2072 subiectis

370 2096 425 2122 aut
449 2090 506 2123 tibi
531 2091 629 2134 gratis
655 2096 688 2124 et
712 2092 852 2135 acceptis
877 2092 1028 2135 personis
1049 2103 1107 2135 per

368 2154 427 2176 nos
465 2150 496 2177 et
534 2155 741 2178 successores
782 2151 910 2178 nostros
943 2145 1105 2179 Romanos

370 2196 541 2230 Pontifices
565 2202 597 2230 et
619 2197 735 2231 Sedem
760 2199 905 2231 eamdem
936 2209 995 2242 pro
1027 2205 1107 2232 tem-

368 2259 448 2292 pore
473 2250 601 2294 disponi
619 2256 651 2284 et
668 2251 846 2294 respective
864 2252 1029 2295 provideri
1050 2252 1106 2285 mi-

369 2301 455 2334 nime
479 2308 607 2345 posset,
639 2309 671 2336 et.
703 2304 781 2336 alias
807 2310 904 2347 prout
927 2305 960 2337 in
986 2304 1105 2337 nostris

369 2354 510 2398 desuper
533 2355 566 2387 in
591 2356 687 2390 simili
723 2358 826 2390 fornia
859 2357 966 2390 Brevis
998 2358 1050 2390 die
1076 2368 1106 2390 ix

368 2408 479 2451 aprilis
503 2409 642 2452 proximi
667 2409 833 2452 praeteriti
871 2410 1026 2453 expeditis
1055 2410 1105 2443 lit-

369 2462 474 2502 teris2,
488 2472 622 2505 quarum
641 2467 786 2495 tenorem
802 2463 1027 2506 praesentibus
1044 2474 1104 2507 pro

404 2544 413 2567 l
437 2542 585 2577 Perieopes
611 2543 663 2568 ista
685 2550 767 2576 supra
792 2542 818 2568 in
843 2543 897 2570 loc.
925 2542 1018 2578 parail,
1041 2550 1102 2578 pag.

366 2586 418 2614 652
432 2587 448 2613 b
463 2586 540 2613 deest
555 2588 594 2621 (n.
615 2588 663 2620 Τ.).

401 2631 417 2656 2
436 2630 506 2661 Quas
522 2631 581 2658 vide
597 2639 678 2665 supra
692 2639 753 2667 pag.
769 2631 815 2658 65¹
837 2633 877 2662 (n.
889 2631 939 2666 τ.).

449 2684 528 2716 Bull.
549 2685 632 2712 Rom.
648 2699 682 2705 —
703 2685 758 2712 Vol.
775 2685 866 2713 XVII.
1011 2685 1046 2713 89

1013 244 1155 267 critittt'xs
1180 246 1207 267 lx
1235 246 1280 267 ΡΡ.

1810 238 1872 270 7οἘ

1143 292 1263 334 ,plene
1301 298 1331 324 et
1367 293 1567 326 sufficienter
1602 305 1755 337 expresso
1792 306 1827 327 ac
1865 297 1903 328 de

1165 345 1263 377 verbo
1290 346 1328 378 ad
1356 347 1488 378 verbum
1513 347 1638 379 inserto
1671 348 1782 381 haberi
1816 350 1905 381 voln-

1164 408 1241 437 mus,
1267 398 1399 431 uberius
1422 399 1619 433 continetur.

1207 451 1221 493 ᾗ
1245 450 1276 483 3.
1304 450 1380 484 Cum
1405 458 1521 493 autem,
1541 452 1621 485 sicut
1642 455 1836 498 accepimus,
1855 468 1901 489 ca-

1163 504 1309 536 rissimus
1334 505 1367 537 in
1388 505 1516 539 Christo
1539 506 1623 539 filius
1643 514 1753 540 noster
1770 509 1900 543 Carolus

1162 555 1389 599 Hispaniarum
1426 568 1480 590 rex
1517 560 1694 592 catholicus
1723 564 1897 596 nonnullas

1162 608 1239 640 alias
1267 608 1426 648 civitates
1453 611 1580 653 oppida,
1608 623 1707 653 ιιι-ρος,
1734 614 1896 656 regiones,

1161 659 1325 693 districtus
1351 667 1383 694 et
1408 663 1490 702 loca,
1512 663 1543 695 in
1562 664 1698 707 Belgicis
1722 666 1897 700 ditionibus

1160 713 1385 751 consistentia,
1412 716 1569 748 maiestati
1596 722 1668 750 tuae
1694 729 1751 760 per
1783 724 1896 753 tracta-

1160 771 1225 798 tum
1250 766 1337 809 pacis
1362 767 1446 799 inter
1469 769 1635 812 utriusque
1662 776 1803 804 restrum
1828 774 1896 816 ple-

1160 819 1408 861 nipotentiarios
1450 821 1482 853 in
1523 823 1644 865 oppido
1685 825 1893 868 Aquisgrani,

1158 872 1345 905 Leodiensis
1371 873 1540 914 dioecesis,
1568 874 1619 907 die
1645 886 1667 908 11
1693 877 1765 908 maii
1791 879 1895 920 proxi-

1157 936 1207 957 me
1233 926 1399 968 praeteriti
1426 926 1552 967 initum,
1573 934 1603 960 et
1628 929 1765 962 subinde
1791 931 1895 964 utrin-

1158 989 1219 1020 que
1244 977 1452 1020 ratificatum,
1479 980 1511 1012 in
1537 986 1729 1024 perpetuum
1759 983 1895 1016 cesserit

1157 1037 1187 1063 et
1204 1032 1462 1065 renunciaverit:
1483 1044 1552 1072 nos,
1572 1034 1774 1067 maiestatem
1794 1040 1891 1077 tuam,

1157 1095 1219 1126 quo
1245 1085 1366 1127 regiam
1391 1085 1650 1119 benevolentiam
1674 1098 1750 1130 erga
1779 1098 1893 1131 perso-

1155 1147 1212 1169 nas
1238 1137 1453 1170 benemeritas
1488 1138 1611 1182 tibique
1646 1145 1750 1182 gratas
1780 1147 1811 1173 et
1840 1152 1892 1173 ac-

1155 1196 1263 1233 ceptas
1289 1190 1419 1223 uberius
1434 1202 1582 1224 exercere
1598 1193 1711 1231 valeas,
1724 1195 1890 1237 amplioris

1154 1243 1275 1284 gratiae
1301 1243 1409 1276 favore
1429 1244 1580 1287 prosequi
1598 1245 1756 1281 volentes,
1771 1257 1805 1278 ac
1820 1258 1891 1290 spe-

1154 1301 1259 1328 rantes
1285 1302 1315 1328 te
1341 1296 1373 1328 in
1399 1297 1604 1329 nominandis
1623 1298 1661 1330 ad
1686 1298 1891 1343 infrascripta

1152 1349 1309 1381 beneficia
1334 1349 1503 1392 personis,
1531 1361 1613 1393 quae
1643 1351 1726 1383 vitae
1758 1352 1891 1395 integri-

1153 1407 1226 1439 tate,
1244 1402 1413 1445 religione,
1428 1402 1489 1435 fide
1507 1408 1539 1435 et
1556 1404 1700 1437 doctrina
1713 1411 1890 1447 praestent,

1152 1465 1309 1487 summum
1340 1455 1477 1487 studium
1503 1465 1723 1500 summamque
1753 1458 1889 1501 diligen-

1153 1508 1228 1540 tiam
1253 1519 1381 1552 semper
1398 1509 1630 1550 adhibiturum,
1654 1521 1713 1543 nec
1727 1512 1890 1545 conscien<

1153 1561 1226 1593 tiam
1255 1566 1338 1593 tuam
1365 1562 1424 1594 hac
1448 1562 1480 1594 in
1502 1573 1535 1595 re
1562 1564 1650 1596 nullo
1682 1565 1778 1597 modo
1805 1566 1888 1599 laedi

1152 1625 1319 1657 passurum
1345 1625 1427 1655 esse,
1441 1615 1566 1648 iteratis
1583 1616 1645 1648 tuis
1672 1616 1732 1649 hae
1750 1617 1783 1650 in
1796 1624 1887 1661 parte

1129 1667 1441 1711 ·s·.11-plieatio1iil)us
1468 1668 1625 1707 inclinati,
1653 1669 1719 1711 tibi,
1746 1672 1799 1702 tua
1820 1676 1888 1704 tan-

1152 1726 1215 1752 tum
1240 1720 1302 1752 vita
1328 1721 1477 1760 durante,
1505 1727 1536 1754 et
1556 1722 1706 1765 quamdiu
1732 1723 1763 1754 in
1790 1723 1888 1756 sinee-

1151 1773 1244 1806 iitate
1270 1772 1345 1806 fidei
1370 1779 1401 1806 et
1425 1774 1546 1807 unitate
1571 1774 1602 1807 S.
1631 1775 1667 1807 R.
1695 1775 1729 1807 E.
1758 1786 1886 1809 necnon

1150 1826 1335 1859 obedientia
1356 1832 1387 1859 et.
1411 1827 1584 1861 ‹le-votione
1610 1829 1730 1860 nostris
1761 1834 1791 1861 et
1816 1840 1888 1862 sue-

1150 1890 1313 1912 cessorum
1338 1885 1523 1912 nostrorum
1556 1880 1774 1913 Romanorum
1804 1882 1887 1914 Pou-

1150 1931 1270 1964 tilicum
1297 1933 1453 1965 canonice
1470 1933 1661 1965 intrantium
1676 1934 1885 1976 perstiteris¹,

1149 1985 1394 2018 concessionem
1419 1985 1497 2017 iuris
1529 1991 1560 2017 et
1595 1985 1755 2018 facultatis
1784 1987 1887 2020 nomi-

1149 2038 1247 2070 nandi
1274 2037 1367 2070 nobis
1403 2043 1435 2070 et
1470 2038 1616 2073 Romano
1647 2039 1794 2071 Pontifici
1827 2050 1886 2082 pro

1149 2096 1292 2134 tempore
1317 2090 1466 2123 existenti
1492 2091 1531 2124 ad
1560 2092 1761 2135 supradictas
1787 2092 1887 2134 digni-

1149 2149 1229 2176 tates
1254 2143 1433 2176 abbatiales
1470 2149 1502 2176 et.
1538 2144 1694 2186 regimina
1725 2150 1886 2178 monaste-

1148 2197 1278 2235 riorum,
1300 2196 1396 2229 etiam
1414 2207 1473 2240 per
1486 2196 1613 2240 priores
1633 2202 1664 2229 et
1680 2198 1885 2240 praepositos

1147 2249 1215 2292 regi
1251 2256 1283 2282 et
1318 2249 1490 2292 gubernari
1527 2249 1719 2289 solitorum,
1757 2261 1883 2283 necnon

1148 2303 1309 2346 prioratus
1335 2308 1366 2336 et
1390 2303 1633 2346 praeposituras
1664 2308 1719 2335 aut
1749 2314 1886 2347 praepo-

1148 2357 1260 2389 sitatus
1278 2361 1469 2388 conventum
1487 2356 1659 2397 habentes,
1680 2357 1735 2389 tibi
1758 2368 1774 2390 a
1793 2358 1885 2391 nobis

1147 2420 1205 2452 per
1228 2410 1349 2442 litteras
1375 2414 1498 2442 nostras
1530 2410 1714 2453 praedictas
1752 2410 1884 2451 saetam,

1146 2468 1181 2494 ut
1204 2462 1407 2506 praefertur,
1440 2462 1480 2495 ad
1512 2473 1732 2506 quasctu‘nque
1764 2463 1883 2496 similes

1181 2587 1193 2613 1
1216 2586 1286 2612 Male
1303 2585 1368 2613 edit.
1383 2585 1463 2613 Maiu.
1481 2586 1742 2622 legitpraestz'terz's
1757 2595 1806 2622 pro
1816 2594 1883 2621 per-

1145 2631 1254 2660 sciterc‘s
1269 2636 1309 2665 tr„
1327 2631 1376 2666 T.).

1919 250 1964 274 Au.
1979 250 2009 275 (ἶ.
2035 249 2100 278 utI-(3

1940 468 2026 493 Ampliat
2052 470 2093 488 tate

1912 493 1944 513 ins
1960 494 1986 514 ad
2002 495 2055 514 atta-s
2067 501 2095 514 c·-

1912 522 1988 540 vitates
2024 526 2096 540 reve.-

1911 549 1933 566 nt
1945 547 1964 566 in
1978 546 2072 568 rubrica.
