<?xml version="1.0" encoding="UTF-8"?>
<!DOCTYPE html PUBLIC "-//W3C//DTD XHTML 1.0 Transitional//EN"
    "http://www.w3.org/TR/xhtml1/DTD/xhtml1-transitional.dtd">
<html xmlns="http://www.w3.org/1999/xhtml" xml:lang="en" lang="en">
 <head>
  <title>
</title>
<meta http-equiv="Content-Type" content="text/html;charset=utf-8" />
  <meta name='ocr-system' content='tesseract 3.04.00' />
  <meta name='ocr-capabilities' content='ocr_page ocr_carea ocr_par ocr_line ocrx_word'/>
</head>
<body>
  <div class='ocr_page' id='page_1' title='image "./bullarumdiplomat17cath_0449.png"; bbox 0 0 2247 3208; ppageno 0'>
   <div class='ocr_carea' id='block_1_1' title="bbox 130 177 318 205">
    <p class='ocr_par' dir='ltr' id='par_1_1' title="bbox 130 177 318 205">
     <span class='ocr_line' id='line_1_1' title="bbox 130 177 318 205; baseline 0.005 -1"><span class='ocrx_word' id='word_1_1' title='bbox 130 177 184 205; x_wconf 83' lang='lat' dir='ltr'>An.</span> <span class='ocrx_word' id='word_1_2' title='bbox 200 177 228 205; x_wconf 85' lang='lat' dir='ltr'>C.</span> <span class='ocrx_word' id='word_1_3' title='bbox 250 178 318 205; x_wconf 78' lang='grc'>1665</span> 
     </span>
    </p>
   </div>
   <div class='ocr_carea' id='block_1_2' title="bbox 143 865 298 887">
    <p class='ocr_par' dir='ltr' id='par_1_2' title="bbox 143 865 298 887">
     <span class='ocr_line' id='line_1_2' title="bbox 143 865 298 887; baseline 0.006 -1"><span class='ocrx_word' id='word_1_4' title='bbox 143 865 254 887; x_wconf 74' lang='lat' dir='ltr'>Decretum</span> <span class='ocrx_word' id='word_1_5' title='bbox 272 867 298 887; x_wconf 87' lang='lat' dir='ltr'>ir-</span> 
     </span>
    </p>
   </div>
   <div class='ocr_carea' id='block_1_3' title="bbox 310 225 1053 900">
    <p class='ocr_par' dir='ltr' id='par_1_3' title="bbox 310 225 1053 838">
     <span class='ocr_line' id='line_1_3' title="bbox 314 225 1052 270; baseline -0.001 -11"><span class='ocrx_word' id='word_1_6' title='bbox 314 226 428 259; x_wconf 82' lang='lat' dir='ltr'>dorum</span> <span class='ocrx_word' id='word_1_7' title='bbox 454 225 662 265; x_wconf 68' lang='lat' dir='ltr'>monialibus,</span> <span class='ocrx_word' id='word_1_8' title='bbox 688 231 722 258; x_wconf 82' lang='lat' dir='ltr'>nt</span> <span class='ocrx_word' id='word_1_9' title='bbox 748 227 835 270; x_wconf 82' lang='lat' dir='ltr'>ipsae</span> <span class='ocrx_word' id='word_1_10' title='bbox 863 238 981 260; x_wconf 83' lang='lat' dir='ltr'>nomen</span> <span class='ocrx_word' id='word_1_11' title='bbox 1008 227 1052 259; x_wconf 82' lang='lat' dir='ltr'>vi-</span> 
     </span>
     <span class='ocr_line' id='line_1_4' title="bbox 315 279 1051 323; baseline 0.001 -12"><span class='ocrx_word' id='word_1_12' title='bbox 315 279 392 311; x_wconf 85' lang='lat' dir='ltr'>carii</span> <span class='ocrx_word' id='word_1_13' title='bbox 418 279 581 321; x_wconf 76' lang='lat' dir='ltr'>generalis</span> <span class='ocrx_word' id='word_1_14' title='bbox 600 285 627 311; x_wconf 88' lang='lat' dir='ltr'>et</span> <span class='ocrx_word' id='word_1_15' title='bbox 648 281 827 323; x_wconf 80' lang='lat' dir='ltr'>superioris</span> <span class='ocrx_word' id='word_1_16' title='bbox 848 280 976 313; x_wconf 77' lang='lat' dir='ltr'>Ordinis</span> <span class='ocrx_word' id='word_1_17' title='bbox 997 282 1051 312; x_wconf 79' lang='lat' dir='ltr'>sra-</span> 
     </span>
     <span class='ocr_line' id='line_1_5' title="bbox 315 332 1049 367; baseline 0.004 -4"><span class='ocrx_word' id='word_1_18' title='bbox 315 338 397 364; x_wconf 87' lang='lat' dir='ltr'>trnm</span> <span class='ocrx_word' id='word_1_19' title='bbox 424 332 568 364; x_wconf 84' lang='lat' dir='ltr'>eiusdem</span> <span class='ocrx_word' id='word_1_20' title='bbox 596 333 711 365; x_wconf 81' lang='lat' dir='ltr'>Beatae</span> <span class='ocrx_word' id='word_1_21' title='bbox 738 334 852 366; x_wconf 82' lang='lat' dir='ltr'>Mariae</span> <span class='ocrx_word' id='word_1_22' title='bbox 878 335 917 367; x_wconf 83' lang='lat' dir='ltr'>de</span> <span class='ocrx_word' id='word_1_23' title='bbox 943 334 1049 367; x_wconf 83' lang='lat' dir='ltr'>Monte</span> 
     </span>
     <span class='ocr_line' id='line_1_6' title="bbox 315 384 1053 419; baseline 0.003 -3"><span class='ocrx_word' id='word_1_24' title='bbox 315 384 459 417; x_wconf 85' lang='lat' dir='ltr'>Carmelo</span> <span class='ocrx_word' id='word_1_25' title='bbox 485 395 520 417; x_wconf 88' lang='lat' dir='ltr'>ex</span> <span class='ocrx_word' id='word_1_26' title='bbox 546 397 655 418; x_wconf 84' lang='lat' dir='ltr'>earnm</span> <span class='ocrx_word' id='word_1_27' title='bbox 690 386 974 419; x_wconf 82' lang='lat' dir='ltr'>constitutionibus</span> <span class='ocrx_word' id='word_1_28' title='bbox 1000 387 1053 418; x_wconf 84' lang='lat' dir='ltr'>de-</span> 
     </span>
     <span class='ocr_line' id='line_1_7' title="bbox 313 437 1051 481; baseline 0.001 -12"><span class='ocrx_word' id='word_1_29' title='bbox 313 437 392 475; x_wconf 82' lang='lat' dir='ltr'>lere,</span> <span class='ocrx_word' id='word_1_30' title='bbox 418 437 568 480; x_wconf 86' lang='lat' dir='ltr'>illiusque</span> <span class='ocrx_word' id='word_1_31' title='bbox 594 440 665 471; x_wconf 85' lang='lat' dir='ltr'>loco</span> <span class='ocrx_word' id='word_1_32' title='bbox 682 449 801 471; x_wconf 87' lang='lat' dir='ltr'>nomen</span> <span class='ocrx_word' id='word_1_33' title='bbox 823 439 977 481; x_wconf 70' lang='lat' dir='ltr'>episcopi,</span> <span class='ocrx_word' id='word_1_34' title='bbox 994 449 1051 470; x_wconf 83' lang='lat' dir='ltr'>seu</span> 
     </span>
     <span class='ocr_line' id='line_1_8' title="bbox 313 489 1050 533; baseline 0.003 -13"><span class='ocrx_word' id='word_1_35' title='bbox 313 489 576 533; x_wconf 79' lang='lat' dir='ltr'>archiepiscopi,</span> <span class='ocrx_word' id='word_1_36' title='bbox 602 490 763 523; x_wconf 81' lang='lat' dir='ltr'>Ordinarii</span> <span class='ocrx_word' id='word_1_37' title='bbox 798 492 881 529; x_wconf 83' lang='lat' dir='ltr'>loci,</span> <span class='ocrx_word' id='word_1_38' title='bbox 919 491 1050 533; x_wconf 81' lang='lat' dir='ltr'>eiusque</span> 
     </span>
     <span class='ocr_line' id='line_1_9' title="bbox 313 543 1050 582; baseline 0.003 -9"><span class='ocrx_word' id='word_1_39' title='bbox 313 543 616 582; x_wconf 81' lang='lat' dir='ltr'>commissariorum,</span> <span class='ocrx_word' id='word_1_40' title='bbox 643 543 685 575; x_wconf 89' lang='lat' dir='ltr'>uti</span> <span class='ocrx_word' id='word_1_41' title='bbox 710 543 773 576; x_wconf 92' lang='lat' dir='ltr'>illis</span> <span class='ocrx_word' id='word_1_42' title='bbox 799 543 975 581; x_wconf 82' lang='lat' dir='ltr'>subiectae,</span> <span class='ocrx_word' id='word_1_43' title='bbox 1000 554 1050 575; x_wconf 88' lang='lat' dir='ltr'>re—</span> 
     </span>
     <span class='ocr_line' id='line_1_10' title="bbox 312 596 1052 637; baseline 0.001 -11"><span class='ocrx_word' id='word_1_44' title='bbox 312 605 433 637; x_wconf 79' lang='lat' dir='ltr'>ponere</span> <span class='ocrx_word' id='word_1_45' title='bbox 460 596 560 628; x_wconf 85' lang='lat' dir='ltr'>libere</span> <span class='ocrx_word' id='word_1_46' title='bbox 587 601 614 628; x_wconf 86' lang='lat' dir='ltr'>et</span> <span class='ocrx_word' id='word_1_47' title='bbox 643 596 727 628; x_wconf 81' lang='lat' dir='ltr'>licite</span> <span class='ocrx_word' id='word_1_48' title='bbox 752 597 887 634; x_wconf 75' lang='lat' dir='ltr'>valeant,</span> <span class='ocrx_word' id='word_1_49' title='bbox 914 596 1052 628; x_wconf 86' lang='lat' dir='ltr'>auetori-</span> 
     </span>
     <span class='ocr_line' id='line_1_11' title="bbox 312 648 1050 690; baseline 0.001 -12"><span class='ocrx_word' id='word_1_50' title='bbox 312 653 376 679; x_wconf 84' lang='lat' dir='ltr'>tate</span> <span class='ocrx_word' id='word_1_51' title='bbox 398 653 429 680; x_wconf 89' lang='lat' dir='ltr'>et</span> <span class='ocrx_word' id='word_1_52' title='bbox 454 654 565 680; x_wconf 91' lang='lat' dir='ltr'>tenore</span> <span class='ocrx_word' id='word_1_53' title='bbox 588 648 761 690; x_wconf 68' lang='lat' dir='ltr'>praedictis</span> <span class='ocrx_word' id='word_1_54' title='bbox 780 648 989 680; x_wconf 70' lang='lat' dir='ltr'>concedimus</span> <span class='ocrx_word' id='word_1_55' title='bbox 1008 648 1050 679; x_wconf 91' lang='lat' dir='ltr'>si-</span> 
     </span>
     <span class='ocr_line' id='line_1_12' title="bbox 312 699 1050 742; baseline 0.001 -11"><span class='ocrx_word' id='word_1_56' title='bbox 312 699 432 732; x_wconf 89' lang='lat' dir='ltr'>militer</span> <span class='ocrx_word' id='word_1_57' title='bbox 448 705 477 732; x_wconf 80' lang='lat' dir='ltr'>et</span> <span class='ocrx_word' id='word_1_58' title='bbox 496 700 710 742; x_wconf 70' lang='lat' dir='ltr'>indulgemus,</span> <span class='ocrx_word' id='word_1_59' title='bbox 722 700 847 733; x_wconf 76' lang='lat' dir='ltr'>sublata</span> <span class='ocrx_word' id='word_1_60' title='bbox 861 700 1050 742; x_wconf 88' lang='lat' dir='ltr'>ceteroquin</span> 
     </span>
     <span class='ocr_line' id='line_1_13' title="bbox 311 752 1047 793; baseline 0.003 -10"><span class='ocrx_word' id='word_1_61' title='bbox 311 752 410 784; x_wconf 75' lang='lat' dir='ltr'>cuivis</span> <span class='ocrx_word' id='word_1_62' title='bbox 434 753 566 784; x_wconf 85' lang='lat' dir='ltr'>easdem</span> <span class='ocrx_word' id='word_1_63' title='bbox 592 753 840 785; x_wconf 62' lang='lat' dir='ltr'>constitutiones</span> <span class='ocrx_word' id='word_1_64' title='bbox 873 754 1047 793; x_wconf 86' lang='lat' dir='ltr'>alterandi,</span> 
     </span>
     <span class='ocr_line' id='line_1_14' title="bbox 310 805 914 838; baseline 0.002 -2"><span class='ocrx_word' id='word_1_65' title='bbox 310 805 455 837; x_wconf 85' lang='lat' dir='ltr'>mutandi</span> <span class='ocrx_word' id='word_1_66' title='bbox 481 806 528 837; x_wconf 82' lang='lat' dir='ltr'>vel</span> <span class='ocrx_word' id='word_1_67' title='bbox 552 805 726 838; x_wconf 67' lang='lat' dir='ltr'>innovandi</span> <span class='ocrx_word' id='word_1_68' title='bbox 753 805 914 837; x_wconf 78' lang='lat' dir='ltr'>facultate.</span> 
     </span>
    </p>

    <p class='ocr_par' dir='ltr' id='par_1_4' title="bbox 353 856 1049 900">
     <span class='ocr_line' id='line_1_15' title="bbox 353 856 1049 900; baseline 0.003 -12"><span class='ocrx_word' id='word_1_69' title='bbox 353 857 367 897; x_wconf 62' lang='grc' dir='ltr'>ξ</span> <span class='ocrx_word' id='word_1_70' title='bbox 391 856 422 888; x_wconf 71' lang='lat' dir='ltr'>li.</span> <span class='ocrx_word' id='word_1_71' title='bbox 452 856 675 890; x_wconf 80' lang='lat' dir='ltr'>Decernentes</span> <span class='ocrx_word' id='word_1_72' title='bbox 701 858 832 890; x_wconf 84' lang='lat' dir='ltr'>easdem</span> <span class='ocrx_word' id='word_1_73' title='bbox 854 864 1049 900; x_wconf 87' lang='lat' dir='ltr'>praesentes</span> 
     </span>
    </p>
   </div>
   <div class='ocr_carea' id='block_1_4' title="bbox 914 180 1244 204">
    <p class='ocr_par' dir='ltr' id='par_1_5' title="bbox 914 180 1244 204">
     <span class='ocr_line' id='line_1_16' title="bbox 914 180 1244 204; baseline 0.003 -1"><span class='ocrx_word' id='word_1_74' title='bbox 914 180 1102 203; x_wconf 65' lang='lat' dir='ltr'>ALEXANDER</span> <span class='ocrx_word' id='word_1_75' title='bbox 1126 181 1170 204; x_wconf 80' lang='lat' dir='ltr'>VII</span> <span class='ocrx_word' id='word_1_76' title='bbox 1196 181 1244 204; x_wconf 70' lang='grc' dir='ltr'><strong>ΡΙ).</strong></span> 
     </span>
    </p>
   </div>
   <div class='ocr_carea' id='block_1_5' title="bbox 1093 228 1835 901">
    <p class='ocr_par' dir='ltr' id='par_1_6' title="bbox 1093 228 1835 901">
     <span class='ocr_line' id='line_1_17' title="bbox 1095 228 1835 272; baseline 0.005 -13"><span class='ocrx_word' id='word_1_77' title='bbox 1095 238 1166 259; x_wconf 84' lang='lat' dir='ltr'>euin</span> <span class='ocrx_word' id='word_1_78' title='bbox 1182 228 1348 271; x_wconf 80' lang='lat' dir='ltr'>quibusvis</span> <span class='ocrx_word' id='word_1_79' title='bbox 1364 229 1458 261; x_wconf 86' lang='lat' dir='ltr'>etiam</span> <span class='ocrx_word' id='word_1_80' title='bbox 1471 229 1753 272; x_wconf 71' lang='lat' dir='ltr'>derogatoriarnm</span> <span class='ocrx_word' id='word_1_81' title='bbox 1780 231 1835 263; x_wconf 88' lang='lat' dir='ltr'>dc-</span> 
     </span>
     <span class='ocr_line' id='line_1_18' title="bbox 1096 280 1834 323; baseline 0.005 -12"><span class='ocrx_word' id='word_1_82' title='bbox 1096 280 1280 321; x_wconf 71' lang='lat' dir='ltr'>rogatoriis,</span> <span class='ocrx_word' id='word_1_83' title='bbox 1296 281 1431 323; x_wconf 81' lang='lat' dir='ltr'>aliisque</span> <span class='ocrx_word' id='word_1_84' title='bbox 1457 282 1702 320; x_wconf 81' lang='lat' dir='ltr'>efficacioribus,</span> <span class='ocrx_word' id='word_1_85' title='bbox 1727 283 1834 315; x_wconf 83' lang='lat' dir='ltr'>effica-</span> 
     </span>
     <span class='ocr_line' id='line_1_19' title="bbox 1095 331 1834 374; baseline 0.008 -12"><span class='ocrx_word' id='word_1_86' title='bbox 1095 331 1234 364; x_wconf 74' lang='lat' dir='ltr'>cissimis</span> <span class='ocrx_word' id='word_1_87' title='bbox 1261 338 1292 365; x_wconf 91' lang='lat' dir='ltr'>et</span> <span class='ocrx_word' id='word_1_88' title='bbox 1315 333 1453 365; x_wconf 84' lang='lat' dir='ltr'>insolitis</span> <span class='ocrx_word' id='word_1_89' title='bbox 1483 335 1647 374; x_wconf 78' lang='lat' dir='ltr'>clausulis,</span> <span class='ocrx_word' id='word_1_90' title='bbox 1680 335 1834 368; x_wconf 85' lang='lat' dir='ltr'>irritanti-</span> 
     </span>
     <span class='ocr_line' id='line_1_20' title="bbox 1095 384 1833 429; baseline 0.008 -14"><span class='ocrx_word' id='word_1_91' title='bbox 1095 384 1222 427; x_wconf 82' lang='lat' dir='ltr'>busque</span> <span class='ocrx_word' id='word_1_92' title='bbox 1249 391 1281 417; x_wconf 88' lang='lat' dir='ltr'>et</span> <span class='ocrx_word' id='word_1_93' title='bbox 1304 385 1374 417; x_wconf 82' lang='lat' dir='ltr'>aliis</span> <span class='ocrx_word' id='word_1_94' title='bbox 1401 386 1555 425; x_wconf 83' lang='lat' dir='ltr'>decretis,</span> <span class='ocrx_word' id='word_1_95' title='bbox 1576 387 1607 419; x_wconf 92' lang='lat' dir='ltr'>in</span> <span class='ocrx_word' id='word_1_96' title='bbox 1633 398 1756 429; x_wconf 77' lang='lat' dir='ltr'>genere</span> <span class='ocrx_word' id='word_1_97' title='bbox 1784 389 1833 422; x_wconf 89' lang='lat' dir='ltr'>vel</span> 
     </span>
     <span class='ocr_line' id='line_1_21' title="bbox 1095 435 1834 480; baseline 0.008 -13"><span class='ocrx_word' id='word_1_98' title='bbox 1095 435 1126 467; x_wconf 93' lang='lat' dir='ltr'>in</span> <span class='ocrx_word' id='word_1_99' title='bbox 1153 437 1273 479; x_wconf 79' lang='lat' dir='ltr'>specie,</span> <span class='ocrx_word' id='word_1_100' title='bbox 1293 448 1328 469; x_wconf 87' lang='lat' dir='ltr'>ae</span> <span class='ocrx_word' id='word_1_101' title='bbox 1356 438 1452 470; x_wconf 77' lang='lat' dir='ltr'>etiam</span> <span class='ocrx_word' id='word_1_102' title='bbox 1479 439 1762 480; x_wconf 67' lang='lat' dir='ltr'>consistorialiter,</span> <span class='ocrx_word' id='word_1_103' title='bbox 1781 446 1834 473; x_wconf 91' lang='lat' dir='ltr'>aut</span> 
     </span>
     <span class='ocr_line' id='line_1_22' title="bbox 1095 488 1833 532; baseline 0.007 -12"><span class='ocrx_word' id='word_1_104' title='bbox 1095 488 1174 520; x_wconf 74' lang='lat' dir='ltr'>alias</span> <span class='ocrx_word' id='word_1_105' title='bbox 1193 490 1450 532; x_wconf 78' lang='lat' dir='ltr'>quomodolibet,</span> <span class='ocrx_word' id='word_1_106' title='bbox 1477 491 1573 524; x_wconf 85' lang='lat' dir='ltr'>ctiam</span> <span class='ocrx_word' id='word_1_107' title='bbox 1598 492 1721 525; x_wconf 76' lang='lat' dir='ltr'>iteratis</span> <span class='ocrx_word' id='word_1_108' title='bbox 1758 493 1833 525; x_wconf 78' lang='lat' dir='ltr'>vici-</span> 
     </span>
     <span class='ocr_line' id='line_1_23' title="bbox 1093 540 1834 585; baseline 0.011 -14"><span class='ocrx_word' id='word_1_109' title='bbox 1093 540 1163 579; x_wconf 88' lang='lat' dir='ltr'>bus,</span> <span class='ocrx_word' id='word_1_110' title='bbox 1182 541 1213 572; x_wconf 91' lang='lat' dir='ltr'>in</span> <span class='ocrx_word' id='word_1_111' title='bbox 1247 542 1445 574; x_wconf 83' lang='lat' dir='ltr'>contrarium</span> <span class='ocrx_word' id='word_1_112' title='bbox 1471 544 1729 585; x_wconf 81' lang='lat' dir='ltr'>praemissorum</span> <span class='ocrx_word' id='word_1_113' title='bbox 1755 556 1834 579; x_wconf 84' lang='lat' dir='ltr'>con-</span> 
     </span>
     <span class='ocr_line' id='line_1_24' title="bbox 1094 592 1832 640; baseline 0.009 -17"><span class='ocrx_word' id='word_1_114' title='bbox 1094 592 1205 631; x_wconf 90' lang='lat' dir='ltr'>cessis,</span> <span class='ocrx_word' id='word_1_115' title='bbox 1233 594 1420 636; x_wconf 81' lang='lat' dir='ltr'>approbatis</span> <span class='ocrx_word' id='word_1_116' title='bbox 1448 600 1475 626; x_wconf 85' lang='lat' dir='ltr'>et</span> <span class='ocrx_word' id='word_1_117' title='bbox 1505 596 1686 637; x_wconf 82' lang='lat' dir='ltr'>innovatis;</span> <span class='ocrx_word' id='word_1_118' title='bbox 1717 598 1832 640; x_wconf 83' lang='lat' dir='ltr'>quibus</span> 
     </span>
     <span class='ocr_line' id='line_1_25' title="bbox 1094 645 1833 692; baseline 0.009 -16"><span class='ocrx_word' id='word_1_119' title='bbox 1094 645 1244 677; x_wconf 87' lang='lat' dir='ltr'>omnibus</span> <span class='ocrx_word' id='word_1_120' title='bbox 1272 651 1302 677; x_wconf 90' lang='lat' dir='ltr'>et</span> <span class='ocrx_word' id='word_1_121' title='bbox 1333 647 1482 689; x_wconf 68' lang='lat' dir='ltr'>singulis,</span> <span class='ocrx_word' id='word_1_122' title='bbox 1516 649 1641 681; x_wconf 83' lang='lat' dir='ltr'>etiamsi</span> <span class='ocrx_word' id='word_1_123' title='bbox 1678 660 1738 692; x_wconf 84' lang='lat' dir='ltr'>pro</span> <span class='ocrx_word' id='word_1_124' title='bbox 1770 651 1833 683; x_wconf 85' lang='lat' dir='ltr'>sus—</span> 
     </span>
     <span class='ocr_line' id='line_1_26' title="bbox 1093 696 1833 742; baseline 0.011 -15"><span class='ocrx_word' id='word_1_125' title='bbox 1093 696 1212 729; x_wconf 77' lang='lat' dir='ltr'>ticienti</span> <span class='ocrx_word' id='word_1_126' title='bbox 1236 698 1367 731; x_wconf 88' lang='lat' dir='ltr'>illorum</span> <span class='ocrx_word' id='word_1_127' title='bbox 1390 700 1602 742; x_wconf 66' lang='lat' dir='ltr'>derogatione</span> <span class='ocrx_word' id='word_1_128' title='bbox 1622 703 1661 734; x_wconf 85' lang='lat' dir='ltr'>de</span> <span class='ocrx_word' id='word_1_129' title='bbox 1687 702 1751 735; x_wconf 88' lang='lat' dir='ltr'>illis</span> <span class='ocrx_word' id='word_1_130' title='bbox 1778 714 1833 735; x_wconf 89' lang='lat' dir='ltr'>eo—</span> 
     </span>
     <span class='ocr_line' id='line_1_27' title="bbox 1093 751 1832 797; baseline 0.009 -16"><span class='ocrx_word' id='word_1_131' title='bbox 1093 760 1228 793; x_wconf 80' lang='lat' dir='ltr'>rumque</span> <span class='ocrx_word' id='word_1_132' title='bbox 1248 751 1322 784; x_wconf 81' lang='lat' dir='ltr'>totis</span> <span class='ocrx_word' id='word_1_133' title='bbox 1342 753 1509 785; x_wconf 85' lang='lat' dir='ltr'>tenoribus</span> <span class='ocrx_word' id='word_1_134' title='bbox 1527 754 1685 796; x_wconf 76' lang='lat' dir='ltr'>specialis,</span> <span class='ocrx_word' id='word_1_135' title='bbox 1705 756 1832 797; x_wconf 77' lang='lat' dir='ltr'>specili-</span> 
     </span>
     <span class='ocr_line' id='line_1_28' title="bbox 1093 804 1830 845; baseline 0.009 -12"><span class='ocrx_word' id='word_1_136' title='bbox 1093 812 1140 841; x_wconf 85' lang='lat' dir='ltr'>ca,</span> <span class='ocrx_word' id='word_1_137' title='bbox 1155 813 1311 845; x_wconf 62' lang='lat' dir='ltr'>expressa</span> <span class='ocrx_word' id='word_1_138' title='bbox 1325 810 1355 837; x_wconf 86' lang='lat' dir='ltr'>et</span> <span class='ocrx_word' id='word_1_139' title='bbox 1373 804 1554 845; x_wconf 74' lang='lat' dir='ltr'>individua,</span> <span class='ocrx_word' id='word_1_140' title='bbox 1570 817 1605 838; x_wconf 86' lang='lat' dir='ltr'>ac</span> <span class='ocrx_word' id='word_1_141' title='bbox 1621 807 1658 839; x_wconf 88' lang='lat' dir='ltr'>de</span> <span class='ocrx_word' id='word_1_142' title='bbox 1675 808 1774 840; x_wconf 86' lang='lat' dir='ltr'>verbo</span> <span class='ocrx_word' id='word_1_143' title='bbox 1792 808 1830 840; x_wconf 89' lang='lat' dir='ltr'>ad</span> 
     </span>
     <span class='ocr_line' id='line_1_29' title="bbox 1094 855 1831 901; baseline 0.009 -16"><span class='ocrx_word' id='word_1_144' title='bbox 1094 855 1234 895; x_wconf 82' lang='lat' dir='ltr'>verbnm,</span> <span class='ocrx_word' id='word_1_145' title='bbox 1254 866 1319 889; x_wconf 80' lang='lat' dir='ltr'>non</span> <span class='ocrx_word' id='word_1_146' title='bbox 1338 863 1444 889; x_wconf 73' lang='lat' dir='ltr'>auti-m</span> <span class='ocrx_word' id='word_1_147' title='bbox 1469 869 1528 900; x_wconf 88' lang='lat' dir='ltr'>per</span> <span class='ocrx_word' id='word_1_148' title='bbox 1553 860 1715 892; x_wconf 76' lang='lat' dir='ltr'>clausulas</span> <span class='ocrx_word' id='word_1_149' title='bbox 1734 870 1831 901; x_wconf 78' lang='lat' dir='ltr'>gene-</span> 
     </span>
    </p>
   </div>
   <div class='ocr_carea' id='block_1_6' title="bbox 1070 235 1075 904">
    <p class='ocr_par' dir='ltr' id='par_1_7' title="bbox 1070 235 1075 904">
     <span class='ocr_line' id='line_1_30' title="bbox 1070 235 1075 904; baseline 0 0"><span class='ocrx_word' id='word_1_150' title='bbox 1070 235 1075 904; x_wconf 95' lang='lat' dir='ltr'> </span> 
     </span>
    </p>
   </div>
   <div class='ocr_carea' id='block_1_7' title="bbox 1733 172 2027 208">
    <p class='ocr_par' dir='ltr' id='par_1_8' title="bbox 1733 172 2027 208">
     <span class='ocr_line' id='line_1_31' title="bbox 1733 172 2027 208; baseline 0.003 -3"><span class='ocrx_word' id='word_1_151' title='bbox 1733 172 1792 206; x_wconf 74' lang='lat'>381</span> <span class='ocrx_word' id='word_1_152' title='bbox 1842 182 1894 208; x_wconf 78' lang='lat' dir='ltr'>An.</span> <span class='ocrx_word' id='word_1_153' title='bbox 1913 180 1942 208; x_wconf 88' lang='lat' dir='ltr'>c.</span> <span class='ocrx_word' id='word_1_154' title='bbox 1961 180 2027 207; x_wconf 73' lang='lat'>¹665</span> 
     </span>
    </p>
   </div>
   <div class='ocr_carea' id='block_1_8' title="bbox 115 894 1831 955">
    <p class='ocr_par' dir='ltr' id='par_1_9' title="bbox 115 894 1831 955">
     <span class='ocr_line' id='line_1_32' title="bbox 115 894 1831 955; baseline 0.006 -21"><span class='ocrx_word' id='word_1_155' title='bbox 115 894 189 914; x_wconf 69' lang='lat' dir='ltr'>mm.</span> <span class='ocrx_word' id='word_1_156' title='bbox 309 909 436 941; x_wconf 54' lang='lat' dir='ltr'>litteras</span> <span class='ocrx_word' id='word_1_157' title='bbox 455 919 581 952; x_wconf 57' lang='lat' dir='ltr'>sempor</span> <span class='ocrx_word' id='word_1_158' title='bbox 607 912 723 947; x_wconf 54' lang='lat' dir='ltr'>til-mag„</span> <span class='ocrx_word' id='word_1_159' title='bbox 749 910 870 943; x_wconf 65' lang='lat' dir='ltr'>valida&lt;</span> <span class='ocrx_word' id='word_1_160' title='bbox 896 916 925 942; x_wconf 56' lang='lat' dir='ltr'>(ft</span> <span class='ocrx_word' id='word_1_161' title='bbox 945 911 1049 943; x_wconf 69' lang='lat' dir='ltr'>cffica-</span> <span class='ocrx_word' id='word_1_162' title='bbox 1093 909 1177 940; x_wconf 85' lang='lat' dir='ltr'>rales</span> <span class='ocrx_word' id='word_1_163' title='bbox 1193 910 1278 941; x_wconf 86' lang='lat' dir='ltr'>idem</span> <span class='ocrx_word' id='word_1_164' title='bbox 1294 909 1515 953; x_wconf 85' lang='lat' dir='ltr'>importantes,</span> <span class='ocrx_word' id='word_1_165' title='bbox 1527 912 1648 944; x_wconf 90' lang='lat' dir='ltr'>mentio</span> <span class='ocrx_word' id='word_1_166' title='bbox 1660 923 1716 945; x_wconf 85' lang='lat' dir='ltr'>sen</span> <span class='ocrx_word' id='word_1_167' title='bbox 1733 923 1831 955; x_wconf 84' lang='lat' dir='ltr'>qnae-</span> 
     </span>
    </p>
   </div>
   <div class='ocr_carea' id='block_1_9' title="bbox 309 960 1831 1057">
    <p class='ocr_par' dir='ltr' id='par_1_10' title="bbox 309 960 1831 1057">
     <span class='ocr_line' id='line_1_33' title="bbox 309 960 1831 1007; baseline 0.002 -13"><span class='ocrx_word' id='word_1_168' title='bbox 309 972 361 993; x_wconf 84' lang='lat' dir='ltr'>ces</span> <span class='ocrx_word' id='word_1_169' title='bbox 388 962 527 994; x_wconf 77' lang='lat' dir='ltr'>existere</span> <span class='ocrx_word' id='word_1_170' title='bbox 555 968 586 994; x_wconf 89' lang='lat' dir='ltr'>et</span> <span class='ocrx_word' id='word_1_171' title='bbox 611 963 688 1003; x_wconf 77' lang='lat' dir='ltr'>sore,</span> <span class='ocrx_word' id='word_1_172' title='bbox 715 974 853 1006; x_wconf 83' lang='lat' dir='ltr'>suosque</span> <span class='ocrx_word' id='word_1_173' title='bbox 883 965 1047 1007; x_wconf 85' lang='lat' dir='ltr'>plenarios</span> <span class='ocrx_word' id='word_1_174' title='bbox 1070 977 1071 993; x_wconf 78' lang='lat' dir='ltr'>t</span> <span class='ocrx_word' id='word_1_175' title='bbox 1091 960 1137 993; x_wconf 76' lang='lat' dir='ltr'>vis</span> <span class='ocrx_word' id='word_1_176' title='bbox 1164 962 1334 1005; x_wconf 69' lang='lat' dir='ltr'>expressio</span> <span class='ocrx_word' id='word_1_177' title='bbox 1361 963 1510 996; x_wconf 84' lang='lat' dir='ltr'>habenda</span> <span class='ocrx_word' id='word_1_178' title='bbox 1532 970 1586 996; x_wconf 85' lang='lat' dir='ltr'>ant</span> <span class='ocrx_word' id='word_1_179' title='bbox 1607 975 1831 1007; x_wconf 85' lang='lat' dir='ltr'>quaecumque</span> 
     </span>
     <span class='ocr_line' id='line_1_34' title="bbox 309 1000 1830 1057; baseline 0.003 -11"><span class='ocrx_word' id='word_1_180' title='bbox 309 1019 337 1046; x_wconf 86' lang='lat' dir='ltr'>et</span> <span class='ocrx_word' id='word_1_181' title='bbox 365 1013 507 1056; x_wconf 74' lang='lat' dir='ltr'>integros</span> <span class='ocrx_word' id='word_1_182' title='bbox 532 1014 664 1047; x_wconf 80' lang='lat' dir='ltr'>etl&#39;ectus</span> <span class='ocrx_word' id='word_1_183' title='bbox 689 1016 794 1048; x_wconf 87' lang='lat' dir='ltr'>sortiri</span> <span class='ocrx_word' id='word_1_184' title='bbox 821 1021 851 1048; x_wconf 88' lang='lat' dir='ltr'>et</span> <span class='ocrx_word' id='word_1_185' title='bbox 875 1017 1046 1056; x_wconf 81' lang='lat' dir='ltr'>obtinere,</span> <span class='ocrx_word' id='word_1_186' title='bbox 1068 1000 1072 1052; x_wconf 77' lang='grc' dir='ltr'>Ι</span> <span class='ocrx_word' id='word_1_187' title='bbox 1091 1013 1153 1045; x_wconf 88' lang='lat' dir='ltr'>alia</span> <span class='ocrx_word' id='word_1_188' title='bbox 1179 1014 1336 1057; x_wconf 81' lang='lat' dir='ltr'>exquisita</span> <span class='ocrx_word' id='word_1_189' title='bbox 1370 1016 1474 1048; x_wconf 81' lang='lat' dir='ltr'>forma</span> <span class='ocrx_word' id='word_1_190' title='bbox 1507 1017 1545 1048; x_wconf 83' lang='lat' dir='ltr'>ad</span> <span class='ocrx_word' id='word_1_191' title='bbox 1581 1017 1642 1049; x_wconf 90' lang='lat' dir='ltr'>hoe</span> <span class='ocrx_word' id='word_1_192' title='bbox 1669 1018 1830 1050; x_wconf 84' lang='lat' dir='ltr'>servanda</span> 
     </span>
    </p>
   </div>
   <div class='ocr_carea' id='block_1_10' title="bbox 112 1917 294 1970">
    <p class='ocr_par' dir='ltr' id='par_1_11' title="bbox 112 1917 294 1970">
     <span class='ocr_line' id='line_1_35' title="bbox 134 1917 294 1938; baseline 0 -1"><span class='ocrx_word' id='word_1_193' title='bbox 134 1917 249 1938; x_wconf 77' lang='lat' dir='ltr'>Contrariis</span> <span class='ocrx_word' id='word_1_194' title='bbox 259 1917 294 1937; x_wconf 81' lang='lat' dir='ltr'>de·</span> 
     </span>
     <span class='ocr_line' id='line_1_36' title="bbox 112 1946 178 1970; baseline -0.015 -5"><span class='ocrx_word' id='word_1_195' title='bbox 112 1946 178 1970; x_wconf 61' lang='lat' dir='ltr'>rugat.</span> 
     </span>
    </p>
   </div>
   <div class='ocr_carea' id='block_1_11' title="bbox 304 1066 1049 2061">
    <p class='ocr_par' dir='ltr' id='par_1_12' title="bbox 304 1066 1049 1900">
     <span class='ocr_line' id='line_1_37' title="bbox 308 1066 1046 1113; baseline 0.004 -15"><span class='ocrx_word' id='word_1_196' title='bbox 308 1077 342 1098; x_wconf 88' lang='lat' dir='ltr'>ac</span> <span class='ocrx_word' id='word_1_197' title='bbox 368 1066 443 1105; x_wconf 90' lang='lat' dir='ltr'>illis,</span> <span class='ocrx_word' id='word_1_198' title='bbox 467 1067 504 1099; x_wconf 87' lang='lat' dir='ltr'>ad</span> <span class='ocrx_word' id='word_1_199' title='bbox 532 1078 609 1110; x_wconf 77' lang='lat' dir='ltr'>quas</span> <span class='ocrx_word' id='word_1_200' title='bbox 629 1079 683 1100; x_wconf 86' lang='lat' dir='ltr'>seu</span> <span class='ocrx_word' id='word_1_201' title='bbox 704 1079 783 1111; x_wconf 84' lang='lat' dir='ltr'>quos</span> <span class='ocrx_word' id='word_1_202' title='bbox 801 1074 922 1112; x_wconf 78' lang='lat' dir='ltr'>spectat</span> <span class='ocrx_word' id='word_1_203' title='bbox 940 1075 968 1101; x_wconf 87' lang='lat' dir='ltr'>ct</span> <span class='ocrx_word' id='word_1_204' title='bbox 987 1081 1046 1113; x_wconf 91' lang='lat' dir='ltr'>pro</span> 
     </span>
     <span class='ocr_line' id='line_1_38' title="bbox 308 1121 1049 1165; baseline 0.005 -14"><span class='ocrx_word' id='word_1_205' title='bbox 308 1125 451 1162; x_wconf 82' lang='lat' dir='ltr'>tempore</span> <span class='ocrx_word' id='word_1_206' title='bbox 478 1121 745 1164; x_wconf 65' lang='lat' dir='ltr'>quandocumque</span> <span class='ocrx_word' id='word_1_207' title='bbox 775 1123 954 1164; x_wconf 82' lang='lat' dir='ltr'>spectabit,</span> <span class='ocrx_word' id='word_1_208' title='bbox 981 1124 1049 1165; x_wconf 89' lang='lat' dir='ltr'>ple-</span> 
     </span>
     <span class='ocr_line' id='line_1_39' title="bbox 307 1173 1045 1218; baseline 0.005 -14"><span class='ocrx_word' id='word_1_209' title='bbox 307 1173 438 1205; x_wconf 86' lang='lat' dir='ltr'>nissime</span> <span class='ocrx_word' id='word_1_210' title='bbox 464 1173 641 1216; x_wconf 74' lang='lat' dir='ltr'>sutl&#39;ragari,</span> <span class='ocrx_word' id='word_1_211' title='bbox 658 1180 689 1206; x_wconf 90' lang='lat' dir='ltr'>et</span> <span class='ocrx_word' id='word_1_212' title='bbox 712 1175 750 1206; x_wconf 85' lang='lat' dir='ltr'>ab</span> <span class='ocrx_word' id='word_1_213' title='bbox 777 1175 840 1207; x_wconf 89' lang='lat' dir='ltr'>illis</span> <span class='ocrx_word' id='word_1_214' title='bbox 866 1177 1045 1218; x_wconf 75' lang='lat' dir='ltr'>respective</span> 
     </span>
     <span class='ocr_line' id='line_1_40' title="bbox 309 1225 1046 1270; baseline 0.005 -14"><span class='ocrx_word' id='word_1_215' title='bbox 309 1225 539 1258; x_wconf 81' lang='lat' dir='ltr'>inviolabiliter</span> <span class='ocrx_word' id='word_1_216' title='bbox 574 1226 757 1266; x_wconf 74' lang='lat' dir='ltr'>observari,</span> <span class='ocrx_word' id='word_1_217' title='bbox 793 1228 901 1270; x_wconf 81' lang='lat' dir='ltr'>sicque</span> <span class='ocrx_word' id='word_1_218' title='bbox 928 1233 958 1259; x_wconf 88' lang='lat' dir='ltr'>et</span> <span class='ocrx_word' id='word_1_219' title='bbox 982 1239 1046 1261; x_wconf 90' lang='lat' dir='ltr'>non</span> 
     </span>
     <span class='ocr_line' id='line_1_41' title="bbox 307 1278 1047 1324; baseline 0.004 -14"><span class='ocrx_word' id='word_1_220' title='bbox 307 1279 402 1310; x_wconf 86' lang='lat' dir='ltr'>aliter</span> <span class='ocrx_word' id='word_1_221' title='bbox 425 1278 456 1310; x_wconf 92' lang='lat' dir='ltr'>in</span> <span class='ocrx_word' id='word_1_222' title='bbox 473 1279 659 1321; x_wconf 80' lang='lat' dir='ltr'>praemissis</span> <span class='ocrx_word' id='word_1_223' title='bbox 678 1290 737 1322; x_wconf 88' lang='lat' dir='ltr'>per</span> <span class='ocrx_word' id='word_1_224' title='bbox 755 1290 977 1324; x_wconf 73' lang='lat' dir='ltr'>quoscumque</span> <span class='ocrx_word' id='word_1_225' title='bbox 1001 1281 1047 1313; x_wconf 94' lang='lat' dir='ltr'>iu-</span> 
     </span>
     <span class='ocr_line' id='line_1_42' title="bbox 308 1331 1047 1373; baseline 0.003 -10"><span class='ocrx_word' id='word_1_226' title='bbox 308 1331 395 1363; x_wconf 88' lang='lat' dir='ltr'>dices</span> <span class='ocrx_word' id='word_1_227' title='bbox 421 1331 603 1364; x_wconf 84' lang='lat' dir='ltr'>ordinarios</span> <span class='ocrx_word' id='word_1_228' title='bbox 622 1336 654 1363; x_wconf 85' lang='lat' dir='ltr'>et</span> <span class='ocrx_word' id='word_1_229' title='bbox 672 1332 848 1373; x_wconf 62' lang='lat' dir='ltr'>delegatos,</span> <span class='ocrx_word' id='word_1_230' title='bbox 864 1333 958 1365; x_wconf 85' lang='lat' dir='ltr'>etiam</span> <span class='ocrx_word' id='word_1_231' title='bbox 975 1344 1047 1365; x_wconf 84' lang='lat' dir='ltr'>cau-</span> 
     </span>
     <span class='ocr_line' id='line_1_43' title="bbox 307 1383 1047 1426; baseline 0.005 -12"><span class='ocrx_word' id='word_1_232' title='bbox 307 1393 413 1415; x_wconf 84' lang='lat' dir='ltr'>sarum</span> <span class='ocrx_word' id='word_1_233' title='bbox 451 1383 561 1426; x_wconf 85' lang='lat' dir='ltr'>palatii</span> <span class='ocrx_word' id='word_1_234' title='bbox 598 1385 765 1426; x_wconf 83' lang='lat' dir='ltr'>apostolici</span> <span class='ocrx_word' id='word_1_235' title='bbox 803 1386 986 1424; x_wconf 74' lang='lat' dir='ltr'>auditores,</span> <span class='ocrx_word' id='word_1_236' title='bbox 1011 1397 1047 1418; x_wconf 83' lang='lat' dir='ltr'>ae</span> 
     </span>
     <span class='ocr_line' id='line_1_44' title="bbox 306 1436 1044 1479; baseline 0.003 -12"><span class='ocrx_word' id='word_1_237' title='bbox 306 1441 436 1468; x_wconf 86' lang='lat' dir='ltr'>sanetae</span> <span class='ocrx_word' id='word_1_238' title='bbox 469 1436 631 1469; x_wconf 76' lang='lat' dir='ltr'>Romanae</span> <span class='ocrx_word' id='word_1_239' title='bbox 660 1437 821 1470; x_wconf 78' lang='lat' dir='ltr'>Ecclesiae</span> <span class='ocrx_word' id='word_1_240' title='bbox 853 1438 1044 1479; x_wconf 71' lang='lat' dir='ltr'>cardinales,</span> 
     </span>
     <span class='ocr_line' id='line_1_45' title="bbox 306 1489 1045 1533; baseline 0.005 -13"><span class='ocrx_word' id='word_1_241' title='bbox 306 1489 404 1521; x_wconf 84' lang='lat' dir='ltr'>etiam</span> <span class='ocrx_word' id='word_1_242' title='bbox 430 1489 468 1521; x_wconf 89' lang='lat' dir='ltr'>de</span> <span class='ocrx_word' id='word_1_243' title='bbox 493 1490 594 1522; x_wconf 84' lang='lat' dir='ltr'>latere</span> <span class='ocrx_word' id='word_1_244' title='bbox 631 1490 754 1532; x_wconf 72' lang='lat' dir='ltr'>legatos</span> <span class='ocrx_word' id='word_1_245' title='bbox 780 1496 809 1522; x_wconf 89' lang='lat' dir='ltr'>et</span> <span class='ocrx_word' id='word_1_246' title='bbox 842 1491 1045 1533; x_wconf 80' lang='lat' dir='ltr'>Apostolicae</span> 
     </span>
     <span class='ocr_line' id='line_1_46' title="bbox 305 1540 1047 1582; baseline 0.003 -9"><span class='ocrx_word' id='word_1_247' title='bbox 305 1540 396 1574; x_wconf 84' lang='lat' dir='ltr'>Sedis</span> <span class='ocrx_word' id='word_1_248' title='bbox 422 1541 567 1582; x_wconf 87' lang='lat' dir='ltr'>nuncios,</span> <span class='ocrx_word' id='word_1_249' title='bbox 592 1542 716 1575; x_wconf 78' lang='lat' dir='ltr'>sublata</span> <span class='ocrx_word' id='word_1_250' title='bbox 739 1542 785 1574; x_wconf 91' lang='lat' dir='ltr'>eis</span> <span class='ocrx_word' id='word_1_251' title='bbox 804 1548 835 1575; x_wconf 91' lang='lat' dir='ltr'>et</span> <span class='ocrx_word' id='word_1_252' title='bbox 853 1553 964 1576; x_wconf 89' lang='lat' dir='ltr'>eorum</span> <span class='ocrx_word' id='word_1_253' title='bbox 982 1544 1047 1576; x_wconf 88' lang='lat' dir='ltr'>cni-</span> 
     </span>
     <span class='ocr_line' id='line_1_47' title="bbox 304 1594 1046 1640; baseline 0.005 -14"><span class='ocrx_word' id='word_1_254' title='bbox 304 1594 383 1627; x_wconf 88' lang='lat' dir='ltr'>libet</span> <span class='ocrx_word' id='word_1_255' title='bbox 404 1595 515 1637; x_wconf 82' lang='lat' dir='ltr'>quavis</span> <span class='ocrx_word' id='word_1_256' title='bbox 535 1595 629 1627; x_wconf 88' lang='lat' dir='ltr'>aliter</span> <span class='ocrx_word' id='word_1_257' title='bbox 646 1595 809 1628; x_wconf 86' lang='lat' dir='ltr'>iudicandi</span> <span class='ocrx_word' id='word_1_258' title='bbox 831 1602 863 1628; x_wconf 93' lang='lat' dir='ltr'>et</span> <span class='ocrx_word' id='word_1_259' title='bbox 886 1597 1046 1640; x_wconf 82' lang='lat' dir='ltr'>interpre-</span> 
     </span>
     <span class='ocr_line' id='line_1_48' title="bbox 304 1647 1046 1687; baseline 0.005 -9"><span class='ocrx_word' id='word_1_260' title='bbox 304 1647 393 1679; x_wconf 88' lang='lat' dir='ltr'>tandi</span> <span class='ocrx_word' id='word_1_261' title='bbox 420 1647 567 1679; x_wconf 80' lang='lat' dir='ltr'>facultate</span> <span class='ocrx_word' id='word_1_262' title='bbox 586 1652 615 1680; x_wconf 87' lang='lat' dir='ltr'>et</span> <span class='ocrx_word' id='word_1_263' title='bbox 642 1648 839 1687; x_wconf 88' lang='lat' dir='ltr'>auctoritate,</span> <span class='ocrx_word' id='word_1_264' title='bbox 860 1648 996 1681; x_wconf 84' lang='lat' dir='ltr'>indicari</span> <span class='ocrx_word' id='word_1_265' title='bbox 1015 1655 1046 1682; x_wconf 87' lang='lat' dir='ltr'>et</span> 
     </span>
     <span class='ocr_line' id='line_1_49' title="bbox 305 1698 1045 1739; baseline 0.005 -8"><span class='ocrx_word' id='word_1_266' title='bbox 305 1698 431 1731; x_wconf 80' lang='lat' dir='ltr'>definiri</span> <span class='ocrx_word' id='word_1_267' title='bbox 466 1700 604 1739; x_wconf 84' lang='lat' dir='ltr'>debere,</span> <span class='ocrx_word' id='word_1_268' title='bbox 630 1710 664 1732; x_wconf 84' lang='lat' dir='ltr'>ac</span> <span class='ocrx_word' id='word_1_269' title='bbox 689 1700 815 1732; x_wconf 86' lang='lat' dir='ltr'>irritum</span> <span class='ocrx_word' id='word_1_270' title='bbox 842 1706 874 1733; x_wconf 90' lang='lat' dir='ltr'>et</span> <span class='ocrx_word' id='word_1_271' title='bbox 899 1701 993 1735; x_wconf 88' lang='lat' dir='ltr'>inane</span> <span class='ocrx_word' id='word_1_272' title='bbox 1020 1702 1045 1734; x_wconf 86' lang='lat' dir='ltr'>si</span> 
     </span>
     <span class='ocr_line' id='line_1_50' title="bbox 305 1752 1046 1796; baseline 0.005 -13"><span class='ocrx_word' id='word_1_273' title='bbox 305 1762 398 1784; x_wconf 88' lang='lat' dir='ltr'>secus</span> <span class='ocrx_word' id='word_1_274' title='bbox 424 1763 523 1795; x_wconf 85' lang='lat' dir='ltr'>super</span> <span class='ocrx_word' id='word_1_275' title='bbox 549 1752 600 1785; x_wconf 91' lang='lat' dir='ltr'>his</span> <span class='ocrx_word' id='word_1_276' title='bbox 625 1764 641 1785; x_wconf 87' lang='lat' dir='ltr'>a</span> <span class='ocrx_word' id='word_1_277' title='bbox 667 1764 841 1796; x_wconf 86' lang='lat' dir='ltr'>quoquam,</span> <span class='ocrx_word' id='word_1_278' title='bbox 860 1754 970 1796; x_wconf 80' lang='lat' dir='ltr'>quavis</span> <span class='ocrx_word' id='word_1_279' title='bbox 997 1766 1046 1788; x_wconf 90' lang='lat' dir='ltr'>au-</span> 
     </span>
     <span class='ocr_line' id='line_1_51' title="bbox 305 1805 1046 1848; baseline 0.007 -12"><span class='ocrx_word' id='word_1_280' title='bbox 305 1805 461 1844; x_wconf 86' lang='lat' dir='ltr'>ctoritate,</span> <span class='ocrx_word' id='word_1_281' title='bbox 488 1805 630 1838; x_wconf 79' lang='lat' dir='ltr'>scienter</span> <span class='ocrx_word' id='word_1_282' title='bbox 655 1807 703 1839; x_wconf 78' lang='lat' dir='ltr'>vel</span> <span class='ocrx_word' id='word_1_283' title='bbox 729 1806 929 1848; x_wconf 79' lang='lat' dir='ltr'>ignoranter,</span> <span class='ocrx_word' id='word_1_284' title='bbox 950 1808 1046 1841; x_wconf 87' lang='lat' dir='ltr'>conti-</span> 
     </span>
     <span class='ocr_line' id='line_1_52' title="bbox 306 1853 575 1900; baseline 0.004 -10"><span class='ocrx_word' id='word_1_285' title='bbox 306 1858 388 1900; x_wconf 77' lang='lat' dir='ltr'>gerit</span> <span class='ocrx_word' id='word_1_286' title='bbox 413 1853 575 1891; x_wconf 82' lang='lat' dir='ltr'>attentari.</span> 
     </span>
    </p>

    <p class='ocr_par' dir='ltr' id='par_1_13' title="bbox 306 1910 1044 2061">
     <span class='ocr_line' id='line_1_53' title="bbox 349 1910 1044 1957; baseline 0.004 -14"><span class='ocrx_word' id='word_1_287' title='bbox 349 1911 363 1953; x_wconf 62' lang='lat' dir='ltr'>g</span> <span class='ocrx_word' id='word_1_288' title='bbox 387 1910 417 1943; x_wconf 83' lang='lat'>5.</span> <span class='ocrx_word' id='word_1_289' title='bbox 440 1910 509 1943; x_wconf 79' lang='lat' dir='ltr'>Non</span> <span class='ocrx_word' id='word_1_290' title='bbox 531 1911 751 1952; x_wconf 78' lang='lat' dir='ltr'>obstantibus,</span> <span class='ocrx_word' id='word_1_291' title='bbox 778 1917 937 1955; x_wconf 88' lang='lat' dir='ltr'>quatenus</span> <span class='ocrx_word' id='word_1_292' title='bbox 963 1923 1044 1957; x_wconf 85' lang='lat' dir='ltr'>opus</span> 
     </span>
     <span class='ocr_line' id='line_1_54' title="bbox 306 1963 1044 2009; baseline 0.007 -14"><span class='ocrx_word' id='word_1_293' title='bbox 306 1963 362 2003; x_wconf 81' lang='lat' dir='ltr'>sit,</span> <span class='ocrx_word' id='word_1_294' title='bbox 389 1966 501 1996; x_wconf 82' lang='lat' dir='ltr'>nostra</span> <span class='ocrx_word' id='word_1_295' title='bbox 531 1970 563 1997; x_wconf 84' lang='lat' dir='ltr'>et</span> <span class='ocrx_word' id='word_1_296' title='bbox 594 1965 811 1998; x_wconf 82' lang='lat' dir='ltr'>cancellariae</span> <span class='ocrx_word' id='word_1_297' title='bbox 844 1967 1044 2009; x_wconf 85' lang='lat' dir='ltr'>apostolieae</span> 
     </span>
     <span class='ocr_line' id='line_1_55' title="bbox 306 2017 1044 2061; baseline 0.007 -13"><span class='ocrx_word' id='word_1_298' title='bbox 306 2018 419 2059; x_wconf 77' lang='lat' dir='ltr'>regula</span> <span class='ocrx_word' id='word_1_299' title='bbox 445 2017 483 2050; x_wconf 87' lang='lat' dir='ltr'>de</span> <span class='ocrx_word' id='word_1_300' title='bbox 504 2027 570 2051; x_wconf 90' lang='lat' dir='ltr'>non</span> <span class='ocrx_word' id='word_1_301' title='bbox 589 2018 808 2051; x_wconf 86' lang='lat' dir='ltr'>concedendis</span> <span class='ocrx_word' id='word_1_302' title='bbox 833 2019 1044 2061; x_wconf 78' lang='lat' dir='ltr'>indulgentiis</span> 
     </span>
    </p>
   </div>
   <div class='ocr_carea' id='block_1_12' title="bbox 306 2070 1068 2167">
    <p class='ocr_par' dir='ltr' id='par_1_14' title="bbox 306 2070 1068 2167">
     <span class='ocr_line' id='line_1_56' title="bbox 307 2070 1068 2113; baseline 0.007 -12"><span class='ocrx_word' id='word_1_303' title='bbox 307 2070 346 2102; x_wconf 89' lang='lat' dir='ltr'>ad</span> <span class='ocrx_word' id='word_1_304' title='bbox 380 2070 499 2109; x_wconf 88' lang='lat' dir='ltr'>instar,</span> <span class='ocrx_word' id='word_1_305' title='bbox 526 2070 663 2113; x_wconf 84' lang='lat' dir='ltr'>aliisque</span> <span class='ocrx_word' id='word_1_306' title='bbox 693 2071 980 2105; x_wconf 75' lang='lat' dir='ltr'>constitutionilms</span> <span class='ocrx_word' id='word_1_307' title='bbox 1016 2079 1068 2106; x_wconf 68' lang='lat' dir='ltr'>et⁴</span> 
     </span>
     <span class='ocr_line' id='line_1_57' title="bbox 306 2123 1068 2167; baseline 0.001 -12"><span class='ocrx_word' id='word_1_308' title='bbox 306 2123 566 2156; x_wconf 82' lang='lat' dir='ltr'>ordinationibus</span> <span class='ocrx_word' id='word_1_309' title='bbox 592 2124 790 2167; x_wconf 87' lang='lat' dir='ltr'>apostolicis,</span> <span class='ocrx_word' id='word_1_310' title='bbox 816 2132 943 2159; x_wconf 86' lang='lat' dir='ltr'>necnon</span> <span class='ocrx_word' id='word_1_311' title='bbox 970 2126 1045 2159; x_wconf 88' lang='lat' dir='ltr'>dicti</span> <span class='ocrx_word' id='word_1_312' title='bbox 1066 2146 1068 2156; x_wconf 55' lang='grc'><strong>1</strong></span> 
     </span>
    </p>
   </div>
   <div class='ocr_carea' id='block_1_13' title="bbox 306 2174 1046 2589">
    <p class='ocr_par' dir='ltr' id='par_1_15' title="bbox 306 2174 1046 2589">
     <span class='ocr_line' id='line_1_58' title="bbox 306 2174 1046 2220; baseline 0.005 -13"><span class='ocrx_word' id='word_1_313' title='bbox 306 2174 447 2215; x_wconf 89' lang='lat' dir='ltr'>Ordinis,</span> <span class='ocrx_word' id='word_1_314' title='bbox 474 2181 507 2208; x_wconf 87' lang='lat' dir='ltr'>et</span> <span class='ocrx_word' id='word_1_315' title='bbox 531 2175 603 2209; x_wconf 86' lang='lat' dir='ltr'>aliis</span> <span class='ocrx_word' id='word_1_316' title='bbox 630 2176 813 2220; x_wconf 74' lang='lat' dir='ltr'>quibusviS,</span> <span class='ocrx_word' id='word_1_317' title='bbox 842 2177 939 2211; x_wconf 87' lang='lat' dir='ltr'>etiam</span> <span class='ocrx_word' id='word_1_318' title='bbox 962 2178 1046 2211; x_wconf 87' lang='lat' dir='ltr'>iura-</span> 
     </span>
     <span class='ocr_line' id='line_1_59' title="bbox 306 2229 1046 2275; baseline 0.005 -15"><span class='ocrx_word' id='word_1_319' title='bbox 306 2234 425 2268; x_wconf 85' lang='lat' dir='ltr'>mento,</span> <span class='ocrx_word' id='word_1_320' title='bbox 441 2229 686 2262; x_wconf 85' lang='lat' dir='ltr'>confirmatione</span> <span class='ocrx_word' id='word_1_321' title='bbox 705 2230 954 2273; x_wconf 66' lang='lat' dir='ltr'>apostolica‚vel</span> <span class='ocrx_word' id='word_1_322' title='bbox 970 2242 1046 2275; x_wconf 83' lang='lat' dir='ltr'>qua-</span> 
     </span>
     <span class='ocr_line' id='line_1_60' title="bbox 306 2280 1046 2323; baseline 0.005 -11"><span class='ocrx_word' id='word_1_323' title='bbox 306 2281 353 2313; x_wconf 80' lang='lat' dir='ltr'>vis</span> <span class='ocrx_word' id='word_1_324' title='bbox 379 2280 531 2314; x_wconf 80' lang='lat' dir='ltr'>firmitate</span> <span class='ocrx_word' id='word_1_325' title='bbox 564 2282 626 2314; x_wconf 74' lang='lat' dir='ltr'>alia</span> <span class='ocrx_word' id='word_1_326' title='bbox 649 2284 812 2316; x_wconf 88' lang='lat' dir='ltr'>roboratis</span> <span class='ocrx_word' id='word_1_327' title='bbox 828 2311 835 2323; x_wconf 95' lang='lat'>,</span> <span class='ocrx_word' id='word_1_328' title='bbox 863 2285 990 2316; x_wconf 84' lang='lat' dir='ltr'>statutis</span> <span class='ocrx_word' id='word_1_329' title='bbox 1015 2290 1046 2317; x_wconf 88' lang='lat' dir='ltr'>et</span> 
     </span>
     <span class='ocr_line' id='line_1_61' title="bbox 307 2334 1046 2379; baseline 0.004 -13"><span class='ocrx_word' id='word_1_330' title='bbox 307 2334 610 2375; x_wconf 83' lang='lat' dir='ltr'>consuetudinibus,</span> <span class='ocrx_word' id='word_1_331' title='bbox 636 2335 815 2378; x_wconf 74' lang='lat' dir='ltr'>privilegiis</span> <span class='ocrx_word' id='word_1_332' title='bbox 840 2347 976 2379; x_wconf 84' lang='lat' dir='ltr'>qnoque,</span> <span class='ocrx_word' id='word_1_333' title='bbox 998 2336 1046 2369; x_wconf 88' lang='lat' dir='ltr'>in-</span> 
     </span>
     <span class='ocr_line' id='line_1_62' title="bbox 309 2386 1045 2430; baseline 0.004 -11"><span class='ocrx_word' id='word_1_334' title='bbox 309 2386 406 2419; x_wconf 88' lang='lat' dir='ltr'>dultis</span> <span class='ocrx_word' id='word_1_335' title='bbox 423 2392 455 2419; x_wconf 90' lang='lat' dir='ltr'>et</span> <span class='ocrx_word' id='word_1_336' title='bbox 471 2387 585 2420; x_wconf 87' lang='lat' dir='ltr'>litteris</span> <span class='ocrx_word' id='word_1_337' title='bbox 608 2388 795 2430; x_wconf 81' lang='lat' dir='ltr'>apostolicis</span> <span class='ocrx_word' id='word_1_338' title='bbox 812 2389 916 2422; x_wconf 89' lang='lat' dir='ltr'>eidem</span> <span class='ocrx_word' id='word_1_339' title='bbox 934 2389 1045 2422; x_wconf 91' lang='lat' dir='ltr'>Ordini</span> 
     </span>
     <span class='ocr_line' id='line_1_63' title="bbox 309 2439 1046 2485; baseline 0.004 -13"><span class='ocrx_word' id='word_1_340' title='bbox 309 2439 443 2483; x_wconf 85' lang='lat' dir='ltr'>eiusque</span> <span class='ocrx_word' id='word_1_341' title='bbox 469 2441 694 2484; x_wconf 74' lang='lat' dir='ltr'>superioribus</span> <span class='ocrx_word' id='word_1_342' title='bbox 714 2442 864 2474; x_wconf 84' lang='lat' dir='ltr'>fratribus</span> <span class='ocrx_word' id='word_1_343' title='bbox 883 2447 915 2475; x_wconf 85' lang='lat' dir='ltr'>et</span> <span class='ocrx_word' id='word_1_344' title='bbox 931 2453 1046 2485; x_wconf 81' lang='lat' dir='ltr'>perso-</span> 
     </span>
     <span class='ocr_line' id='line_1_64' title="bbox 308 2493 1046 2538; baseline 0.003 -13"><span class='ocrx_word' id='word_1_345' title='bbox 308 2493 369 2533; x_wconf 86' lang='lat' dir='ltr'>nis,</span> <span class='ocrx_word' id='word_1_346' title='bbox 383 2493 493 2526; x_wconf 80' lang='lat' dir='ltr'>aliisve</span> <span class='ocrx_word' id='word_1_347' title='bbox 520 2493 730 2538; x_wconf 87' lang='lat' dir='ltr'>quibuslibet,</span> <span class='ocrx_word' id='word_1_348' title='bbox 756 2496 814 2528; x_wconf 84' lang='lat' dir='ltr'>sub</span> <span class='ocrx_word' id='word_1_349' title='bbox 841 2495 1046 2538; x_wconf 81' lang='lat' dir='ltr'>quibuscum-</span> 
     </span>
     <span class='ocr_line' id='line_1_65' title="bbox 311 2547 1046 2589; baseline 0.004 -11"><span class='ocrx_word' id='word_1_350' title='bbox 311 2555 373 2588; x_wconf 85' lang='lat' dir='ltr'>que</span> <span class='ocrx_word' id='word_1_351' title='bbox 394 2547 568 2581; x_wconf 81' lang='lat' dir='ltr'>verborum</span> <span class='ocrx_word' id='word_1_352' title='bbox 593 2547 760 2581; x_wconf 85' lang='lat' dir='ltr'>tenoribus</span> <span class='ocrx_word' id='word_1_353' title='bbox 791 2553 823 2581; x_wconf 87' lang='lat' dir='ltr'>et</span> <span class='ocrx_word' id='word_1_354' title='bbox 847 2548 979 2589; x_wconf 85' lang='lat' dir='ltr'>formis,</span> <span class='ocrx_word' id='word_1_355' title='bbox 1009 2560 1046 2582; x_wconf 81' lang='lat' dir='ltr'>ae</span> 
     </span>
    </p>
   </div>
   <div class='ocr_carea' id='block_1_14' title="bbox 1066 1060 1831 2383">
    <p class='ocr_par' dir='ltr' id='par_1_16' title="bbox 1066 1060 1831 1584">
     <span class='ocr_line' id='line_1_66' title="bbox 1069 1060 1830 1109; baseline 0.008 -12"><span class='ocrx_word' id='word_1_356' title='bbox 1069 1060 1070 1109; x_wconf 57' lang='lat' dir='ltr'>i</span> <span class='ocrx_word' id='word_1_357' title='bbox 1093 1066 1185 1103; x_wconf 76' lang='lat' dir='ltr'>soret,</span> <span class='ocrx_word' id='word_1_358' title='bbox 1205 1072 1336 1099; x_wconf 84' lang='lat' dir='ltr'>tenores</span> <span class='ocrx_word' id='word_1_359' title='bbox 1357 1068 1552 1109; x_wconf 84' lang='lat' dir='ltr'>huiusmodi,</span> <span class='ocrx_word' id='word_1_360' title='bbox 1573 1080 1608 1102; x_wconf 86' lang='lat' dir='ltr'>ae</span> <span class='ocrx_word' id='word_1_361' title='bbox 1627 1070 1651 1102; x_wconf 91' lang='lat' dir='ltr'>si</span> <span class='ocrx_word' id='word_1_362' title='bbox 1671 1071 1710 1102; x_wconf 88' lang='lat' dir='ltr'>de</span> <span class='ocrx_word' id='word_1_363' title='bbox 1729 1071 1830 1102; x_wconf 86' lang='lat' dir='ltr'>verbo</span> 
     </span>
     <span class='ocr_line' id='line_1_67' title="bbox 1091 1119 1830 1164; baseline 0.008 -14"><span class='ocrx_word' id='word_1_364' title='bbox 1091 1119 1130 1151; x_wconf 88' lang='lat' dir='ltr'>ad</span> <span class='ocrx_word' id='word_1_365' title='bbox 1156 1120 1309 1158; x_wconf 84' lang='lat' dir='ltr'>verbum,</span> <span class='ocrx_word' id='word_1_366' title='bbox 1337 1121 1419 1153; x_wconf 85' lang='lat' dir='ltr'>nihil</span> <span class='ocrx_word' id='word_1_367' title='bbox 1455 1122 1584 1164; x_wconf 81' lang='lat' dir='ltr'>penitus</span> <span class='ocrx_word' id='word_1_368' title='bbox 1622 1123 1763 1163; x_wconf 75' lang='lat' dir='ltr'>omisso,</span> <span class='ocrx_word' id='word_1_369' title='bbox 1793 1134 1830 1156; x_wconf 79' lang='lat' dir='ltr'>ac</span> 
     </span>
     <span class='ocr_line' id='line_1_68' title="bbox 1068 1172 1830 1218; baseline 0.008 -16"><span class='ocrx_word' id='word_1_370' title='bbox 1068 1210 1069 1215; x_wconf 17' lang='lat'>¹</span> <span class='ocrx_word' id='word_1_371' title='bbox 1091 1172 1194 1203; x_wconf 75' lang='lat' dir='ltr'>fornia</span> <span class='ocrx_word' id='word_1_372' title='bbox 1219 1172 1250 1203; x_wconf 91' lang='lat' dir='ltr'>in</span> <span class='ocrx_word' id='word_1_373' title='bbox 1269 1172 1331 1205; x_wconf 88' lang='lat' dir='ltr'>illis</span> <span class='ocrx_word' id='word_1_374' title='bbox 1351 1173 1495 1214; x_wconf 81' lang='lat' dir='ltr'>tradita&#39;,</span> <span class='ocrx_word' id='word_1_375' title='bbox 1516 1175 1774 1218; x_wconf 69' lang='lat' dir='ltr'>exprimeicntur</span> <span class='ocrx_word' id='word_1_376' title='bbox 1799 1181 1830 1208; x_wconf 87' lang='lat' dir='ltr'>et</span> 
     </span>
     <span class='ocr_line' id='line_1_69' title="bbox 1066 1223 1831 1270; baseline 0.008 -16"><span class='ocrx_word' id='word_1_377' title='bbox 1066 1223 1070 1251; x_wconf 66' lang='lat'>¹,</span> <span class='ocrx_word' id='word_1_378' title='bbox 1089 1223 1325 1263; x_wconf 80' lang='lat' dir='ltr'>insererentur,</span> <span class='ocrx_word' id='word_1_379' title='bbox 1347 1227 1577 1268; x_wconf 73' lang='lat' dir='ltr'>praesentilnis</span> <span class='ocrx_word' id='word_1_380' title='bbox 1595 1238 1655 1270; x_wconf 85' lang='lat' dir='ltr'>pro</span> <span class='ocrx_word' id='word_1_381' title='bbox 1674 1229 1771 1270; x_wconf 82' lang='lat' dir='ltr'>plene</span> <span class='ocrx_word' id='word_1_382' title='bbox 1798 1234 1831 1261; x_wconf 86' lang='lat' dir='ltr'>et</span> 
     </span>
     <span class='ocr_line' id='line_1_70' title="bbox 1089 1276 1830 1321; baseline 0.008 -14"><span class='ocrx_word' id='word_1_383' title='bbox 1089 1276 1291 1309; x_wconf 78' lang='lat' dir='ltr'>sufficienter</span> <span class='ocrx_word' id='word_1_384' title='bbox 1308 1278 1473 1321; x_wconf 75' lang='lat' dir='ltr'>expressis</span> <span class='ocrx_word' id='word_1_385' title='bbox 1500 1285 1532 1311; x_wconf 84' lang='lat' dir='ltr'>et</span> <span class='ocrx_word' id='word_1_386' title='bbox 1555 1279 1686 1312; x_wconf 88' lang='lat' dir='ltr'>insertis</span> <span class='ocrx_word' id='word_1_387' title='bbox 1704 1281 1830 1313; x_wconf 87' lang='lat' dir='ltr'>haben-</span> 
     </span>
     <span class='ocr_line' id='line_1_71' title="bbox 1089 1329 1830 1376; baseline 0.005 -15"><span class='ocrx_word' id='word_1_388' title='bbox 1089 1334 1157 1368; x_wconf 87' lang='lat' dir='ltr'>tes,</span> <span class='ocrx_word' id='word_1_389' title='bbox 1185 1329 1247 1362; x_wconf 87' lang='lat' dir='ltr'>illis</span> <span class='ocrx_word' id='word_1_390' title='bbox 1273 1330 1351 1363; x_wconf 74' lang='lat' dir='ltr'>alias</span> <span class='ocrx_word' id='word_1_391' title='bbox 1383 1331 1414 1362; x_wconf 93' lang='lat' dir='ltr'>in</span> <span class='ocrx_word' id='word_1_392' title='bbox 1443 1342 1501 1364; x_wconf 90' lang='lat' dir='ltr'>sno</span> <span class='ocrx_word' id='word_1_393' title='bbox 1532 1333 1652 1365; x_wconf 88' lang='lat' dir='ltr'>robore</span> <span class='ocrx_word' id='word_1_394' title='bbox 1678 1344 1830 1376; x_wconf 84' lang='lat' dir='ltr'>perman-</span> 
     </span>
     <span class='ocr_line' id='line_1_72' title="bbox 1089 1382 1830 1426; baseline 0.008 -13"><span class='ocrx_word' id='word_1_395' title='bbox 1089 1382 1185 1421; x_wconf 85' lang='lat' dir='ltr'>suris,</span> <span class='ocrx_word' id='word_1_396' title='bbox 1219 1383 1257 1415; x_wconf 86' lang='lat' dir='ltr'>ad</span> <span class='ocrx_word' id='word_1_397' title='bbox 1288 1384 1544 1426; x_wconf 87' lang='lat' dir='ltr'>praemissorum</span> <span class='ocrx_word' id='word_1_398' title='bbox 1574 1386 1740 1425; x_wconf 78' lang='lat' dir='ltr'>effectum,</span> <span class='ocrx_word' id='word_1_399' title='bbox 1768 1387 1830 1419; x_wconf 81' lang='lat' dir='ltr'>hac</span> 
     </span>
     <span class='ocr_line' id='line_1_73' title="bbox 1088 1434 1827 1482; baseline 0.005 -15"><span class='ocrx_word' id='word_1_400' title='bbox 1088 1434 1157 1467; x_wconf 74' lang='lat' dir='ltr'>vice</span> <span class='ocrx_word' id='word_1_401' title='bbox 1184 1436 1360 1477; x_wconf 82' lang='lat' dir='ltr'>dumtaxat,</span> <span class='ocrx_word' id='word_1_402' title='bbox 1388 1437 1577 1479; x_wconf 82' lang='lat' dir='ltr'>specialiter</span> <span class='ocrx_word' id='word_1_403' title='bbox 1609 1444 1641 1471; x_wconf 87' lang='lat' dir='ltr'>et</span> <span class='ocrx_word' id='word_1_404' title='bbox 1672 1449 1827 1482; x_wconf 78' lang='lat' dir='ltr'>expresse</span> 
     </span>
     <span class='ocr_line' id='line_1_74' title="bbox 1089 1487 1828 1535; baseline 0.008 -16"><span class='ocrx_word' id='word_1_405' title='bbox 1089 1487 1297 1531; x_wconf 74' lang='lat' dir='ltr'>derogamus3</span> <span class='ocrx_word' id='word_1_406' title='bbox 1315 1490 1498 1533; x_wconf 85' lang='lat' dir='ltr'>ceterisque.</span> <span class='ocrx_word' id='word_1_407' title='bbox 1512 1491 1685 1524; x_wconf 82' lang='lat' dir='ltr'>contrariis</span> <span class='ocrx_word' id='word_1_408' title='bbox 1700 1492 1828 1535; x_wconf 84' lang='lat' dir='ltr'>quibus-</span> 
     </span>
     <span class='ocr_line' id='line_1_75' title="bbox 1089 1551 1237 1584; baseline 0.007 -12"><span class='ocrx_word' id='word_1_409' title='bbox 1089 1551 1237 1584; x_wconf 85' lang='lat' dir='ltr'>cumque.</span> 
     </span>
    </p>

    <p class='ocr_par' dir='ltr' id='par_1_17' title="bbox 1087 1594 1827 2107">
     <span class='ocr_line' id='line_1_76' title="bbox 1132 1594 1825 1636; baseline 0.006 -10"><span class='ocrx_word' id='word_1_410' title='bbox 1132 1594 1146 1636; x_wconf 58' lang='grc' dir='ltr'>ξ</span> <span class='ocrx_word' id='word_1_411' title='bbox 1174 1594 1205 1626; x_wconf 84' lang='grc'>6.</span> <span class='ocrx_word' id='word_1_412' title='bbox 1236 1594 1390 1628; x_wconf 71' lang='lat' dir='ltr'>Volumus</span> <span class='ocrx_word' id='word_1_413' title='bbox 1424 1601 1531 1629; x_wconf 86' lang='lat' dir='ltr'>autem</span> <span class='ocrx_word' id='word_1_414' title='bbox 1562 1603 1597 1629; x_wconf 86' lang='lat' dir='ltr'>ut</span> <span class='ocrx_word' id='word_1_415' title='bbox 1635 1598 1825 1631; x_wconf 87' lang='lat' dir='ltr'>earumdem</span> 
     </span>
     <span class='ocr_line' id='line_1_77' title="bbox 1088 1647 1825 1693; baseline 0.007 -15"><span class='ocrx_word' id='word_1_416' title='bbox 1088 1647 1312 1689; x_wconf 83' lang='lat' dir='ltr'>praesentium</span> <span class='ocrx_word' id='word_1_417' title='bbox 1359 1648 1541 1681; x_wconf 82' lang='lat' dir='ltr'>litterarum</span> <span class='ocrx_word' id='word_1_418' title='bbox 1587 1650 1799 1693; x_wconf 82' lang='lat' dir='ltr'>transumptis</span> <span class='ocrx_word' id='word_1_419' title='bbox 1819 1677 1825 1691; x_wconf 93' lang='lat'>,</span> 
     </span>
     <span class='ocr_line' id='line_1_78' title="bbox 1089 1701 1827 1745; baseline 0.007 -14"><span class='ocrx_word' id='word_1_420' title='bbox 1089 1710 1147 1731; x_wconf 87' lang='lat' dir='ltr'>seu</span> <span class='ocrx_word' id='word_1_421' title='bbox 1172 1701 1349 1743; x_wconf 83' lang='lat' dir='ltr'>exemplis,</span> <span class='ocrx_word' id='word_1_422' title='bbox 1377 1701 1473 1733; x_wconf 86' lang='lat' dir='ltr'>etiam</span> <span class='ocrx_word' id='word_1_423' title='bbox 1508 1702 1693 1745; x_wconf 89' lang='lat' dir='ltr'>impressis,</span> <span class='ocrx_word' id='word_1_424' title='bbox 1728 1714 1827 1736; x_wconf 82' lang='lat' dir='ltr'>manu</span> 
     </span>
     <span class='ocr_line' id='line_1_79' title="bbox 1088 1752 1827 1798; baseline 0.007 -14"><span class='ocrx_word' id='word_1_425' title='bbox 1088 1752 1222 1785; x_wconf 85' lang='lat' dir='ltr'>alicuius</span> <span class='ocrx_word' id='word_1_426' title='bbox 1246 1753 1364 1785; x_wconf 87' lang='lat' dir='ltr'>notarii</span> <span class='ocrx_word' id='word_1_427' title='bbox 1394 1754 1517 1797; x_wconf 84' lang='lat' dir='ltr'>publici</span> <span class='ocrx_word' id='word_1_428' title='bbox 1547 1755 1761 1798; x_wconf 85' lang='lat' dir='ltr'>subscriptis,</span> <span class='ocrx_word' id='word_1_429' title='bbox 1795 1761 1827 1789; x_wconf 83' lang='lat' dir='ltr'>et</span> 
     </span>
     <span class='ocr_line' id='line_1_80' title="bbox 1088 1805 1825 1851; baseline 0.005 -14"><span class='ocrx_word' id='word_1_430' title='bbox 1088 1805 1196 1848; x_wconf 75' lang='lat' dir='ltr'>sigillo</span> <span class='ocrx_word' id='word_1_431' title='bbox 1208 1817 1369 1849; x_wconf 85' lang='lat' dir='ltr'>personae</span> <span class='ocrx_word' id='word_1_432' title='bbox 1384 1806 1416 1838; x_wconf 82' lang='lat' dir='ltr'>in</span> <span class='ocrx_word' id='word_1_433' title='bbox 1435 1808 1659 1841; x_wconf 77' lang='lat' dir='ltr'>ecclesiastiea</span> <span class='ocrx_word' id='word_1_434' title='bbox 1670 1809 1825 1851; x_wconf 74' lang='lat' dir='ltr'>dignitate</span> 
     </span>
     <span class='ocr_line' id='line_1_81' title="bbox 1088 1859 1825 1905; baseline 0.005 -14"><span class='ocrx_word' id='word_1_435' title='bbox 1088 1859 1282 1892; x_wconf 84' lang='lat' dir='ltr'>constitutae</span> <span class='ocrx_word' id='word_1_436' title='bbox 1301 1860 1442 1899; x_wconf 85' lang='lat' dir='ltr'>munitis,</span> <span class='ocrx_word' id='word_1_437' title='bbox 1460 1862 1574 1895; x_wconf 88' lang='lat' dir='ltr'>eadem</span> <span class='ocrx_word' id='word_1_438' title='bbox 1590 1873 1726 1905; x_wconf 85' lang='lat' dir='ltr'>prorsus</span> <span class='ocrx_word' id='word_1_439' title='bbox 1744 1862 1825 1895; x_wconf 85' lang='lat' dir='ltr'>fides</span> 
     </span>
     <span class='ocr_line' id='line_1_82' title="bbox 1087 1911 1826 1955; baseline 0.005 -12"><span class='ocrx_word' id='word_1_440' title='bbox 1087 1911 1208 1955; x_wconf 85' lang='lat' dir='ltr'>ubique</span> <span class='ocrx_word' id='word_1_441' title='bbox 1234 1914 1381 1945; x_wconf 84' lang='lat' dir='ltr'>locorum</span> <span class='ocrx_word' id='word_1_442' title='bbox 1406 1919 1438 1946; x_wconf 85' lang='lat' dir='ltr'>et</span> <span class='ocrx_word' id='word_1_443' title='bbox 1462 1915 1605 1955; x_wconf 74' lang='lat' dir='ltr'>gentium</span> <span class='ocrx_word' id='word_1_444' title='bbox 1632 1920 1695 1947; x_wconf 89' lang='lat' dir='ltr'>tam</span> <span class='ocrx_word' id='word_1_445' title='bbox 1720 1915 1753 1947; x_wconf 90' lang='lat' dir='ltr'>in</span> <span class='ocrx_word' id='word_1_446' title='bbox 1778 1915 1826 1947; x_wconf 91' lang='lat' dir='ltr'>iu-</span> 
     </span>
     <span class='ocr_line' id='line_1_83' title="bbox 1088 1965 1824 2011; baseline 0.005 -14"><span class='ocrx_word' id='word_1_447' title='bbox 1088 1965 1173 1998; x_wconf 87' lang='lat' dir='ltr'>dicio</span> <span class='ocrx_word' id='word_1_448' title='bbox 1199 1976 1296 2009; x_wconf 86' lang='lat' dir='ltr'>quam</span> <span class='ocrx_word' id='word_1_449' title='bbox 1315 1972 1404 1999; x_wconf 79' lang='lat' dir='ltr'>extra</span> <span class='ocrx_word' id='word_1_450' title='bbox 1425 1967 1503 2000; x_wconf 91' lang='lat' dir='ltr'>illud</span> <span class='ocrx_word' id='word_1_451' title='bbox 1521 1968 1824 2011; x_wconf 74' lang='lat' dir='ltr'>adhibeam1·,quae</span> 
     </span>
     <span class='ocr_line' id='line_1_84' title="bbox 1087 2018 1824 2062; baseline 0.005 -12"><span class='ocrx_word' id='word_1_452' title='bbox 1087 2018 1472 2062; x_wconf 85' lang='lat' dir='ltr'>ipsismetpraesentibus</span> <span class='ocrx_word' id='word_1_453' title='bbox 1489 2021 1710 2062; x_wconf 84' lang='lat' dir='ltr'>adhiberetur,</span> <span class='ocrx_word' id='word_1_454' title='bbox 1733 2021 1759 2054; x_wconf 90' lang='lat' dir='ltr'>si</span> <span class='ocrx_word' id='word_1_455' title='bbox 1777 2022 1824 2054; x_wconf 84' lang='lat' dir='ltr'>so-</span> 
     </span>
     <span class='ocr_line' id='line_1_85' title="bbox 1088 2073 1609 2107; baseline 0.008 -4"><span class='ocrx_word' id='word_1_456' title='bbox 1088 2077 1161 2104; x_wconf 88' lang='lat' dir='ltr'>rent</span> <span class='ocrx_word' id='word_1_457' title='bbox 1182 2073 1344 2105; x_wconf 72' lang='lat' dir='ltr'>exhibitae</span> <span class='ocrx_word' id='word_1_458' title='bbox 1369 2075 1418 2106; x_wconf 85' lang='lat' dir='ltr'>vel</span> <span class='ocrx_word' id='word_1_459' title='bbox 1445 2079 1609 2107; x_wconf 84' lang='lat' dir='ltr'>ostensae.</span> 
     </span>
    </p>

    <p class='ocr_par' dir='ltr' id='par_1_18' title="bbox 1087 2125 1824 2317">
     <span class='ocr_line' id='line_1_86' title="bbox 1132 2125 1824 2170; baseline 0.004 -13"><span class='ocrx_word' id='word_1_460' title='bbox 1132 2125 1246 2157; x_wconf 84' lang='lat' dir='ltr'>Datum</span> <span class='ocrx_word' id='word_1_461' title='bbox 1271 2126 1405 2165; x_wconf 82' lang='lat' dir='ltr'>Romae,</span> <span class='ocrx_word' id='word_1_462' title='bbox 1433 2127 1519 2170; x_wconf 89' lang='lat' dir='ltr'>apud</span> <span class='ocrx_word' id='word_1_463' title='bbox 1545 2127 1575 2159; x_wconf 81' lang='lat' dir='ltr'>S.</span> <span class='ocrx_word' id='word_1_464' title='bbox 1603 2127 1734 2160; x_wconf 84' lang='lat' dir='ltr'>Mariam</span> <span class='ocrx_word' id='word_1_465' title='bbox 1761 2128 1824 2160; x_wconf 87' lang='lat' dir='ltr'>Ma-</span> 
     </span>
     <span class='ocr_line' id='line_1_87' title="bbox 1087 2177 1823 2221; baseline 0.005 -12"><span class='ocrx_word' id='word_1_466' title='bbox 1087 2177 1208 2217; x_wconf 89' lang='lat' dir='ltr'>iorem,</span> <span class='ocrx_word' id='word_1_467' title='bbox 1238 2179 1296 2211; x_wconf 87' lang='lat' dir='ltr'>sub</span> <span class='ocrx_word' id='word_1_468' title='bbox 1330 2180 1450 2212; x_wconf 88' lang='lat' dir='ltr'>annulo</span> <span class='ocrx_word' id='word_1_469' title='bbox 1485 2179 1681 2221; x_wconf 79' lang='lat' dir='ltr'>piscatoris,</span> <span class='ocrx_word' id='word_1_470' title='bbox 1717 2181 1768 2213; x_wconf 87' lang='lat' dir='ltr'>die</span> <span class='ocrx_word' id='word_1_471' title='bbox 1805 2190 1823 2213; x_wconf 89' lang='lat' dir='ltr'>v</span> 
     </span>
     <span class='ocr_line' id='line_1_88' title="bbox 1088 2232 1823 2276; baseline 0.004 -13"><span class='ocrx_word' id='word_1_472' title='bbox 1088 2232 1283 2274; x_wconf 82' lang='lat' dir='ltr'>septembris</span> <span class='ocrx_word' id='word_1_473' title='bbox 1307 2242 1455 2273; x_wconf 77' lang='lat' dir='ltr'>noctxv,</span> <span class='ocrx_word' id='word_1_474' title='bbox 1483 2233 1691 2276; x_wconf 79' lang='lat' dir='ltr'>pontificatus</span> <span class='ocrx_word' id='word_1_475' title='bbox 1716 2233 1823 2267; x_wconf 89' lang='lat' dir='ltr'>nostri</span> 
     </span>
     <span class='ocr_line' id='line_1_89' title="bbox 1088 2294 1240 2317; baseline 0.007 -1"><span class='ocrx_word' id='word_1_476' title='bbox 1088 2294 1173 2317; x_wconf 85' lang='lat' dir='ltr'>anno</span> <span class='ocrx_word' id='word_1_477' title='bbox 1198 2295 1240 2317; x_wconf 72' lang='lat' dir='ltr'>XI.</span> 
     </span>
    </p>

    <p class='ocr_par' dir='ltr' id='par_1_19' title="bbox 1123 2345 1793 2383">
     <span class='ocr_line' id='line_1_90' title="bbox 1123 2345 1793 2383; baseline 0.004 -11"><span class='ocrx_word' id='word_1_478' title='bbox 1123 2345 1180 2372; x_wconf 86' lang='lat' dir='ltr'>Dat.</span> <span class='ocrx_word' id='word_1_479' title='bbox 1198 2345 1241 2373; x_wconf 88' lang='lat' dir='ltr'>die</span> <span class='ocrx_word' id='word_1_480' title='bbox 1260 2347 1277 2373; x_wconf 86' lang='lat'>5</span> <span class='ocrx_word' id='word_1_481' title='bbox 1297 2347 1458 2381; x_wconf 83' lang='lat' dir='ltr'>septembris</span> <span class='ocrx_word' id='word_1_482' title='bbox 1472 2347 1548 2381; x_wconf 75' lang='lat'>1565,</span> <span class='ocrx_word' id='word_1_483' title='bbox 1561 2348 1657 2383; x_wconf 84' lang='lat' dir='ltr'>pontis.</span> <span class='ocrx_word' id='word_1_484' title='bbox 1673 2356 1742 2375; x_wconf 85' lang='lat' dir='ltr'>anno</span> <span class='ocrx_word' id='word_1_485' title='bbox 1758 2353 1793 2375; x_wconf 84' lang='lat' dir='ltr'>xt.</span> 
     </span>
    </p>
   </div>
   <div class='ocr_carea' id='block_1_15' title="bbox 1066 1113 1070 1198">
    <p class='ocr_par' dir='ltr' id='par_1_20' title="bbox 1066 1113 1070 1198">
     <span class='ocr_line' id='line_1_91' title="bbox 1066 1113 1070 1198; baseline 0 0"><span class='ocrx_word' id='word_1_486' title='bbox 1066 1113 1070 1198; x_wconf 95' lang='lat' dir='ltr'> </span> 
     </span>
    </p>
   </div>
   <div class='ocr_carea' id='block_1_16' title="bbox 1124 2451 1726 2489">
    <p class='ocr_par' dir='ltr' id='par_1_21' title="bbox 1124 2451 1726 2489">
     <span class='ocr_line' id='line_1_92' title="bbox 1124 2451 1726 2489; baseline 0.003 -11"><span class='ocrx_word' id='word_1_487' title='bbox 1124 2452 1135 2478; x_wconf 91' lang='lat'>1</span> <span class='ocrx_word' id='word_1_488' title='bbox 1152 2451 1236 2486; x_wconf 79' lang='lat' dir='ltr'>Adde,</span> <span class='ocrx_word' id='word_1_489' title='bbox 1252 2451 1285 2478; x_wconf 88' lang='lat' dir='ltr'>de</span> <span class='ocrx_word' id='word_1_490' title='bbox 1301 2459 1375 2479; x_wconf 84' lang='lat' dir='ltr'>more</span> <span class='ocrx_word' id='word_1_491' title='bbox 1389 2452 1480 2487; x_wconf 74' lang='lat' dir='ltr'>solito,</span> <span class='ocrx_word' id='word_1_492' title='bbox 1496 2455 1608 2481; x_wconf 66' lang='lat' dir='ltr'>servata</span> <span class='ocrx_word' id='word_1_493' title='bbox 1624 2454 1661 2489; x_wconf 76' lang='lat' dir='ltr'>(a.</span> <span class='ocrx_word' id='word_1_494' title='bbox 1677 2453 1726 2488; x_wconf 81' lang='grc' dir='ltr'><strong>τ.).</strong></span> 
     </span>
    </p>
   </div>
   <div class='ocr_carea' id='block_1_17' title="bbox 1065 1260 1071 2549">
    <p class='ocr_par' dir='ltr' id='par_1_22' title="bbox 1065 1260 1071 2549">
     <span class='ocr_line' id='line_1_93' title="bbox 1065 1260 1071 2549; baseline 0 0"><span class='ocrx_word' id='word_1_495' title='bbox 1065 1260 1071 2549; x_wconf 95' lang='lat' dir='ltr'> </span> 
     </span>
    </p>
   </div>
   <div class='ocr_carea' id='block_1_18' title="bbox 1837 1609 2021 1658">
    <p class='ocr_par' dir='ltr' id='par_1_23' title="bbox 1837 1609 2021 1658">
     <span class='ocr_line' id='line_1_94' title="bbox 1871 1609 2021 1635; baseline 0.007 -6"><span class='ocrx_word' id='word_1_496' title='bbox 1871 1609 2021 1635; x_wconf 58' lang='lat' dir='ltr'>Transumptm</span> 
     </span>
     <span class='ocr_line' id='line_1_95' title="bbox 1837 1636 1956 1658; baseline 0.017 -2"><span class='ocrx_word' id='word_1_497' title='bbox 1837 1642 1881 1657; x_wconf 83' lang='lat' dir='ltr'>rum</span> <span class='ocrx_word' id='word_1_498' title='bbox 1896 1636 1956 1658; x_wconf 69' lang='lat' dir='ltr'>fides.</span> 
     </span>
    </p>
   </div>
  </div>
 </body>
</html>
