2247 3208
222 276 270 304 An.
291 277 319 305 C.
342 278 407 305 1669
454 271 516 304 7«”ἰί’ζ

263 1713 321 1733 Nunc
337 1713 399 1733 aliter

216 1740 338 1765 providetur
348 1740 379 1759 ind
391 1750 398 1754 -

216 1766 297 1789 {entiae
316 1766 398 1793 praedi<

214 1797 270 1812 (dte.

420 329 564 361 cessione
577 334 607 361 et
620 328 859 371 dispensatione
875 330 1054 372 apostolica
1067 341 1154 372 prae-

419 382 520 413 sulem
547 380 693 423 accipere
719 391 778 423 per
799 381 974 413 triennium
1001 382 1039 414 de
1057 392 1153 414 manu

418 433 656 476 praedictorum
678 434 913 467 monachorum
930 439 962 467 et
986 436 1152 468 canonico-

417 497 486 518 rum
512 486 710 528 regularium
733 491 765 519 et
789 487 923 519 fratrum
944 488 1151 521 eremitarum

416 538 543 571 Ordinis
569 539 667 571 sancti
699 540 871 582 Augustini
900 541 1078 583 respective
1106 541 1152 573 di-

415 592 546 625 midiam
572 598 695 635 partem
722 603 903 626 annuorum
929 593 1090 626 fructuum
1114 605 1151 626 ex

416 645 654 688 praedictorum
680 650 750 678 octo
775 646 1043 679 monasteriorum
1068 647 1152 679 viro-

414 709 485 730 rum
511 698 604 731 bonis
630 704 911 742 prorentmormn,
938 705 973 731 ut
997 700 1029 732 in
1056 700 1152 733 extin-

415 751 557 783 ctionem
572 751 755 784 debitorum
772 751 916 785 eiusdem
929 752 1083 785 ecclesiae
1097 753 1152 785 Ra-

414 804 620 844 tishonensis‚
646 814 716 837 cum
743 805 929 838 interventu
956 811 987 838 et
1016 816 1150 839 assensu

414 857 604 890 dilectorum
621 857 759 891 filiorum
780 857 910 901 capituli
929 864 959 891 et
981 858 1152 892 canonico-

413 919 482 941 rum
508 909 611 952 ipsius
634 909 802 950 ecclesiae,
823 916 854 942 et
870 920 935 942 non
961 911 992 943 in
1018 910 1098 943 alios
1118 922 1152 942 u-

413 973 477 1002 sus,
496 966 747 1002 converteretur,
766 969 798 995 et
815 963 903 1004 alias,
922 974 993 996 cum
1018 959 1150 997 dirersis

413 1014 695 1054 declarationibus,
724 1015 945 1056 facultatibus,
973 1016 1151 1050 ordinatio-

412 1067 515 1107 nibus,
532 1067 810 1110 expressionibus,
827 1069 977 1102 clausulis
993 1074 1024 1102 et
1042 1069 1152 1102 decre-

413 1121 462 1160 tis,
488 1125 586 1164 prout
609 1121 743 1154 uberius
764 1121 950 1154 continetur
973 1122 1006 1154 in
1031 1122 1149 1155 nostris

412 1173 552 1216 desuper
569 1173 601 1206 in
624 1174 719 1207 simili
742 1175 844 1207 forma
866 1174 974 1207 Brevis
993 1175 1151 1218 expeditis

412 1226 527 1259 litteris
553 1228 672 1260 tenoris
698 1228 752 1271 qui
778 1228 939 1271 sequitur,
966 1228 1138 1262 videlicet:

454 1281 480 1313 A
502 1284 606 1323 lerqo:
630 1281 753 1314 Dilecto
772 1281 837 1314 tilio
856 1281 957 1314 nobili
983 1282 1052 1314 viro
1077 1283 1151 1315 Fer-

412 1333 553 1366 dinando
584 1334 700 1366 Mariae
726 1335 875 1367 Bavariae
902 1335 976 1367 duci
1002 1335 1033 1367 S.
1061 1335 1097 1368 R.
1125 1336 1147 1368 I.

410 1387 551 1430 principi
578 1388 731 1427 electori;

454 1440 550 1472 Intus
575 1450 662 1472 vero:
685 1440 834 1473 Clemens
855 1441 941 1484 Papa
958 1441 1006 1481 lx,
1034 1442 1150 1475 dilecte

410 1493 466 1533 fili,
492 1493 610 1526 nobilis
634 1493 694 1533 vir,
722 1494 858 1526 salutem
883 1499 915 1526 et
940 1494 1150 1536 apostolicam

409 1546 685 1580 benedictionem.
713 1546 917 1580 Sacrosancti
941 1548 1149 1590 apostolatus,

411 1604 470 1632 etc.
498 1599 642 1642 (reliqua
666 1604 702 1632 ut
719 1600 755 1632 in
770 1610 826 1632 suo
845 1599 909 1632 loco
926 1600 981 1633 sub
1007 1600 1059 1632 die
1078 1610 1149 1633 xxw

409 1653 544 1694 anqustz'
567 1662 730 1692 iunetxvn,
757 1663 844 1685 anno
869 1651 926 1695 1¹).

454 1706 469 1747 ξ
492 1704 524 1738 3.
551 1704 628 1738 Cum
653 1710 768 1744 autem,
788 1705 871 1738 sicut
887 1716 948 1749 pro
969 1711 1061 1749 parte
1085 1711 1149 1738 tam

410 1757 516 1790 bonae
541 1758 717 1791 memoriae
754 1758 944 1792 Guidobaldi
976 1760 1148 1792 cardinalis

410 1816 442 1844 et
466 1811 625 1854 praesulis
652 1811 809 1854 praedicti
834 1823 928 1855 quam
948 1811 1024 1844 dicti
1042 1812 1149 1845 Ferdi-

410 1864 508 1897 nandi
523 1864 638 1897 Mariae
654 1865 742 1897 ducis
757 1865 951 1898 coniunctim
966 1865 1059 1898 nobis
1074 1865 1149 1898 sub-

409 1916 485 1950 inde
511 1917 694 1960 expositum
720 1917 790 1958 suit,
810 1918 906 1960 longe
932 1917 1033 1960 magis
1053 1928 1149 1961 expe-

410 1970 477 2002 diat
502 1975 565 2002 tam
600 1971 755 2003 ecclesiae
788 1970 1017 2003 Ratisbonensi
1053 1982 1149 2014 quarn

410 2029 482 2056 octo
508 2023 710 2056 monasteriis
727 2024 868 2057 virorum
887 2024 1089 2067 supradictis,
1103 2030 1148 2064 ut,

408 2078 481 2111 1000
500 2077 650 2109 dimidiae
667 2077 766 2119 partis
785 2077 943 2109 fructuum
958 2078 1148 2110 eorumdem

409 2130 680 2163 monasteriorum
707 2130 896 2162 extinctioni
922 2129 1004 2162 aeris
1027 2130 1146 2170 alieni,

410 2193 473 2226 quo
488 2183 598 2215 eadem
614 2183 752 2216 ecclesia
769 2182 1012 2215 Ratisbonensis
1031 2183 1148 2215 obstri-

410 2242 459 2268 cta
485 2240 546 2275 est,
573 2237 611 2269 ad
637 2236 819 2276 triennium,
835 2242 870 2268 ut
887 2237 1076 2279 praefertur,
1094 2247 1148 2279 ap-

410 2287 560 2331 plicatae,
588 2299 712 2321 summa
729 2288 890 2331 octaginta
902 2289 1040 2322 millium
1058 2289 1147 2322 flore-

410 2350 524 2372 norum
550 2347 698 2374 monetae
724 2341 853 2374 illarum
877 2341 1015 2384 partium
1039 2352 1056 2374 a
1079 2351 1147 2374 mo-

410 2392 522 2425 nachis
552 2404 588 2426 ac
612 2394 776 2427 canonicis
802 2395 1004 2437 regularibus
1030 2400 1062 2427 et
1087 2395 1147 2427 sra-

409 2445 512 2478 tribus
534 2447 710 2490 respective
735 2447 880 2490 ipsorum
898 2453 970 2481 octo
987 2453 1148 2481 monaste-

410 2498 531 2531 riorum
545 2504 736 2542 praestetur,
755 2506 850 2542 atque
877 2500 920 2532 ita
941 2500 1146 2534 difficultates

411 2558 442 2586 et
467 2552 639 2596 dispendia
662 2553 885 2596 liquidationis
912 2560 943 2587 et
967 2554 1147 2588 distractio-

447 2668 458 2698 1
482 2666 548 2694 Vide
563 2675 644 2702 supra
658 2676 718 2703 pag.
735 2668 783 2694 541
801 2671 838 2703 (R.
855 2670 902 2702 T.)-

1001 283 1179 307 BL'LLARIL'M
1204 283 1355 312 ROMAMTM

1197 332 1245 364 nis
1273 335 1463 367 eorumdem
1488 336 1620 369 fratrum
1658 337 1835 370 evitentur:
1862 336 1938 369 hinc

1197 389 1246 416 est
1282 386 1367 428 quod
1393 397 1472 426 nos,
1501 388 1555 430 qui
1593 388 1624 421 id
1658 389 1762 432 ipsum
1794 401 1829 422 ex
1864 390 1935 423 aliis

1197 447 1325 480 quoquc
1350 440 1500 481 personis
1536 441 1597 474 fide
1631 442 1738 484 dignis
1764 448 1795 475 et
1826 453 1934 475 rerum

1196 490 1381 524 huiusmodi
1397 493 1508 535 peritis
1536 495 1753 536 cognovimus,
1773 497 1935 528 levamen-

1197 547 1228 575 to
1259 549 1353 586 atque
1386 545 1514 578 utilitati
1546 551 1609 580 tam
1640 547 1797 580 ecelesiae
1831 548 1934 580 Ratis-

1195 595 1348 629 bonensis
1365 608 1460 640 quam
1477 604 1548 631 octo
1564 600 1832 633 monasteriorum
1847 612 1935 644 prae-

1196 649 1368 689 dictorum,
1393 656 1548 693 quantum
1566 652 1658 685 nobis
1676 664 1711 685 ex
1734 654 1797 686 alto
1819 664 1934 687 conce-

1195 701 1294 741 ditur,
1328 703 1498 746 providere
1532 704 1720 747 cupientes,
1745 707 1932 739 memoratis

1194 756 1364 788 monachis
1398 761 1429 789 et
1461 758 1625 790 canonicis
1661 758 1864 801 regularibus
1901 765 1933 791 ct

1195 808 1346 841 fratribus
1359 811 1543 843 eorumdem
1561 816 1633 844 octo
1651 812 1932 853 monasteriorum,

1195 866 1230 892 ut
1253 860 1321 893 vice
1342 866 1373 893 et
1389 862 1460 894 loco
1480 861 1630 895 dimidiae
1654 863 1753 906 partis
1771 864 1933 897 fructuum

1194 913 1337 956 ipsorum
1362 916 1640 956 monasteriorum,
1667 927 1748 959 quae
1773 917 1803 949 in
1830 918 1933 950 extin-

1195 967 1333 999 ctionem
1359 968 1544 1001 debitorum
1569 969 1672 1002 dictae
1698 971 1852 1003 ecclesiae
1872 971 1932 1003 Ra-

1195 1019 1392 1052 tisbonensis
1418 1021 1556 1054 triennio
1582 1023 1717 1055 durante
1750 1022 1835 1055 iuxta
1871 1024 1933 1056 dis-

1194 1072 1389 1115 positionem
1429 1074 1707 1116 praeinsertarum
1747 1081 1931 1109 nostrarum

1194 1124 1375 1157 litterarum
1409 1126 1549 1158 converti
1582 1127 1741 1167 deberet,
1769 1128 1932 1170 quampri-

1194 1189 1282 1211 mum
1307 1189 1464 1211 summam
1496 1179 1661 1221 octoginta
1691 1181 1827 1214 millium
1862 1192 1933 1214 scu-

1195 1237 1299 1263 torum
1339 1231 1441 1265 dictae
1477 1238 1627 1265 monetae
1642 1260 1649 1273 ,
1692 1244 1808 1277 nempe
1847 1240 1932 1267 ratas

1194 1284 1313 1327 quique
1344 1290 1454 1328 partes
1490 1285 1555 1317 sive
1586 1285 1752 1328 portiones
1787 1297 1931 1319 summae

1195 1338 1378 1370 huiusmodi
1396 1348 1456 1381 pro
1475 1339 1573 1371 modo
1586 1339 1744 1371 fructuum
1769 1344 1801 1372 et
1823 1339 1931 1372 reddi-

1194 1397 1284 1423 tuum
1309 1390 1558 1433 uniuscuiusque
1583 1402 1618 1423 ex
1645 1391 1760 1424 iisdem
1777 1396 1850 1425 octo
1868 1403 1932 1425 mo-

1193 1443 1342 1476 nasteriis
1360 1455 1376 1475 a
1396 1443 1563 1486 praedicto
1578 1443 1695 1476 nuncio
1717 1444 1932 1477 determinan—

1194 1496 1248 1528 das
1265 1497 1314 1528 vel
1333 1496 1568 1539 approbandas,
1588 1495 1802 1529 creditoribus
1817 1507 1931 1540 supra-

1194 1549 1295 1582 dictae
1321 1549 1495 1582 eccclesiae
1521 1548 1767 1582 Ratisbonensis
1792 1559 1810 1581 a
1835 1559 1931 1582 vene-

1193 1601 1287 1634 rabili
1321 1602 1418 1634 fratre
1450 1601 1608 1634 moderno
1642 1601 1794 1645 episcopo
1827 1601 1930 1635 Ratis-

1193 1654 1330 1687 bonensi
1349 1652 1583 1696 designandi-5⁴
1602 1653 1634 1686 in
1653 1653 1884 1687 extinctionem
1899 1660 1932 1688 et

1193 1707 1437 1740 dissolutionem
1455 1707 1636 1739 debitorum
1657 1705 1760 1749 ipsius
1773 1706 1930 1740 ecclesiae

1193 1772 1264 1793 cum
1289 1760 1472 1793 interventu
1498 1766 1528 1793 et
1554 1770 1713 1793 consensu
1743 1759 1874 1803 capituli
1900 1765 1932 1792 et

1192 1813 1420 1846 canonicorum
1445 1813 1589 1846 eiusdem
1609 1812 1763 1846 ecclesiae
1782 1812 1931 1845 Ratisbo-

1192 1867 1302 1900 nensis
1327 1867 1458 1899 realiter
1489 1871 1521 1898 et
1544 1876 1615 1898 cum
1634 1865 1747 1898 effectu
1766 1872 1930 1908 praestare

1193 1926 1224 1953 et
1248 1922 1394 1961 solvere,
1421 1920 1485 1952 sive
1518 1921 1589 1953 loco
1614 1919 1784 1952 solutionis
1810 1919 1927 1952 huius-

1192 1973 1278 2005 modi
1305 1978 1351 2005 tot
1376 1972 1485 2005 debita
1499 1972 1653 2005 ecclesiae
1671 1971 1857 2015 praedictae
1874 1971 1930 2004 Ra-

1194 2025 1396 2065 tisbonensis,
1423 2026 1461 2057 ab
1488 2025 1611 2058 eisdem
1643 2025 1796 2068 episeopo
1821 2035 1856 2056 ac
1881 2035 1930 2057 ca-

1192 2079 1295 2122 pitulo
1321 2085 1352 2112 et
1376 2078 1541 2112 canonicis
1560 2079 1770 2120 designanda,
1789 2077 1930 2111 credito-

1191 2143 1260 2164 rum
1286 2132 1325 2164 ad
1350 2131 1382 2164 id
1408 2131 1583 2164 accedente
1610 2141 1779 2170 consensu,
1797 2130 1829 2162 in
1849 2140 1882 2163 se
1898 2134 1930 2162 et

1192 2185 1277 2217 dicta
1294 2184 1489 2217 monasteria
1508 2183 1685 2226 respective
1703 2183 1874 2226 suscipere,
1894 2193 1930 2215 ac

1192 2238 1288 2270 etiam
1313 2237 1351 2270 ad
1377 2241 1563 2279 computum
1584 2241 1614 2268 et
1632 2235 1664 2268 in
1682 2235 1930 2268 diminutionem

1191 2291 1294 2323 dictae
1320 2299 1462 2323 summae
1488 2288 1653 2331 octoginta
1678 2288 1814 2321 millium
1839 2288 1930 2320 flore—

1192 2354 1307 2376 norum
1332 2343 1418 2375 bona
1454 2342 1581 2375 stabilia
1616 2342 1711 2375 etiam
1736 2340 1929 2374 iurisdictio-

1191 2397 1277 2429 nalia
1300 2397 1337 2429 ad
1364 2396 1478 2428 eadem
1508 2394 1704 2428 monasteria
1731 2404 1786 2427 seu
1819 2403 1929 2426 eorum

1192 2449 1323 2493 aliquod
1349 2448 1524 2491 respective
1545 2447 1736 2491 spectantia,
1754 2445 1928 2479 dummodo

1191 2508 1297 2535 tamen
1322 2502 1390 2545 ipsa
1414 2501 1500 2533 bona
1524 2500 1652 2533 stabilia
1684 2509 1840 2532 summam
1873 2498 1928 2530 de-

1192 2566 1261 2589 cem
1287 2554 1425 2587 millium
1448 2554 1646 2586 florenorum
1670 2552 1794 2595 parium
1823 2550 1856 2583 in
1881 2556 1928 2583 to-

1226 2670 1237 2696 1
1259 2668 1373 2695 Videtur
1388 2667 1531 2704 legendum
1546 2665 1733 2702 designandis
1750 2667 1786 2701 (a.
1804 2664 1854 2702 T.)-

1941 288 1992 314 An.
2013 286 2044 314 C.
2075 286 2148 314 1s69
