2247 3208
260 200 310 228 tin.
329 202 358 228 c.
382 200 447 227 icae
493 191 558 224 [fl-2

453 249 605 281 cariatum
644 246 802 289 spectanti
839 244 1018 288 praebere,
1045 244 1189 287 priorum

452 301 514 333 sibi
526 300 534 316 ¹
549 300 767 332 subiectorum
781 298 991 332 oeconomiae
1010 297 1187 339 invigilare,

450 353 658 394 eiusdemque
697 357 827 384 sanctae
862 350 1085 384 observantiae
1122 360 1188 382 non

449 406 552 438 solum
577 405 759 437 firmitatem
778 405 835 437 sed
862 409 893 436 et
918 404 1125 442 incrementa,
1143 407 1189 434 at-

449 468 510 501 que
536 458 726 490 ulteriorem
752 457 810 489 sub
837 457 944 489 divino
970 456 1087 489 auxili:
1110 455 1189 488 dila-

448 509 588 543 tione1n²
605 510 829 543 ardentissime
847 519 1049 553 promovere.
1073 509 1186 547 Porro,

447 563 537 596 utin
562 564 664 604 ,huius
701 562 918 596 excubitoriae
948 562 1115 594 custodiae
1149 572 1186 593 ac

447 616 629 658 vigiliarum
655 616 766 648 labore
791 615 980 647 meritorum
1006 620 1133 646 tuorum
1151 624 1186 645 0-

446 670 578 712 pulenta
612 668 774 712 stipendia
810 679 847 700 ex
880 667 1082 700 obedientiae
1116 667 1186 698 the<

446 722 547 754 sauris
574 721 711 754 feliciter
735 720 1003 763 multiplicentur„
1030 719 1184 762 praeeipi-

445 786 515 807 mus
541 775 610 815 tibi,
637 774 669 806 in
694 774 810 806 virtute
832 773 968 816 Spiritus
986 772 1184 811 Sancti,san-

445 833 515 860 ctae
541 828 756 867 obedientiae,
774 827 831 859 sub
853 826 978 858 formali
998 830 1181 868 praecepto,

445 886 603 924 quatenus
637 881 699 913 hoc
732 890 835 917 onus,
861 889 1041 922 novumque
1073 878 1181 910 vicarii

445 933 596 973 officium,
620 933 658 965 ad
684 932 830 965 effectum
851 932 895 964 uti
917 942 1013 974 supra
1044 941 1183 963 comme-

444 986 647 1025 moravimus,
674 986 898 1018 incunctanter
923 996 959 1016 ac
977 984 1044 1016 sine
1062 983 1181 1027 replica

444 1039 477 1070 in
503 1044 532 1070 te
558 1038 724 1080 suscipias,
752 1043 857 1080 atque,
880 1047 915 1069 ex
938 1037 965 1069 vi
991 1037 1085 1068 liuius
1112 1047 1181 1068 mu-

444 1091 532 1123 neris
558 1091 615 1123 tibi
640 1090 783 1129 iniuncti,
803 1090 860 1122 viis
881 1089 1031 1122 omnibus
1057 1090 1182 1131 regula-

443 1145 486 1176 ris
511 1144 732 1177 observantiae
758 1143 1019 1181 incolumitatem,
1037 1153 1181 1185 progres-

444 1208 523 1236 sum,
543 1198 696 1240 quietem,
711 1198 796 1230 velut
813 1197 851 1230 ad
865 1196 950 1228 bella
968 1196 1179 1235 doctissimus,

443 1250 582 1283 fideliter
614 1261 826 1293 propugnes,
861 1260 1034 1292 ensemque
1074 1250 1179 1286 hunc,

443 1314 538 1346 quem
557 1313 595 1335 eo
613 1303 674 1335 sine
697 1303 752 1335 tibi
771 1302 980 1345 porrigimus,
1001 1302 1118 1344 iugiter
1136 1313 1181 1334 su-

442 1366 502 1399 per
527 1356 632 1388 femur
657 1360 746 1387 tuum
772 1355 1014 1397 circmnportes,
1035 1360 1069 1386 ut
1086 1359 1115 1386 te
1134 1365 1181 1386 cu-

443 1409 534 1440 stode
562 1418 692 1451 semper
716 1408 748 1439 in
775 1413 842 1439 tuto
868 1408 904 1439 sit
932 1407 969 1445 is,
987 1418 1081 1449 quem
1104 1407 1182 1439 dixi-

442 1471 521 1501 mus,
533 1461 669 1493 lectulus
679 1460 871 1493 Salomonis.
885 1460 947 1492 Sub
963 1461 1077 1492 eodem
1092 1470 1181 1502 prae-

442 1519 536 1556 cepto
563 1513 689 1546 formali
704 1514 893 1545 mandamus
907 1513 1056 1545 omnibus
1071 1518 1098 1544 et
1116 1512 1180 1544 sin-

442 1567 526 1609 gulis
550 1572 679 1599 nostrae
706 1577 800 1599 curae
828 1566 989 1603 subiectis,
1007 1571 1041 1597 ut
1061 1571 1091 1597 te
1115 1571 1180 1597 tan-

441 1630 536 1662 quam
561 1630 673 1652 verum
700 1625 732 1652 et
756 1619 936 1662 legitimum
956 1618 1110 1650 vicarium
1129 1628 1179 1649 su-

442 1673 661 1715 pradictorum
698 1678 915 1705 conventuum
940 1672 1117 1714 suscipiant
1148 1677 1179 1704 et

440 1731 663 1758 revereantur.
691 1726 723 1757 ln
750 1726 879 1758 nomine
905 1725 1014 1762 Patris,
1040 1730 1071 1756 et
1096 1724 1175 1763 Filii,

442 1784 473 1810 ct
497 1779 635 1821 Spiritus
671 1778 791 1811 Sancti.
828 1779 939 1810 Amen.
967 1777 1177 1815 Quilniscum-

441 1842 502 1874 que
528 1832 561 1864 in
586 1832 783 1865 contrarium
809 1843 872 1864 non
899 1831 1112 1864 obstantibus
1144 1830 1175 1863 ln

441 1895 587 1927 quorum,
615 1892 674 1918 etc.

484 1939 595 1970 Datum
620 1939 740 1971 Romae
768 1939 817 1971 die
834 1950 863 1972 1v
881 1938 1005 1981 augusti
1031 1948 1172 1972 MDchn.

485 1992 595 2025 Frater
624 1993 760 2025 lomnes
785 1993 938 2025 Bmtsu
959 1993 996 2024 de
1026 1992 1173 2031 MARINJS,

660 2046 814 2087 magister
838 2045 980 2077 Ordinis.

573 2098 685 2131 Frater
710 2099 935 2131 &amamus
959 2099 997 2130 de
1024 2098 1174 2137 Venetiis,

638 2152 789 2194 magister
814 2158 844 2183 ct
868 2151 973 2183 socius
1000 2164 1029 2183 γ».

491 2218 503 2235 ιι
529 2205 640 2237 Frater
664 2205 800 2237 loannes
824 2204 964 2247 Baptista
993 2204 1030 2236 de
1048 2203 1174 2236 Mariuis

442 2268 549 2290 sactae
562 2258 746 2300 theologiae
759 2258 932 2301 professor,
948 2256 1075 2289 Ordinis
1085 2267 1175 2300 prae-

443 2311 622 2343 dicatorum
660 2311 792 2343 humilis
826 2310 975 2353 magister
1015 2310 1174 2352 generalis

443 2368 474 2395 et
499 2374 620 2404 servus,
648 2365 686 2396 ad
712 2374 889 2406 perennem
915 2364 960 2395 rei
989 2363 1175 2395 memoriam

443 2422 474 2448 et
498 2416 694 2450 firmitatem.

487 2482 499 2500 n
525 2469 623 2507 Quam
647 2469 770 2502 utiliter
789 2482 824 2501 ac
851 2470 968 2501 decore
994 2469 1174 2501 litterarum

479 2541 487 2565 1
513 2539 611 2566 Forsan
632 2539 684 2566 tibi
700 2548 746 2573 pro
766 2539 819 2565 sibi
840 2539 980 2574 legendum
1000 2543 1039 2571 (n.
1055 2540 1102 2571 T.).

476 2583 491 2610 2
511 2583 595 2611 Credo
616 2583 757 2618 legendum
777 2583 978 2620 dilatationem
997 2583 1021 2617 [a
1048 2582 1097 2615 T.).

1028 195 1209 219 BULLARIUM
1234 195 1298 219 Rom
1306 195 1384 220 tru'M

1235 243 1338 275 studia
1353 253 1529 285 congruant
1544 245 1638 277 statui
1653 244 1817 287 religioso,
1832 250 1864 277 et
1876 255 1968 287 prae-

1234 295 1344 327 sertim
1370 301 1489 335 nostro,
1509 297 1561 338 qui
1590 298 1629 329 ad
1658 298 1907 340 praedicandum
1935 302 1966 330 et

1232 347 1412 380 docendum
1434 375 1441 388 ‚
1468 349 1774 393 confundendasque
1811 351 1963 384 haereses

1231 400 1434 442 peculialiter
1457 401 1619 433 institutus
1639 407 1698 441 est,
1716 413 1811 436 nemo
1837 414 1965 446 expres-

1230 452 1269 484 sit
1286 453 1491 494 luculentius,
1507 454 1638 486 deduxit
1651 455 1777 496 clarius,
1796 456 1965 489 confirma-

1229 505 1272 536 vit
1290 505 1423 538 validius
1441 506 1510 549 ipso
1525 507 1677 549 Angelico
1692 508 1820 541 doctore
1839 514 1962 549 nostro,

1229 557 1281 600 qni
1300 557 1330 590 Q,
1352 558 1381 590 02.
1402 563 1526 601 quaest.
1546 559 1719 592 chxxvnl'
1742 560 1817 593 huic
1837 562 1962 594 veritati

1228 611 1374 653 quintum
1399 611 1571 644 articulum
1596 612 1768 656 insumpsit
1788 613 1960 656 integrum,

1228 674 1286 696 nec
1305 664 1343 696 de
1369 665 1438 697 sola
1455 665 1603 705 utilitate,
1619 671 1672 698 aut
1688 672 1889 707 ornamento,
1906 668 1962 700 sed

1227 717 1321 758 plane
1348 717 1386 749 de
1412 718 1602 750 necessitate
1636 719 1859 752 resolutoriam
1890 731 1962 764 pro-

1227 770 1357 802 nunciat
1372 771 1577 810 sententiam,
1598 783 1660 815 qua
1675 771 1795 805 directe
1812 773 1960 806 affirmat:

1228 823 1443 856 Necessarium
1464 829 1508 857 ese
1532 825 1677 857 studium
1704 825 1889 858 litterarum
1914 838 1962 860 re-

1226 875 1350 917 liyz'osis
1371 876 1412 908 ad
1434 877 1688 919 praedicandum
1714 878 1887 911 institutis.
1916 879 1960 912 Ne

1224 927 1322 969 igitur
1346 930 1476 961 novella
1501 931 1709 972 congregatio
1728 937 1837 964 nostra
1858 932 1890 964 B.
1914 931 1960 964 la-

1224 981 1293 1013 cobi
1326 981 1451 1022 Veneti,
1486 982 1569 1014 intra
1594 983 1791 1025 provinciam
1816 989 1960 1016 nostram

1223 1032 1253 1065 S.
1283 1033 1440 1067 Dominiei
1466 1035 1672 1068 Veneti-arum
1689 1036 1728 1068 ad
1747 1042 1890 1069 exactum
1908 1047 1960 1075 re-

1224 1086 1342 1127 gularis
1361 1088 1585 1120 observantiae
1611 1088 1750 1131 rigorem
1775 1089 1960 1132 specialiter

1225 1139 1351 1178 coalita,
1371 1150 1488 1182 magno
1507 1150 1543 1173 ac
1572 1141 1816 1183 pernecessario
1834 1142 1895 1174 isto
1914 1142 1960 1174 lit·

1225 1193 1416 1225 terariorum
1443 1193 1672 1235 exercitiorum
1692 1194 1853 1237 praesidio
1871 1195 1958 1228 domi

1225 1256 1299 1277 suae
1326 1246 1528 1285 destituatur,
1552 1246 1666 1279 iniecta
1687 1252 1735 1279 est
1760 1248 1853 1280 nobis
1878 1249 1960 1281 salu·

1224 1298 1289 1330 bris
1322 1299 1473 1341 cogitatio
1500 1300 1602 1343 (ipsis
1636 1311 1763 1344 quoque
1796 1301 1959 1344 primariis

1225 1351 1328 1384 dictae
1354 1353 1618 1395 ‹‘·ongi·egationis
1643 1353 1788 1396 patribus
1806 1356 1871 1386 una
1887 1364 1958 1386 cum

1224 1415 1280 1437 suo
1306 1406 1408 1448 capite
1436 1407 1640 1439 concorditer
1672 1407 1756 1439 idem
1782 1407 1958 1440 sollicitan-

1224 1457 1330 1500 tibus)
1356 1459 1555 1491 concedendi
1575 1459 1690 1499 eidem,
1717 1460 1803 1492 iuxta
1828 1459 1957 1493 Ordinis

1224 1520 1315 1542 usum
1334 1516 1366 1543 et
1389 1511 1603 1543 universalem
1629 1511 1660 1543 in
1685 1512 1859 1554 provinciis
1883 1523 1957 1555 pra-

1223 1564 1285 1595 xim
1323 1564 1553 1601 domesticam,
1586 1565 1717 1607 aliquod
1754 1565 1956 1608 propriarum

1222 1616 1407 1649 scholarum
1431 1617 1636 1657 athenaeum,
1660 1626 1723 1648 non
1741 1616 1872 1659 quidem
1897 1616 1955 1649 sub

1223 1669 1324 1701 forma
1351 1669 1481 1702 titulove
1507 1669 1603 1702 studii
1630 1669 1791 1712 generalis
1816 1670 1869 1712 (ne
1905 1680 1956 1703 ve-

1222 1721 1280 1753 teri
1316 1721 1407 1753 buius
1443 1722 1627 1765 provinciae
1667 1722 1821 1765 generali.
1847 1723 1953 1756 studio

1221 1774 1372 1807 patavino
1404 1775 1571 1807 videamur
1604 1782 1656 1808 aut
1680 1776 1837 1818 derogare
1862 1776 1955 1819 quid-

1221 1838 1317 1870 quam
1344 1829 1436 1867 velle,
1455 1834 1508 1861 aut
1532 1834 1616 1861 certe
1638 1829 1744 1862 minus
1763 1829 1892 1873 favere),
1910 1834 1955 1862 at-

1222 1887 1326 1914 tamen
1352 1883 1411 1914 sub
1437 1882 1567 1914 nomine
1590 1887 1622 1914 et
1645 1882 1714 1915 iure
1740 1882 1870 1925 collegii
1894 1892 1954 1926 pro

1219 1935 1296 1967 solis
1323 1940 1390 1966 tum
1427 1935 1687 1967 moderatoribus
1712 1940 1779 1967 tum
1804 1934 1955 1967 fratribus

1220 1987 1374 2020 studiosis
1400 1988 1432 2019 in
1459 1988 1542 2020 dicta
1560 1989 1813 2031 congregatione
1838 1988 1955 2021 aretio-

1221 2041 1262 2073 ris
1286 2041 1507 2074 observantiae
1534 2047 1679 2074 tenorem
1704 2041 1770 2074 sive
1798 2042 1953 2084 amplexis

1218 2094 1281 2126 sive
1307 2094 1338 2126 in
1364 2099 1527 2137 posterum
1552 2094 1764 2137 amplexuris,
1783 2095 1823 2126 ita
1845 2099 1953 2127 tamen

1218 2152 1253 2179 ut
1273 2147 1430 2180 eiusmodi
1456 2147 1584 2190 collegii
1610 2147 1792 2180 functiones
1818 2153 1849 2180 et
1866 2158 1954 2180 excr-

1218 2199 1292 2232 citia
1316 2201 1481 2232 neminem
1518 2200 1557 2232 ab
1590 2202 1699 2233 exacta
1734 2200 1855 2233 ibidem
1878 2200 1954 2243 rigi-

1219 2252 1318 2285 dioris
1343 2253 1533 2296 disciplinae
1560 2254 1631 2296 lege
1664 2258 1718 2285 aut
1735 2252 1875 2285 eximant
1900 2258 1953 2285 aut

1219 2306 1404 2349 impediant,
1430 2312 1625 2349 sanctaeque
1650 2307 1682 2339 in
1707 2307 1856 2339 omnibus
1882 2306 1953 2339 uni-

1219 2360 1371 2392 formitati
1396 2361 1518 2393 nullum
1544 2361 1754 2393 subnascatur
1771 2370 1807 2393 ex
1827 2360 1952 2392 schola-

1217 2413 1295 2445 stica
1331 2413 1544 2456 occupatione
1580 2413 1820 2446 detrimentum.
1851 2413 1950 2445 Porro

1218 2466 1256 2499 ad
1275 2467 1360 2498 bunc
1379 2466 1526 2499 ess‘ectum
1542 2466 1739 2499 commodius
1756 2466 1952 2510 pleniusque

1254 2583 1264 2608 1
1288 2581 1353 2608 Male
1369 2581 1411 2608 ed.
1429 2581 1496 2607 Main
1512 2580 1575 2616 legit
1591 2583 1697 2615 quaest.
1715 2580 1749 2607 88
1764 2581 1800 2615 (R.
1816 2583 1876 2615 Τ.)..

1966 195 2016 222 λη.
2039 193 2068 223 C.
2090 194 2162 223 l'ssfio
