2247 3208
220 209 274 235 Λ11.
295 207 322 234 G.
349 208 409 234 tofi]

257 1372 369 1393 [meretum
387 1372 415 1392 ir-

230 1402 301 1420 silam».

304 2109 418 2133 Derogatio

235 2138 396 2158 contrariorum.

460 198 523 230 (21ss

415 257 556 289 latorum
582 264 678 296 super
703 251 932 285 reformatione
954 249 1083 283 Ordinis
1101 249 1149 282 Ci-

414 306 600 339 sterciensis
617 304 804 337 huiusmodi
821 305 993 347 deputatae
1003 302 1147 341 consilio,

413 359 604 392 auctoritaie
630 358 827 400 apostolica,
856 362 968 389 tenore
998 366 1151 399 praesen«

414 413 516 451 tium,
547 411 754 443 concedimus
787 409 949 443 licentiam
982 408 1150 441 abbatibus

415 463 593 497 communis
618 462 838 495 observantiae
863 462 1006 495 eiusdem
1025 460 1151 494 Ordinis

416 515 595 558 recipiendi
622 515 757 548 novitios
788 515 825 547 ad
852 515 997 547 habitum
1025 520 1052 546 et
1079 525 1154 557 pro-

418 569 616 607 fessionem,
651 574 682 600 et
714 567 841 600 noviter
865 568 1028 610 professos
1059 568 1153 599 collo-

418 621 512 653 candi
542 620 573 652 in
600 620 748 652 omnibus
775 620 980 652 monasteriis
1014 630 1094 662 quae
1122 619 1153 650 in

418 673 586 716 praedicto
612 672 756 715 generali
780 672 922 715 capitulo
940 682 1000 715 pro
1019 672 1154 704 novitia-

419 726 504 758 tibus
530 731 561 758 et
585 725 791 768 prosessoriis
813 725 990 767 respective
1019 730 1051 756 ut
1069 735 1154 767 prac-

420 780 522 811 fertur
546 778 714 821 designata
736 779 872 817 suerunt,
896 777 1030 809 servatis
1050 783 1156 809 tamen

421 831 705 864 constitutionibus
730 831 916 873 apostolicis
941 841 978 862 ac
1001 828 1077 862 dicti
1102 829 1157 862 Or-

422 884 504 917 dinis
528 880 669 916 statutis.
698 883 874 915 Abbatibus
894 893 970 915 vero
996 888 1158 915 monaste-

422 937 545 969 riorum
582 936 791 975 Germaniae,
826 936 946 978 Belgii,
981 935 1156 974 Poloniae,

423 988 612 1032 Aragoniae,
636 989 799 1021 Valentiae
822 993 853 1021 ct
875 988 1057 1021 Cataloniae
1082 988 1160 1020 eius-

423 1042 496 1074 dem
508 1041 683 1074 comn‘umis
700 1041 922 1073 observantiae
941 1041 1158 1083 indulgemus,

423 1100 458 1126 ut
481 1094 618 1127 novitios
644 1094 683 1126 ad
710 1094 855 1126 habitum
876 1094 1159 1137 et-prosessionem

424 1152 457 1179 ut
481 1157 578 1190 supra
598 1147 778 1186 admittere,
799 1158 835 1179 ac
856 1147 981 1179 noxiter
997 1147 1162 1190 professos

423 1201 585 1233 collocare
627 1200 751 1243 possint
787 1200 820 1232 in
860 1200 922 1233 illis
958 1199 1162 1232 monasteriis

425 1254 600 1293 dumtaxat,
628 1254 660 1286 in
687 1253 801 1297 quibus
817 1253 1065 1295 actudeguntet
1079 1253 1162 1285 alun-

426 1312 476 1338 tur
499 1308 611 1340 saltem
637 1307 896 1349 vigintiquinque
921 1306 1082 1339 monachi.

470 1360 484 1403 ἓ
510 1359 540 1391 5.
569 1360 787 1392 Decerncntes
812 1359 941 1392 easdem
973 1366 1163 1402 praesentes

426 1412 551 1445 litteras
577 1423 704 1455 semper
731 1412 846 1451 firmas,
870 1412 990 1445 validas
1011 1418 1042 1445 et
1063 1413 1163 1446 effica-

425 1476 477 1499 ces
503 1466 641 1498 existere
665 1471 696 1498 et
720 1466 805 1505 sore,
833 1475 972 1508 suosque
998 1466 1162 1509 plenarios

425 1525 456 1551 et
480 1520 623 1562 integros
650 1518 780 1552 effectus
806 1518 912 1551 sortiri
938 1524 970 1551 et
994 1519 1160 1559 obtinere,

425 1583 462 1605 ac
485 1573 561 1611 illis,
590 1573 628 1605 ad
655 1582 735 1614 quos
751 1576 876 1614 spectat
893 1577 924 1603 et
940 1581 999 1614 pro
1018 1577 1162 1615 tempore

425 1625 595 1668 spectabit,
611 1624 799 1667 plenissime
818 1622 995 1665 suffragari,
1014 1629 1046 1656 et
1063 1625 1100 1657 ab
1118 1625 1163 1657 eis

425 1678 607 1722 respective
618 1677 850 1710 inviolabiliter
864 1677 1037 1717 observari,
1054 1678 1163 1721 sicque

426 1731 458 1763 in
490 1730 675 1775 praemissis
707 1741 765 1773 per
795 1740 1012 1772 quoscumque
1042 1730 1163 1762 iudices

426 1784 607 1817 ordinarios
626 1789 658 1816 et
685 1784 857 1826 delegatos,
876 1783 973 1815 etiam
998 1793 1164 1815 causarum

428 1837 537 1880 palatii
562 1836 728 1879 apostolici
754 1836 938 1875 auditores,
967 1836 1106 1868 iudicari
1133 1841 1165 1868 et

428 1889 557 1923 definiri
590 1890 737 1929 debere,
772 1900 808 1921 ac
837 1888 967 1920 irritum
1000 1894 1032 1921 et
1066 1889 1163 1921 inane

428 1943 454 1975 si
480 1952 575 1975 secus
606 1953 708 1985 super
740 1942 790 1974 liis
813 1953 829 1974 a
854 1952 1032 1985 quoquam,
1051 1942 1163 1985 quavis

428 1996 647 2036 auctoritate,
684 1995 829 2028 scienter
861 1996 911 2028 vel
945 1995 1162 2038 ignoranter,

430 2048 607 2091 contigerit
625 2049 791 2081 attentari.

473 2101 487 2143 ἓ
512 2101 542 2133 6.
576 2101 645 2133 Νο11
672 2101 875 2134 obstantibus
901 2101 1104 2144 praemissis,
1130 2112 1166 2133 ac

429 2154 711 2186 constitutionibus
745 2159 777 2186 et
801 2153 1059 2187 ordinationibus
1091 2163 1167 2196 apo-

428 2206 560 2246 stolicis,
586 2217 722 2245 necnon,
750 2211 908 2249 quatenus
926 2217 1008 2250 opus
1022 2207 1073 2247 sit,
1090 2207 1165 2239 dicti

429 2258 557 2290 Ordinis
591 2264 623 2290 et
650 2259 920 2291 monasteriorum
960 2259 1164 2299 huiusmodi,

431 2311 527 2343 etiam
549 2310 738 2350 iuramento,
764 2307 1011 2344 confirmatione
1035 2318 1167 2355 aposto-

430 2364 491 2396 lica
515 2365 565 2396 vel
591 2365 700 2406 quavis
727 2363 875 2397 firmitate
897 2364 958 2397 alia
983 2364 1164 2405 roboratis,

431 2417 558 2449 statutis
584 2422 615 2449 et
646 2418 956 2457 consuetudinibus,
988 2418 1165 2461 privilegiis

431 2480 574 2512 quoque,
601 2469 734 2502 indultis
752 2475 783 2502 ct
800 2470 913 2503 litteris
931 2470 1119 2514 apostolicis
1134 2469 1167 2502 in

431 2522 631 2555 contrarium
648 2523 901 2565 praemissorum
922 2524 1169 2566 quomodolibet

432 2576 603 2619 concessis,
630 2575 824 2609 confirmatis
849 2582 880 2609 et
900 2577 1070 2618 innovatis3
1097 2577 1167 2621 qui-

1002 204 1179 226 iit‘LLAlzit'ttt
1209 201 1361 224 ROMAM'M

1192 248 1252 280 bus
1278 248 1427 280 omnibus
1441 254 1472 280 et
1488 248 1639 290 singulis,
1659 249 1788 281 illorum
1807 253 1935 280 tenores

1192 300 1416 344 praesentibus
1449 310 1508 342 pro
1540 301 1636 343 plene
1667 306 1699 332 et
1735 300 1937 333 sufficienter

1194 352 1355 396 expressis
1374 363 1410 385 ac
1426 352 1464 384 ad
1480 352 1751 386 verbuminsertis
1763 352 1931 392 habentes,

1193 405 1258 437 illis
1284 405 1363 438 alias
1395 405 1428 436 in
1458 414 1514 437 suo
1544 405 1661 437 robore
1685 404 1930 447 permansuris,

1195 458 1232 490 ad
1248 457 1500 500 praemissorum
1512 456 1668 496 effectum,
1681 457 1742 488 hac
1752 456 1821 490 vice
1840 457 1931 490 dum-

1196 513 1288 549 taxat,
1300 509 1486 551 specialiter
1496 519 1532 540 ex
1548 518 1700 551 expresse
1720 508 1912 551 derogamus
1924 535 1931 548 ,

1196 561 1377 604 ceterisque
1403 561 1572 594 contrariis
1598 561 1867 603 quibuscumque.

1240 614 1310 657 56.
1348 614 1502 646 Volumus
1535 619 1643 645 autem
1675 618 1712 645 ut
1748 613 1936 646 earumdem
1980 626 2130 652 τῃ...,..,.,μω-

1197 666 1417 709 praesentium
1442 666 1621 698 litterarum
1640 666 1862 708 transumptis,
1879 659 1991 699 seu¹¹'''¹
2014 660 2018 672 ¹

1198 718 1366 762 exemplis,
1382 718 1477 750 etiam
1492 717 1672 760 impressis,
1691 727 1787 749 manu
1805 717 1938 750 alicuius

1198 771 1317 803 notarii
1354 770 1475 814 publici
1512 770 1708 813 subscriptis
1723 797 1730 810 ,
1763 775 1796 802 et
1828 770 1937 812 sigillo

1199 834 1360 866 personae
1378 823 1411 854 in
1430 822 1651 856 ecclesiastica
1676 821 1834 865 dignitate
1865 833 1941 855 con-

1201 876 1331 908 stitutae
1351 876 1493 915 munitis,
1513 876 1627 908 eadem
1648 885 1782 918 prorsus
1808 875 1888 908 fides
1906 886 1940 907 u-

1200 928 1298 971 bique
1323 933 1387 961 tam
1418 928 1450 960 in
1476 928 1596 960 iudicio
1614 938 1709 971 quam
1733 933 1822 960 extra
1847 928 1939 960 adhi-

1202 982 1328 1022 beatur,
1345 992 1425 1024 quae
1451 980 1530 1023 ipsis
1558 980 1783 1023 praesentibus
1805 981 1941 1013 adhibe-

1202 1039 1307 1074 retur,
1329 1034 1354 1066 si
1381 1035 1489 1066 forent
1508 1033 1670 1065 exhibitae
1701 1033 1750 1065 vel
1776 1038 1938 1065 ostensae.

1247 1087 1360 1119 Datum
1385 1086 1517 1126 Romae,
1536 1086 1621 1129 apud
1639 1085 1670 1118 S.
1693 1085 1824 1118 Mariam
1846 1085 1943 1118 Maio-

1205 1151 1273 1173 rem
1287 1167 1294 1181 ,
1317 1141 1376 1173 sub
1405 1141 1525 1173 annulo
1550 1139 1735 1179 piscatoris,
1755 1139 1807 1172 die
1829 1149 1867 1172 xx
1887 1139 1942 1171 de-

1205 1194 1341 1226 cembris
1354 1203 1517 1233 MDCLXVH,
1542 1192 1749 1237 pontificatus
1763 1192 1868 1225 nostri
1887 1203 1943 1225 an-

1205 1258 1247 1280 no
1266 1258 1288 1280 1.

1242 1310 1298 1336 Dat.
1320 1309 1363 1337 die
1378 1309 1412 1336 20
1427 1308 1579 1336 decembris
1593 1308 1672 1342 1667,
1690 1308 1784 1344 pontif.
1802 1316 1871 1335 anno
1887 1315 1906 1335 1.

1527 1450 1616 1483 XLII.

1207 1531 1398 1566 Consecutio
1430 1530 1628 1563 revocatoria
1659 1530 1900 1572 eoeemptionum
1923 1539 1944 1561 a

1249 1584 1475 1627 vectiqalibus,
1502 1582 1643 1625 aliisque
1664 1583 1744 1625 puls!
1781 1594 1805 1613 ς
1831 1582 1940 1614 oneri-

1252 1637 1320 1669 bus.

1418 1707 1551 1733 clemens
1578 1706 1657 1739 Papa
1677 1705 1732 1737 IX,

1328 1753 1364 1779 ad
1385 1755 1559 1786 perpetuam
1578 1751 1624 1777 rei
1644 1750 1824 1777 memoriam.

1250 1833 1396 1872 Paterna,
1423 1842 1519 1875 quam
1547 1832 1585 1864 de
1612 1831 1731 1864 nostris
1753 1835 1784 1863 et
1807 1830 1946 1873 Aposto-

1207 1886 1286 1918 licae
1312 1884 1403 1918 Sedis
1429 1885 1461 1916 in
1487 1884 1721 1927 temporalibus
1739 1882 1876 1916 subditis
1894 1892 1948 1925 ge-

1208 1940 1322 1979 rimus,
1347 1948 1424 1970 cura
1448 1948 1507 1970 nos
1541 1943 1654 1979 urget,
1680 1942 1731 1977 ut,
1763 1936 1796 1968 in
1829 1935 1948 1978 gravis-

1208 1993 1296 2024 simis
1327 2002 1435 2024 rcrum
1467 1990 1717 2031 difficultatibus,
1748 1990 1866 2033 quibus
1897 1999 1949 2021 ca-

1207 2056 1297 2078 mera
1317 2050 1427 2078 nostra
1452 2044 1640 2087 apostolica,
1675 2054 1710 2076 ac
1738 2042 1950 2076 communita-

1209 2105 1257 2132 tes
1282 2104 1314 2132 et
1339 2098 1565 2131 universitates
1590 2098 1763 2137 civitatum,
1791 2101 1949 2128 terrarum

1209 2157 1241 2185 et
1266 2153 1410 2185 locorum
1431 2156 1559 2183 nostrae
1596 2155 1627 2183 et
1659 2150 1761 2182 dictae
1786 2149 1877 2181 Sedis
1902 2149 1949 2181 di-

1210 2205 1305 2238 tionis
1331 2203 1520 2247 temporalis
1553 2208 1688 2246 propter
1716 2203 1817 2234 multa
1850 2212 1950 2235 onera

1209 2259 1348 2291 antchac
1365 2257 1513 2300 imposita
1528 2261 1729 2300 premuntur,
1752 2255 1882 2298 aliquod
1903 2255 1949 2287 eis

1210 2313 1358 2344 levamen
1386 2310 1544 2353 (sublatis
1569 2308 1827 2341 immunitatibus
1852 2313 1949 2350 atque

1212 2363 1471 2407 exemptionibus
1508 2363 1546 2394 ab
1582 2372 1717 2395 onerum
1747 2361 1951 2404 publicorum

1211 2416 1462 2460 supportatione
1494 2426 1553 2459 per
1586 2415 1763 2448 nonnullos
1790 2413 1951 2446 Romanos

1215 2470 1386 2504 Pontifices
1412 2469 1677 2512 praedecessores
1702 2472 1829 2500 nostros
1854 2472 1885 2499 et
1901 2466 1952 2499 Se-

1212 2525 1284 2557 dem
1309 2522 1515 2566 praedictam,
1543 2532 1579 2554 ac
1605 2521 1712 2554 forsan
1736 2519 1824 2552 illius
1842 2519 1880 2552 de
1906 2521 1952 2552 la-

1213 2582 1278 2610 tere
1306 2577 1428 2619 legatos
1444 2601 1452 2615 ,
1479 2575 1621 2618 aliosque
1647 2573 1837 2606 earumdem
1860 2572 1952 2606 Sedis

1945 199 1993 224 An.
2009 198 2037 224 C.
2060 198 2125 224 1007

1982 1841 2124 1864 Prooemium.
