2247 3208
190 231 210 261 9,
220 236 243 257 a.
263 229 290 256 C.
315 228 381 255 1065

427 217 491 251 346

389 273 581 309 obedientia
614 267 849 302 sanctissimam
877 264 1022 298 Hostiam
1047 273 1063 295 e
1081 273 1129 294 sa-

391 328 512 365 crario,
540 323 692 365 ducitque
718 321 750 352 in
775 317 1007 362 processione,
1033 316 1129 348 alter-

390 380 542 413 nantibus
568 375 719 409 fratribus
743 370 866 406 versus¹
885 370 995 414 hymni
1016 369 1131 411 Panqe

392 430 588 474 [1119111001ιί
614 433 662 461 est
686 427 719 460 in
740 425 880 469 capitulo
905 423 1004 462 finali,
1033 423 1131 455 collo-

392 491 507 527 catque
534 483 565 515 in
592 481 683 514 altari
709 478 851 512 oratorii.
878 476 1003 520 Spoliat
1026 485 1070 515 se,
1096 485 1132 507 ac

392 539 498 571 tendit
515 537 547 569 in
565 537 671 568 locum
689 543 799 572 suum,
831 531 1020 572 fratresque,
1045 532 1133 571 post-

395 601 489 634 quam
515 590 548 621 in
574 598 679 631 genua
709 584 978 629 procubuerunt,
1017 586 1048 613 et
1072 581 1133 613 hu-

394 654 484 676 mum
510 639 645 674 osculati
670 643 754 679 sunt,
774 636 935 679 erigentes
960 645 1006 674 se,
1032 643 1133 677 penes

397 706 525 729 scamna
536 684 808 736 ingeniculantur.
822 689 1014 731 Omissoque
1028 696 1136 730 asper-

398 749 504 788 sorio,
531 752 562 780 et
586 745 702 779 ceteris
727 742 938 781 orationibus,
960 740 1039 782 legit
1054 739 1135 772 Obe-

400 801 521 834 dieutia
560 799 691 831 devotas
735 795 890 839 quasdam
926 793 964 825 de
1003 791 1137 825 sanctis-

401 855 481 887 simo
507 854 569 886 hoc
593 852 800 884 Sacramento
834 845 1135 884 considerationes,

401 918 498 951 super
527 906 643 949 quibus
672 902 870 936 meditantur
901 909 960 943 per
990 904 1056 931 tres
1080 898 1140 930 ho-

402 972 456 994 rae
483 959 700 1002 quadrantes,
727 954 921 995 interimque
950 950 1140 985 Ohedientia

403 1012 602 1046 iaculatoriis
628 1009 751 1051 aliquot
776 1006 978 1041 orationibus
1003 1003 1138 1043 devotis,

405 1066 525 1099 teneris
551 1075 587 1096 ac
612 1061 811 1095 serventibus
846 1059 971 1097 utitur3
999 1057 1142 1089 tandem-

406 1130 468 1162 que
495 1117 599 1150 oratio
621 1114 808 1153 absolvitur,
835 1112 963 1145 dicente
987 1109 1143 1143 Obedien-

407 1173 465 1205 tia:
481 1172 623 1209 Fratres,
645 1168 781 1201 Tantum
798 1176 871 1209 erqo
884 1165 1141 1201 Sacramentum,

407 1233 596 1258 vemn‘emur
613 1221 735 1254 cernui:
756 1218 1038 1263 procumbuntque
1057 1216 1145 1248 humi

410 1288 530 1317 omues,
557 1277 738 1317 durantque
764 1272 1000 1316 aliquantulum
1026 1270 1059 1302 in
1084 1270 1148 1302 hoc

411 1336 504 1374 gestu
523 1329 679 1372 corporis,
697 1326 852 1359 facientes
868 1324 1042 1357 interiores
1060 1327 1147 1355 actus

411 1383 495 1422 fidei,
518 1380 716 1414 adorationis
737 1384 769 1411 et
793 1378 923 1411 amoris.

456 1435 646 1469 Sedentibus
664 1432 811 1465 omnibus
829 1431 929 1474 (quod
945 1434 1079 1473 propter
1097 1429 1151 1461 de-

413 1489 572 1522 bilitatem
592 1492 645 1519 aut
663 1485 883 1518 infirmitatem
901 1483 1094 1526 aliquorum,
1116 1486 1152 1513 ut

415 1542 497 1575 absit
512 1539 734 1583 inaequalitas,
754 1536 971 1581 permittitur),
990 1535 1089 1568 corde
1107 1540 1153 1567 ta-

416 1607 492 1629 men
517 1594 696 1638 prostratis,
725 1603 797 1626 cum
822 1592 948 1624 summa
972 1583 1153 1622 reverentia

418 1655 449 1682 et
473 1647 675 1687 l‘unnilitate,
703 1651 751 1678 ter
780 1649 873 1677 vocat
896 1642 1095 1681 Obedientia,
1120 1646 1155 1673 ut

418 1702 515 1735 moris
547 1706 604 1741 cst,
629 1699 774 1741 singulos
800 1703 909 1730 ternos
934 1707 970 1729 ex
996 1695 1154 1735 fratribus,

419 1762 451 1788 ut
478 1758 647 1787 exerceant
676 1757 707 1785 et
739 1755 958 1784 exerceantur.
986 1748 1043 1787 Qui
1067 1748 1156 1791 inge-

421 1809 604 1841 111011111111111Ἴ
628 1817 666 1838 eo
692 1805 724 1837 in
750 1806 838 1844 loco,
863 1803 917 1835 ubi
950 1802 1020 1835 aliis
1046 1801 1157 1834 diebus

423 1862 585 1894 scamnula
602 1864 682 1898 sunt,
703 1863 764 1898 aut,
784 1858 809 1890 si
826 1856 1033 1890 Obedientiae
1054 1865 1159 1888 neces-

424 1915 542 1947 sarium
567 1914 732 1953 videatur,
758 1911 835 1944 iussi
866 1911 899 1943 in
924 1911 1009 1942 terra
1033 1909 1157 1941 sedent.

424 1968 468 2000 De
487 1965 751 1999 constitutionum
769 1963 1020 2007 adimplemento
1037 1971 1101 1995 non
1119 1961 1163 1993 111-

426 2025 642 2062 terrogantur,
664 2029 722 2051 nec
744 2018 889 2050 desectus
913 2027 985 2049 suos
1009 2015 1164 2059 profiten-

429 2074 593 2110 tuiurcllet,
610 2072 695 2104 enim
720 2071 831 2103 schola
845 2070 876 2102 in
902 2070 990 2102 nullo
1009 2068 1163 2101 defecisse

428 2125 512 2158 filios
536 2135 621 2163 suos,
648 2123 836 2167 pracsertim
862 2123 922 2155 hac
948 2122 1010 2161 die,
1031 2126 1085 2153 aut
1103 2131 1166 2152 ma-

432 2178 530 2220 gistro
567 2177 642 2209 huic
680 2176 787 2208 divino
826 2174 1020 2207 inofficiosos
1056 2173 1163 2206 fuisse.

432 2230 577 2268 Quamvis
617 2230 702 2262 enim
741 2229 931 2261 secretiores
964 2228 1107 2260 desectus
1139 2226 1167 2258 ei

433 2289 554 2326 patent,
582 2287 675 2324 atque
701 2282 802 2314 oculis
820 2281 887 2313 eius
905 2280 1064 2313 manifesti
1085 2284 1167 2320 sunt,

436 2338 528 2369 decet
553 2342 657 2368 tamen
683 2336 762 2375 hos,
789 2346 860 2367 cum
892 2333 1021 2367 realiter
1045 2338 1077 2365 et
1100 2343 1170 2365 cor-

436 2389 590 2432 poraliter
604 2388 756 2420 Dominus
770 2388 867 2426 adest,
881 2397 946 2419 non
963 2385 1077 2419 audiri.
1093 2385 1171 2417 Tum

437 2448 572 2485 propter
590 2442 740 2484 gaudium
758 2446 789 2473 et
805 2440 970 2479 laetitiam,
990 2449 1052 2482 qua
1076 2439 1173 2471 debe-

438 2506 507 2528 mus
541 2495 568 2527 ei
600 2495 771 2533 assistere,
805 2498 994 2526 excusantur
1024 2493 1086 2525 hoc
1122 2492 1172 2524 die

476 2611 488 2637 1
511 2610 581 2637 Edit.
598 2608 675 2636 Main,
694 2607 757 2644 legit
774 2616 854 2634 versu
868 2607 906 2642 (R.
923 2607 972 2641 T.).

970 214 1150 239 BULLARIUM
1174 213 1326 238 ROMANUM

1171 265 1259 293 actus
1291 272 1401 294 omnes
1430 263 1698 297 manifestationis
1731 268 1762 297 et
1792 265 1907 308 poeni-

1172 313 1312 346 tentiae:
1342 314 1513 357 Numquid
1539 321 1672 358 possunt
1703 316 1769 358 filii
1798 318 1908 360 sponsi

1174 366 1303 408 litqere,
1331 366 1462 409 quando
1493 377 1563 399 cum
1595 368 1665 400 illis
1698 373 1741 401 est
1772 380 1908 412 sponsu-5

1175 418 1330 460 (Mum,
1357 419 1418 461 ix).
1695 426 1699 429 ’

1217 471 1376 505 Exercitia
1407 472 1602 504 reducuntur
1631 473 1669 505 ad
1699 474 1908 514 collationes,

1177 637 1241 665 stus
1266 632 1420 665 Dominus
1453 632 1486 664 in
1517 636 1717 665 sacramento
1746 632 1829 664 inter
1853 629 1917 666 1105

1177 695 1318 725 manere,
1344 684 1508 728 divinique
1534 684 1628 717 11111115
1653 685 1843 717 sacramenti
1869 686 1914 718 et*-

1178 738 1290 777 fectus,
1314 742 1345 770 et
1369 737 1453 770 circa
1477 738 1614 777 modum,
1634 748 1696 781 quo
1714 738 1753 770 ad
1771 748 1843 770 eum
1864 748 1916 770 ex-

1179 791 1363 834 cipiendum
1387 801 1582 834 praeparare
1600 801 1669 830 nos,
1693 796 1829 834 excepto
1847 801 1917 833 gra-

1180 844 1239 876 tias
1254 844 1383 882 habere,
1399 848 1430 876 et
1443 853 1502 886 pro
1517 848 1579 876 tam
1592 842 1746 876 ineffabili
1757 842 1916 876 beneficio

1181 901 1288 939 gratos
1312 897 1448 929 reddere
1472 907 1530 929 nos
1557 897 1745 929 debeamus.
1772 897 1918 940 Respon-

1183 951 1281 983 deant
1297 949 1462 982 exercitati
1487 950 1525 982 ad
1550 950 1745 992 interrogata
1772 950 1918 982 modeste

1183 1013 1218 1035 ac
1249 1001 1391 1035 breviter
1421 1002 1453 1034 id
1490 1003 1529 1034 de
1561 1012 1624 1044 quo
1660 1002 1805 1044 singulos
1836 1002 1919 1034 Deus

1185 1055 1341 1089 docuerit.
1377 1054 1433 1093 Qui
1472 1054 1589 1087 deinde
1626 1055 1844 1087 monebuntur
1880 1054 1920 1087 ab

1186 1108 1453 1148 exercitantibus,
1480 1108 1768 1151 excitabunturque
1793 1108 1831 1140 ad
1855 1117 1922 1140 ma-

1186 1162 1287 1195 iorem
1303 1161 1542 1194 venerationem
1565 1165 1597 1193 et
1614 1161 1802 1193 servitutem
1827 1160 1922 1193 huius

1188 1216 1389 1255 sacramenti,
1409 1219 1440 1247 et
1460 1215 1498 1247 ad
1523 1213 1655 1247 effectus
1680 1213 1924 1247 misericordiae

1189 1269 1257 1302 eius
1281 1267 1446 1301 mirabiles
1478 1265 1648 1309 temp0re¹
1681 1276 1717 1299 ac
1745 1266 1924 1299 defectibus

1190 1332 1254 1355 non
1279 1320 1515 1363 impediendos.

1234 1373 1423 1407 Obedientia
1437 1372 1682 1405 exercitantium
1697 1372 1781 1405 dicta
1794 1372 1827 1405 in
1845 1383 1928 1405 surn-

1192 1439 1275 1461 mam
1300 1427 1426 1470 redigit,
1448 1427 1534 1467 iisve,
1562 1427 1648 1470 quod
1672 1437 1803 1459 monere
1824 1426 1927 1469 magis

1194 1487 1247 1515 aut
1278 1481 1416 1515 excitare
1447 1481 1600 1514 maiorem
1625 1480 1782 1513 servorem
1807 1480 1926 1523 possit,

1195 1535 1350 1578 adiungit.
1366 1534 1521 1567 Exercitia
1541 1533 1637 1566 hodie
1654 1535 1726 1576 plus
1744 1542 1839 1576 quam
1859 1533 1929 1566 aliis

1196 1588 1308 1621 diebus
1332 1597 1391 1631 per
1408 1587 1507 1619 horae
1526 1586 1736 1629 quadrantem
1756 1584 1931 1628 protelari*z

1197 1646 1343 1686 possunt.
1359 1639 1498 1683 imponit
1513 1639 1712 1679 Obedientia,
1725 1643 1761 1671 ut
1771 1649 1831 1682 pro
1843 1638 1933 1672 Sum-

1198 1705 1250 1727 mo
1275 1693 1446 1733 Pontifice,
1472 1703 1530 1735 pro
1556 1702 1647 1734 rege,
1675 1696 1748 1731 etc„
1775 1696 1810 1723 ut
1833 1692 1933 1725 moris

1199 1753 1256 1788 est,
1273 1747 1373 1780 Deum
1392 1746 1505 1778 fratres
1523 1750 1705 1788 precentur.
1729 1745 1823 1785 Tunc,
1842 1744 1936 1778 vesti-

1199 1802 1259 1834 bus
1279 1799 1460 1843 resumptis,
1481 1809 1553 1831 cum
1574 1798 1687 1831 eodem
1708 1798 1936 1839 assistentium,

1202 1853 1380 1897 ceterisque
1398 1863 1471 1885 cum
1489 1851 1590 1896 cereis
1605 1850 1758 1891 accensis,
1774 1851 1936 1890 comitatu,

1203 1907 1309 1952 pergit
1332 1906 1371 1939 ad
1396 1904 1562 1938 custodiae
1584 1904 1785 1936 reddendum
1805 1904 1939 1937 Sanctis-

1205 1962 1321 1997 simum
1352 1960 1438 1992 iuxta
1470 1957 1713 1991 caeremonialis
1737 1958 1881 2000 regulas:
1909 1962 1941 1990 et

1206 2013 1357 2047 fratribus
1382 2011 1562 2045 dicentibus
1590 2011 1732 2043 Tantum
1756 2020 1839 2053 erqo,
1867 2014 1938 2049 etc„

1206 2065 1467 2101 benedictionem
1491 2064 1555 2097 illis
1572 2064 1625 2096 dat
1648 2074 1718 2095 cum
1743 2062 1943 2096 sanctissima

1207 2119 1329 2157 Hostia,
1344 2128 1438 2160 quam
1455 2116 1584 2160 quidem
1601 2115 1647 2148 illi
1659 2115 1804 2158 recipere
1822 2116 1944 2148 debent

1210 2173 1255 2206 sic
1280 2175 1469 2203 ‘reverenter
1494 2168 1659 2202 humiliter
1679 2174 1709 2200 et
1734 2168 1942 2209 confidenter,

1211 2225 1300 2268 quasi
1319 2234 1336 2255 a
1355 2222 1481 2256 Christo
1503 2221 1671 2254 visibiliter
1691 2226 1866 2264 apparente
1884 2221 1945 2254 sibi

1211 2277 1399 2319 elargitam,
1426 2285 1528 2318 aeque
1551 2279 1735 2307 reverenter
1766 2285 1803 2307 ac
1830 2275 1946 2307 devote

1212 2330 1447 2375 procedentes,
1474 2328 1621 2361 eamdem
1653 2338 1773 2359 sacram
1797 2327 1949 2360 Euchart

1214 2383 1306 2416 stiam
1336 2392 1437 2425 usque
1469 2381 1508 2413 ad
1538 2380 1710 2413 sacrarium
1734 2380 1948 2420 comitantur·,

1215 2447 1278 2480 quo
1303 2446 1374 2468 cum
1399 2435 1523 2467 inclusa
1547 2433 1661 2474 suerit,
1688 2433 1868 2465 osculantes
1893 2433 1952 2464 hu-

1215 2501 1311 2529 mum,
1336 2489 1474 2521 redeunt
1491 2498 1561 2520 cum
1578 2485 1767 2519 obedientia
1792 2486 1832 2518 ad
1857 2485 1953 2518 sacri-

1252 2561 1262 2586 ¹l
1281 2560 1384 2586 Forsan
1399 2561 1512 2592 tmepore
1528 2565 1574 2592 pro
1592 2560 1718 2591 tempore
1735 2555 1840 2590 legend.
1856 2556 1950 2589 (11.1.)-

1193 2598 1199 2631 i
1251 2605 1267 2630 2
1279 2603 1308 2630 Ni
1320 2604 1380 2638 lege
1391 2603 1490 2629 debeat
1502 2601 1640 2636 protrahi
1652 2600 1861 2637 autpraetendi
1871 2601 1954 2634 (11.1),

1912 217 1960 243 An.
1978 216 2006 243 C.
2030 215 2094 245 1665

1175 526 1369 558 documenta
1386 530 1417 557 et
1438 524 1679 557 exhortationes
1697 525 1782 558 circa
1806 526 1919 559 inani-⁴

1176 584 1241 611 tum
1266 579 1383 611 amoris
1408 589 1579 618 excessum,
1595 573 1668 622 *quo
1698 579 1798 612 voluit
1821 574 1921 613 Chri-3

2236 2738 2247 3208 —m—-rmazmm
2240 2706 2247 2731 a,
2240 2637 2247 2701 ,πμ-Ἀ.
