2247 3208
206 193 256 219 An.
279 192 302 220 C.
325 191 390 219 1662
436 184 478 216 24

227 831 336 851 nucreium
349 836 380 851 re·

199 860 277 878 cribet.

401 241 486 281 nius,
512 239 603 283 prior
638 236 800 280 generalis
831 235 959 268 Ordinis
994 235 1129 267 fratrum

400 293 615 326 Eremitarum
631 289 732 322 sancti
751 289 935 331 Augustini,
954 288 1041 331 quod
1059 287 1128 319 eius

399 347 431 378 in
457 345 646 387 generalatu
671 342 748 375 dicti
779 341 907 374 Ordinis
933 340 1129 384 praedeces-

400 409 454 431 sor
487 398 520 429 in
555 395 740 428 visitatione
776 398 956 427 conventus
994 391 1126 425 maioris

398 449 575 492 nuncupati
595 448 733 481 civitatis
759 446 952 479 Parisiensis
979 445 1126 478 eiusdem

398 501 526 535 Ordinis
552 501 679 533 diversa
704 500 837 532 decreta
853 509 914 542 pro
937 499 1025 531 bono
1050 507 1127 530 con-

397 559 513 587 ventus
539 552 728 585 huiusmodi
755 551 923 594 ‘gubernio
948 549 1127 592 regularis-

398 617 461 650 que
486 605 713 639 observantiae
740 603 988 638 conservatione
1010 602 1124 642 edidit,

398 669 480 702 quae
505 658 644 691 subinde
669 669 687 690 a
710 657 888 690 novissimo
908 655 1045 699 praefati
1070 654 1127 687 Or-

397 712 481 745 dinis
507 711 649 754 capitulo
675 709 820 753 generali
853 709 1032 752 approbata
1056 707 1126 739 fue-

396 770 472 797 runt
497 765 557 797 sub
582 763 790 806 infrascripto
816 767 943 801 tenore,
958 760 1123 793 videlicet:

445 829 458 848 u
471 817 624 859 Magister
637 816 737 849 frater
749 815 867 847 Paulus
885 813 1061 846 Luchinius
1075 813 1126 845 Pi-

395 870 571 909 sam-ensis,
587 869 686 902 totius
703 867 831 900 Ordinis
849 866 985 898 fratrum
1002 865 1125 897 Eremi-

395 927 502 954 tarum
527 921 630 954 sancti
649 919 820 962 Augustini
844 918 936 961 prior
961 917 1123 960 generalis

395 979 427 1008 et
451 973 695 1007 commissarius
721 971 933 1015 apostolicus.

437 1026 480 1059 Ea
505 1030 554 1058 est
578 1025 795 1057 humanarum
819 1033 931 1055 rerum
956 1022 1122 1063 conditio,

394 1083 438 1119 ut,
457 1082 578 1122 quanto
597 1077 657 1110 sihi
674 1076 871 1109 nobiliorem
890 1076 1000 1108 locum
1017 1079 1050 1108 et
1066 1085 1124 1108 no-

393 1142 468 1165 men
483 1131 658 1170 vindicant,
674 1134 764 1162 tanto
777 1129 927 1172 pluribus
942 1126 1123 1162 subiacent¹

392 1186 544 1219 fortunae
569 1184 720 1223 casibus,
748 1183 866 1226 quibus
893 1183 1043 1215 sublimis
1069 1193 1123 1215 eo-

393 1248 465 1270 rum
483 1238 563 1270 situs
581 1237 725 1280 undique
744 1236 934 1278 exagitetur,
950 1239 982 1267 et
1007 1235 1033 1267 si
1051 1234 1122 1267 fieri

392 1294 501 1333 potest
530 1289 676 1322 maximis
702 1288 942 1321 dehonestetur
970 1288 1119 1320 maculis.

392 1342 482 1381 Quod
505 1353 577 1376 cum
594 1342 759 1377 neminem
775 1351 834 1384 per
852 1341 980 1383 singula
998 1340 1123 1373 discur-

392 1399 519 1428 rentem
544 1396 646 1428 latere
671 1398 780 1438 queat,
807 1393 908 1426 tutius
935 1393 998 1426 erit
1015 1403 1123 1426 erum-

391 1453 507 1491 pentes
532 1447 664 1480 silentio
696 1449 850 1480 coercere
879 1457 997 1486 voces,
1024 1456 1122 1490 quam

392 1510 447 1533 ex*
468 1501 506 1533 iis
546 1500 697 1532 humanis
739 1499 879 1542 eloquiis
923 1499 1121 1542 depromere

391 1553 496 1585 fraudi
521 1553 703 1585 materiam.
730 1552 865 1593 Verum,
892 1553 986 1585 nobis
1012 1557 1122 1585 tacen-

392 1606 490 1646 tibus,
513 1616 574 1649 per
599 1616 632 1638 se
657 1606 765 1649 ipsum
782 1606 957 1649 eloquetur
974 1605 1028 1638 hic
1045 1615 1122 1638 con-

391 1662 506 1689 ventus
532 1663 564 1689 et
588 1659 740 1700 generale
758 1662 908 1690 nostrum
926 1657 1119 1700 collegium,

392 1710 483 1742 cuius
498 1710 899 1754 antiquapraeeminentia
914 1711 1038 1744 crebris
1057 1711 1122 1744 dis-

393 1763 494 1802 sidiis,
520 1773 586 1796 non
610 1773 675 1796 uno
709 1764 767 1797 sed
800 1764 929 1797 diverso
962 1765 1059 1797 modo
1085 1775 1122 1797 ac

392 1820 552 1859 tempore,
579 1827 645 1849 non
663 1817 733 1850 sine
751 1817 881 1850 maximi
899 1818 998 1850 animi
1016 1818 1121 1850 nostri

392 1869 526 1909 dolore,
552 1870 615 1901 iam
640 1870 708 1902 scre
737 1870 931 1903 labefactata
961 1871 1119 1903 cernitur.

391 1921 570 1954 Plurimum
595 1932 673 1955 sane
698 1923 737 1955 ad
762 1923 849 1956 illius
883 1923 982 1955 decus
1008 1928 1040 1955 et
1064 1934 1122 1956 no-

391 1974 487 2007 minis
513 1975 650 2017 gloriam
675 1976 802 2008 confert
826 1977 914 2019 quod
936 1976 969 2008 in
989 1977 1122 2019 amplis-

392 2027 473 2059 sima
519 2028 833 2072 opulentissimaque
882 2029 980 2062 totius
1028 2030 1121 2072 regni

392 2080 656 2112 christianissimi
681 2081 823 2121 civitate,
849 2082 950 2114 veluti
976 2082 1008 2114 in
1026 2083 1121 2115 tutis-

392 2131 473 2164 sima
497 2142 533 2164 ac
564 2133 783 2166 munitissima
807 2145 898 2174 arce,
925 2136 1118 2175 collocetur,

392 2188 428 2215 ut
453 2194 490 2216 ex
514 2184 581 2224 illa,
602 2185 749 2218 doctrina
774 2188 852 2218 sana
877 2191 907 2219 et
932 2192 1121 2219 mansuetu-

393 2236 468 2269 dine
499 2237 699 2280 sapientiae,
731 2239 883 2271 tenebras
916 2240 1120 2281 ignorantiae

391 2289 526 2331 penitus
549 2289 717 2332 dissipare,
735 2295 767 2322 et
790 2291 946 2324 adversus
964 2293 1121 2335 pestilen-

392 2340 517 2373 tissima
542 2341 694 2374 vitiorum
720 2343 864 2376 omnium
880 2349 1026 2378 monstra
1043 2345 1119 2377 totis

391 2393 515 2425 viribus
544 2395 733 2437 praevalere
763 2401 921 2437 conetur,
955 2398 1043 2441 quod
1073 2402 1120 2430 tot

393 2446 742 2480 christianissimorum
767 2458 952 2492 regnorum,
978 2451 1121 2484 serenis-

428 2560 439 2586 1
462 2559 616 2595 Legendum
634 2560 704 2589 foret
721 2561 887 2590 subiaceant
905 2563 942 2598 (R.
959 2563 1006 2600 12).

970 186 1149 211 BULLARIL'M
1173 187 1324 212 ROMANUM

1163 235 1389 278 simorumque
1403 236 1598 280 principum,
1612 238 1893 272 nobilissimorum

1162 297 1357 329 procerum,
1390 292 1487 331 atque
1530 290 1708 323 illustrium
1747 292 1893 324 virorum

1160 339 1368 381 protectione
1386 350 1423 373 ac
1439 340 1661 374 munificentia
1680 343 1891 383 nobilitetur;

1161 395 1194 423 et
1218 392 1307 434 quod
1331 392 1474 435 denique
1491 393 1577 425 inter
1593 395 1770 438 praecipua
1788 400 1820 428 et
1836 406 1894 428 no-

1160 442 1279 474 biliora
1303 442 1467 476 facultatis
1495 444 1682 487 theologiae
1700 446 1892 480 parisiensis

1160 495 1307 527 membra
1332 496 1552 537 adscribatur,
1572 508 1668 540 quae,
1687 509 1760 531 cum
1778 501 1820 532 sit
1836 502 1894 533 sso-

1160 547 1340 580 rentissimi
1373 548 1551 582 Galliarum
1584 551 1677 593 regni
1708 552 1835 593 gloria,
1862 559 1893 585 et

1161 603 1226 632 tam
1256 601 1419 634 cultorum
1455 612 1603 643 suorum,
1638 613 1735 646 quam
1767 609 1894 637 extero-

1160 662 1242 692 rum,
1269 662 1307 685 ex
1332 654 1483 687 omnibus
1510 655 1611 687 totius
1637 656 1726 688 orbis
1744 657 1892 699 partibus

1159 705 1192 737 in
1217 715 1289 738 eam
1314 707 1560 748 confluentium,
1585 708 1806 749 multitudine,
1824 711 1894 753 pie-

1159 762 1234 799 tate,
1261 758 1410 791 doctrina
1434 764 1532 803 atque
1557 759 1620 793 fide
1646 762 1829 795 orthodoxa
1846 764 1894 795 in-

1159 810 1270 853 signis,
1296 811 1517 845 litteratorum
1543 814 1688 846 omnium
1714 815 1752 847 ad
1771 825 1806 847 se
1824 816 1894 848 alli-

1159 862 1202 894 cit
1237 864 1466 907 convertitque
1504 865 1642 898 animos.
1684 866 1745 899 Sed
1762 893 1769 907 ,
1807 868 1892 910 proh

1160 915 1276 950 dolor!
1313 917 1399 950 unde
1430 918 1545 950 eadem
1578 919 1711 961 gloriae,
1739 920 1891 961 honoris,

1158 973 1256 1012 atque
1275 970 1557 1012 praeeminentiae
1578 976 1800 1012 monumenta,
1816 973 1891 1004 inde

1159 1021 1370 1054 dissidiorum
1396 1033 1432 1055 ac
1452 1022 1559 1055 litium
1577 1023 1703 1056 semina
1727 1025 1836 1057 enasci
1858 1030 1894 1057 ut

1156 1074 1335 1116 plurimum
1354 1075 1605 1118 dignoscuntur.
1628 1076 1710 1109 Hinc
1728 1077 1815 1109 enim
1838 1078 1893 1110 de-

1158 1126 1316 1160 siderium
1336 1128 1510 1171 impatiens
1532 1129 1571 1162 ad
1595 1128 1677 1162 illud
1698 1131 1892 1164 convolandi

1156 1180 1216 1212 hos
1253 1181 1426 1222 sollicitat,
1464 1181 1562 1214 istinc
1602 1182 1706 1224 gloria
1738 1182 1890 1225 insigniri

1155 1234 1269 1266 laurea
1293 1234 1453 1268 doctorali
1477 1235 1510 1267 in
1537 1235 1598 1268 hac
1627 1236 1711 1268 alma
1736 1236 1890 1270 facultate

1156 1287 1256 1319 corda
1279 1287 1419 1319 aliorum
1437 1288 1605 1328 accendit;
1631 1288 1723 1321 illinc
1748 1289 1891 1332 denique

1156 1340 1277 1372 ibidem
1294 1340 1486 1373 remanendi
1505 1341 1627 1373 diutius
1645 1351 1742 1384 quam
1755 1352 1815 1384 par
1831 1348 1889 1383 est,

1155 1393 1188 1426 in
1213 1393 1352 1426 aliorum
1374 1398 1406 1425 et
1430 1399 1609 1426 conventus
1635 1394 1889 1436 praeiudicium,

1156 1446 1256 1480 corda
1280 1446 1497 1489 quorumdam
1526 1451 1678 1490 torquet;
1710 1458 1793 1490 quae
1823 1459 1892 1481 om-

1156 1499 1217 1539 nia,
1236 1499 1292 1531 ubi
1314 1499 1456 1542 primum
1479 1499 1518 1532 ad
1536 1500 1745 1542 generalatus
1763 1501 1891 1544 apicem

1155 1552 1254 1585 nullis
1278 1552 1401 1585 nostris
1427 1551 1683 1595 suffragantibus
1709 1554 1835 1586 meritis
1859 1565 1892 1587 e-

1155 1604 1248 1644 vecti,
1276 1615 1350 1637 cum
1375 1609 1503 1637 mature
1527 1605 1831 1648 perpendissemus,
1851 1607 1892 1639 ad

1155 1657 1259 1690 instar
1274 1657 1454 1699 evangelici
1470 1657 1614 1700 pastoris
1633 1658 1799 1690 commissi
1818 1669 1891 1701 gre-

1156 1710 1203 1752 gis
1236 1710 1376 1742 salutem
1409 1715 1536 1742 tantum
1567 1710 1828 1753 prospicientes,
1859 1716 1891 1743 et

1155 1768 1301 1796 nostram
1327 1764 1534 1806 corporalem
1552 1763 1683 1806 penitus
1705 1764 1891 1807 despicien-

1155 1821 1224 1855 tes,
1251 1816 1432 1859 apostoliea
1458 1821 1527 1847 tum
1551 1816 1785 1848 benedictione
1820 1822 1889 1849 tum

1155 1870 1307 1902 facultate
1334 1869 1477 1908 obtenta,
1503 1879 1569 1901 non
1593 1869 1762 1901 laboribus
1782 1869 1890 1902 deter-

1156 1922 1218 1962 riti,
1244 1931 1309 1954 non
1336 1920 1583 1954 difficultatibus
1608 1921 1804 1962 labefactati,
1823 1932 1889 1954 non

1155 1971 1289 2006 satanae
1317 1973 1496 2006 adversarii
1525 1974 1758 2006 colluctatione
1784 1975 1887 2015 fracti,

1155 2027 1247 2060 valde
1273 2026 1369 2059 nimis
1395 2036 1551 2069 asperum
1576 2031 1683 2059 terrae
1708 2026 1887 2070 marisque,

1155 2080 1372 2119 fluent-osum,
1399 2079 1564 2112 aerumnis
1596 2090 1632 2112 ae
1656 2079 1812 2123 periculis
1838 2091 1889 2113 re-

1155 2133 1275 2165 fertum
1307 2133 1370 2165 iter
1402 2132 1649 2175 suscipiendum
1681 2133 1805 2165 honum
1831 2133 1889 2165 du-

1155 2185 1276 2226 ximus,
1302 2189 1338 2217 ut
1362 2184 1579 2217 Parisiensem
1604 2185 1703 2217 istum
1729 2185 1888 2218 maiorem

1154 2242 1352 2271 conventum
1377 2242 1410 2270 et
1433 2238 1587 2280 generale
1613 2242 1763 2270 nostrum
1789 2239 1889 2271 colle-

1155 2291 1253 2334 gium,
1279 2300 1357 2333 rege
1390 2290 1667 2323 christianissimo
1699 2296 1886 2331 annuente,

1153 2343 1374 2388 personaliter
1421 2343 1612 2386 specialiter
1654 2345 1885 2376 lustraremus.

1154 2397 1250 2431 Cuius
1276 2396 1450 2439 aequitate,
1476 2396 1599 2438 pietate
1626 2406 1661 2429 ac
1686 2397 1814 2439 potenti
1831 2407 1887 2440 pa-

1155 2449 1294 2483 trocinio
1320 2459 1397 2492 erga
1421 2453 1567 2481 nostram
1592 2449 1786 2491 religionem
1811 2460 1887 2492 pro-

1154 2503 1254 2542 tecti,
1292 2503 1331 2534 ab
1368 2501 1507 2534 instituti
1546 2502 1655 2544 operis
1693 2511 1792 2534 cursu
1826 2512 1886 2545 per

1153 2555 1278 2599 aliquot
1302 2553 1371 2588 dies
1396 2564 1458 2597 pro
1482 2554 1605 2587 viribus
1637 2564 1806 2598 nunquam
1831 2555 1887 2588 de·

1903 191 1954 217 An.
1977 191 1997 217 C
2026 191 2093 218 1662
