2247 3208
195 244 243 269 An.
267 241 293 267 e.
319 242 383 268 ieet
428 233 492 266 304

201 1196 293 1215 ponus-›1‹
305 1200 367 1221 prae-

185 1223 261 1241 Avium
285 1225 365 1241 senten·

184 1251 233 1268 [min
249 1250 364 1268 conlisum!-

385 301 445 322 nae
462 293 622 329 arrogent,
638 288 804 318 reservent
817 288 869 314 aut
887 281 1115 325 praetendant}
1137 305 1138 309 ,

384 342 494 383 sieque
521 338 708 381 reponimus
735 340 767 368 et
792 343 954 377 reponere
979 331 1116 364 intendi-

383 403 453 425 mus
479 393 564 424 hunc
590 395 737 422 nostrum
758 392 953 421 conventum
971 386 1115 427 regalem

381 444 580 477 Mexicanum
605 442 733 484 integre
758 440 790 472 in
818 440 933 472 eodem
959 443 1052 477 statu,
1075 437 1116 469 di-

381 496 488 538 ctique
514 494 643 537 collegii
668 493 893 537 possessione,
918 502 979 524 usu
1005 496 1037 523 et
1064 501 1117 532 gu-

380 548 496 581 bernio
522 548 631 591 quoad
663 546 789 586 ownia,
815 550 914 589 prout
937 548 1012 576 erat·
1029 548 1117 575 ante-

380 612 475 644 quam
500 600 669 644 provincia
700 598 975 642 Angelopolitana
998 596 1117 629 divide-

380 659 469 686 retur
493 665 510 686 a
535 653 708 686 Mexicana.
736 653 770 684 ln
790 651 920 685 nomine
946 649 1055 689 Patris,
1085 653 1117 680 et

380 707 462 747 Filii,
477 706 659 750 etSpiritus
680 705 799 738 Sancti.
833 704 946 736 Amen.
968 702 1039 735 Non
1064 701 1116 734 ob-

380 760 538 792 stantibus
563 759 595 791 in
620 757 818 791 contrarium
841 756 1113 799 quibuscumque.

436 813 549 844 Actum
575 812 715 850 Romae,
749 811 781 842 in
816 813 974 841 conventu
1001 811 1114 839 nostro

380 865 410 896 S.
436 864 552 896 Mariae
577 874 676 906 super
700 863 884 902 Minervam,
909 869 1005 899 anno,
1030 867 1116 891 men-

379 927 424 956 se,
451 916 514 955 die,
542 916 660 959 quibus
685 926 795 958 supra.

512 969 563 1001 Fr.
584 969 720 1001 lom-Es
739 968 892 1000 Bsrrism
912 975 953 998 ne
970 964 1122 1003 Mnuxis,

652 1020 809 1063 magister
828 1018 969 1051 Ordinis.

510 1075 562 1107 Fr.
586 1072 935 1110 Amomcsssonmms,
960 1069 1116 1111 magister

665 1130 697 1158 et
721 1123 918 1157 secretarius
945 1135 975 1155 n.

422 1180 437 1223 ἓ
462 1179 492 1211 2.
521 1179 597 1212 Cum
622 1183 738 1218 autem,
758 1177 838 1209 sicut
858 1176 970 1211 cadem
991 1173 1115 1218 exposi-

378 1233 421 1266 tio
454 1232 685 1274 subiungebat,
721 1229 928 1273 supradictae
963 1232 1113 1271 patentes

376 1286 504 1319 litterae
529 1296 547 1317 a
572 1284 666 1316 nobis
684 1282 848 1326 specifice,
867 1286 902 1313 ut
919 1280 1113 1324 praefertur,

376 1338 585 1371 confirmatae
612 1337 754 1375 suerunt,
780 1335 954 1378 cupiatque
985 1338 1114 1377 propte-

377 1401 433 1423 rea
458 1391 562 1423 dictus
579 1389 768 1422 Fernandus
787 1392 982 1430 procurator
998 1396 1114 1429 oppor-

378 1449 455 1476 tune
480 1443 512 1475 in
537 1442 726 1485 praemissis
745 1453 761 1474 a
780 1441 873 1474 nobis
898 1440 1063 1483 provideri
1082 1444 1114 1471 et

376 1502 411 1528 ut
425 1496 508 1528 infra
521 1495 693 1537 indulgeri:
709 1504 776 1533 nos,
792 1494 895 1536 ipsum
906 1492 1112 1525 Fernanduni

377 1549 570 1591 specialibus
596 1547 756 1580 favoribus
774 1552 805 1579 et
830 1545 940 1588 gratiis
961 1544 1112 1588 prosequi

377 1602 540 1640 volentes,
568 1605 600 1633 et
624 1611 641 1633 a
667 1600 830 1643 quibusvis
856 1597 1113 1631 excommunica-

377 1653 485 1693 tionis,
513 1652 731 1696 suspensionis
757 1657 788 1684 et
811 1651 996 1690 interdicti,
1028 1650 1113 1683 aliis-

378 1717 439 1749 que
465 1705 687 1738 ecclesiasticis
713 1704 890 1744 sententiis,
919 1703 1060 1736 censuris
1082 1707 1114 1735 et

377 1759 513 1802 poenis,
541 1769 558 1791 a
589 1758 657 1790 iure
682 1759 729 1790 vcl
756 1758 795 1789 ab
822 1757 976 1793 homine,
1003 1755 1112 1798 quavis

377 1813 546 1845 occasione
570 1813 618 1844 vel
636 1813 731 1843 causa
750 1810 834 1848 latis,
859 1810 884 1842 si
904 1809 1018 1853 quibus
1035 1818 1113 1851 quo-

379 1864 745 1898 modolibet,innodatus
763 1863 881 1901 existit,
901 1863 938 1895 ad
965 1860 1111 1894 ell'ectum

378 1918 596 1961 praesentium
628 1918 791 1950 dumtaxat
825 1915 1109 1958 consequendum,

379 1972 492 2003 haruin
529 1971 611 2003 serie
647 1971 849 2002 absolventes
874 1974 906 2000 et
930 1968 1111 2000 ahsolutum

378 2024 446 2056 fore
472 2029 638 2055 censentes
655 2049 663 2062 ,
693 2033 730 2055 ae
756 2027 818 2053 tam
845 2021 1033 2053 earumdem
1062 2030 1112 2063 pa-

378 2076 513 2108 tentium
540 2075 616 2108 dicti
638 2075 764 2108 Ioannis
784 2074 947 2117 Baptistae
966 2072 1112 2115 magistri

378 2129 540 2171 generalis
564 2138 660 2170 quam
685 2128 905 2170 praefatarum
927 2131 1112 2158 nostrarum

378 2191 478 2223 super
509 2181 637 2212 illarum
673 2179 918 2211 confirmatione
949 2182 1113 2210 emanata-

378 2244 449 2265 rum
474 2233 655 2265 litterarum
679 2237 810 2264 tenores
836 2236 868 2263 et
892 2231 981 2263 datas
1015 2230 1113 2262 etiam

378 2285 523 2318 veriores
549 2285 778 2328 praesentibus
799 2294 859 2327 pro
880 2285 976 2327 plene
995 2288 1027 2315 et
1055 2282 1114 2315 sus·

377 2338 526 2370 sicienter
551 2337 714 2380 expressis
741 2348 777 2368 ae
802 2338 840 2369 de
866 2337 966 2368 verbo
988 2335 1026 2368 ad
1044 2344 1115 2367 ver-

377 2392 455 2424 bum
479 2390 610 2423 insertis
637 2390 808 2428 habentes,
825 2387 1114 2432 supplicationibus

377 2443 521 2476 eiusdem
546 2441 707 2474 Fernandi
733 2441 862 2473 nomine
893 2440 987 2473 nobis
1019 2449 1115 2482 super

378 2497 441 2529 hoc
466 2494 631 2528 humiliter
655 2493 811 2536 porrectis
837 2492 993 2532 inclinati,
1028 2501 1115 2534 prae-

377 2549 534 2582 insertum
571 2546 741 2579 memorati
782 2546 909 2577 Ioannis
950 2544 1113 2587 Baptistae

970 233 1147 257 BULLARIUM
1171 231 1321 254 ROMAM‘M

1160 277 1256 310 nibus
1282 282 1315 309 et
1339 276 1476 318 singulis
1508 276 1540 308 in
1574 286 1612 308 eo
1646 273 1895 317 quomodolibet

1159 329 1329 368 contentis,
1356 328 1535 371 apostolica
1560 326 1762 364 auctoritate,
1782 331 1894 358 tenore

1160 380 1400 424 praesentium,
1424 379 1655 412 confirmamus
1681 384 1713 411 et
1736 379 1896 421 approha-

1159 445 1242 474 mus,
1262 434 1377 476 illique
1411 431 1608 465 inviolabilis
1627 431 1827 474 apostolieae
1848 431 1895 462 su·-

1158 486 1279 519 mitatis
1311 487 1413 518 robur
1444 485 1638 523 adiicimus,
1665 494 1702 516 ac
1726 494 1838 516 omnes
1864 488 1896 514 et

1159 539 1307 581 singulos
1333 538 1414 570 iuris
1440 541 1473 569 et
1496 536 1570 569 sacti
1595 536 1761 574 desectus,
1788 535 1814 567 si
1841 535 1894 578 qui

1159 591 1303 634 desuper
1345 589 1594 634 quomodolibet
1634 588 1893 629 intervenerint,

1159 645 1364 687 supplemus.

1202 697 1216 739 ᾗ
1241 695 1272 729 3.
1301 695 1523 728 Decernentes
1550 695 1681 727 easdem
1702 698 1894 736 praesentes

1159 748 1282 780 litteras
1308 753 1341 779 et
1365 748 1533 780 decretum
1559 745 1802 789 praeinsertum
1817 756 1896 777 sem-

1157 811 1217 843 per
1241 801 1341 839 sirma,
1365 800 1471 832 valida
1488 804 1520 832 et
1544 799 1687 831 efficacia
1705 798 1845 831 existere
1864 802 1896 830 et

1158 853 1237 892 sore,
1263 862 1406 894 suosque
1432 851 1598 894 plenarios
1624 855 1656 882 et
1680 850 1827 891 integros
1849 850 1895 882 el‘-

1158 905 1259 937 sectus
1286 905 1399 937 sortiri
1434 909 1467 936 et
1500 904 1671 942 obtinere,
1698 914 1734 935 ac
1766 903 1828 935 illis
1855 903 1894 935 ad

1158 966 1239 999 quos
1276 960 1402 999 spectat
1425 962 1457 988 et
1481 966 1540 998 pro
1566 960 1715 998 tempore
1749 955 1894 997 quando-

1158 1019 1297 1051 cumque
1321 1008 1507 1051 spectabit,
1533 1007 1566 1039 in
1598 1007 1748 1039 omnibus
1774 1013 1807 1039 et
1836 1018 1894 1050 per

1157 1061 1267 1093 omnia
1291 1060 1481 1103 plenissime
1507 1059 1690 1101 suffragari,
1713 1064 1744 1091 et
1769 1060 1808 1092 ab
1829 1059 1894 1092 illis

1158 1113 1339 1156 respective
1364 1111 1559 1145 inviolabilis
1578 1112 1764 1151 observari,
1784 1112 1895 1154 sicque

1157 1166 1190 1198 in
1215 1165 1404 1209 praemissis
1430 1175 1490 1208 per
1516 1174 1739 1208 quoscumque
1771 1164 1895 1197 iudices

1158 1218 1342 1251 ordinarios
1370 1222 1402 1250 et
1427 1218 1595 1260 delegatos
1621 1227 1794 1249 causarum
1813 1217 1896 1259 pala—

1158 1272 1193 1304 tii
1218 1271 1390 1315 apostolici
1417 1271 1596 1308 auditores,
1622 1269 1760 1302 iudicari
1786 1276 1818 1302 et
1842 1270 1897 1302 de-

1157 1324 1241 1356 tiniri
1269 1324 1414 1363 debere,
1447 1334 1483 1356 ac
1514 1322 1644 1355 irritum
1677 1327 1709 1355 et
1741 1322 1838 1354 inane
1870 1322 1896 1354 si

1157 1388 1250 1411 secus
1275 1387 1375 1421 super
1402 1377 1452 1409 his
1471 1387 1488 1408 a
1509 1386 1686 1419 quoquam,
1712 1375 1823 1418 quavis
1841 1385 1897 1407 au-

1156 1430 1320 1469 ctoritate,
1348 1430 1492 1462 scienter
1515 1429 1565 1461 vel
1590 1428 1794 1471 ignoranter,
1823 1437 1897 1460 con-

1157 1482 1266 1525 tigerit
1286 1482 1451 1515 attentari.

1199 1537 1213 1579 §
1238 1536 1269 1568 4.
1297 1534 1454 1573 Quocirca
1478 1534 1719 1567 venerabilibus
1742 1533 1894 1566 fratribus

1156 1588 1409 1631 archiepiscopo
1431 1587 1594 1619 Mexicano
1611 1591 1643 1619 et
1656 1585 1821 1630 episcopis
1836 1586 1894 1618 An-

1156 1641 1380 1684 gelopolitano
1401 1645 1432 1672 et
1455 1638 1671 1679 Iucatanensi,
1691 1649 1748 1671 seu
1767 1638 1893 1671 dilectis

1155 1694 1229 1727 sniis
1255 1703 1367 1726 eorum
1392 1692 1594 1731 officialibus,
1618 1702 1678 1735 per
1699 1696 1892 1734 praesentes

1155 1747 1387 1781 committimus
1423 1752 1456 1778 et
1490 1745 1701 1784 mandamus,
1733 1748 1892 1786 quatenus

1155 1801 1226 1844 ipsi,
1247 1802 1296 1833 vel
1311 1800 1384 1839 duo,
1399 1805 1454 1832 aut
1467 1809 1549 1831 unus
1565 1808 1689 1837 eorum,
1705 1807 1765 1840 per
1778 1808 1825 1837 se,
1843 1798 1893 1830 vel

1155 1854 1271 1893 alium,
1298 1863 1354 1885 seu
1378 1852 1483 1892 alios,
1510 1851 1565 1883 ubi
1591 1856 1623 1883 et
1656 1850 1785 1894 quando
1811 1860 1893 1893 opus

1156 1906 1264 1945 suerit,
1290 1911 1322 1938 et
1347 1905 1475 1948 quoties
1500 1913 1561 1947 pro
1584 1908 1676 1947 parte
1698 1903 1893 1936 dilectorum

1155 1959 1296 1992 filiorum
1321 1957 1531 2001 superiorum
1556 1961 1588 1989 et
1612 1956 1747 1988 fratrum
1765 1954 1896 1998 provin-

1156 2012 1224 2045 ciae
1254 2011 1284 2043 S.
1316 2009 1422 2043 Iacobi
1459 2015 1492 2042 et
1526 2014 1705 2042 conventus
1739 2007 1893 2040 Mexicani

1155 2064 1375 2108 praefatorum
1392 2089 1399 2103 ,
1426 2062 1603 2094 aliorumve
1639 2060 1672 2092 in
1703 2059 1892 2102 praemissis

1155 2117 1316 2149 interesse
1330 2114 1531 2158 habentium,
1547 2123 1605 2145 seu
1619 2112 1754 2145 alicuius
1769 2122 1892 2152 eorum,

1156 2170 1300 2212 desuper
1324 2167 1445 2200 suerint
1469 2165 1629 2210 requisiti,
1649 2166 1781 2198 easdem
1799 2175 1894 2208 prae-

1156 2227 1265 2254 sentes
1291 2220 1415 2253 litteras
1442 2224 1474 2252 et
1498 2219 1531 2251 in
1555 2219 1601 2251 eis
1623 2223 1780 2251 contenta
1801 2227 1895 2260 quae-

1156 2284 1293 2317 cumque
1319 2273 1511 2306 solemniter
1530 2271 1746 2315 publicantes,
1762 2270 1894 2313 illisque

1156 2329 1189 2361 in
1213 2327 1404 2372 praemissis
1423 2326 1559 2359 efficacis
1585 2324 1786 2358 defensionis
1804 2333 1896 2367 prae-

1156 2381 1239 2415 sidio
1265 2380 1468 2419 assistentes,
1496 2378 1616 2411 saciant
1632 2377 1824 2410 auctoritate
1841 2386 1895 2409 no-

1157 2436 1224 2467 stra
1247 2434 1322 2467 illos
1348 2439 1380 2466 et
1404 2443 1517 2466 eorum
1543 2431 1722 2475 quemlibet
1743 2439 1895 2473 praesen-

1157 2487 1238 2519 tium
1270 2486 1452 2519 litterarum
1478 2490 1509 2517 ct
1534 2484 1566 2516 in
1591 2483 1636 2516 eis
1661 2486 1893 2515 contentorum

1158 2538 1343 2572 huiusmodi
1368 2538 1539 2571 commodo
1564 2541 1597 2568 et
1621 2534 1735 2567 ell'cctu
1760 2533 1894 2577 pacifice

376 2600 523 2643 magistri
550 2599 713 2643 generalis
740 2598 919 2638 decretum,
945 2608 1019 2630 cum
1045 2606 1115 2629 om·
1158 2593 1220 2625 srui
1246 2597 1278 2625 et
1301 2592 1455 2634 gaudere,
1481 2600 1547 2623 non
1570 2588 1796 2633 permittentes
1820 2586 1894 2620 illos

1905 225 1954 251 An.
1971 223 2000 250 C.
2023 222 2088 249 ltsst

1918 729 1920 731 ι
1933 702 2042 723 Decretum
2062 703 2088 723 ir-

1906 731 1978 750 mans.

1943 1541 2088 1567 Exequutom

1904 1567 1999 1594 deputat.
