2247 3208
152 218 204 245 An.
223 217 250 244 C.
276 216 339 243 {ff-39

969 208 1112 233 mit-:ntzxs
1138 209 1168 231 ix
1194 208 1240 232 nr.

345 263 565 308 supprimendi
585 262 754 307 praedicti,
775 272 830 294 seu
855 260 988 293 aliarum
1007 258 1083 290 seri-
1102 258 1106 329 ἲ
1127 256 1236 289 omnia
1260 261 1291 289 et
1316 255 1442 298 singula
1467 255 1566 299 ipsius
1596 255 1727 298 collegii
1754 254 1860 295 bona,

344 325 510 362 pturarum
533 317 671 360 desuper
696 316 928 353 confectarum,
954 322 1080 345 necnon
1126 310 1322 353 illorumque
1349 310 1482 348 fructus,
1501 309 1646 342 redditus
1671 314 1701 341 et
1726 318 1863 352 proven-

345 371 541 404 ereetionum
567 371 708 403 omniurn
730 375 761 402 et
785 368 985 410 singulorum
1003 364 1082 398 alio·
1103 390 1104 394 ,
1126 368 1177 395 tus
1203 362 1235 395 in
1261 361 1412 405 ampliori
1438 362 1539 395 fornia
1563 372 1708 395 camerae
1736 367 1865 404 aposto-

346 434 414 456 rum
428 422 835 466 Montiumpraedictorum
850 426 981 452 tenores
999 417 1083 461 pari·
1126 415 1204 447 licae
1230 415 1416 458 praedictae
1442 415 1587 457 obligare
1613 414 1734 457 pariter
1752 419 1784 447 et
1808 414 1864 457 hy-

1762 196 1826 229 835
1872 205 1924 230 An.
1945 204 1972 230 C.
1995 207 1998 227 ἶ

345 482 393 509 ter
417 481 447 509 et
473 476 570 515 datas,
591 481 763 518 ceteraque.
779 473 873 506 etiam
899 470 1081 515 spi-riticam
1101 509 1103 521 μ

345 535 373 561 et
400 528 598 561 individuam
624 527 822 561 mentionem
847 531 879 558 et
903 524 1083 567 expressio-

345 592 419 614 nem
456 580 681 624 requirentia,
708 577 934 622 praesentibus
971 576 1080 608 itidem

345 645 404 677 pro
441 635 537 677 plene
563 638 594 666 et
619 633 818 665 sufficienter
854 630 1014 673 expressis
1052 634 1080 661 et

345 688 547 720 exactissime
572 686 764 729 specilicatis
791 685 958 723 habentes,
977 683 1082 715 eidem

345 741 499 784 collegio,
514 746 547 773 ut
562 750 660 773 unum
680 749 795 772 novum
815 737 965 779 Mentem,
986 747 1082 769 secre-

346 795 506 828 tariorum
536 792 782 836 aposlole'cormn
810 790 1080 833 nuncupandum,

346 846 566 891 parisormiter
594 856 611 878 a
643 844 809 888 quibusvis
844 842 1082 886 gravaminibus

345 901 475 933 omnino
489 900 626 933 liberum
644 898 819 931 immunem
836 903 868 930 et
884 902 1080 940 exemptum,

344 953 432 986 cuius
457 953 527 986 loca
551 952 707 986 vacabilia
732 962 797 984 non
822 951 895 990 sint,
921 956 951 984 et
973 961 1084 986 nume-

344 1017 414 1039 rum
430 1006 740 1050 quadringentorum
759 1004 992 1048 quinquaginta
1010 1009 1082 1037 octo

345 1071 411 1093 non
432 1060 605 1099 excedant,
633 1060 671 1092 ad
706 1059 862 1091 rationem
889 1058 983 1102 pretii
1009 1069 1105 1091 cen-=

346 1118 412 1146 turn
438 1118 469 1146 et
492 1113 590 1146 annui
613 1113 732 1145 fruetus
755 1118 892 1155 quatuor
917 1116 1081 1144 scutorum
1103 1149 1104 1152 Ἴ

344 1173 494 1200 monetae
527 1166 711 1210 praedictae
739 1176 796 1208 pro
823 1165 970 1209 quolibet
994 1166 1082 1203 loeo,

345 1229 441 1262 super
466 1219 663 1262 proprietate
690 1225 719 1251 et
747 1221 856 1261 grossa
889 1229 945 1251 seu
979 1220 1106 1254 massa«

346 1272 421 1305 dicti
447 1272 575 1314 collegii
601 1272 639 1304 ad
665 1271 766 1304 instar
801 1271 915 1303 Montis
940 1270 1028 1303 Pacis
1053 1275 1085 1303 et

346 1325 481 1359 aliorum
508 1325 663 1357 Montium
689 1324 936 1367 provincialium
954 1324 1032 1357 alias
1051 1335 1083 1357 e-

347 1383 506 1411 rectorum
530 1378 779 1420 praedit-torum,
797 1388 867 1409 cum
886 1377 1034 1410 omnibus
1054 1383 1084 1410 et

345 1431 481 1473 singulis
508 1431 718 1469 facultatibus,
740 1430 881 1469 indultis,
907 1430 1084 1473 privilegiis
1103 1428 1105 1476 ζ

347 1491 372 1516 e·
394 1484 547 1517 clausulis
563 1484 596 1516 in
618 1482 833 1516 erectionibus
850 1483 1006 1516 Montium
1024 1483 1085 1515 hu-

347 1537 482 1571 iusmodi
507 1536 677 1580 expressis,
695 1542 727 1569 et
747 1547 812 1569 non
834 1541 1002 1579 expectato
1025 1547 1083 1569 nec

347 1591 502 1634 requisito
513 1590 761 1623 secretariorum
772 1588 1022 1632 apostolicorum
1036 1589 1085 1621 ab·

347 1643 484 1677 sentium
511 1653 669 1675 consensu
685 1669 691 1682 ,
711 1642 837 1684 erigere
855 1646 887 1674 et
906 1642 1083 1683 instituere,

348 1697 497 1740 illiusque
511 1697 581 1729 loca
606 1706 663 1739 per
680 1695 814 1728 dilectos
833 1694 916 1728 tilios
937 1695 1085 1728 defenso-

349 1761 400 1784 res
426 1750 502 1783 dicti
528 1749 657 1792 collegii
690 1749 794 1792 pretio
824 1749 990 1792 praedicto
1017 1749 1086 1793 qui-

348 1805 548 1846 buscumque
573 1802 720 1846 personis
738 1807 769 1834 et
788 1802 868 1834 locis
881 1802 943 1845 piis
964 1807 995 1834 et
1013 1812 1087 1844 pro-

350 1857 431 1889 fanis
458 1855 597 1888 vendere
624 1860 654 1888 et
681 1854 840 1893 alienare,
866 1854 1084 1897 pecuniasque

349 1911 425 1943 inde.
458 1914 673 1952 proventuras
698 1908 731 1940 in
760 1907 1019 1950 redemptionem
1055 1912 1086 1939 et

351 1962 581 1996 extinctionem
607 1961 737 1994 alterius
759 1961 874 1993 Montis
896 1960 1086 1993 secretario-

350 2027 421 2049 rum
436 2015 689 2059 apostolicorum
707 2014 874 2057 praedicti,
894 2014 976 2046 sieut
993 2024 1086 2057 prae-

351 2070 464 2109 fertur,
495 2074 525 2102 et
546 2079 612 2102 non
634 2068 666 2100 in
684 2067 764 2100 alios
786 2078 874 2103 usus,
898 2073 1086 2100 convertere

351 2129 383 2156 et
407 2133 549 2165 erogare,
571 2127 665 2165 atque
682 2121 726 2153 ita
746 2121 849 2164 ipsum
875 2120 1022 2158 Mentem,
1039 2130 1088 2151 re-

351 2177 461 2210 stituto
486 2176 572 2209 illius
597 2175 758 2208 montistis
782 2174 905 2217 pretio,
930 2175 992 2207 una
1018 2184 1088 2205 enm

353 2230 508 2263 fructibus
539 2239 641 2271 usque
668 2228 707 2260 ad
744 2227 828 2260 diem
855 2226 1087 2269 redemptiOnis

353 2287 385 2314 et
415 2280 618 2314 extinctionis
656 2279 842 2312 huiusmodi
880 2279 1022 2311 decursis
1060 2284 1089 2311 et

353 2345 412 2379 per
437 2334 622 2378 quindecim
655 2333 722 2366 dies
756 2332 944 2365 immediate.
979 2333 1090 2364 subse-

355 2393 513 2432 quentes,
539 2386 626 2419 iuxta
650 2387 765 2429 stylum
791 2386 823 2418 in
848 2385 1006 2418 similibus
1038 2396 1091 2417 ex—

354 2440 562 2474 tinctionibus
593 2450 650 2473 seu
686 2438 937 2472 extractionibus
970 2438 1090 2471 servari

353 2499 552 2534 consuetum,
571 2492 701 2536 penitus
721 2497 752 2524 et
769 2491 900 2524 omnino
912 2490 1092 2533 supprime-

353 2557 396 2588 re,
412 2556 549 2586 necnon,
568 2556 626 2589 pro
645 2544 813 2578 securitate
832 2549 860 2576 et
881 2544 1091 2576 indemnitate

355 2605 536 2644 emptorum
573 2601 719 2632 locorum
744 2597 858 2629 Mona<
884 2596 1089 2635 huiusmodi,

1109 2299 1114 2373 l

1126 468 1302 510 pot-hecare
1322 495 1329 507 ,
1367 467 1653 511 obligationesque
1692 473 1723 500 et
1762 468 1863 511 hypo-

1128 520 1254 560 thecas,
1279 531 1350 553 cum
1376 520 1541 564 quibusvis
1567 520 1860 563 promissionibus,

1127 573 1390 607 fideiussionilnis
1406 601 1413 614 ‚
1440 574 1642 607 cautionibus
1664 601 1670 613 ,
1705 573 1859 613 cautelis,

1126 626 1403 666 conventionibus,
1419 627 1571 660 clausulis
1587 633 1616 659 et
1635 627 1772 659 decretis
1790 636 1864 660 eon-

1126 679 1231 717 suetis‚
1259 684 1287 711 et
1315 680 1392 712 alias
1409 679 1653 723 quomodolibet
1672 679 1861 712 necessariis

1126 737 1157 764 et
1182 733 1386 775 opportunis,
1415 738 1591 775 praestare,
1617 739 1788 776 ceteraque
1808 733 1863 766 de-

1127 796 1224 829 super
1253 785 1367 829 quovis
1398 786 1495 819 modo
1526 785 1711 819 necessaria
1745 790 1776 818 et
1806 796 1863 829 op-

1127 844 1268 882 portuna
1297 839 1404 872 faeere
1426 844 1457 871 et
1477 839 1591 882 exequi
1607 840 1709 872 libere
1727 843 1757 871 et
1775 839 1861 872 licite

1127 893 1226 935 possit
1251 897 1282 925 et
1305 893 1426 932 valeat,
1454 902 1686 935 quamcumque
1712 902 1864 925 neeessa-

1127 945 1205 978 riam
1231 951 1262 978 et
1278 950 1491 989 opportunam
1512 946 1696 978 t'acnltatem
1718 951 1746 978 et
1766 946 1864 978 licen-

1126 999 1211 1039 tiam,
1227 999 1415 1032 auctoritate
1434 999 1621 1043 apostolica,
1640 1004 1750 1032 tenore
1771 1009 1864 1042 prae-

1125 1052 1273 1092 sentium,
1291 1052 1497 1085 concedimus
1518 1058 1550 1085 et
1575 1052 1788 1096 impartimur.
1808 1052 1852 1085 De

1103 1099 1104 1114 ³
1125 1111 1297 1138 cernentes
1312 1105 1497 1139 eorumdem
1511 1106 1654 1138 locorum
1669 1105 1861 1138 noriMontis

1103 1165 1105 1170 “
1125 1164 1302 1203 empt01·eS‚
1327 1165 1358 1192 et
1384 1169 1605 1202 quoscumque
1625 1159 1704 1191 alios
1722 1158 1755 1190 in
1773 1168 1863 1201 prae-

1125 1212 1228 1245 missis
1253 1213 1407 1245 interesse
1434 1211 1679 1255 quomodolibet
1712 1215 1864 1254 praeten-

1125 1266 1247 1305 dentes,
1269 1265 1308 1298 ad
1328 1265 1531 1308 probandum
1553 1275 1609 1297 seu
1635 1264 1862 1296 verificandum

1103 1328 1105 1332 ·
1126 1318 1157 1351 in
1171 1329 1250 1362 quos
1263 1329 1340 1350 usus
1355 1317 1512 1361 pecuniae
1534 1328 1594 1361 per
1611 1328 1665 1350 eos
1683 1317 1862 1360 respective

1126 1371 1297 1414 praestitae
1330 1381 1503 1403 conversae
1539 1371 1669 1409 suerint,
1696 1371 1785 1403 nullo
1811 1380 1864 1402 un-

1126 1435 1219 1467 quam
1238 1430 1384 1468 tempore
1403 1424 1515 1463 teneri,
1536 1434 1594 1456 nec
1612 1423 1770 1465 obligatos
1786 1423 1862 1463 sore,

1103 1477 1233 1520 'neque
1270 1477 1413 1509 locorum
1451 1476 1634 1509 huiusmodi
1671 1476 1790 1508 fructus
1827 1477 1860 1508 in

1126 1536 1244 1563 sortem
1263 1541 1407 1574 unquam
1429 1529 1607 1573 computari
1634 1540 1747 1572 posse;
1775 1540 1865 1572 prae-

1126 1589 1234 1616 sentes
1270 1593 1345 1615 vero
1370 1582 1492 1615 litteras
1524 1587 1556 1615 et
1584 1581 1615 1615 in
1642 1582 1687 1614 eis
1713 1587 1864 1615 contenta

1127 1647 1360 1680 quaecumque,
1384 1636 1481 1668 etiam
1499 1647 1535 1668 ex
1556 1645 1593 1668 eo
1612 1636 1698 1678 quod
1724 1635 1865 1678 quicum-

1128 1700 1188 1733 que
1214 1690 1310 1723 etiam
1338 1687 1486 1732 specifica
1505 1694 1536 1721 et
1553 1688 1720 1720 individua
1735 1688 1866 1721 mentio-

1129 1753 1166 1775 ne
1193 1748 1225 1775 et
1246 1742 1453 1785 expressione
1468 1741 1555 1783 digni
1572 1741 1602 1773 in
1618 1741 1807 1784 praemissis
1822 1741 1867 1773 in-

1128 1801 1249 1828 teresse
1270 1796 1428 1827 habentes
1444 1805 1499 1827 seu
1526 1795 1644 1827 babere
1666 1794 1867 1837 quomodoli-

1128 1850 1181 1881 bet
1197 1849 1449 1892 praetendentes
1467 1848 1531 1881 illis
1546 1859 1609 1881 non
1624 1847 1867 1880 consenserint,

1128 1912 1187 1934 nec
1213 1901 1252 1934 ad
1278 1912 1315 1934 ea
1340 1901 1454 1941 vocati,
1475 1900 1561 1933 citati
1580 1906 1610 1932 et
1628 1901 1734 1939 auditi,
1759 1910 1866 1942 neque

1128 1965 1259 1994 causae,
1292 1960 1426 1998 propter
1452 1965 1529 1997 quas
1558 1953 1646 1997 ipsae
1679 1958 1866 1996 praesentes

1129 2008 1318 2047 emanarint,
1334 2007 1529 2039 sufficienter
1544 2007 1707 2045 adductae,
1722 2005 1865 2038 verifice-

1130 2068 1179 2094 tae
1204 2066 1233 2093 et
1260 2060 1448 2093 iustitieatae
1475 2060 1614 2099 suerint,
1649 2070 1702 2092 seu
1736 2069 1771 2092 ex
1805 2059 1867 2091 alia

1130 2125 1332 2158 quacumque
1369 2113 1573 2156 quantumvis
1608 2113 1710 2152 iusta,
1749 2113 1801 2155 pia
1834 2118 1867 2144 et

1131 2168 1332 2212 privilegiata
1356 2169 1463 2207 causa,
1490 2168 1610 2205 colore,
1641 2171 1808 2209 praetextu
1835 2171 1868 2199 et

1131 2222 1255 2265 eapite,
1289 2221 1383 2254 etiam
1408 2220 1440 2252 in
1466 2230 1604 2263 corpore
1636 2219 1712 2251 iuris
1743 2220 1864 2260 clauso,

1131 2276 1313 2307 nullatenus
1337 2284 1477 2317 unquam
1502 2274 1540 2306 de
1564 2273 1787 2316 subreptionis
1816 2272 1867 2306 vel

1132 2329 1333 2371 obreptionis
1360 2333 1411 2360 aut
1436 2327 1592 2360 nullitatis
1617 2326 1708 2365 vitio,
1737 2337 1794 2359 seu
1819 2326 1867 2358 in-

1132 2381 1284 2414 tentionis
1310 2386 1438 2414 nostrae
1465 2385 1519 2412 aut
1550 2379 1706 2412 interesse
1744 2380 1868 2412 haben-

1133 2436 1211 2468 tium
1247 2445 1447 2475 eonsensus,
1485 2434 1587 2467 aliove
1623 2433 1870 2476 quomodolibet

1133 2489 1229 2521 etiam
1265 2487 1388 2520 t‘ormali
1429 2491 1460 2519 et
1498 2485 1702 2519 substantiali
1739 2486 1867 2518 deiectu

1134 2541 1257 2580 notari,
1282 2539 1484 2583 impugnari,
1509 2539 1660 2581 infringi,
1686 2538 1865 2578 retraetari,

1135 2595 1165 2626 in
1191 2593 1439 2626 controversiam
1474 2592 1596 2631 vocari,
1630 2601 1685 2623 seu
1717 2591 1868 2623 adversus

2017 204 2057 230 >UO
