2247 3208
195 234 243 259 Αη,
266 232 295 258 c.
319 231 384 258 ieet
430 221 494 255 300

387 279 528 314 cordiam
554 276 684 320 provide
705 279 820 307 statuta
845 279 876 306 et
901 273 1031 306 decreta
1050 282 1120 304 esse

386 337 573 369 noscuntur,
598 335 633 360 ut
656 328 778 360 firmius
802 327 974 359 subsistant
999 331 1030 358 et.
1055 335 1122 357 ser-

385 390 500 418 ventur
536 381 700 420 exactius,
732 379 904 424 apostolici
936 378 1121 411 muniminis

386 436 547 481 praesidio
565 435 706 468 libenter
730 432 986 465 constabilimus.

429 490 444 532 ξ
469 489 499 520 1.
519 487 642 530 Expoui
668 485 828 528 siquidem
847 484 942 517 nobis
959 494 1065 527 nuper
1082 484 1122 517 se-

386 543 426 575 cit
454 541 593 574 dilectus
611 539 696 571 silius
711 538 927 581 ildephonsus
946 536 1120 576 Salizanes,

384 594 530 627 minister
560 591 722 635 generalis
747 590 875 623 Ordinis
907 590 1041 622 fratrum
1068 589 1123 620 Mi-

384 657 503 680 norum
528 645 632 678 sancti
657 642 820 676 Francisci
847 643 886 675 de
912 642 1120 674 Observantia

383 704 658 742 nuncupatorum,
674 696 761 739 quod
775 695 807 727 in
821 695 965 738 capitulo·
980 694 1121 736 generali

384 751 460 785 dicti
479 750 606 784 Ordinis
620 748 795 782 novissime
812 748 845 780 in
862 747 923 780 bac
941 747 1023 779 alma
1037 746 1120 779 Urbe

383 807 494 837 nostra
510 803 675 836 celebrato
694 801 851 845 quaedam
869 800 1058 833 alternativa
1080 799 1122 830 in-

383 863 434 890 ter
458 858 572 890 fratres
590 856 628 888 de
646 854 855 888 Observantia
872 858 904 885 et
919 852 1119 884 Reformatos

390 914 592 952 nuncupatos
608 907 757 940 'familiae
791 906 1010 938 cismontanae
1036 904 1121 936 eius-

386 963 458 995 dem
477 957 603 995 Ordinis
628 959 841 993 determinata
858 957 915 989 suit
933 967 991 999 per
1009 956 1121 989 decre-

385 1020 452 1049 tum
473 1014 595 1047 tenoris
614 1012 668 1056 qui
693 1011 845 1054 sequitur,
863 1009 1032 1042 videlieet:

209 1076 375 1120 ,Ριῖῡπςξηῐζῑριει-
436 1080 449 1098 α
474 1067 551 1100 Cum
577 1065 615 1098 ad
641 1064 859 1102 concordiam,
884 1063 1121 1105 fraternamque

193 1103 376 1153 {ii‘ff'failfri'ffai'iv'i
386 1131 500 1164 pacem
525 1118 778 1152 conservandam
802 1117 887 1149 inter
910 1115 1122 1148 Observantes

194 1158 214 1175 m
231 1161 250 1174 ὐ
267 1154 359 1174 ‘mmm'
386 1178 418 1204 et
430 1172 633 1204 Reformatos
648 1168 851 1213 propositum
862 1167 958 1199 suerit
976 1166 1007 1198 in
1024 1167 1122 1208 pleno

386 1224 530 1268 capitulo
555 1221 712 1266 generali,
729 1225 764 1253 ut
787 1221 871 1252 inter
895 1229 951 1252 eos
975 1217 1065 1251 fieret
1083 1219 1122 1251 al-

385 1277 555 1316 ternativa,
582 1275 715 1314 scilicet,
742 1273 829 1316 quod
852 1274 916 1305 una
940 1272 1009 1304 viee
1029 1271 1122 1313 eliga-

386 1336 437 1363 tur
460 1327 701 1363 commissarius
722 1326 883 1369 generalis
905 1325 1122 1357 cismontanae

386 1383 526 1416 familiae
552 1393 587 1414 ex
618 1380 826 1419 Reformatis,
853 1379 953 1411 altera
981 1388 1059 1410 vero
1085 1387 1121 1409 ex

386 1435 638 1470 Observantibus
653 1445 660 1466 :
693 1433 834 1466 decrevit
849 1432 933 1464 idem
947 1431 1122 1473 capitulum

388 1489 538 1532 generale
577 1486 720 1519 unanimi
759 1494 940 1525 consensu,
984 1488 1122 1525 utroque

388 1540 572 1574 definitorio
586 1544 618 1572 et
638 1538 829 1571 discretorio
845 1540 1020 1575 annuente,
1038 1535 1123 1578 quod

389 1594 427 1627 ad
453 1593 601 1626 eamdem
621 1601 732 1634 pacem
755 1588 990 1628 stabiliendam,
1013 1598 1124 1630 supra-

390 1647 473 1679 dicta
497 1645 683 1679 alternativa
707 1643 818 1682 tieret;
846 1643 906 1675 hac
931 1646 1037 1674 tamen
1054 1651 1126 1674 eon·

391 1700 525 1738 ditione,
548 1703 583 1731 ut
603 1703 666 1730 tres
701 1696 885 1729 definitores
910 1694 1125 1738 provinciales

390 1753 550 1795 eligantur
579 1762 615 1784 ex
647 1749 910 1785 Observantibus,
937 1752 968 1779 et
997 1752 1062 1779 tres
1088 1757 1123 1778 ex

390 1804 583 1838 Reformatis
616 1803 648 1835 in
673 1803 794 1835 eunctis
820 1800 1126 1844 congregationibus

391 1863 421 1890 et
446 1856 595 1900 capitulis
620 1855 841 1897 generalibus,
861 1863 988 1886 necnon
1006 1853 1043 1886 ad
1061 1863 1127 1884 ma-

390 1911 493 1943 iorem
511 1909 558 1942 rei
580 1908 762 1940 firmitatem
781 1906 981 1950 supplicetur
997 1905 1125 1938 Summo

390 1962 537 1996 Pontifici
569 1972 628 2004 pro
664 1959 906 1994 confirmatione
939 1957 1125 1991 huiusmodi

393 2015 578 2049 concordati
604 2026 634 2046 )>.

206 2075 382 2121 *tfjfflxsexdffiarffif
437 2068 450 2111 ἓ
475 2067 506 2100 9,.
534 2067 611 2100 Cum
637 2071 755 2106 autem,
783 2065 865 2098 sicut
895 2063 1007 2096 eadem
1032 2073 1128 2105 expo-

199 2132 240 2148 mm
257 2118 372 2148 mnrffnm]
393 2120 466 2153 sitio
505 2120 719 2161 subiungebat
740 2145 746 2157 ‚
779 2118 881 2150 dictus
913 2115 1126 2158 Ildephousus

324 2163 329 2169 ⁵
394 2174 560 2207 decretum
586 2171 785 2210 huiusmodi,
807 2180 865 2213 pro
884 2168 1016 2201 firmiori
1042 2168 1127 2200 illius

394 2226 620 2264 subsistentia,
647 2223 843 2267 apostolicae
875 2220 1127 2254 confirmationis

394 2284 521 2311 nostrae
554 2278 672 2310 robore
706 2275 896 2309 communiri
922 2283 1127 2316 summopere

394 2330 574 2363 desideret:
602 2339 671 2368 nos,
701 2328 875 2371 specialem
908 2327 1013 2359 eidem
1048 2325 1129 2357 lide-

392 2384 523 2427 phonso
541 2382 687 2414 ministro
709 2380 852 2424 generali
874 2379 1007 2421 gratiam
1022 2378 1127 2410 faeere

393 2436 552 2473 volentes,
568 2444 706 2476 eumque
724 2445 740 2465 a
756 2432 923 2476 quibusvis
943 2441 1128 2464 exeommu-

393 2487 568 2520 nicationis
585 2513 593 2526 ,
619 2486 847 2528 suspensionis
879 2489 910 2517 et
940 2482 1125 2521 interdicti,

219 500 335 526 Exposuit),

968 225 1147 249 BULLARIUM
1171 224 1323 248 ROMANUM

1905 224 1952 249 An.
1972 223 2002 248 C.
2025 221 2091 249 uss't

1164 272 1277 314 quavis
1295 265 1468 304 occasione
1493 271 1544 304 vel
1563 274 1661 305 causa
1678 272 1765 312 latis,
1784 272 1810 304 si
1829 270 1901 314 qui-

1163 325 1222 356 bus
1249 324 1498 367 quomodolibet
1524 324 1698 357 innodatus
1724 325 1841 363 existit,
1861 324 1901 356 ad

1164 375 1317 410 etl'eetum
1343 376 1568 419 praesentium
1595 377 1762 409 dumtaxat
1786 386 1903 409 conse-

1164 429 1340 472 quendum,
1367 429 1483 461 harum
1515 429 1600 461 serie
1634 429 1842 461 absolventes
1870 433 1903 461 et

1164 482 1347 514 absolutum
1373 481 1442 514 sore
1471 486 1662 520 censenteS,
1689 481 1903 524 supplicatio-

1164 534 1259 567 nibus
1274 534 1343 567 eius
1358 534 1488 567 nomine
1507 534 1602 567 nobis
1628 544 1728 577 super
1752 534 1815 567 hoc
1840 534 1902 566 hu-

1164 586 1285 620 militer
1325 585 1488 630 porrectis
1533 585 1699 625 inclinati,
1739 585 1903 618 decretum

1164 639 1400 682 praeinsertum
1433 638 1465 670 in
1498 638 1640 680 capitulo
1675 638 1818 680 generali
1843 630 1903 670 hu-

1165 690 1303 723 iusmodi
1320 690 1445 729 sactum,
1461 695 1496 721 ut
1513 690 1706 732 praefertur,
1726 690 1900 733 omniaque

1165 749 1197 777 et
1220 745 1345 786 singula
1379 744 1410 775 in
1444 754 1482 779 en
1512 748 1683 779 contenta,
1709 743 1900 776 auctoritate

1164 796 1357 840 apostolica,
1387 802 1503 829 tenore
1524 796 1761 839 praesentium,
1788 806 1901 839 appro-

1163 851 1275 882 bamus
1301 855 1333 881 et
1358 849 1592 888 confirmamus,
1618 848 1746 891 illisque
1773 849 1901 889 inviola-

1163 901 1238 934 bilis
1263 901 1460 945 apostolicae
1485 901 1642 934 firmitatis
1666 902 1766 934 robur
1790 901 1900 934 adiici-

1164 964 1246 993 mus,
1273 964 1308 985 ac
1332 964 1444 986 omnes
1469 959 1500 986 et
1524 953 1652 995 iugulos
1676 953 1754 986 iuris
1779 959 1809 986 et
1827 953 1899 985 sacti

1165 1007 1332 1046 desectus,
1358 1006 1383 1038 si
1409 1007 1462 1049 qui
1489 1006 1630 1049 desuper
1654 1006 1900 1049 quomodolibet

1164 1059 1409 1098 intervenerint,
1435 1059 1632 1101 supplemus.

1208 1112 1222 1154 ᾖ
1247 1111 1278 1144 3.
1306 1111 1527 1145 Decernentes
1557 1111 1688 1146 easdem
1703 1115 1897 1154 praesentes

1164 1164 1302 1203 litteras,
1320 1175 1355 1197 ac
1373 1163 1536 1196 decretum
1554 1163 1749 1203 huiusmodi,
1767 1173 1899 1206 semper

1164 1216 1286 1257 firmas,
1317 1216 1439 1249 validas
1464 1220 1495 1249 et
1520 1216 1668 1248 efficaces
1698 1215 1839 1249 existere
1867 1220 1899 1248 et

1165 1270 1247 1309 sore,
1266 1279 1411 1311 suosque
1426 1268 1592 1311 plenarios
1619 1273 1650 1301 et
1666 1268 1813 1311 integros
1828 1266 1900 1300 ess'e-

1165 1326 1236 1354 etus
1262 1321 1373 1353 sortiri
1401 1326 1433 1353 et
1461 1320 1624 1360 obtinere,
1648 1331 1684 1353 ac
1713 1319 1842 1359 abillis,
1861 1320 1900 1352 ad

1166 1384 1248 1417 quos
1263 1378 1388 1417 spectat
1402 1378 1431 1406 et
1450 1383 1510 1416 pro
1524 1377 1673 1416 tempore
1685 1373 1901 1416 quandocum-

1167 1437 1228 1470 que
1257 1426 1431 1470 spectabit,
1456 1425 1691 1458 inviolabiliter
1715 1424 1899 1464 observari,

1166 1479 1278 1521 sieque
1310 1478 1342 1510 in
1372 1477 1563 1521 praemissis
1588 1489 1648 1521 per
1673 1486 1899 1521 quoscumque

1166 1531 1291 1564 iudices
1325 1530 1510 1564 ordinarios
1544 1535 1576 1562 et
1601 1530 1782 1572 delegatos,
1801 1529 1899 1562 etiam

1167 1594 1339 1616 causarum
1370 1583 1482 1626 palatii
1512 1583 1684 1626 apostolici
1710 1582 1898 1621 auditores,

1167 1637 1304 1670 iudicari
1332 1641 1364 1669 et
1388 1635 1516 1669 deliniri
1542 1637 1684 1676 debere,
1711 1646 1747 1668 ae
1771 1634 1900 1667 irritum

1168 1696 1200 1723 et
1224 1690 1321 1722 inane
1338 1689 1364 1721 si
1383 1699 1477 1721 secus
1493 1699 1594 1732 super
1610 1689 1661 1721 liis
1683 1699 1701 1721 a
1725 1697 1901 1731 quoquam,

1168 1742 1280 1786 quavis
1294 1742 1502 1782 auctoritate,
1519 1741 1664 1774 scienter
1680 1741 1731 1773 vel
1749 1740 1903 1783 ignoran-

1168 1800 1230 1836 ter,
1250 1794 1426 1837 contigerit
1443 1793 1609 1827 attentari.

1211 1849 1225 1891 ἓ
1259 1848 1290 1880 4.
1327 1847 1398 1880 Non
1433 1847 1637 1879 obstantibus
1664 1844 1903 1879 constitutioni-

1168 1902 1226 1934 bus
1252 1907 1285 1933 et
1308 1899 1566 1933 ordinationibus
1600 1897 1803 1942 apostolicis,
1826 1907 1903 1929 nec-

1168 1963 1243 1993 non,
1271 1958 1433 1996 quatenus
1460 1963 1542 1995 opus
1568 1951 1620 1992 sit,
1645 1950 1774 1983 Ordinis
1801 1955 1833 1982 et
1859 1950 1903 1981 sa-

1169 2007 1276 2039 miliae
1309 2007 1527 2039 cismontanae
1561 2004 1771 2044 huiusmodi,
1805 2002 1902 2035 etiam

1169 2060 1378 2099 iuramento,
1412 2058 1661 2091 confirmatione
1701 2056 1901 2100 apostolica,

1168 2114 1220 2145 vel
1246 2112 1359 2155 quavis
1384 2111 1538 2143 firmitate
1556 2111 1619 2143 alia
1650 2109 1826 2148 roboratis,
1844 2113 1904 2140 sta-

1171 2164 1248 2196 tutis
1285 2169 1318 2196 et
1359 2162 1653 2195 consuetudinibus
1672 2188 1679 2201 ,
1720 2160 1901 2204 privilegiis

1170 2227 1311 2260 quoque,
1328 2215 1463 2248 indultis
1479 2220 1509 2247 et
1525 2215 1644 2247 litteris
1663 2213 1855 2257 apostolicis
1870 2212 1903 2245 in

1170 2269 1369 2303 eontrarium
1387 2268 1642 2311 praemissorum
1657 2266 1904 2310 quomodolibet

1170 2322 1342 2362 concessis,
1353 2320 1550 2355 confirmatis
1562 2326 1592 2352 et
1605 2319 1777 2359 innovatis,
1789 2318 1904 2362 quibus

1170 2375 1320 2410 omnibus
1359 2379 1390 2406 et
1425 2373 1579 2415 siugulis,
1615 2373 1744 2405 illorum
1776 2377 1904 2404 tenores

1170 2427 1392 2471 praesentibus
1424 2436 1482 2469 pro
1515 2427 1610 2468 plene
1644 2430 1676 2457 et
1711 2423 1905 2457 sufficienter

1170 2481 1328 2523 expressis
1361 2490 1395 2511 ae
1428 2479 1467 2511 de
1498 2481 1596 2511 verbo
1627 2478 1665 2510 ad
1689 2477 1824 2509 verbum
1858 2475 1908 2507 in-

1922 1118 2048 1149 'nnmerum
2065 1119 2094 1140 ir.

1910 1148 1981 1166 ritaus.

1981 1852 2096 1883 Derogatio

1913 1882 2075 1900 matranorum.

394 2541 532 2583 aliisque
557 2538 787 2571 ecclesiasticis
817 2536 998 2573 sententiis,
1017 2545 1128 2567 censu-
1170 2533 1446 2568 sertishabentes,
1462 2531 1525 2564 illis
1550 2531 1628 2563 alias
1653 2530 1686 2562 in
1712 2540 1768 2562 suo
1784 2529 1904 2562 robore

395 2593 439 2625 ris
466 2597 497 2624 et
521 2591 636 2634 poeuis
653 2617 661 2631 ,
688 2600 704 2622 a
730 2590 800 2621 iure
826 2590 876 2620 vel
906 2589 946 2620 ab
969 2585 1126 2625 homine,
1168 2585 1396 2628 permansuris,
1413 2584 1452 2617 ad
1471 2583 1723 2627 praemissorum
1739 2580 1904 2629 effectum,
