2247 3208
87 203 137 231 An.
158 204 192 231 C.
214 204 282 232 1663

113 897 231 925 Expositio.

883 206 1069 230 ALEXANDER
1093 207 1135 230 vn
1162 207 1209 230 pp,
1698 195 1761 228 r175

293 258 325 288 et
348 253 537 297 praesertim
560 252 645 293 illos,
671 263 735 296 qui,
761 257 957 296 abnegantes
981 264 1026 286 se·
1060 254 1240 287 huiusmodi
1272 264 1329 297 per
1354 254 1556 287 amicabilem
1588 253 1791 297 compositio-

291 306 453 350 metips0s‚
471 306 585 339 divinis
602 306 763 349 obsequiis
780 317 848 340 sese
863 307 920 339 sub
937 307 1024 340 suavi
1059 317 1132 339 nem
1157 306 1341 347 terminare,
1360 307 1507 350 dictaque
1532 305 1792 340 inconvenientia

291 360 458 402 religionis
481 359 558 402 iugo
595 359 839 402 manciparunt,
877 360 965 403 pacis
996 365 1027 392 et
1060 359 1172 392 tollere
1197 360 1378 400 studerent·,
1397 370 1433 392 cx
1452 360 1578 403 quibus,
1600 370 1655 391 seu
1680 369 1791 392 eorum

292 412 438 445 amabilis
463 412 654 445 concordiae
684 412 907 456 regularisque
932 411 1026 445 disci·
1059 411 1239 451 occasione,
1265 412 1357 445 multi
1382 423 1551 455 processus
1577 412 1703 446 formati
1727 412 1792 445 sue-

294 465 402 509 plinae
422 465 640 499 restituendae
658 471 689 499 et
705 466 942 499 conservandae
962 469 1027 497 stu-

292 519 345 552 dio
369 518 501 563 provide
527 524 684 552 conventa
709 517 756 551 ct¹
787 518 927 551 stabilita
957 528 1025 551 esse

291 578 479 613 noscuntur,
497 572 646 612 libenter,
660 582 731 606 cuin
748 583 766 605 a
783 571 884 614 nobis·
896 571 1024 615 petitur,

291 625 459 668 apostolici
490 624 676 657 muniminis
706 623 867 666 praesidio
897 623 1027 657 robora-

289 688 370 718 mus,
397 683 428 711 ct
451 678 529 711 alias
554 682 737 720 opportune
761 677 900 719 desuper
923 677 1027 719 provi-

291 732 412 771 demus,
430 731 522 770 sioni,
540 732 663 762 matura
683 729 920 763 consultatione
935 729 1026 762 adhi-

1058 469 1141 503 runt,
1167 466 1350 507 multaeque
1375 465 1551 497 sententiae
1577 465 1792 498 excommuni-

1059 515 1220 548 cationum
1234 527 1271 549 ac
1285 516 1532 559 suspensionum
1546 528 1563 550 a
1577 517 1701 557 divinis,
1715 517 1792 550 alia-

1058 578 1191 611 rumque
1219 579 1395 612 poenarum
1423 568 1667 611 cmanatarum¹,
1698 575 1793 613 prout

1059 631 1096 654 ex
1121 621 1287 661 sententia,
1315 632 1372 664 per
1397 622 1549 655 dilectum
1574 622 1674 655 silium
1698 622 1792 656 Nico-

1059 676 1145 708 laum
1162 675 1330 709 Claudium
1350 676 1490 709 iudicem
1508 687 1524 708 a
1543 675 1792 718 congregatione

1057 729 1289 763 venerabilium
1302 730 1437 762 fratrum
1450 735 1634 763 nostrorum
1648 729 1791 763 eiusdem

289 784 365 823 bita,
384 782 607 825 cognoscimus
632 782 665 814 in
689 781 824 815 Domino
850 781 1026 814 salubriter
1058 782 1088 815 S.
1116 782 1153 815 R.
1184 783 1218 816 E.
1249 783 1460 816 cardinalium
1485 782 1621 825 negotiis
1654 786 1685 814 et
1718 793 1793 815 cona

289 836 452 880 expedire.
1058 835 1286 868 stillationibus
1307 836 1531 879 episcoporum
1549 840 1580 868 et
1595 834 1792 878 regularium

332 889 348 931 ἓ
373 888 403 920 ’1.
425 887 550 931 Exponi
571 887 730 931 siquidem
747 887 841 920 nobis
859 898 965 931 nuper
982 865 1241 933 se-ipracposita
1264 889 1447 930 delegatum
1472 889 1546 927 lata,
1570 892 1716 921 constare
1745 887 1792 921 di-

288 946 403 975 cerunt
420 941 529 974 dilecti
550 940 607 974 filii
625 941 738 973 fratres
756 941 888 984 Hispani
907 945 938 973 et
955 941 1023 973 Itali
1040 939 1042 954 ¹
1058 941 1156 981 citur,
1179 946 1210 973 et
1233 941 1391 982 nonnulli,
1418 941 1470 984 qui
1496 940 1703 983 exequutioni
1721 951 1792 973 sen-

289 999 463 1028 conventus
488 993 540 1026 SS.
561 993 723 1026 Trinitatis
741 993 876 1026 civitatis
899 993 1025 1037 Neapo-
1040 1020 1042 1041 *v
1059 994 1174 1027 tentiae
1214 994 1399 1028 huiusmodi
1439 999 1709 1027 contravenerunt
1725 1021 1732 1034 ,
1758 994 1791 1026 in

287 1048 407 1082 litanae
440 1046 567 1080 Ordinis
603 1047 747 1079 eiusdem
782 1046 835 1079 SS.
863 1046 1024 1079 Trinitatis
1040 1058 1176 1115 fpocnas
1194 1052 1225 1080 ct
1242 1058 1394 1080 censuras
1410 1047 1632 1087 incurrerunt,
1647 1046 1790 1089 quinimo

288 1100 521 1143 redemptionis
547 1100 755 1143 captivorum,
782 1100 871 1143 quod
896 1100 982 1142 (cum
1007 1112 1023 1133 a
1058 1105 1191 1143 propter
1214 1100 1389 1143 praemissa
1414 1100 1532 1133 factum
1556 1105 1603 1132 est
1629 1104 1663 1132 ut
1699 1110 1790 1142 prae·

288 1154 400 1197 viginti
424 1153 516 1186 annis
541 1154 590 1185 vel
617 1153 743 1186 circiter
764 1163 861 1196 super
881 1153 1023 1187 dominio
1059 1154 1138 1185 fatus
1159 1159 1332 1186 convontus
1353 1153 1485 1196 eiusque
1503 1153 1615 1185 fratres
1640 1163 1657 1185 a
1676 1152 1789 1195 viginti

289 1212 321 1240 et
344 1206 530 1240 fundatione
556 1205 631 1238 dicti
657 1210 830 1239 conventus
856 1206 939 1238 inter
964 1206 1022 1238 fra·
1039 1207 1042 1250 'J
1057 1205 1147 1238 annis
1173 1211 1203 1238 et
1227 1208 1311 1239 ultra
1334 1205 1450 1238 visitati
1477 1215 1540 1238 non
1562 1204 1691 1237 fuerint.
1715 1204 1790 1243 Qua-

289 1265 353 1292 tres
377 1258 559 1302 provinciae
585 1258 692 1291 Italiac
718 1258 793 1291 dicti
811 1258 947 1299 Ordinis,
969 1259 1021 1301 qui
1056 1265 1189 1302 propter
1213 1258 1311 1291 iidem
1348 1258 1532 1291 Dominicus
1568 1263 1600 1290 et
1632 1258 1790 1290 Antonius

288 1313 436 1346 eumdem
467 1317 661 1349 conventum
685 1311 721 1344 ex
752 1312 927 1345 inveterata
951 1316 1284 1357 pos-{procuratores
1326 1311 1402 1344 huic
1441 1311 1592 1344 mandato
1633 1310 1790 1354 praedicti

287 1365 429 1398 sessione
454 1365 493 1397 ab
517 1364 586 1408 ipso
622 1365 820 1398 fundationis
845 1365 1023 1408 primordio

288 1419 456 1461 hucusque
481 1418 669 1451 continuata
687 1418 746 1451 sibi
767 1424 798 1451 et
823 1419 925 1452 dictae
950 1430 1023 1462 pro-

287 1470 411 1504 vinciae
436 1470 642 1511 asserebant,
667 1481 703 1503 ex
729 1473 813 1511 una,
846 1476 878 1504 et
909 1472 1023 1504 fratres

288 1524 457 1567 Hispanos,
473 1524 665 1566 quibusdam
685 1524 869 1567 patentibus
886 1523 1023 1556 ministri

288 1576 450 1619 generalis
475 1576 619 1609 eiusdem
643 1576 772 1609 Ordinis
796 1576 910 1609 litteris
942 1577 1025 1609 inni-

288 1639 354 1668 Χοε,
372 1639 409 1662 ex
427 1630 527 1663 altera
544 1629 700 1672 partibus,
717 1629 822 1663 variae
842 1634 1024 1663 controver-

288 1681 354 1714 siae
372 1682 559 1725 penderent,
589 1684 689 1725 eaque
715 1682 884 1715 occasione
910 1682 1023 1725 gravis-

288 1733 386 1767 simae
406 1734 478 1767 lites
495 1734 578 1767 inter
602 1735 731 1768 easdem
748 1741 864 1778 partes,
883 1746 920 1768 ac
938 1746 1024 1769 scan-

289 1787 361 1820 dala
375 1792 405 1819 et
419 1787 550 1820 dissidia
568 1793 677 1820 exorta
695 1790 813 1831 essent)
831 1789 1023 1822 venerabilis

289 1840 387 1872 frater
419 1845 527 1873 noster
563 1840 691 1873 Martius
724 1841 894 1884 episcopus
930 1842 1022 1875 Atha-

288 1893 398 1925 nensis
415 1893 446 1925 S.
463 1893 499 1925 R.
520 1893 554 1926 E.
574 1893 748 1926 cardinalis
762 1894 930 1926 Ginncttus
948 1905 1022 1927 nun-

289 1950 431 1988 cupatus,
447 1945 521 1978 dicti
540 1945 667 1979 Ordinis
685 1947 770 1989 apud
788 1957 844 1979 nos
862 1952 893 1979 et
909 1947 1021 1980 Sedem

288 1998 505 2041 Apostolicam
519 2004 693 2041 protector,
712 2000 762 2032 his
782 2000 873 2033 malis
891 2006 922 2033 et
937 2011 1021 2033 scan-

289 2052 371 2085 dalis
395 2051 575 2084 remedium
599 2052 775 2085 adhibendi
794 2064 878 2096 ergo,
898 2054 1022 2086 dilectis

289 2103 409 2147 pariter
432 2104 506 2136 filiis
531 2104 695 2137 Dominico
720 2105 848 2138 Tafurio
877 2106 910 2138 in
933 2109 1023 2138 sacra

289 2156 454 2199 theologia
487 2164 689 2200 praesentato
715 2169 750 2191 ac
776 2159 923 2192 ministro
950 2170 1024 2192 con-

288 2215 403 2242 ventus
428 2209 459 2242 S.
487 2209 648 2243 Francisci
682 2211 719 2243 de
746 2211 828 2244 Urbe
854 2217 884 2243 et
908 2223 1023 2255 procu-

290 2261 390 2295 ratori
416 2261 520 2294 dictae
537 2262 728 2304 vprovinciae
753 2264 870 2305 Italiae,
897 2276 1020 2298 necnon

290 2314 429 2346 Antonio
454 2325 471 2346 a
495 2314 647 2348 Trinitate
668 2317 869 2359 procuratori
889 2318 1022 2350 fratrum

290 2367 528 2410 provinciarum
554 2368 725 2411 Hispaniae.
751 2370 826 2402 dicti
847 2370 973 2403 Ordinis
990 2372 1021 2404 in

291 2420 418 2453 civitate
442 2426 474 2453 et
503 2428 660 2454 conventu
684 2423 901 2466 Neapolitanis
932 2435 1023 2468 prae-

291 2473 384 2507 dictis
409 2474 604 2517 dege‘ntium,
619 2477 789 2517 mandavit,
807 2483 842 2508 ut
866 2477 925 2520 ipsi
952 2479 1021 2511 lites

326 2588 336 2613 1
360 2586 430 2613 Edit.
447 2586 524 2614 Main.
541 2587 605 2622 legit
620 2589 647 2616 ez‘
662 2596 708 2624 pro
723 2591 749 2628 el
763 2589 800 2623 (R.
815 2588 863 2625 T.).

1039 1381 1040 1385 =
1055 1365 1158 1398 Martii
1173 1365 1345 1398 cardinalis
1362 1364 1552 1408 protectoris
1569 1369 1718 1407 prompte
1736 1364 1791 1396 ob-

1039 1406 1247 1460 *sequentes,
1273 1423 1345 1461 post
1376 1422 1534 1450 maturam
1562 1417 1792 1451 consideratio-

1056 1481 1139 1512 nem,
1153 1471 1192 1503 ad
1211 1471 1448 1504 occurrendum
1465 1476 1510 1503 tot
1524 1471 1655 1510 damms,
1670 1470 1790 1511 litibus,

1039 1524 1356 1570 ,inconvenientibus
1382 1530 1413 1558 et
1437 1524 1605 1565 scandalis,
1624 1524 1792 1556 imminen-

1039 1577 1143 1620 AEque
1161 1577 1250 1610 totali
1276 1577 1350 1610 dicti
1374 1582 1550 1611 conventus
1571 1576 1790 1617 destructioni,

1039 1624 1041 1674 J
1056 1631 1095 1663 ad
1110 1631 1265 1663 nonnulla
1282 1631 1423 1674 capitula
1439 1630 1642 1670 concordiae,
1658 1630 1696 1662 ab
1710 1631 1791 1662 utra-

1039 1679 1116 1726 'tque
1142 1683 1283 1726 partium
1307 1694 1379 1716 cum
1403 1683 1603 1723 interventu,
1630 1693 1789 1716 consensu

1039 1737 1087 1780 {et
1110 1746 1188 1779 pace
1214 1737 1355 1769 oninium
1379 1737 1513 1777 firmata,
1538 1737 1624 1769 inter
1649 1746 1681 1768 se
1700 1736 1791 1768 deve-

1039 1783 1182 1830 }nerunt‚
1208 1789 1327 1822 tenoris
1352 1789 1405 1833 qui
1430 1789 1591 1832 sequitur,
1620 1788 1788 1822 videlicet:

1105 1854 1117 1873 α
1136 1842 1170 1874 In
1204 1842 1334 1875 nomine
1371 1842 1589 1875 sanctissimae
1615 1848 1647 1874 et
1678 1841 1791 1874 indivi-

1038 1934 1042 1955 Ι
1057 1895 1138 1927 duae
1157 1895 1329 1936 Trinitatis,
1340 1896 1451 1936 Patris,
1467 1901 1498 1927 ct
1511 1895 1593 1935 Filii,
1608 1900 1639 1928 et
1652 1894 1790 1938 Spiritus

1037 1956 1038 1959 ’
1056 1948 1175 1980 Sancti.

1099 2000 1240 2033 Tandem
1271 2001 1369 2044 (post
1393 2006 1439 2034 tot
1472 2006 1641 2045 tantasque
1667 2002 1790 2035 dissen-

1056 2053 1175 2093 siones,
1206 2054 1458 2095 aemulationes,
1491 2056 1569 2098 etc.)
1598 2056 1686 2096 lites,
1713 2067 1790 2098 quas

1056 2106 1120 2138 fere
1138 2106 1247 2149 viginti
1266 2107 1358 2139 annis
1375 2108 1488 2140 fratres
1509 2108 1578 2141 Itali
1604 2114 1634 2141 et
1657 2108 1789 2151 Hispani

1037 2159 1227 2216 {conventus
1242 2159 1393 2203 Neapolis
1406 2160 1533 2194 Ordinis
1553 2161 1605 2194 SS.
1629 2161 1789 2194 Trinitatis

1038 2218 1086 2244 *et
1112 2213 1344 2255 redemptionis
1376 2213 1573 2256 captivorum
1600 2214 1788 2255 habuerunt,

1057 2265 1246 2308 disponente
1271 2265 1344 2306 Deo,
1367 2276 1438 2298 cum
1462 2259 1691 2300 intercessione
1713 2268 1791 2301 Bea-

1037 2324 1105 2352 ttae
1131 2324 1162 2351 et
1186 2319 1408 2352 Immaculatae
1440 2330 1630 2362 semperque
1653 2320 1791 2363 Virginis

1057 2371 1289 2404 remediatricis
1303 2371 1428 2411 Mariae,
1444 2372 1540 2404 finem
1555 2373 1791 2416 terminumque

1037 2429 1039 2475 j
1056 2423 1165 2456 suum²
1184 2430 1372 2467 assequutae
1391 2425 1430 2456 de
1449 2435 1598 2467 expresso
1617 2431 1791 2468 praecepto

1055 2477 1302 2510 eminentissimi
1328 2483 1359 2510 et
1388 2478 1644 2511 reverendissimi
1670 2479 1789 2512 domini

1091 2549 1101 2574 1
1125 2547 1242 2585 Legend.
1259 2551 1412 2575 emanatae
1428 2547 1467 2574 vel
1484 2551 1660 2575 emanarunt
1674 2554 1710 2579 (Β,
1727 2549 1775 2582 Τ.).

1089 2592 1105 2618 2
1124 2590 1224 2617 Forsan
1243 2594 1310 2617 sunt
1329 2599 1376 2627 pro
1396 2600 1480 2618 suum
1500 2591 1647 2627 legendum
1668 2592 1703 2626 (n.
1719 2591 1768 2627 T.).

1807 202 1855 230 An.
1872 201 1900 228 C.
1923 200 1989 228 1663

1833 369 1921 390 Metina.

1855 1848 1988 1871 Concordiae

1805 1878 1873 1898 tenor.
