2247 3208
213 202 260 231 An.
280 200 307 228 c.
332 199 398 228 1664
444 191 507 226 27⁶2

596 246 759 274 Alexander
777 245 856 278 Papa
876 243 941 277 vn,

543 293 578 319 ad
598 292 729 318 futuram
749 290 794 317 rei
810 289 991 316 memoriam.

446 356 461 398 ξ,
486 355 516 386 1.
543 353 652 397 Nuper
672 363 731 396 pro
755 356 847 395 parte
873 350 980 384 dilecti
1007 350 1063 383 filii
1088 351 1135 383 Al-

402 406 520 450 pbonsi
555 406 593 438 de
624 405 742 447 Ortega
773 403 914 437 custodis
949 403 1134 447 provinciae

401 459 544 493 Nominis
568 459 638 492 Iesu
664 458 703 491 de
720 457 899 492 Guatimala
918 454 1048 492 Ordinis
1074 456 1135 488 fra-

400 518 484 546 trum
508 512 666 545 Minorum
692 511 791 545 sancti
816 509 977 543 Francisci
1010 510 1048 542 de
1073 508 1135 541 Ob—

399 565 562 599 servantia
593 569 853 608 nuncupatorum
886 561 1132 605 congregationi

398 618 631 654 venerabilium
649 618 783 650 fratrum
798 621 983 649 nostrorum
997 615 1027 648 S.
1043 616 1080 649 R.
1096 616 1130 648 E.

398 672 610 705 cardinalium
634 670 774 713 negotiis
793 675 821 702 et
843 668 1132 703 consultationibus

397 726 624 770 episcoporum
653 729 685 757 01
707 725 904 766 regulaiium
929 721 1131 766 praepositae

398 779 545 823 exposito
571 778 657 822 quod
682 785 742 822 per
766 776 1012 809 constitutiones
1036 785 1132 818 gene-

396 833 481 866 rales
507 832 583 865 dieti
607 830 734 865 Ordims
759 834 890 863 cavetur
913 839 1065 872 expresse
1097 832 1131 860 ut

395 884 607 919 commissarii
631 884 812 916 visitatores
837 894 873 915 ex
895 881 1067 925 provinciis
1087 881 1131 914 vi-

396 938 574 972 cinioribus
599 937 785 977 mittantur,
813 936 965 979 quodque
998 933 1130 977 provin-

395 992 462 1024 ciae
488 991 658 1023 viciniores
690 990 850 1032 praefatae
881 987 1064 1031 provinciae
1089 988 1128 1020 de

394 1043 573 1077 Guatimala
596 1043 659 1075 sint
682 1041 867 1086 provinciae
891 1041 922 1075 S.
942 1040 1071 1083 Georgii
1090 1041 1128 1074 de

393 1097 570 1140 Nicaragua
594 1102 626 1129 et
649 1096 680 1129 S.
707 1095 835 1138 Iosephi
861 1095 899 1128 de
920 1094 1061 1135 lucatan‚
1080 1094 1129 1126 in-

392 1155 443 1184 ter
468 1150 545 1183 alias
569 1158 646 1183 vero
683 1148 864 1192 provincias
896 1148 1034 1181 vicinior
1064 1153 1128 1181 tre-

392 1206 559 1235 centarum
598 1203 762 1235 leucarum
798 1201 968 1234 intervallo
1005 1201 1124 1243 distet,

391 1266 451 1290 nec
476 1254 717 1289 commissarius
740 1254 887 1287 visitator
908 1254 982 1286 inde
1000 1255 1038 1287 ad
1063 1255 1127 1298 pri-

391 1308 567 1342 modietarn
600 1308 799 1352 provinciam
836 1308 896 1340 nisi
932 1318 1003 1340 cum
1040 1308 1125 1341 illius

390 1362 527 1395 maxima
544 1361 690 1406 impensa
707 1367 738 1394 et.
755 1362 950 1394 detrimento
964 1362 1124 1406 proficisci

390 1414 511 1458 possit,
529 1419 560 1447 et
577 1414 609 1447 in
628 1415 739 1447 eadem
766 1415 968 1458 expositione
994 1416 1125 1449 subiun-

390 1472 440 1500 eto
477 1468 563 1510 quod
598 1467 683 1501 idem
718 1468 902 1512 Alphonsus
939 1470 1123 1512 praemissis

390 1521 520 1554 attentis
544 1522 719 1565 plurimum
745 1522 895 1565 cupiebat
920 1523 1063 1556 ordinari
1089 1530 1123 1556 ut

389 1575 631 1607 commissarius
667 1575 813 1608 visitator
847 1586 910 1608 non
943 1582 1053 1620 posset
1082 1578 1121 1610 ad

389 1629 535 1662 eamdem
548 1628 747 1671 provinciam
761 1628 906 1662 Nominis
917 1630 985 1662 lesu
998 1630 1035 1663 de
1045 1630 1122 1663 Gua-

237 366 351 393 Expositio.

389 1682 499 1714 timala
515 1678 607 1722 mitti,
622 1681 682 1713 nisi
703 1692 739 1714 ex
759 1683 913 1715 alterutra
930 1689 1130 1716 memorata-·

389 1745 459 1768 rum
476 1734 716 1778 proviimiarum
739 1735 929 1768 viciniorum
943 1735 973 1768 S.
990 1735 1119 1779 Georgii

389 1792 420 1821 et
444 1787 475 1820 S.
495 1783 622 1831 Ieseplii
641 1792 878 1820 assumeretur:
898 1789 1056 1824 emanavit
1081 1790 1119 1822 ab

388 1841 502 1873 eadem
533 1840 789 1883 congregatione
820 1841 1031 1875 cardinalium
1065 1843 1120 1875 de-

387 1899 509 1927 cretum
535 1894 657 1927 tenoris
683 1893 736 1937 qui
762 1893 918 1937 sequitur,
937 1895 1100 1928 videlicet:

192 1951 374 2005 “grsgggfflggj
434 1960 446 1979 a
461 1947 557 1980 Sacra
570 1947 779 1990 congregatio
794 1948 1119 1981 eminentissimorum

191 2001 415 2054 iissii'iituff'atq'isss'
435 2001 472 2034 R.
493 2001 527 2034 E.
546 2000 756 2033 cardinalium
782 2001 924 2043 negociis
943 2007 974 2033 01.
993 2004 1121 2035 consul-

191 2060 283 2081 rubrwa-
387 2054 560 2092 tationibus
595 2054 823 2097 episeopormn
856 2059 887 2086 et
921 2056 1117 2097 regularium

384 2107 578 2151 praeposita,
606 2107 735 2139 attentis
760 2108 897 2141 narratis
927 2113 958 2139 et.
988 2118 1118 2141 assensu

382 2161 519 2193 ministri
553 2160 713 2202 generalis
747 2159 873 2194 Ordinis
910 2161 1116 2202 huiusmodi,

380 2213 583 2246 inhaerendo
618 2212 782 2255 praefatae
815 2212 957 2245 eiusdem
992 2213 1118 2246 Ordinis

380 2265 613 2305 constitutioni,
626 2265 735 2297 statuit
753 2271 785 2298 et
806 2266 944 2298 decrevit
961 2272 994 2299 ut
1012 2267 1043 2299 in
1061 2278 1118 2310 po-

379 2325 500 2353 sterum
526 2318 735 2352 commissarii
758 2318 934 2351 visitatores
949 2330 1006 2362 pro
1025 2330 1118 2362 prae-

380 2373 444 2405 fata
468 2370 633 2415 provincia
664 2371 702 2404 dc
734 2370 911 2403 Guatimala
941 2372 1115 2415 deputandi

380 2425 521 2458 debeant
546 2424 662 2456 assumi
688 2434 724 2457 ex
749 2427 812 2456 una
838 2425 875 2457 de
901 2425 1024 2457 duabus
1044 2435 1116 2467 pro-

379 2478 491 2511 vinciis
530 2477 738 2510 vicinioribus
780 2482 902 2509 tantum
919 2503 926 2517 ,
968 2477 1116 2510 videlieet

381 2531 412 2564 S.
432 2530 560 2573 Georgii
575 2531 612 2565 de
627 2530 819 2570 Niearaguas
835 2535 866 2562 et
882 2530 910 2562 S.
928 2530 1057 2573 Iosephi
1076 2530 1114 2563 de

380 2583 518 2623 hwatan,
544 2587 576 2615 01
600 2581 644 2614 ita
669 2582 783 2614 haruin
809 2583 917 2626 vigore
947 2583 1057 2616 statuit
1084 2588 1116 2616 et

987 196 1163 221 mmmmm!
1188 196 1337 222 ROMANUM

1923 194 1970 221 An.
1987 193 2015 222 C.
2038 194 2103 222 1664

1179 245 1342 285 decernit;
1369 245 1538 279 contrariis
1566 245 1820 289 quibuscumque
1845 254 1910 278 non

1178 299 1391 332 obstantibus.

1221 352 1341 384 Romae
1368 362 1398 385 ix
1421 352 1495 385 maii
1520 362 1671 386 nnetxw.

1264 405 1302 438 M.
1329 405 1508 438 Cardinalis
1534 405 1704 439 Glnerrus.

1263 459 1296 491 E.
1313 459 1483 502 episeopus
1496 458 1728 492 Camerinensis
1746 466 1858 494 secret.
1875 473 1905 494 ».

1218 513 1233 556 ᾗ
1257 513 1287 546 ⁶2.
1315 513 1391 545 Cum
1423 518 1548 552 autem,
1576 512 1657 545 sicut
1687 512 1822 546 dilectus
1857 515 2101 558 Al-,Contirnmw-

1175 567 1319 610 phonsus
1336 566 1429 599 nobis
1448 565 1584 598 subinde
1602 565 1718 609 exponi
1735 566 1821 607 feeit,
1838 551 1996 611 1115011»ΐῖ-ιιΗΙΙ
2030 551 2101 570 PM*

1175 620 1337 654 decretum
1362 618 1556 658 huiusmodi,
1575 629 1635 661 pro
1661 619 1796 653 firmiori
1823 620 1907 653 illius

1174 674 1393 714 subsistentia,
1426 672 1622 716 apostolicae
1655 672 1906 708 confirmationis

1173 732 1301 760 nostrae
1333 725 1512 770 patrocinio
1547 726 1735 759 communiri
1767 737 1905 761 summo-

1173 792 1250 825 pere
1277 780 1455 813 desideret:
1481 789 1547 818 nos,
1570 779 1676 822 ipsum
1701 779 1903 823 Alphonsum

1173 834 1367 877 specialibus
1391 832 1551 866 favoribus
1571 838 1602 865 et
1618 832 1727 875 gratiis
1751 834 1902 877 prosequi

1172 889 1333 927 volentes,
1360 892 1391 920 et
1414 897 1431 918 a
1456 885 1618 929 quibusvis
1651 887 1904 919 exeommunica-

1173 941 1280 980 tionis,
1306 938 1526 983 suspensionis
1551 944 1583 971 et
1606 939 1787 980 interdicti,
1820 940 1904 974 aliis-

1172 1005 1233 1038 que
1257 992 1480 1027 ecclesiasticis
1505 991 1683 1032 sententiis,
1710 993 1851 1025 censuris
1872 999 1903 1027 et

1170 1046 1283 1090 poenis
1299 1073 1306 1086 ,
1331 1056 1348 1078 a
1372 1045 1439 1077 iure
1474 1045 1523 1077 vel
1549 1044 1587 1077 ab
1613 1044 1767 1085 homine,
1793 1046 1901 1088 quavis

1170 1098 1341 1133 occasione
1365 1098 1414 1130 vel
1436 1098 1533 1130 causa
1551 1097 1632 1137 latis,
1651 1097 1676 1129 si
1692 1097 1806 1141 quibus
1823 1108 1902 1141 quo-

1169 1153 1348 1186 modolibet
1371 1151 1542 1184 innodatus
1559 1150 1674 1189 existit,
1693 1152 1732 1184 ad
1754 1151 1900 1185 effectum

1169 1205 1383 1250 praesentium
1416 1205 1582 1238 dumtaxat
1616 1205 1899 1247 consequendum,

1169 1260 1281 1292 harum
1316 1258 1398 1291 serie
1434 1257 1638 1290 absolventes
1664 1262 1695 1290 01
1719 1257 1900 1292 absolutum

1169 1313 1234 1346 fore
1252 1316 1432 1350 censentes,
1450 1309 1738 1354 supplicationibus
1757 1310 1825 1343 eius
1843 1321 1899 1344 no-

1167 1365 1252 1398 mine
1277 1364 1370 1399 nobis
1393 1374 1490 1407 super
1515 1364 1577 1396 boe
1602 1363 1765 1396 humiliter
1789 1374 1900 1407 porre-

1165 1419 1222 1451 ctis
1240 1417 1392 1457 inclinati,
1410 1418 1574 1449 decretum
1588 1416 1831 1460 Iin‘aeinsertum,
1847 1428 1899 1450 au-

1165 1471 1311 1504 ctoritate
1332 1470 1518 1513 apostoliea,
1539 1474 1649 1502 tenore
1667 1469 1895 1512 praesentium,

1164 1523 1388 1558 confirmamus
1414 1528 1445 1555 et
1469 1521 1697 1565 approbamus,
1722 1521 1833 1565 illique
1851 1522 1898 1556 in-

1162 1576 1321 1610 violabilis
1366 1575 1562 1619 apostolieae
1599 1573 1757 1606 firmitatis
1798 1574 1897 1607 robur

1163 1630 1342 1669 adiicimus3
1360 1630 1443 1661 salva
1465 1633 1570 1660 tamen
1595 1638 1724 1670 semper
1748 1627 1779 1659 in
1805 1638 1897 1670 prae-

1163 1684 1267 1716 missis
1298 1681 1485 1715 auetoritate
1526 1681 1689 1724 praefatae
1721 1691 1896 1724 congrega-

1164 1737 1258 1769 tionis
1283 1734 1504 1768 cardinalium.

1205 1791 1219 1832 g
1243 1789 1273 1822 3.
1301 1789 1523 1821 Decernentes
1542 1786 1674 1819 easdem
1700 1791 1893 1829 praesentes
1907 1789 2044 1838 mmmmm
2062 1789 2091 1810 ir-

1162 1843 1288 1875 litteras
1318 1851 1450 1884 semper
1475 1839 1596 1880 sirmas,
1624 1839 1745 1872 validas
1772 1844 1804 1872 et
1828 1839 1896 1872 cffi-
1976 1833 1980 1838 ’

1166 1906 1259 1928 011005
1293 1894 1434 1928 existere
1461 1898 1493 1925 et
1527 1893 1594 1925 fore
1613 1920 1620 1932 ‚
1647 1902 1792 1935 suosque
1825 1893 1895 1935 ple-

1163 1948 1271 1981 narios
1308 1952 1340 1979 01
1375 1947 1522 1989 integros
1561 1944 1694 1978 effeetus
1727 1944 1838 1977 sortiri
1864 1949 1896 1977 et

1161 2001 1313 2034 obtinere
1333 2027 1340 2039 ,
1367 2010 1403 2031 ac
1427 1998 1511 2038 illis,
1539 1998 1578 2030 ad
1604 2007 1685 2040 quos
1711 2001 1835 2039 spectat
1863 2001 1896 2029 01

1162 2064 1221 2097 pro
1247 2059 1395 2095 tempore
1414 2050 1587 2094 spectabit,
1609 2049 1802 2093 plenissime
1829 2049 1895 2081 suf-

1163 2106 1290 2148 fragari,
1312 2105 1425 2148 sicque
1442 2104 1475 2136 in
1493 2103 1684 2147 praemissis
1712 2113 1772 2146 per
1797 2113 1895 2146 quos-

1161 2169 1300 2202 cumque
1319 2158 1443 2191 iudiees
1462 2156 1646 2189 ordinarios
1662 2161 1694 2188 et
1711 2156 1893 2198 delegatos,

1161 2211 1258 2244 etiam
1290 2221 1463 2243 causarum
1490 2209 1601 2252 palatii
1635 2208 1808 2251 apostolici
1840 2219 1896 2241 au-

1160 2265 1297 2304 ditores,
1324 2263 1460 2296 iudieari
1487 2267 1519 2295 et
1543 2261 1671 2294 deliniri
1699 2261 1835 2302 debere,
1859 2272 1896 2294 ac

1159 2316 1289 2349 irritum
1317 2320 1349 2347 et
1379 2315 1475 2347 inane
1502 2315 1528 2346 si
1554 2324 1649 2347 secus
1675 2324 1776 2357 super
1801 2314 1852 2346 liis
1877 2324 1895 2347 a

1159 2379 1340 2412 quoquam,
1369 2367 1481 2411 quavis
1507 2366 1723 2407 auctoritate,
1750 2365 1896 2399 scienter

1158 2423 1208 2455 vel
1244 2422 1450 2463 ignoranter,
1478 2420 1655 2462 eontigerit.
1679 2418 1846 2452 attentari.

1201 2477 1215 2519 g
1240 2475 1271 2507 4.
1297 2475 1365 2508 Non
1390 2474 1591 2508 obstantibus
1608 2472 1893 2506 constitutionitnis

1158 2534 1189 2561 et
1223 2528 1482 2560 oldiimtionibus
1515 2526 1718 2570 apostolicis,
1745 2535 1890 2566 necnon,

1157 2586 1313 2625 quatenus
1339 2591 1419 2625 opus
1440 2581 1490 2622 sit,
1506 2580 1632 2614 Ordinis
1658 2584 1689 2613 et
1712 2578 1893 2624 provincia-

1974 2477 2089 2499 Remuli,

1904 2506 2067 2524 contrariorum.
