2247 3208
156 193 206 220 An.
223 191 251 219 C.
273 191 340 218 1667

208 410 334 432 him-utores

153 436 247 463 deputat.

170 990 198 1010 l).-
193 996 217 1010 *t
218 992 260 1016 μὶ
277 997 297 1011 υ·
298 998 323 1011 in·

141 1018 221 1037 (fains.

970 188 1112 212 CLEMENS
1136 188 1164 211 IX
1190 188 1238 212 PP-

350 250 441 272 secus
466 249 566 282 super
590 238 640 271 his
662 249 678 270 a
704 248 882 282 quoquam,
906 237 1016 280 quavis
1034 248 1089 269 au-

349 292 511 331 ctoritate,
525 292 666 324 scienter
689 291 738 323 vel
764 291 964 333 ignoranter,
983 290 1087 322 conti-

349 344 433 388 gerit
457 345 620 377 attentari.

390 398 405 440 ἓ
430 397 484 430 11.
511 397 669 435 Quocirca
695 398 822 432 dilectis
859 397 933 430 filiis
970 402 1084 429 nostro

345 462 382 484 ac
408 450 439 484 S.
468 451 504 483 R.
531 451 565 484 E.
599 451 781 494 praedictae
817 450 993 483 camerario
1026 460 1082 481 seu

344 504 606 546 procamerario,
647 513 774 536 necnon
811 501 1083 541 vicecamerario,

344 556 564 596 thesaurario,
592 567 628 588 ae
659 555 783 590 clericis
809 554 1082 598 praesidentibus,

340 608 576 649 commissario,
592 614 623 641 et
641 608 712 642 aliis
731 618 876 640 camerae
895 607 1080 650 praedictae

340 661 540 701 officialibus,
560 661 598 694 ad
613 671 693 704 quos
709 665 844 704 spectat,
861 660 1079 703 praecipimus

339 720 371 747 et
403 715 594 747 mandamus
627 719 661 746 ut
691 719 899 756 praesentem
934 718 1079 746 nostram

337 767 605 800 constitutionem
632 772 663 800 et
688 767 719 799 in
745 769 783 799 ea
801 772 954 800 contenta
980 777 1080 809 qnae-

337 830 476 863 cumque
502 820 533 852 in
561 820 713 853 omnibus
731 825 762 852 et
783 819 920 862 singulis
944 818 1079 852 firmiter

337 877 369 904 et
392 872 623 905 inviolabiliter
644 872 817 906 observent
841 878 871 905 et
897 872 1013 905 saciant
1038 872 1077 904 ab

338 925 409 958 aliis
427 926 606 958 observari.

381 978 395 1022 ἓ
420 978 473 1012 12.
496 979 566 1012 Non
592 979 794 1012 obstantibus
819 979 1076 1023 supradictarum

338 1031 441 1064 litium
473 1033 674 1075 pendentia,
702 1033 836 1075 aliisque
868 1032 1016 1065 omnibus
1044 1038 1076 1065 et

336 1085 471 1127 singulis
482 1085 677 1128 praemissis,
691 1096 817 1118 necnon
833 1088 942 1118 nostra
956 1090 987 1117 et
1002 1095 1076 1118 can-

337 1138 489 1171 cellariae
515 1139 713 1182 apostolicae
739 1139 849 1181 regula
868 1138 906 1171 de
932 1149 996 1171 non
1016 1139 1075 1170 tol-

338 1190 436 1223 lendo
461 1191 529 1223 iure
549 1191 709 1234 quaesito,
733 1202 787 1230 ac,
812 1196 969 1234 qnatenus
991 1201 1072 1234 opus

337 1243 389 1283 sit,
405 1244 561 1286 praedicti
582 1244 627 1276 Pii
653 1243 915 1286 praedecessoris
941 1244 979 1276 de
1006 1254 1073 1286 gra-

337 1295 387 1328 tiis
412 1297 644 1339 qualecumque
662 1297 820 1328 interesse
839 1295 943 1328 dictae
970 1306 1072 1328 canie-

335 1357 388 1380 rae
421 1349 690 1381 concernentibus
729 1349 760 1381 in
795 1349 908 1381 ezidern
944 1350 1072 1380 camera

334 1402 578 1444 praesentandis
615 1408 644 1434 et
666 1402 891 1444 ,registi-andis
912 1429 919 1442 ,
959 1402 1002 1434 ita
1038 1407 1071 1434 nt

333 1460 521 1497 praesentes
556 1455 588 1487 in
614 1458 650 1487 ea
682 1455 884 1498 praesentari
909 1460 962 1487 aut
986 1456 1071 1498 regi-

332 1507 428 1539 strari
463 1517 627 1550 nunquam
663 1518 794 1540 neeesse
832 1509 898 1548 sit,
936 1508 1070 1552 aliisque

331 1560 533 1603 apostolicis,
560 1572 595 1593 ac
624 1561 656 1593 in
681 1561 917 1593 universalibus
941 1553 1070 1605 provin-

331 1613 531 1657 cialibusque
556 1614 701 1647 conciliis
730 1614 834 1654 editis,
861 1614 1068 1657 generalibus

329 1667 376 1700 vel
403 1667 618 1710 specialibus,
649 1667 933 1700 constitutionibus
961 1673 993 1700 et
1017 1678 1069 1700 or·

329 1719 564 1760 dinationibus,
596 1731 726 1753 necnon
757 1720 937 1764 quibusvis,
972 1721 1068 1754 etiam

329 1773 520 1814 iuramento,
540 1773 785 1806 confirmatione
803 1774 992 1816 apostolica,
1018 1775 1067 1807 vel

328 1828 439 1870 quavis
456 1826 604 1860 firmitate
622 1827 684 1859 alia
703 1827 876 1867 roboratis,
894 1827 1018 1860 statutis
1037 1833 1065 1860 et

327 1880 639 1919 consuetudinibus,
673 1880 767 1912 etiam
800 1880 1067 1913 immemorabili-

326 1933 394 1973 bus,
417 1932 594 1976 privilegiis
612 1944 751 1976 quoque,
774 1934 913 1973 indultis,
933 1944 1067 1966 conces-

326 1984 480 2025 sionibus,
508 1985 772 2025 immnnitatibus‚
795 1986 1064 2028 exemptionibus,

325 2037 575 2081 chirographis,
612 2038 737 2071 cedulis
768 2038 1066 2081 motuutnproprio-

325 2100 404 2131 rum,
430 2097 460 2123 et
485 2091 555 2123 aliis
578 2091 746 2134 scripturis
770 2097 801 2124 et
827 2091 943 2123 litteris
970 2091 1065 2123 etiam

325 2144 510 2186 apostolicis
538 2144 723 2187 praedictis,
747 2150 778 2176 et
802 2144 969 2186 quibusvis
994 2144 1064 2176 aliis
1084 2174 1086 2185 ,

325 2197 422 2229 etiam
445 2203 479 2229 ut
502 2197 683 2239 praesertnr
710 2196 903 2254 qualificatis
927 2208 963 2229 ae
992 2208 1064 2240 spe·
1083 2207 1086 2251 j

325 2248 399 2284 ciali
431 2251 507 2281 nota
540 2255 572 2281 et
596 2249 763 2282 mentione
789 2249 839 2291 dig
831 2249 911 2288 nis,
939 2249 1085 2282 etiamsi

324 2301 518 2334 nominatim
543 2308 653 2334 essent
678 2303 888 2346 exprimendi,
911 2303 968 2335 snb
994 2303 1063 2345 qui-
1082 2323 1085 2344 .=

322 2355 523 2398 buscumque
548 2356 720 2388 νειΗὴοιιηῃ
746 2355 910 2388 tenoiibus
936 2361 967 2388 et
1001 2347 1084 2388 Γοι-

322 2407 404 2447 mis,
432 2418 467 2440 ac
492 2418 562 2440 cum
599 2408 763 2451 qnibusxis
799 2408 894 2440 etiam
928 2401 1084 2450 deroga-s:

322 2460 479 2493 toriarum
501 2461 715 2504 derogatoriis
745 2460 880 2503 aliisque
906 2460 1062 2493 efficacia-

324 2513 412 2545 ribns
425 2519 457 2546 et
472 2513 610 2546 insolitis
631 2513 791 2551 clausulis,
809 2524 843 2544 av
862 2500 1082 2545 irritantibus

1763 177 1821 210 ssi'l

1132 242 1162 268 et
1179 236 1364 269 necessario
1381 236 1607 279 exprimendis,
1627 236 1722 268 etiam
1743 239 1868 268 contra-

1131 295 1198 321 ctus
1229 290 1322 322 iurati
1356 300 1425 322 cnm
1451 300 1578 322 camera
1603 290 1711 322 nestra
1738 294 1868 332 apesto-

1130 343 1189 375 lica
1216 342 1286 376 initi
1319 348 1347 376 et
1382 344 1531 376 camerali
1567 343 1768 386 (bligatione
1802 343 1867 376 val-

1129 396 1200 435 lati,
1228 402 1259 429 et
1289 397 1402 439 quovis
1433 397 1496 430 alio
1530 397 1645 429 robore
1679 402 1711 428 et
1741 396 1867 429 cautela

1127 447 1272 484 firmatis,
1300 449 1394 481 editis
1419 459 1473 481 seu
1501 449 1599 489 sactis,
1626 459 1661 480 ac
1686 448 1765 481 alias
1791 459 1866 492 qno-

1127 501 1306 533 modolibet
1332 502 1361 534 in
1388 502 1581 534 eontrarium
1615 502 1865 544 praemissorum

1127 554 1301 593 concessis,
1322 554 1517 586 confirmatis
1536 559 1566 586 et
1583 554 1704 596 pluries
1730 554 1865 586 innova-

1125 606 1181 645 tis·,
1205 606 1319 649 quibus
1338 607 1486 639 omnibus
1508 612 1539 638 et
1558 606 1712 648 singulis„
1740 606 1863 639 etiarnsi

1124 659 1155 691 in
1190 659 1236 692 eis
1272 665 1420 692 caveatur
1455 670 1607 703 expresse
1647 660 1731 702 quod
1773 660 1862 692 nullo

1123 723 1263 756 unquam
1290 717 1436 756 tempore
1463 713 1519 744 snb
1546 712 1697 745 similium
1729 713 1777 746 vel
1804 713 1863 745 dis·

1122 766 1275 798 similium
1301 765 1542 809 exemptionum
1568 770 1598 797 et
1625 765 1861 798 immunitatum

1122 818 1391 855 revocationibus,
1418 817 1695 859 abrogationibus,
1716 818 1862 850 annulla-

1122 871 1272 910 tionibus,
1289 876 1343 903 aut
1366 871 1437 903 aliis
1462 870 1661 913 quibuslibet
1689 870 1859 902 contrariis

1121 924 1388 968 dispositionibus
1420 929 1452 957 et
1485 923 1774 956 constitutionibus
1800 933 1859 966 pro

1121 983 1267 1021 tempore
1294 978 1428 1010 edendis
1453 976 1783 1020 comprehendantur,
1802 976 1860 1009 sed

1120 1041 1249 1075 semper
1273 1031 1312 1063 ab
1335 1030 1397 1064 illis
1416 1035 1559 1074 excepta,
1580 1034 1620 1069 et,
1639 1029 1764 1073 quoties
1782 1029 1857 1062 illae

1118 1085 1322 1124 emanabant,
1341 1084 1436 1116 toties
1461 1083 1492 1116 in
1518 1083 1692 1126 pristinum
1718 1093 1857 1126 eumque

1119 1137 1352 1170 validissimum
1379 1142 1494 1169 statum
1520 1136 1684 1174 restituta,
1711 1135 1857 1179 reposita

1118 1196 1146 1222 et
1173 1191 1377 1232 reintegrata,
1404 1200 1441 1221 ac
1473 1189 1569 1221 etiam
1600 1188 1656 1220 snb
1683 1189 1856 1232 posteriori

1117 1243 1190 1275 data
1209 1253 1268 1285 per
1286 1252 1505 1285 quascumque
1523 1251 1678 1284 personas
1706 1241 1857 1283 eligenda

1117 1297 1154 1329 de
1181 1307 1262 1329 noro
1288 1306 1440 1328 concessu
1466 1295 1527 1327 sint
1553 1300 1582 1327 et
1609 1305 1676 1327 esse
1702 1304 1855 1327 censean-

1117 1354 1174 1386 tur,
1202 1359 1328 1381 necnon
1355 1359 1412 1391 pro
1432 1347 1600 1380 sufficienti
1633 1357 1745 1379 eorum
1763 1347 1855 1379 dero-

1115 1402 1244 1444 gatione.
1271 1401 1310 1434 de
1337 1401 1401 1433 illis
1427 1410 1604 1442 eorumque
1631 1399 1704 1434 totis
1732 1399 1855 1432 tenori-

1115 1455 1173 1486 bus
1198 1454 1354 1498 specialis,
1374 1453 1529 1497 specifica,
1557 1452 1720 1485 individua
1745 1457 1774 1485 et
1801 1462 1854 1485 ex-

1114 1519 1242 1551 pressa,
1270 1518 1305 1540 ac
1335 1507 1373 1540 de
1404 1507 1503 1539 verbo
1539 1506 1577 1538 ad
1607 1505 1760 1545 verbum,
1787 1515 1853 1538 non

1113 1568 1219 1593 autem
1236 1571 1294 1604 per
1308 1560 1465 1592 clausulas
1491 1560 1660 1602 generales
1685 1559 1770 1591 idern
1796 1559 1854 1591 im-

1112 1619 1298 1657 portantes,
1326 1613 1446 1645 mentio
1472 1623 1526 1645 seu
1553 1612 1683 1655 quaevis
1714 1611 1776 1644 alia
1801 1622 1853 1644 ex-

1113 1667 1236 1710 pressio
1263 1666 1411 1699 facienda
1441 1671 1492 1698 ant
1524 1665 1630 1708 aliqua
1655 1664 1716 1697 alia
1741 1664 1853 1707 exqui-

1111 1719 1170 1751 sita
1186 1720 1285 1752 forma
1304 1719 1341 1751 ad
1361 1719 1422 1751 hoc
1437 1717 1591 1750 servanda
1609 1718 1702 1757 soret,
1720 1717 1851 1750 illorum

1112 1773 1253 1805 omnium
1279 1778 1307 1805 et
1334 1773 1535 1814 singulorum
1562 1778 1703 1810 tenores,
1731 1771 1849 1803 formas

1111 1830 1142 1857 et
1168 1825 1354 1857 occasiones
1374 1824 1599 1867 praesentibus
1615 1833 1674 1866 pro
1700 1823 1797 1866 plene
1819 1828 1850 1854 et

1110 1877 1311 1910 sufficienter
1336 1876 1510 1919 expressis,
1531 1876 1659 1908 insertis
1684 1886 1720 1908 ac
1744 1885 1851 1908 serva-

1109 1930 1148 1962 tis
1168 1930 1346 1973 respective
1362 1930 1532 1969 babentes,
1555 1929 1619 1961 illis
1638 1928 1715 1960 alias
1741 1928 1772 1959 in
1791 1937 1849 1960 suo

1108 1983 1226 2016 robore
1245 1982 1471 2025 permansuris,
1486 1981 1525 2013 ad
1540 1980 1789 2024 praemissorum
1804 1980 1850 2013 ef-

1109 2037 1236 2075 fectum,
1264 2035 1449 2078 specialiter
1480 2040 1511 2067 et
1536 2044 1686 2077 expresse
1713 2034 1849 2076 deroga-

1108 2100 1192 2129 mus,
1212 2099 1247 2121 ac
1269 2089 1459 2131 derogatum
1485 2097 1554 2120 esse
1579 2080 1741 2126 volumus,
1761 2091 1847 2118 cete-

1108 2143 1216 2186 risque
1231 2142 1401 2175 contiariis
1421 2141 1688 2183 quibuscumque

1152 2195 1244 2237 §.13
1279 2194 1317 2227 Ut
1346 2199 1455 2226 autem
1489 2193 1622 2226 eaedem
1654 2197 1882 2244 praesentesb
1884 2197 1990 2219 Publicari
2010 2198 2040 2220 iu

1083 2234 1233 2281 litterae
1252 2248 1290 2280 ad
1317 2247 1459 2279 omnium
1477 2246 1624 2279 notitiam
1647 2246 1768 2278 facilius
1790 2246 1845 2278 de-

1106 2301 1247 2339 veniant,
1273 2301 1420 2332 volumus
1445 2305 1477 2332 et
1500 2299 1692 2331 auctotitate
1718 2304 1845 2341 aposto-

1105 2354 1166 2386 lica
1184 2353 1389 2386 decetnimus
1414 2352 1486 2385 illas
1505 2352 1544 2384 ad
1563 2353 1668 2384 valvas
1691 2351 1844 2384 basilicae

1105 2406 1261 2449 Principis
1299 2406 1529 2448 Apostolmum
1566 2410 1597 2437 et
1630 2405 1844 2438 cancellaiiae

1078 2440 1083 2525 i
1105 2459 1301 2502 apostolicae
1333 2468 1367 2490 ac
1392 2458 1424 2490 in
1451 2458 1518 2491 acie
1542 2457 1645 2500 campi
1671 2457 1785 2490 Florae
1804 2457 1843 2490 de

1105 2513 1188 2545 [ibe
1215 2523 1273 2556 per
1297 2512 1435 2555 aliquem
1461 2522 1498 2544 ex
1524 2511 1710 2544 cuisoribus
1724 2510 1842 2543 nostris

322 2572 352 2598 et
377 2566 447 2599 aliis
468 2567 606 2599 decretis
635 2567 730 2598 etiam
759 2566 1059 2608 inexcogitabilibus
1103 2565 1283 2608 publicari,
1311 2575 1346 2596 ac
1379 2564 1507 2596 illarum
1544 2564 1689 2607 exempla
1722 2562 1841 2595 ibidem

1874 186 1910 212 An
1939 185 1967 212 C.
1993 184 2059 211 1067
