2247 3208
152 202 200 229 An.
223 202 253 228 C.
274 203 339 230 it=e5

180 1734 292 1756 Decretum
305 1740 338 1755 sa-

154 1767 204 1782 crae
223 1767 339 1787 congrega-

153 1788 218 1812 tionis
229 1788 338 1814 opiscopo-

153 1820 206 1835 mm.

938 201 1079 225 ALEXAND
1086 202 1124 225 ER
1147 202 1191 226 vn
1216 203 1264 226 PP.

346 259 455 283 ansam
481 249 638 292 praebuit,
661 249 799 289 intelligi
819 249 938 282 debere
956 250 1084 282 consor·
1104 249 1106 258 '
1127 254 1179 282 tor
1202 250 1365 292 generalis
1392 250 1566 283 habitualis
1592 249 1724 283 omnino
1745 250 1862 282 debeat

345 302 442 335 miter
454 307 529 334 voto
553 301 689 345 praefati
716 301 889 334 definitorii
911 302 1081 344 generalis,
1125 303 1324 345 praecedere
1351 304 1611 336 commissarium
1636 303 1744 336 curiae
1770 303 1862 335 habi-

345 355 464 398 quippe
482 364 564 398 quae
582 354 763 387 secundum
781 355 828 386 ius
848 365 1016 387 commune
1036 364 1083 386 re·
1126 355 1252 392 tualem,
1279 365 1343 390 non
1370 358 1489 387 attenta
1507 356 1603 388 etiam
1625 355 1813 398 antiquitate
1832 365 1862 387 e-

344 407 497 441 lationem
523 408 608 440 dicat
643 408 681 441 ad
713 408 830 450 gradus
856 412 887 439 et
911 407 1081 449 dignitates
1125 407 1284 444 lectionis,
1309 413 1361 439 aut
1379 408 1441 440 alio
1460 408 1556 441 simili
1575 414 1753 451 praetextu,
1770 418 1862 441 secus

345 460 543 504 superiores,
567 461 648 493 itaut
672 460 886 494 commissarii
911 460 1031 499 euriae,
1056 460 1080 491 si

345 513 486 557 aliquam
496 513 591 547 aliam
608 513 796 556 dignitatem
810 514 858 545 vel
871 513 1005 554 gradum
1022 523 1082 544 ma-

346 567 446 599 iorem
464 577 530 599 non
547 566 732 605 habuerint,
747 564 853 597 cuius¹
868 571 1017 608 respectu
1036 565 1081 597 eis

346 617 519 661 competit²
535 617 763 661 praecedentia
783 628 881 660 super
898 621 1084 660 procurato-

345 681 397 704 res
423 671 594 713 generales
619 669 747 702 Ordinis
766 669 935 712 praedicti,
954 679 1083 711 semper

346 729 378 756 et
400 723 572 766 utrobique
604 723 690 756 iuxta
726 723 904 766 praefatum
929 727 1082 754 statutum

347 776 506 816 debeant,
533 775 597 808 sive
623 776 766 808 actuales
803 775 868 807 sive
902 775 1083 808 habituales

346 828 560 862 commissarii
585 828 714 865 suerint,
740 828 858 860 cedere
883 828 1084 871 praeceden-

346 881 422 914 tiam
439 881 705 924 procuratoribus
724 881 929 923 generalibus
954 880 1083 913 Ordinis

347 933 531 967 huiusmodi
569 938 632 966 tam
671 934 893 966 habitualibus
926 945 1022 977 quam
1053 945 1084 967 a-

347 986 525 1026 ctualibus,
551 996 618 1019 non
650 986 798 1019 obstante
836 986 1002 1029 prioritate
1035 988 1083 1020 vel

346 1039 586 1083 posterioritate
612 1038 788 1077 electionis,
815 1039 1016 1081 iniungendo
1034 1051 1085 1083 pa-

346 1091 426 1124 riter
450 1092 511 1124 sub
536 1091 649 1134 poenis
676 1096 706 1124 et
732 1092 876 1123 censuris
909 1097 973 1124 tam
1005 1092 1086 1124 dile-

348 1144 407 1177 ctis
431 1144 506 1177 siliis
531 1144 679 1177 ministro
705 1144 891 1186 provinciali
918 1149 949 1176 et
974 1143 1086 1176 delini-

348 1197 433 1230 torio
457 1196 643 1240 provinciae
664 1196 821 1229 Castellae
840 1207 936 1239 quam
955 1197 1086 1239 quibus-

349 1249 394 1282 vis
421 1250 491 1283 aliis
508 1277 516 1290 ,
542 1250 581 1282 ad
606 1259 686 1292 quos
724 1254 849 1292 spectat
881 1255 912 1282 et
936 1255 1085 1293 spectare

347 1302 464 1345 possit,
486 1302 717 1344 cuiuscumque
736 1302 922 1344 provinciae
940 1302 991 1334 dic
1007 1303 1014 1334 i
1035 1302 1086 1335 Or-

349 1353 432 1387 dinis
457 1354 529 1394 sint,
554 1359 589 1386 ut
613 1355 779 1387 decretum
804 1355 971 1387 memorati
989 1355 1088 1387 Fran-

348 1407 426 1441 cisci
452 1407 628 1440 cardinalis
654 1408 867 1450 protectoris,
894 1413 1085 1451 nostrasque

348 1460 470 1493 litteras
495 1460 698 1500 huiusmodi,
726 1471 762 1493 ae
787 1460 885 1503 ipsius
911 1471 1088 1504 congrega-

348 1513 446 1546 tionis
481 1513 701 1546 ordinationes
733 1519 883 1557 prompte
913 1519 945 1547 et
978 1519 1086 1547 exacte

349 1571 568 1609 exequantur:
606 1567 765 1599 emanavit
797 1567 836 1599 ab
869 1567 981 1600 eadem
1012 1577 1088 1600 eon-

349 1619 540 1662 gregatione
565 1620 731 1652 decretum
756 1620 880 1652 tenoris
901 1620 954 1663 qui
981 1620 1089 1664 sequi-

351 1678 409 1712 tur,
435 1672 606 1706 videlicet:

399 1736 412 1756 α
442 1725 538 1758 Sacra
573 1726 782 1768 congregatio
817 1726 1089 1760 eminentissimo-

350 1789 421 1810 rum
446 1778 490 1811 S:
510 1779 546 1811 R.
581 1779 615 1811 E.
650 1779 862 1812 cardinalium
895 1779 1032 1821 negotiis
1059 1785 1090 1812 et

350 1831 641 1864 consultationibus
667 1831 893 1874 episcoporum
912 1837 944 1863 et
966 1833 1090 1874 regula-

350 1884 433 1916 rium
457 1884 653 1927 praeposita,
680 1885 823 1927 partibus
848 1884 974 1923 auditis,
1002 1890 1033 1917 et
1058 1896 1090 1917 e-

349 1937 586 1970 minentissimo
612 1937 743 1970 Braccio
768 1938 945 1977 referente,
967 1937 1091 1970 censuit

351 1994 383 2023 et
407 1989 584 2023 declaravit
607 1990 705 2022 verba
729 1990 784 2022 illa
809 1991 918 2022 ceteris
941 1990 1090 2033 paribus

352 2043 500 2086 apposita
524 2043 558 2075 in
583 2043 714 2076 decreto
740 2043 869 2086 capituli
894 2043 1019 2076 romani
1041 2054 1091 2075 au-

352 2096 384 2137 ni
409 2105 509 2129 MDCLI
546 2095 631 2128 circa
665 2095 929 2138 praecedentiam
959 2106 1091 2128 servan-

354 2149 426 2181 dam
450 2148 535 2181 inter
570 2153 814 2191 procuratorem
849 2149 1034 2190 generalem
1061 2154 1093 2181 et

355 2200 612 2233 commissarium
644 2201 808 2233 Romanae
840 2201 968 2241 euriae,
994 2207 1092 2244 prout

354 2253 386 2285 in
412 2253 489 2285 actis
515 2253 591 2286 dicti
610 2253 755 2296 capituli,
777 2264 848 2286 esse
866 2254 1091 2296 intelligenda,

357 2306 449 2348 quod,
469 2305 564 2338 sicuti
580 2305 649 2338 sine
664 2307 729 2338 ulla
745 2307 965 2339 controversia
979 2317 1093 2350 procu-

356 2363 444 2390 rator
458 2357 619 2400 generalis
643 2358 774 2390 actualis
792 2359 985 2401 praecedet3
1007 2370 1092 2392 com-

353 2410 538 2443 missarium
563 2411 671 2443 curiae
697 2412 862 2451 actualem,
883 2411 927 2444 ita
945 2422 1093 2455 procura-

393 2490 401 2515 t
422 2488 540 2515 Pessime
555 2488 598 2515 ed.
610 2489 690 2515 Main.
704 2488 768 2524 legit
779 2490 840 2516 eius
851 2498 898 2525 pro
913 2491 994 2518 cuius
1004 2492 1041 2524 (u.
1054 2492 1090 2525 Τ).

390 2532 408 2558 2
427 2533 523 2567 Aptius
538 2532 596 2567 lege
611 2536 752 2567 competat
770 2535 806 2567 (R.
823 2538 870 2565 T.).

390 2575 407 2602 3
427 2576 521 2611 Aptius
540 2576 598 2611 lege
615 2577 765 2611 praecedit
783 2581 823 2610 (n.
839 2577 888 2612 ⁶12).

448 2629 522 2656 Ball.
545 2630 627 2656 Rom.
642 2645 675 2648 —
696 2630 756 2656 Vol.
772 2630 862 2658 XVII.
1013 2631 1046 2658 48

1124 470 1200 492 vero
1226 460 1250 492 si
1276 460 1516 493 commissarius
1542 461 1649 493 curiae
1672 461 1786 493 suisset
1806 461 1864 493 mi-

1125 512 1225 544 nister
1250 513 1423 554 gelieixlis,
1451 514 1500 545 vel
1526 513 1662 545 vicarius
1689 513 1860 555 generalis,

1124 564 1173 596 vel
1199 565 1437 596 commissarius
1456 566 1620 606 generalis
1638 565 1788 604 familiae,
1811 571 1864 597 aut

1125 616 1322 649 obtinuisset
1340 617 1480 660 aliquam
1500 617 1593 650 aliam
1616 617 1805 659 dignitatem
1823 618 1863 650 al-

1127 669 1218 701 tioris
1236 670 1370 709 ordinis,
1393 680 1453 712 per
1471 680 1564 712 quam
1587 680 1651 702 non
1673 675 1864 702 censeretur

1126 732 1196 754 esse
1222 722 1309 764 paris
1336 722 1544 761 conditionis,
1571 732 1643 754 nam
1672 727 1744 753 tune
1770 733 1864 765 prae-

1126 775 1256 807 cederet
1282 775 1509 817 procuratori,
1542 775 1638 807 salvis
1670 775 1701 806 in
1728 775 1863 817 reliquis

1127 827 1290 869 dispositis
1308 827 1340 859 in
1359 827 1443 859 dicto
1463 832 1596 859 statuto.
1616 827 1741 859 Mandat
1768 827 1865 868 igitur

1126 889 1217 912 saera
1249 880 1459 921 congregatio
1491 880 1639 912 omnibus
1665 885 1696 911 et
1728 879 1864 921 singulis

1126 932 1312 965 huiusmodi
1332 931 1460 965 Ordinis
1478 931 1706 975 superioribus,
1725 933 1763 964 ad
1783 942 1864 974 quos

1127 990 1261 1028 spectat,
1288 990 1320 1016 ut
1348 986 1526 1027 praefatum
1549 985 1647 1017 Breve
1669 984 1865 1016 sanctissimi

1128 1038 1248 1072 domini
1274 1038 1375 1071 nostri
1397 1044 1427 1071 et
1445 1044 1650 1082 praesentem
1677 1037 1866 1070 derlaratio-

1128 1102 1202 1124 nem
1228 1091 1343 1134 exequi
1374 1097 1403 1124 et
1436 1091 1598 1124 observari
1632 1090 1769 1131 saciant,
1797 1090 1866 1133 qui-

1128 1145 1326 1187 buscumque
1352 1155 1416 1176 non
1442 1144 1657 1176 obstantibus.

1172 1198 1291 1230 Romae
1319 1207 1361 1230 xii
1395 1197 1472 1229 iunii
1498 1206 1634 1230 sinotum
1813 1234 1815 1238 ι

1338 1250 1376 1282 M.
1404 1249 1578 1282 cardinalis
1604 1249 1775 1283 GtNETTt'S.

1337 1303 1371 1335 E.
1388 1302 1564 1346 episeopus
1580 1301 1815 1335 Carneriuensis
1834 1316 1864 1336 w.

1173 1358 1187 1400 ξ
1212 1357 1242 1389 ⁶2.
1270 1356 1347 1389 Cum
1366 1362 1482 1396 autem,
1498 1356 1581 1388 sicut
1601 1356 1703 1388 dictus
1722 1356 1999 1415 Andreasnrssi'ssifflffl
2013 1373 2062 1389 eon·

1129 1416 1322 1454 procurator
1340 1410 1502 1452 generalis
1517 1409 1610 1441 nobis
1627 1419 1731 1452 nuper
1749 1419 1866 1451 exponi

1131 1465 1211 1503 feeit,
1238 1463 1307 1507 ipse
1333 1463 1498 1496 decretum
1517 1461 1713 1501 huiusmodi,
1734 1472 1794 1504 pro
1819 1461 1868 1493 sir-

1130 1516 1224 1549 miori
1242 1516 1327 1548 illius
1347 1515 1563 1553 subsistentia,
1582 1514 1777 1557 apostolicae
1797 1524 1868 1546 eon-

1130 1569 1320 1602 firmationis
1334 1573 1461 1601 nostrae
1479 1567 1658 1611 patrocinio
1676 1567 1867 1599 communiri

1130 1631 1336 1664 summopere
1363 1620 1542 1653 desideret:
1570 1631 1641 1659 nos,
1668 1619 1776 1662 ipsum
1807 1620 1870 1651 An-

1131 1676 1241 1707 dream
1265 1678 1511 1717 procuratorem
1537 1674 1722 1714 generalem
1743 1672 1869 1715 specia-

1131 1728 1214 1760 libus
1240 1727 1401 1759 savoribus
1434 1731 1465 1758 et
1496 1725 1608 1768 gratiis
1635 1725 1791 1768 prosequi
1817 1736 1870 1758 vo-

1131 1781 1245 1819 lentes,
1258 1784 1289 1812 et
1302 1790 1319 1811 a
1333 1778 1497 1822 quibusvis
1512 1777 1868 1817 excommunieationis‚

1132 1832 1359 1874 suspensionis
1375 1837 1406 1864 et
1423 1831 1605 1870 interdicti,
1619 1830 1754 1872 aliisque
1767 1831 1871 1862 eccle-

1132 1885 1272 1917 siasticis
1299 1884 1490 1923 sententiis,
1513 1883 1661 1916 censuris
1688 1888 1720 1915 et
1737 1883 1870 1925 poenis,

1132 1949 1150 1970 a
1173 1938 1243 1970 iure
1268 1938 1317 1970 vel
1337 1938 1376 1969 ab
1399 1937 1547 1975 homine,
1568 1936 1679 1978 quavis
1697 1935 1870 1968 occasione

1131 1992 1181 2023 vel
1207 1992 1304 2022 causa
1328 1989 1420 2029 latis,
1445 1989 1471 2020 si
1489 1989 1603 2031 quibus
1624 1987 1872 2030 quomodolibet

1132 2043 1307 2076 innodatae
1326 2043 1476 2081 existunt,
1492 2042 1531 2073 ad
1553 2040 1703 2073 etl'ectum
1718 2051 1872 2083 praesen-

1134 2097 1212 2128 tium
1227 2096 1391 2128 dumtaxat
1404 2094 1680 2137 consequendum,
1697 2094 1809 2125 harum
1824 2103 1873 2125 se-

1134 2150 1180 2182 rie
1195 2150 1401 2182 absolventes
1420 2153 1451 2180 et
1469 2148 1634 2180 absolutas
1654 2147 1722 2179 sore
1741 2156 1874 2178 censen-

1136 2207 1189 2242 tes,
1216 2200 1508 2244 supplicationibus
1530 2200 1599 2232 eius
1623 2199 1752 2231 nomine
1779 2199 1872 2230 nobis

1135 2264 1234 2297 super
1259 2254 1321 2286 hoc
1346 2253 1513 2286 humiliter
1534 2251 1691 2295 porrectis
1718 2251 1873 2289 inclinati,

1135 2307 1300 2339 decretum
1317 2305 1569 2349 praeinsemtum,
1591 2303 1780 2336 auctoritate
1802 2314 1874 2346 apo-

1135 2359 1256 2400 stolica,
1275 2364 1388 2391 tenore
1406 2357 1633 2401 praesentium,
1649 2356 1873 2388 1⁷·ons1rma1mis

1135 2418 1166 2445 et
1190 2412 1419 2455 approbamus,
1447 2410 1557 2452 illique
1577 2408 1771 2441 inviolabilis
1797 2419 1875 2451 apo-

1136 2465 1268 2497 stolieae
1287 2463 1446 2495 firmitatis
1466 2463 1566 2494 robur
1584 2461 1768 2500 adiicimus3
1789 2462 1877 2493 salva

1135 2523 1246 2550 tamen
1269 2527 1397 2560 semper
1418 2516 1451 2548 in
1468 2515 1658 2559 praemissis
1683 2514 1875 2547 auctoritate

1135 2570 1297 2613 praefatae
1322 2568 1582 2612 congregationis
1609 2567 1836 2601 cardinalium.

1766 194 1829 226 377
1875 202 1912 227 An
1942 201 1971 226 c.
1992 199 2057 224 ωας,
