2247 3208
248 239 294 266 An.
316 238 342 264 c.
365 237 429 265 1663
479 229 539 262 136

295 874 430 899 Prosequitur

250 903 307 922 1μ.Ι,ι
323 901 353 921 vn
370 900 394 922 V.

444 286 584 318 animum
608 287 740 325 urgeat,
765 287 800 314 ut
824 291 900 321 eos,
926 290 1006 324 quos
1041 279 1175 312 Satanae

444 336 577 382 perfidia
597 346 614 368 a
638 334 753 368 Christi
778 333 840 367 fide
865 333 993 377 alienat,
1011 332 1050 365 ad
1070 331 1178 364 Eccle-

443 390 507 423 siae
533 388 688 431 gremium
712 388 868 427 reducat;
895 386 989 419 decet
1022 395 1095 418 eum
1126 384 1177 417 his

443 452 549 485 saepe,
567 451 647 484 quae
673 450 731 483 per
755 439 1025 482 praedecessores
1050 447 1125 470 suos
1144 436 1177 469 in

442 494 683 537 neophytorum
707 492 910 525 commodum
938 490 1072 533 provide
1097 489 1177 522 facta

443 552 475 579 et
487 556 639 579 concessa
656 543 829 584 dicuntur¹,
842 542 1011 586 apostolici
1028 542 1178 575 munimi-

443 599 492 633 nis
510 598 649 632 adiicere
666 597 860 636 firmitatem,
878 606 913 628 ac
930 596 994 636 illa,
1012 600 1047 628 ut
1062 595 1178 628 exinde

445 656 590 696 optatum
614 654 854 702 consequantur
879 647 1049 687 effectum,
1074 647 1179 680 indul-

445 703 561 747 gentiis
575 708 607 736 et
619 707 825 747 peccatorum
838 700 1081 734 remissionibus
1095 699 1180 733 chri-

445 756 599 789 stifideles
616 755 654 787 ad
672 754 704 787 id
722 754 904 794 alliciendo,
920 752 1082 786 favoribus
1106 763 1180 796 pio-

446 809 536 853 sequi
562 806 766 852 opportunis.

489 861 548 905 §⁶2
554 860 711 904 .Exponi
748 850 909 903 siquidem
943 857 1038 892 nobis
1074 868 1179 901 nuper

446 888 590 948 fecerunt
614 912 721 946 dilecti
738 911 795 945 filii
812 911 1027 955 praepositus,
1045 910 1180 944 admini-

445 972 572 1007 strator,
597 970 715 1006 rector,
736 965 949 1008 gubernator,
970 975 1178 1004 oeconomus,

445 1019 581 1053 ministri
607 1023 638 1051 et
661 1018 742 1051 aliae
771 1028 932 1062 personae
963 1016 1181 1050 archiconsra-

446 1071 603 1105 ternitatis
619 1071 817 1111 iudaeorum,
831 1070 1046 1103 hebraeorum
1063 1074 1095 1102 et
1114 1068 1180 1101 infi-

447 1125 566 1158 delium
602 1134 829 1158 conversorum
867 1123 970 1155 almae
1002 1121 1095 1154 Urbis
1124 1132 1181 1154 no-

446 1183 540 1215 strae,
556 1175 656 1219 quod²
670 1176 754 1218 (cum
769 1175 846 1208 alias
863 1174 964 1208 felicis
981 1174 1180 1207 recordatio-

446 1230 495 1262 nis
513 1230 627 1262 Paulus
645 1229 730 1272 Papa
743 1228 781 1260 ΙΙΙ
798 1227 1031 1271 praedecessor
1048 1226 1177 1267 noster3,

446 1287 617 1326 postquam
660 1281 866 1314 intellexerat
907 1281 1084 1313 nonnullos
1125 1280 1181 1312 he-

447 1336 563 1369 braeos
588 1347 643 1368 seu
674 1335 809 1368 iudaeos
835 1333 984 1367 divinitus
1008 1333 1180 1376 inspiratos

447 1389 654 1422 tenebrosam
672 1387 860 1420 caecitatem
885 1398 947 1430 qua
964 1391 1039 1419 tunc
1059 1386 1181 1419 detine-

446 1442 564 1475 bantur
588 1441 753 1481 abiecisse,
771 1446 803 1473 et
826 1441 866 1473 ad
889 1440 957 1473 veri
981 1439 1112 1472 luminis
1130 1450 1181 1472 co-

448 1495 625 1537 gnitionem
660 1503 832 1526 conversos
862 1503 951 1526 sacro
976 1491 1180 1535 Baptismatis

449 1548 536 1581 fonte
554 1546 698 1580 ablutos⁴
720 1547 828 1587 fuisse,
846 1556 891 1587 ac,
909 1545 950 1579 ob
970 1545 1095 1579 diversa
1114 1555 1181 1577 mu-

448 1611 526 1633 nera
549 1606 580 1633 et
604 1600 720 1643 gratias
737 1610 772 1632 ex
790 1599 881 1632 Sedis
905 1598 1110 1642 Apostolicae
1126 1597 1181 1630 be-

449 1652 606 1695 nignitate
643 1652 688 1685 eis
720 1662 893 1692 concessa,
926 1651 1181 1695 quamplurimos

449 1706 528 1739 alios
549 1706 708 1739 haebreos
725 1717 779 1738 seu
796 1706 940 1746 iudaeos,
960 1704 1055 1737 simili
1071 1714 1182 1736 accen-

449 1770 503 1792 sos
528 1759 699 1799 desiderio,
726 1759 872 1792 eamdem
897 1757 1085 1791 caecitatem
1106 1756 1183 1789 abii-

450 1822 536 1851 cere,
558 1817 589 1845 et
612 1812 716 1855 ipsum
740 1822 847 1844 verum
871 1811 926 1843 Dei
951 1812 1061 1844 lumen
1085 1820 1183 1852 agno-

450 1875 540 1897 scere
559 1865 755 1903 desiderare,
774 1864 926 1907 cumque⁵
942 1864 975 1896 in
995 1862 1079 1895 dicta
1098 1863 1182 1895 Urbe

451 1917 556 1949 nullus
589 1918 678 1950 locus
703 1917 872 1956 existeret,
897 1916 930 1948 in
967 1927 1029 1959 quo
1060 1915 1120 1958 ipsi
1146 1926 1182 1947 ex

450 1969 574 2002 iudaica
601 1970 751 2002 caecitate
779 1970 819 2002 ad
843 1969 958 2002 Christi
983 1969 1080 2002 fidem
1110 1979 1184 2001 con-

450 2023 533 2055 versi
557 2022 658 2065 recipi
681 2023 837 2062 valerent,
854 2021 941 2055 idem
959 2022 1074 2054 Paulus
1094 2032 1185 2064 prae-

452 2075 614 2114 decessor,
631 2075 921 2118 supplicationibus
942 2074 1002 2106 sibi
1026 2079 1102 2106 tunc
1126 2084 1184 2115 pro

452 2133 543 2170 parte
569 2126 676 2159 dilecti
701 2126 757 2159 filii
783 2127 910 2160 Ioannis
928 2127 966 2159 de
984 2126 1111 2159 Torano
1137 2135 1185 2157 re-

453 2179 551 2212 ctoris
582 2179 777 2222 parochialis
809 2179 962 2212 ecclesiae
992 2178 1023 2211 S.
1055 2177 1184 2210 Ioannis

454 2232 493 2264 de
507 2231 644 2264 Mercato
662 2231 806 2274 regionis
817 2231 996 2275 Campitelli
1012 2230 1115 2263 dictae
1128 2229 1185 2262 Ur-

490 2347 500 2372 1
524 2345 572 2372 Ed.
588 2345 666 2372 Main.
684 2345 748 2380 legit
762 2346 897 2373 dicantur
910 2346 948 2380 (n.
964 2345 1013 2379 T.).

488 2390 505 2417 2
524 2389 645 2425 Syntaxis
660 2398 788 2424 suspensa
807 2393 905 2423 manet,
926 2393 955 2416 ut
969 2389 1085 2423 videtur,
1101 2395 1186 2423 usque

454 2437 514 2470 post
527 2437 648 2469 sequent.
664 2433 847 2468 parenthesim
862 2434 895 2460 ad
910 2442 971 2468 pag.
989 2433 1038 2461 138
1054 2442 1071 2460 a
1084 2434 1121 2465 (R.
1137 2434 1184 2464 τ,).

489 2479 505 2505 3
524 2478 589 2505 Vide
603 2478 681 2504 Pauli
693 2478 727 2504 ΙΙΙ
738 2478 827 2505 Const.
837 2484 898 2504 xtvt
913 2478 1024 2504 relatam
1037 2478 1064 2504 in
1079 2481 1143 2504 tom.
1159 2483 1186 2503 νι

454 2531 515 2558 pag.
531 2522 582 2550 353
597 2522 676 2549 huius
690 2525 797 2549 nostrae
812 2521 936 2548 editionis
951 2524 987 2556 (n.
1003 2523 1051 2554 Τ.).

490 2567 506 2593 4
525 2566 595 2593 Male
611 2566 675 2593 edit.
691 2565 770 2592 Main.
787 2565 851 2600 legit
870 2566 1010 2592 absolutos
1028 2566 1066 2600 (R.
1083 2564 1133 2600 T.).

488 2610 506 2639 5
524 2611 617 2647 Aptius
631 2611 749 2646 legerem
766 2610 897 2645 quodque
913 2612 949 2643 (R.
965 2611 1013 2642 T.)-

1016 232 1194 256 BULLARIL'M
1217 231 1368 257 ROMANt'M

1208 279 1257 312 bis
1283 280 1420 323 desuper
1443 280 1604 323 porrectis
1632 280 1813 321 inclinatus,
1835 279 1940 313 eidem

1208 331 1320 379 Ioanni
1345 343 1443 365 unum
1468 333 1698 366 monasterium
1723 345 1780 377 pro
1805 333 1941 376 puellis,

1210 390 1241 418 et
1263 396 1363 418 unum
1389 386 1560 428 hospitale,
1585 387 1642 418 sub
1667 387 1696 420 S.
1724 387 1862 430 Iosephi,
1884 397 1941 419 seu

1210 438 1272 471 alia
1290 439 1328 471 de
1354 449 1415 482 qua
1439 439 1545 472 eidem
1566 439 1676 472 Ioanni
1705 440 1878 480 videretur,
1896 440 1942 472 in-

1209 491 1392 532 vocatione,
1418 502 1478 535 pro
1502 492 1577 524 viris
1597 492 1730 533 iudaeis,
1748 498 1779 526 et
1794 493 1863 526 aliis
1882 504 1941 536 pro

1210 548 1358 587 tempore
1383 545 1421 577 ad
1446 544 1563 577 Christi
1587 544 1685 577 fidem
1709 545 1940 585 convertendis,

1210 606 1315 653 prope
1349 597 1516 630 ecclesiam
1542 597 1572 630 S.
1600 597 1727 630 Ioannis
1754 598 1940 641 praefatam,

1210 648 1243 681 in
1260 649 1332 682 loco
1351 650 1390 682 ad
1408 650 1498 682 tunc¹
1517 651 1695 692 designato,
1715 660 1750 682 ex
1768 650 1862 683 bonis
1882 650 1942 682 sibi

1211 712 1228 734 a
1250 701 1315 734 Deo
1332 702 1456 735 collatis
1480 708 1511 735 et
1532 702 1787 736 christifidelium
1806 704 1944 736 eleemo—

1211 753 1295 796 synis
1319 755 1479 787 concessis
1502 759 1534 787 et
1550 754 1776 795 concedendis,
1802 755 1942 787 construi

1211 806 1348 839 faciendi
1374 806 1537 839 licentiam
1555 812 1586 840 et
1608 807 1791 840 facultatem
1816 818 1945 840 conces-

1211 858 1304 899 serit,
1323 864 1364 898 et,
1381 865 1553 902 postquam
1570 865 1752 892 constructa
1770 860 1892 899 fuerit&
1912 860 1943 892 in

1211 911 1442 943 monasterium
1485 917 1516 944 et
1550 912 1712 954 hospitale
1755 912 1943 945 eorumdem

1211 962 1401 995 iudaeorum
1436 973 1666 996 conversorum
1707 964 1776 997 sine
1813 964 1944 997 alicuius
1994 992 2000 995 .

1212 1016 1412 1058 praeiudicio
1443 1022 1600 1059 perpetuo
1637 1017 1790 1057 erexerit,
1816 1017 1944 1060 illisque

1213 1079 1272 1112 pro
1297 1068 1428 1102 illorum
1452 1069 1527 1102 dote
1554 1070 1641 1102 bona
1665 1080 1882 1113 quaecumque
1910 1070 1946 1104 il-

1213 1121 1251 1154 lis
1276 1123 1440 1165 eroganda
1471 1128 1502 1155 et
1537 1123 1751 1166 relinquenda
1786 1129 1944 1166 perpetuo

1213 1175 1422 1218 applicaverit
1435 1180 1466 1208 et
1479 1175 1757 1219 appropriarerit·‚
1776 1186 1811 1208 ac
1828 1176 1860 1208 in
1879 1187 1947 1209 mo-

1214 1227 1354 1260 nasterio
1380 1233 1411 1260 et
1433 1228 1587 1270 hospitali
1612 1228 1763 1271 praefatis
1784 1238 1879 1260 unam
1900 1239 1947 1260 ar-

1213 1279 1577 1320 chiconsraternitatem,
1592 1280 1687 1323 quae³
1696 1286 1791 1324 caput
1804 1280 1946 1313 omniun]

1213 1332 1348 1364 aliarum
1369 1333 1668 1366 confraternitatum
1683 1338 1713 1365 et
1726 1331 1947 1376 hospitalium,

1213 1386 1486 1419 monasteriorum
1502 1391 1534 1419 et
1556 1386 1692 1419 aliorum
1714 1387 1858 1419 locorum
1873 1396 1947 1418 con-

1212 1450 1379 1472 versorum
1413 1439 1598 1472 huiusmodi
1623 1439 1761 1472 ubilibet
1783 1449 1842 1482 pro
1867 1443 1948 1471 tem-

1215 1503 1295 1535 pore
1330 1492 1548 1525 institutorum
1576 1498 1606 1524 et
1630 1497 1833 1532 erectorum,
1859 1492 1948 1524 insti-

1216 1546 1346 1586 tuen'do,
1362 1545 1449 1588 ipsas
1476 1545 1580 1578 eidem
1601 1544 1947 1578 archiconfraternitati

1215 1598 1399 1631 immediate
1426 1597 1611 1637 subiecerit,
1628 1602 1659 1630 et
1682 1597 1829 1630 membra
1852 1596 1890 1628 ab
1912 1598 1949 1629 ea

1216 1651 1329 1689 fecerit
1361 1651 1594 1694 dependentia,
1628 1650 1672 1682 ita
1704 1650 1791 1693 quod
1823 1650 1949 1681 confra-

1217 1704 1404 1743 ternitates,
1441 1702 1658 1741 monasteria,
1694 1702 1869 1746 hospitalia
1912 1712 1949 1734 ac

1216 1758 1297 1797 loca,
1317 1757 1356 1789 ad
1373 1767 1464 1789 usum
1483 1755 1681 1795 huiusmodi,
1702 1760 1738 1787 ut
1756 1755 1948 1799 praefertur,

1217 1812 1410 1846 constructa,
1428 1807 1531 1850 ipsam
1555 1805 1950 1838 archiconfraternitatem

1217 1860 1249 1892 in
1275 1860 1382 1903 aliqua
1407 1860 1519 1892 saltem
1545 1858 1725 1891 reverentia
1744 1858 1879 1900 singulis
1896 1867 1951 1890 an-

1218 1914 1266 1946 nis
1280 1923 1513 1956 recognoscere
1528 1917 1864 1951 tenel‘e111111‘3necnon
1877 1921 1952 1944 con-

1219 1966 1382 2005 fratribus,
1408 1964 1618 2004 monasterio,
1645 1963 1821 2007 hospitali,
1841 1974 1877 1996 ac
1902 1973 1952 1996 ec-

1219 2018 1333 2051 clesiae
1364 2017 1553 2061 praedictis,
1586 2017 1781 2059 illorumque
1816 2015 1952 2048 admini-

1219 2071 1422 2110 stratoribus,
1442 2069 1729 2112 gubernatoribus,
1748 2068 1930 2101 rectoribus
1942 2095 1949 2108 ‚

1219 2124 1415 2163 oeconomis,
1444 2122 1610 2162 ministris,
1644 2121 1887 2164 conversisque,
1921 2126 1953 2153 et

1220 2177 1289 2210 aliis
1301 2175 1449 2219 personis
1462 2186 1522 2219 pro
1538 2180 1684 2218 tempore
1697 2175 1727 2206 in
1743 2174 1804 2206 eis⁴
1818 2174 1953 2207 existen-

1220 2229 1316 2269 tibus,
1335 2239 1390 2261 seu
1415 2229 1454 2261 de
1474 2227 1537 2260 illis
1554 2237 1591 2259 ac
1613 2226 1820 2259 monasterii⁵
1840 2232 1872 2259 et
1896 2227 1953 2259 ho-

1256 2344 1266 2369 t
1289 2343 1319 2370 In
1337 2342 1389 2370 loc.
1405 2342 1499 2378 parall.
1515 2341 1613 2376 legitur
1626 2341 1664 2368 ad
1680 2341 1712 2368 id
1724 2343 1762 2375 (n.
1775 2342 1824 2375 τ.).

1254 2387 1270 2414 2
1290 2386 1327 2414 Ex
1342 2386 1392 2413 loc.
1409 2386 1502 2422 parall.
1518 2385 1660 2421 legendum
1674 2386 1785 2420 fuerint
1800 2387 1836 2420 (R
1852 2391 1877 2412 τ.
1882 2385 1901 2420 ).

1255 2432 1271 2458 3
1291 2431 1382 2467 Suppl.
1399 2434 1469 2458 esset
1485 2432 1520 2465 (R.
1536 2432 1584 2463 T.)

1256 2476 1271 2501 4
1285 2475 1352 2502 Male
1363 2475 1428 2502 edit.
1445 2474 1526 2502 Main.
1545 2474 1609 2510 legit
1622 2483 1655 2501 ac
1670 2482 1716 2509 pro
1731 2474 1763 2501 in
1779 2474 1819 2501 eis
1832 2473 1903 2509 quod
1918 2474 1956 2501 le-

1219 2520 1291 2554 gitur
1307 2520 1333 2545 in
1349 2519 1400 2546 loc
1416 2519 1510 2554 parali.
1527 2521 1565 2553 (n.
1582 2518 1631 2552 T.).

1255 2565 1271 2590 5
1290 2563 1356 2590 Male
1372 2564 1416 2589 ed.
1432 2563 1514 2590 Main.
1531 2563 1595 2598 legit
1614 2562 1799 2590 monasteriis
1821 2569 1869 2597 pro
1892 2570 1956 2589 mo·

1220 2608 1344 2635 nasterz't'
1359 2612 1395 2640 (R.
1412 2608 1460 2641 T.).

1949 230 1999 256 Au
2023 230 2051 257 C.
2072 229 2138 257 1663
