<?xml version="1.0" encoding="UTF-8"?>
<!DOCTYPE html PUBLIC "-//W3C//DTD XHTML 1.0 Transitional//EN"
    "http://www.w3.org/TR/xhtml1/DTD/xhtml1-transitional.dtd">
<html xmlns="http://www.w3.org/1999/xhtml" xml:lang="en" lang="en">
 <head>
  <title>
</title>
<meta http-equiv="Content-Type" content="text/html;charset=utf-8" />
  <meta name='ocr-system' content='tesseract 3.04.00' />
  <meta name='ocr-capabilities' content='ocr_page ocr_carea ocr_par ocr_line ocrx_word'/>
</head>
<body>
  <div class='ocr_page' id='page_1' title='image "./bullarumdiplomat17cath_0376.png"; bbox 0 0 2247 3208; ppageno 0'>
   <div class='ocr_carea' id='block_1_1' title="bbox 221 240 407 269">
    <p class='ocr_par' dir='ltr' id='par_1_1' title="bbox 221 240 407 269">
     <span class='ocr_line' id='line_1_1' title="bbox 221 240 407 269; baseline -0.005 0"><span class='ocrx_word' id='word_1_1' title='bbox 221 240 270 269; x_wconf 69' lang='lat' dir='ltr'>An.</span> <span class='ocrx_word' id='word_1_2' title='bbox 293 242 320 269; x_wconf 87' lang='lat' dir='ltr'>C.</span> <span class='ocrx_word' id='word_1_3' title='bbox 338 241 407 268; x_wconf 65' lang='lat' dir='ltr'>*16ssAE</span> 
     </span>
    </p>
   </div>
   <div class='ocr_carea' id='block_1_2' title="bbox 413 231 1152 1488">
    <p class='ocr_par' dir='ltr' id='par_1_2' title="bbox 413 231 1152 1488">
     <span class='ocr_line' id='line_1_2' title="bbox 452 231 516 266; baseline 0 0"><span class='ocrx_word' id='word_1_4' title='bbox 452 231 516 266; x_wconf 67' lang='lat'>‘313</span> 
     </span>
     <span class='ocr_line' id='line_1_3' title="bbox 415 287 1148 332; baseline -0.003 -11"><span class='ocrx_word' id='word_1_5' title='bbox 415 290 490 329; x_wconf 83' lang='lat' dir='ltr'>rint,</span> <span class='ocrx_word' id='word_1_6' title='bbox 516 288 673 332; x_wconf 76' lang='lat' dir='ltr'>impertiri</span> <span class='ocrx_word' id='word_1_7' title='bbox 699 288 862 328; x_wconf 82' lang='lat' dir='ltr'>volentes,</span> <span class='ocrx_word' id='word_1_8' title='bbox 889 297 925 320; x_wconf 87' lang='lat' dir='ltr'>ac</span> <span class='ocrx_word' id='word_1_9' title='bbox 956 287 995 320; x_wconf 87' lang='lat' dir='ltr'>de</span> <span class='ocrx_word' id='word_1_10' title='bbox 1021 287 1148 327; x_wconf 76' lang='lat' dir='ltr'>eximia,</span> 
     </span>
     <span class='ocr_line' id='line_1_4' title="bbox 414 339 1152 384; baseline -0.004 -10"><span class='ocrx_word' id='word_1_11' title='bbox 414 342 588 384; x_wconf 88' lang='lat' dir='ltr'>multisque</span> <span class='ocrx_word' id='word_1_12' title='bbox 622 346 653 373; x_wconf 90' lang='lat' dir='ltr'>et</span> <span class='ocrx_word' id='word_1_13' title='bbox 685 339 880 383; x_wconf 81' lang='lat' dir='ltr'>gravissimis</span> <span class='ocrx_word' id='word_1_14' title='bbox 913 339 944 371; x_wconf 92' lang='lat' dir='ltr'>in</span> <span class='ocrx_word' id='word_1_15' title='bbox 978 339 1095 372; x_wconf 87' lang='lat' dir='ltr'>nostris</span> <span class='ocrx_word' id='word_1_16' title='bbox 1120 345 1152 372; x_wconf 87' lang='lat' dir='ltr'>et</span> 
     </span>
     <span class='ocr_line' id='line_1_5' title="bbox 414 392 1151 435; baseline -0.004 -9"><span class='ocrx_word' id='word_1_17' title='bbox 414 395 518 427; x_wconf 88' lang='lat' dir='ltr'>dictae</span> <span class='ocrx_word' id='word_1_18' title='bbox 537 392 627 426; x_wconf 87' lang='lat' dir='ltr'>Sedis</span> <span class='ocrx_word' id='word_1_19' title='bbox 652 392 790 435; x_wconf 79' lang='lat' dir='ltr'>negotiis</span> <span class='ocrx_word' id='word_1_20' title='bbox 815 393 966 435; x_wconf 76' lang='lat' dir='ltr'>spectata,</span> <span class='ocrx_word' id='word_1_21' title='bbox 984 392 1151 435; x_wconf 87' lang='lat' dir='ltr'>plurimis-</span> 
     </span>
     <span class='ocr_line' id='line_1_6' title="bbox 414 444 1151 488; baseline -0.001 -11"><span class='ocrx_word' id='word_1_22' title='bbox 414 455 476 488; x_wconf 88' lang='lat' dir='ltr'>que</span> <span class='ocrx_word' id='word_1_23' title='bbox 502 444 731 487; x_wconf 72' lang='lat' dir='ltr'>experimentis</span> <span class='ocrx_word' id='word_1_24' title='bbox 756 444 988 487; x_wconf 71' lang='lat' dir='ltr'>comprobata,</span> <span class='ocrx_word' id='word_1_25' title='bbox 1014 444 1151 476; x_wconf 90' lang='lat' dir='ltr'>circum-</span> 
     </span>
     <span class='ocr_line' id='line_1_7' title="bbox 414 496 1150 540; baseline -0.001 -11"><span class='ocrx_word' id='word_1_26' title='bbox 414 497 588 540; x_wconf 81' lang='lat' dir='ltr'>spectionis</span> <span class='ocrx_word' id='word_1_27' title='bbox 606 502 677 529; x_wconf 88' lang='lat' dir='ltr'>tuae</span> <span class='ocrx_word' id='word_1_28' title='bbox 691 496 723 529; x_wconf 92' lang='lat' dir='ltr'>in</span> <span class='ocrx_word' id='word_1_29' title='bbox 741 506 800 529; x_wconf 89' lang='lat' dir='ltr'>nos</span> <span class='ocrx_word' id='word_1_30' title='bbox 822 501 853 529; x_wconf 89' lang='lat' dir='ltr'>et</span> <span class='ocrx_word' id='word_1_31' title='bbox 873 496 987 529; x_wconf 87' lang='lat' dir='ltr'>Sedem</span> <span class='ocrx_word' id='word_1_32' title='bbox 1003 496 1150 529; x_wconf 87' lang='lat' dir='ltr'>eamdem</span> 
     </span>
     <span class='ocr_line' id='line_1_8' title="bbox 414 546 1150 592; baseline 0 -11"><span class='ocrx_word' id='word_1_33' title='bbox 414 550 475 583; x_wconf 83' lang='lat' dir='ltr'>side</span> <span class='ocrx_word' id='word_1_34' title='bbox 490 576 498 590; x_wconf 88' lang='lat'>,</span> <span class='ocrx_word' id='word_1_35' title='bbox 522 549 709 592; x_wconf 71' lang='lat' dir='ltr'>prudentia,</span> <span class='ocrx_word' id='word_1_36' title='bbox 735 549 909 592; x_wconf 80' lang='lat' dir='ltr'>sapientia,</span> <span class='ocrx_word' id='word_1_37' title='bbox 938 546 1128 582; x_wconf 80' lang='lat' dir='ltr'>dexteritate</span> <span class='ocrx_word' id='word_1_38' title='bbox 1143 575 1150 589; x_wconf 93' lang='lat'>,</span> 
     </span>
     <span class='ocr_line' id='line_1_9' title="bbox 413 601 1152 645; baseline 0 -11"><span class='ocrx_word' id='word_1_39' title='bbox 413 612 521 635; x_wconf 89' lang='lat' dir='ltr'>rerum</span> <span class='ocrx_word' id='word_1_40' title='bbox 540 612 608 642; x_wconf 92' lang='lat' dir='ltr'>usu,</span> <span class='ocrx_word' id='word_1_41' title='bbox 634 607 665 634; x_wconf 88' lang='lat' dir='ltr'>et</span> <span class='ocrx_word' id='word_1_42' title='bbox 689 601 764 634; x_wconf 91' lang='lat' dir='ltr'>boni</span> <span class='ocrx_word' id='word_1_43' title='bbox 790 601 914 645; x_wconf 84' lang='lat' dir='ltr'>publici</span> <span class='ocrx_word' id='word_1_44' title='bbox 940 603 1009 634; x_wconf 87' lang='lat' dir='ltr'>zelo</span> <span class='ocrx_word' id='word_1_45' title='bbox 1034 601 1152 645; x_wconf 87' lang='lat' dir='ltr'>plenis-</span> 
     </span>
     <span class='ocr_line' id='line_1_10' title="bbox 414 654 1152 698; baseline -0.001 -11"><span class='ocrx_word' id='word_1_46' title='bbox 414 655 495 688; x_wconf 83' lang='lat' dir='ltr'>sime</span> <span class='ocrx_word' id='word_1_47' title='bbox 522 655 553 687; x_wconf 92' lang='lat' dir='ltr'>in</span> <span class='ocrx_word' id='word_1_48' title='bbox 578 655 714 688; x_wconf 89' lang='lat' dir='ltr'>Domino</span> <span class='ocrx_word' id='word_1_49' title='bbox 739 654 861 694; x_wconf 80' lang='lat' dir='ltr'>confisi,</span> <span class='ocrx_word' id='word_1_50' title='bbox 888 655 1095 698; x_wconf 85' lang='lat' dir='ltr'>omniumque</span> <span class='ocrx_word' id='word_1_51' title='bbox 1120 658 1152 686; x_wconf 87' lang='lat' dir='ltr'>ct</span> 
     </span>
     <span class='ocr_line' id='line_1_11' title="bbox 413 706 1151 750; baseline 0 -11"><span class='ocrx_word' id='word_1_52' title='bbox 413 707 615 750; x_wconf 79' lang='lat' dir='ltr'>singulorum</span> <span class='ocrx_word' id='word_1_53' title='bbox 640 707 824 747; x_wconf 87' lang='lat' dir='ltr'>criminum,</span> <span class='ocrx_word' id='word_1_54' title='bbox 851 718 1048 747; x_wconf 84' lang='lat' dir='ltr'>excessuum,</span> <span class='ocrx_word' id='word_1_55' title='bbox 1077 706 1151 739; x_wconf 90' lang='lat' dir='ltr'>deli—</span> 
     </span>
     <span class='ocr_line' id='line_1_12' title="bbox 414 759 1152 793; baseline -0.001 -1"><span class='ocrx_word' id='word_1_56' title='bbox 414 765 541 793; x_wconf 86' lang='lat' dir='ltr'>ctorum</span> <span class='ocrx_word' id='word_1_57' title='bbox 566 765 597 792; x_wconf 91' lang='lat' dir='ltr'>et</span> <span class='ocrx_word' id='word_1_58' title='bbox 623 760 802 792; x_wconf 76' lang='lat' dir='ltr'>facinorum</span> <span class='ocrx_word' id='word_1_59' title='bbox 828 759 1009 792; x_wconf 81' lang='lat' dir='ltr'>huiusmodi</span> <span class='ocrx_word' id='word_1_60' title='bbox 1031 770 1048 791; x_wconf 90' lang='lat' dir='ltr'>a</span> <span class='ocrx_word' id='word_1_61' title='bbox 1069 759 1152 792; x_wconf 78' lang='lat' dir='ltr'>dicta</span> 
     </span>
     <span class='ocr_line' id='line_1_13' title="bbox 414 812 1151 855; baseline -0.003 -10"><span class='ocrx_word' id='word_1_62' title='bbox 414 813 465 845; x_wconf 92' lang='lat' dir='ltr'>die</span> <span class='ocrx_word' id='word_1_63' title='bbox 488 823 559 846; x_wconf 88' lang='lat' dir='ltr'>xx1v</span> <span class='ocrx_word' id='word_1_64' title='bbox 585 813 730 845; x_wconf 87' lang='lat' dir='ltr'>octobris</span> <span class='ocrx_word' id='word_1_65' title='bbox 754 813 900 855; x_wconf 79' lang='lat' dir='ltr'>proxime</span> <span class='ocrx_word' id='word_1_66' title='bbox 918 812 1086 855; x_wconf 84' lang='lat' dir='ltr'>praeteriti</span> <span class='ocrx_word' id='word_1_67' title='bbox 1104 823 1151 843; x_wconf 83' lang='lat' dir='ltr'>us-</span> 
     </span>
     <span class='ocr_line' id='line_1_14' title="bbox 414 865 1152 908; baseline 0 -11"><span class='ocrx_word' id='word_1_68' title='bbox 414 875 475 908; x_wconf 88' lang='lat' dir='ltr'>que</span> <span class='ocrx_word' id='word_1_69' title='bbox 497 866 529 897; x_wconf 91' lang='lat' dir='ltr'>in</span> <span class='ocrx_word' id='word_1_70' title='bbox 546 870 750 908; x_wconf 89' lang='lat' dir='ltr'>praesentem</span> <span class='ocrx_word' id='word_1_71' title='bbox 772 865 856 897; x_wconf 87' lang='lat' dir='ltr'>diem</span> <span class='ocrx_word' id='word_1_72' title='bbox 878 865 909 897; x_wconf 89' lang='lat' dir='ltr'>in</span> <span class='ocrx_word' id='word_1_73' title='bbox 929 865 1055 897; x_wconf 84' lang='lat' dir='ltr'>civitate</span> <span class='ocrx_word' id='word_1_74' title='bbox 1074 865 1152 897; x_wconf 77' lang='lat' dir='ltr'>Ave-</span> 
     </span>
     <span class='ocr_line' id='line_1_15' title="bbox 413 917 1151 961; baseline -0.003 -10"><span class='ocrx_word' id='word_1_75' title='bbox 413 918 561 951; x_wconf 91' lang='lat' dir='ltr'>nionensi</span> <span class='ocrx_word' id='word_1_76' title='bbox 579 945 586 958; x_wconf 93' lang='lat'>,</span> <span class='ocrx_word' id='word_1_77' title='bbox 613 918 744 961; x_wconf 84' lang='lat' dir='ltr'>eiusque</span> <span class='ocrx_word' id='word_1_78' title='bbox 770 917 932 950; x_wconf 77' lang='lat' dir='ltr'>suburbiis</span> <span class='ocrx_word' id='word_1_79' title='bbox 968 928 1004 950; x_wconf 91' lang='lat' dir='ltr'>ac</span> <span class='ocrx_word' id='word_1_80' title='bbox 1036 918 1151 960; x_wconf 83' lang='lat' dir='ltr'>depen-</span> 
     </span>
     <span class='ocr_line' id='line_1_16' title="bbox 415 970 1152 1013; baseline -0.003 -10"><span class='ocrx_word' id='word_1_81' title='bbox 415 970 532 1004; x_wconf 85' lang='lat' dir='ltr'>dentiis</span> <span class='ocrx_word' id='word_1_82' title='bbox 552 976 583 1003; x_wconf 87' lang='lat' dir='ltr'>et</span> <span class='ocrx_word' id='word_1_83' title='bbox 601 971 748 1003; x_wconf 85' lang='lat' dir='ltr'>districtu</span> <span class='ocrx_word' id='word_1_84' title='bbox 766 970 948 1013; x_wconf 85' lang='lat' dir='ltr'>praedictis,</span> <span class='ocrx_word' id='word_1_85' title='bbox 964 970 1059 1002; x_wconf 82' lang='lat' dir='ltr'>etiam</span> <span class='ocrx_word' id='word_1_86' title='bbox 1076 980 1152 1002; x_wconf 87' lang='lat' dir='ltr'>cou-</span> 
     </span>
     <span class='ocr_line' id='line_1_17' title="bbox 414 1022 1151 1056; baseline -0.001 -1"><span class='ocrx_word' id='word_1_87' title='bbox 414 1028 462 1055; x_wconf 87' lang='lat' dir='ltr'>tra</span> <span class='ocrx_word' id='word_1_88' title='bbox 487 1028 628 1056; x_wconf 86' lang='lat' dir='ltr'>nostram</span> <span class='ocrx_word' id='word_1_89' title='bbox 653 1027 685 1056; x_wconf 86' lang='lat' dir='ltr'>et</span> <span class='ocrx_word' id='word_1_90' title='bbox 709 1023 813 1055; x_wconf 86' lang='lat' dir='ltr'>dictae</span> <span class='ocrx_word' id='word_1_91' title='bbox 837 1022 927 1054; x_wconf 84' lang='lat' dir='ltr'>Sedis</span> <span class='ocrx_word' id='word_1_92' title='bbox 953 1022 1151 1054; x_wconf 77' lang='lat' dir='ltr'>maiestatem</span> 
     </span>
     <span class='ocr_line' id='line_1_18' title="bbox 414 1075 1152 1120; baseline -0.003 -10"><span class='ocrx_word' id='word_1_93' title='bbox 414 1083 445 1110; x_wconf 91' lang='lat' dir='ltr'>et</span> <span class='ocrx_word' id='word_1_94' title='bbox 468 1086 653 1120; x_wconf 76' lang='lat' dir='ltr'>supremam</span> <span class='ocrx_word' id='word_1_95' title='bbox 685 1081 895 1119; x_wconf 83' lang='lat' dir='ltr'>potestatem,</span> <span class='ocrx_word' id='word_1_96' title='bbox 923 1075 1094 1118; x_wconf 86' lang='lat' dir='ltr'>imperium</span> <span class='ocrx_word' id='word_1_97' title='bbox 1120 1082 1152 1109; x_wconf 87' lang='lat' dir='ltr'>et</span> 
     </span>
     <span class='ocr_line' id='line_1_19' title="bbox 414 1128 1151 1171; baseline -0.003 -9"><span class='ocrx_word' id='word_1_98' title='bbox 414 1129 682 1168; x_wconf 84' lang='lat' dir='ltr'>iurisdictionem,</span> <span class='ocrx_word' id='word_1_99' title='bbox 708 1129 915 1171; x_wconf 74' lang='lat' dir='ltr'>debitamque</span> <span class='ocrx_word' id='word_1_100' title='bbox 941 1128 1034 1160; x_wconf 90' lang='lat' dir='ltr'>nobis</span> <span class='ocrx_word' id='word_1_101' title='bbox 1060 1133 1090 1160; x_wconf 88' lang='lat' dir='ltr'>et</span> <span class='ocrx_word' id='word_1_102' title='bbox 1107 1129 1151 1161; x_wconf 90' lang='lat' dir='ltr'>ei-</span> 
     </span>
     <span class='ocr_line' id='line_1_20' title="bbox 414 1181 1150 1221; baseline -0.005 -6"><span class='ocrx_word' id='word_1_103' title='bbox 414 1183 486 1215; x_wconf 87' lang='lat' dir='ltr'>dem</span> <span class='ocrx_word' id='word_1_104' title='bbox 510 1182 584 1215; x_wconf 86' lang='lat' dir='ltr'>Sedi</span> <span class='ocrx_word' id='word_1_105' title='bbox 609 1181 806 1221; x_wconf 83' lang='lat' dir='ltr'>fidelitatem,</span> <span class='ocrx_word' id='word_1_106' title='bbox 834 1181 1063 1219; x_wconf 83' lang='lat' dir='ltr'>obedientiam,</span> <span class='ocrx_word' id='word_1_107' title='bbox 1082 1182 1150 1214; x_wconf 85' lang='lat' dir='ltr'>sub-</span> 
     </span>
     <span class='ocr_line' id='line_1_21' title="bbox 413 1233 1148 1275; baseline -0.004 -7"><span class='ocrx_word' id='word_1_108' title='bbox 413 1235 593 1275; x_wconf 86' lang='lat' dir='ltr'>iectionem,</span> <span class='ocrx_word' id='word_1_109' title='bbox 612 1234 850 1267; x_wconf 78' lang='lat' dir='ltr'>observantiam</span> <span class='ocrx_word' id='word_1_110' title='bbox 871 1240 903 1266; x_wconf 87' lang='lat' dir='ltr'>et</span> <span class='ocrx_word' id='word_1_111' title='bbox 919 1233 1148 1274; x_wconf 82' lang='lat' dir='ltr'>reverentiam,</span> 
     </span>
     <span class='ocr_line' id='line_1_22' title="bbox 414 1286 1151 1330; baseline -0.003 -10"><span class='ocrx_word' id='word_1_112' title='bbox 414 1298 450 1320; x_wconf 88' lang='lat' dir='ltr'>ac</span> <span class='ocrx_word' id='word_1_113' title='bbox 475 1288 508 1320; x_wconf 91' lang='lat' dir='ltr'>in</span> <span class='ocrx_word' id='word_1_114' title='bbox 533 1292 688 1330; x_wconf 86' lang='lat' dir='ltr'>spretum,</span> <span class='ocrx_word' id='word_1_115' title='bbox 709 1286 931 1330; x_wconf 81' lang='lat' dir='ltr'>vilipendium,</span> <span class='ocrx_word' id='word_1_116' title='bbox 950 1286 1098 1319; x_wconf 80' lang='lat' dir='ltr'>iniuriam</span> <span class='ocrx_word' id='word_1_117' title='bbox 1119 1292 1151 1319; x_wconf 82' lang='lat' dir='ltr'>et</span> 
     </span>
     <span class='ocr_line' id='line_1_23' title="bbox 414 1338 1151 1374; baseline -0.001 -1"><span class='ocrx_word' id='word_1_118' title='bbox 414 1338 646 1374; x_wconf 61' lang='lat' dir='ltr'>contumeliam</span> <span class='ocrx_word' id='word_1_119' title='bbox 662 1340 833 1373; x_wconf 87' lang='lat' dir='ltr'>memorati</span> <span class='ocrx_word' id='word_1_120' title='bbox 852 1340 1025 1372; x_wconf 78' lang='lat' dir='ltr'>Alexandri</span> <span class='ocrx_word' id='word_1_121' title='bbox 1039 1340 1151 1372; x_wconf 87' lang='lat' dir='ltr'>vicele—</span> 
     </span>
     <span class='ocr_line' id='line_1_24' title="bbox 414 1392 1149 1436; baseline -0.003 -10"><span class='ocrx_word' id='word_1_122' title='bbox 414 1394 496 1436; x_wconf 85' lang='lat' dir='ltr'>gati,</span> <span class='ocrx_word' id='word_1_123' title='bbox 524 1393 697 1426; x_wconf 88' lang='lat' dir='ltr'>aliorumve</span> <span class='ocrx_word' id='word_1_124' title='bbox 723 1392 944 1434; x_wconf 87' lang='lat' dir='ltr'>quorumlibet</span> <span class='ocrx_word' id='word_1_125' title='bbox 967 1397 1149 1425; x_wconf 85' lang='lat' dir='ltr'>nostrorum</span> 
     </span>
     <span class='ocr_line' id='line_1_25' title="bbox 414 1444 1151 1488; baseline 0 -12"><span class='ocrx_word' id='word_1_126' title='bbox 414 1451 446 1477; x_wconf 87' lang='lat' dir='ltr'>et</span> <span class='ocrx_word' id='word_1_127' title='bbox 468 1445 559 1478; x_wconf 86' lang='lat' dir='ltr'>Sedis</span> <span class='ocrx_word' id='word_1_128' title='bbox 583 1445 768 1488; x_wconf 76' lang='lat' dir='ltr'>praedictae</span> <span class='ocrx_word' id='word_1_129' title='bbox 795 1444 981 1477; x_wconf 83' lang='lat' dir='ltr'>officialium</span> <span class='ocrx_word' id='word_1_130' title='bbox 1007 1451 1038 1476; x_wconf 90' lang='lat' dir='ltr'>et</span> <span class='ocrx_word' id='word_1_131' title='bbox 1061 1445 1151 1476; x_wconf 90' lang='lat' dir='ltr'>mini-</span> 
     </span>
    </p>
   </div>
   <div class='ocr_carea' id='block_1_3' title="bbox 368 1497 1150 1541">
    <p class='ocr_par' dir='ltr' id='par_1_3' title="bbox 368 1497 1150 1541">
     <span class='ocr_line' id='line_1_26' title="bbox 368 1497 1150 1541; baseline -0.001 -11"><span class='ocrx_word' id='word_1_132' title='bbox 368 1520 372 1525; x_wconf 88' lang='lat'>·</span> <span class='ocrx_word' id='word_1_133' title='bbox 414 1503 566 1538; x_wconf 85' lang='lat' dir='ltr'>strorum,</span> <span class='ocrx_word' id='word_1_134' title='bbox 584 1508 643 1541; x_wconf 90' lang='lat' dir='ltr'>per</span> <span class='ocrx_word' id='word_1_135' title='bbox 657 1508 876 1541; x_wconf 89' lang='lat' dir='ltr'>quoscumque</span> <span class='ocrx_word' id='word_1_136' title='bbox 891 1497 985 1529; x_wconf 88' lang='lat' dir='ltr'>etiam</span> <span class='ocrx_word' id='word_1_137' title='bbox 1001 1497 1150 1540; x_wconf 74' lang='lat' dir='ltr'>specifica</span> 
     </span>
    </p>
   </div>
   <div class='ocr_carea' id='block_1_4' title="bbox 414 1550 1154 2646">
    <p class='ocr_par' dir='ltr' id='par_1_4' title="bbox 414 1550 1154 2646">
     <span class='ocr_line' id='line_1_27' title="bbox 414 1550 1149 1592; baseline -0.003 -9"><span class='ocrx_word' id='word_1_138' title='bbox 414 1556 446 1583; x_wconf 88' lang='lat' dir='ltr'>ct</span> <span class='ocrx_word' id='word_1_139' title='bbox 479 1550 642 1583; x_wconf 81' lang='lat' dir='ltr'>individua</span> <span class='ocrx_word' id='word_1_140' title='bbox 675 1550 840 1583; x_wconf 79' lang='lat' dir='ltr'>mentione</span> <span class='ocrx_word' id='word_1_141' title='bbox 876 1555 909 1582; x_wconf 88' lang='lat' dir='ltr'>et</span> <span class='ocrx_word' id='word_1_142' title='bbox 943 1550 1149 1592; x_wconf 73' lang='lat' dir='ltr'>expressione</span> 
     </span>
     <span class='ocr_line' id='line_1_28' title="bbox 415 1603 1151 1646; baseline -0.003 -10"><span class='ocrx_word' id='word_1_143' title='bbox 415 1603 530 1646; x_wconf 84' lang='lat' dir='ltr'>dignos</span> <span class='ocrx_word' id='word_1_144' title='bbox 556 1603 667 1645; x_wconf 86' lang='lat' dir='ltr'>quovis</span> <span class='ocrx_word' id='word_1_145' title='bbox 685 1603 780 1635; x_wconf 90' lang='lat' dir='ltr'>modo</span> <span class='ocrx_word' id='word_1_146' title='bbox 805 1603 1061 1642; x_wconf 88' lang='lat' dir='ltr'>commissorum,</span> <span class='ocrx_word' id='word_1_147' title='bbox 1079 1613 1151 1646; x_wconf 90' lang='lat' dir='ltr'>pcr-</span> 
     </span>
     <span class='ocr_line' id='line_1_29' title="bbox 415 1656 1152 1699; baseline -0.003 -10"><span class='ocrx_word' id='word_1_148' title='bbox 415 1661 617 1699; x_wconf 87' lang='lat' dir='ltr'>petratorum</span> <span class='ocrx_word' id='word_1_149' title='bbox 631 1661 663 1688; x_wconf 87' lang='lat' dir='ltr'>et</span> <span class='ocrx_word' id='word_1_150' title='bbox 679 1661 918 1695; x_wconf 86' lang='lat' dir='ltr'>attentatorum,</span> <span class='ocrx_word' id='word_1_151' title='bbox 932 1656 1059 1695; x_wconf 88' lang='lat' dir='ltr'>scriem,</span> <span class='ocrx_word' id='word_1_152' title='bbox 1075 1666 1152 1698; x_wconf 79' lang='lat' dir='ltr'>qua-</span> 
     </span>
     <span class='ocr_line' id='line_1_30' title="bbox 415 1708 1151 1749; baseline -0.001 -8"><span class='ocrx_word' id='word_1_153' title='bbox 415 1709 533 1749; x_wconf 85' lang='lat' dir='ltr'>litates,</span> <span class='ocrx_word' id='word_1_154' title='bbox 550 1718 673 1747; x_wconf 90' lang='lat' dir='ltr'>causas,</span> <span class='ocrx_word' id='word_1_155' title='bbox 691 1708 880 1741; x_wconf 71' lang='lat' dir='ltr'>occasiones</span> <span class='ocrx_word' id='word_1_156' title='bbox 897 1713 929 1740; x_wconf 89' lang='lat' dir='ltr'>et</span> <span class='ocrx_word' id='word_1_157' title='bbox 945 1708 1151 1740; x_wconf 82' lang='lat' dir='ltr'>circumstan-</span> 
     </span>
     <span class='ocr_line' id='line_1_31' title="bbox 416 1760 1151 1804; baseline 0.001 -11"><span class='ocrx_word' id='word_1_158' title='bbox 416 1762 475 1794; x_wconf 84' lang='lat' dir='ltr'>tias</span> <span class='ocrx_word' id='word_1_159' title='bbox 488 1769 707 1804; x_wconf 83' lang='lat' dir='ltr'>quascumque</span> <span class='ocrx_word' id='word_1_160' title='bbox 719 1761 816 1794; x_wconf 87' lang='lat' dir='ltr'>etiam</span> <span class='ocrx_word' id='word_1_161' title='bbox 832 1761 948 1793; x_wconf 87' lang='lat' dir='ltr'>factum</span> <span class='ocrx_word' id='word_1_162' title='bbox 963 1760 1063 1804; x_wconf 89' lang='lat' dir='ltr'>ipsum</span> <span class='ocrx_word' id='word_1_163' title='bbox 1078 1772 1151 1804; x_wconf 85' lang='lat' dir='ltr'>quo-</span> 
     </span>
     <span class='ocr_line' id='line_1_32' title="bbox 415 1814 1151 1857; baseline -0.001 -10"><span class='ocrx_word' id='word_1_164' title='bbox 415 1815 654 1857; x_wconf 86' lang='lat' dir='ltr'>modocumque</span> <span class='ocrx_word' id='word_1_165' title='bbox 684 1819 716 1847; x_wconf 89' lang='lat' dir='ltr'>et</span> <span class='ocrx_word' id='word_1_166' title='bbox 739 1814 1019 1857; x_wconf 77' lang='lat' dir='ltr'>qualitercumque</span> <span class='ocrx_word' id='word_1_167' title='bbox 1043 1824 1151 1856; x_wconf 72' lang='lat' dir='ltr'>aggra-</span> 
     </span>
     <span class='ocr_line' id='line_1_33' title="bbox 415 1866 1151 1907; baseline -0.001 -8"><span class='ocrx_word' id='word_1_168' title='bbox 415 1872 536 1907; x_wconf 88' lang='lat' dir='ltr'>vantes,</span> <span class='ocrx_word' id='word_1_169' title='bbox 554 1871 715 1899; x_wconf 84' lang='lat' dir='ltr'>mutantes</span> <span class='ocrx_word' id='word_1_170' title='bbox 740 1871 771 1898; x_wconf 90' lang='lat' dir='ltr'>et</span> <span class='ocrx_word' id='word_1_171' title='bbox 789 1867 976 1906; x_wconf 85' lang='lat' dir='ltr'>alterantes,</span> <span class='ocrx_word' id='word_1_172' title='bbox 996 1876 1032 1899; x_wconf 89' lang='lat' dir='ltr'>ac</span> <span class='ocrx_word' id='word_1_173' title='bbox 1055 1866 1151 1898; x_wconf 86' lang='lat' dir='ltr'>etiam</span> 
     </span>
     <span class='ocr_line' id='line_1_34' title="bbox 416 1918 1149 1962; baseline -0.001 -10"><span class='ocrx_word' id='word_1_174' title='bbox 416 1919 521 1952; x_wconf 84' lang='lat' dir='ltr'>laesae</span> <span class='ocrx_word' id='word_1_175' title='bbox 543 1919 730 1959; x_wconf 86' lang='lat' dir='ltr'>maiestatis,</span> <span class='ocrx_word' id='word_1_176' title='bbox 751 1919 845 1951; x_wconf 88' lang='lat' dir='ltr'>etiam</span> <span class='ocrx_word' id='word_1_177' title='bbox 861 1919 892 1951; x_wconf 93' lang='lat' dir='ltr'>in</span> <span class='ocrx_word' id='word_1_178' title='bbox 915 1918 1018 1962; x_wconf 87' lang='lat' dir='ltr'>primo</span> <span class='ocrx_word' id='word_1_179' title='bbox 1035 1919 1149 1962; x_wconf 85' lang='lat' dir='ltr'>capite,</span> 
     </span>
     <span class='ocr_line' id='line_1_35' title="bbox 415 1971 1152 2014; baseline -0.001 -10"><span class='ocrx_word' id='word_1_180' title='bbox 415 1972 592 2012; x_wconf 81' lang='lat' dir='ltr'>seditionis,</span> <span class='ocrx_word' id='word_1_181' title='bbox 606 1971 804 2011; x_wconf 84' lang='lat' dir='ltr'>rebellionis,</span> <span class='ocrx_word' id='word_1_182' title='bbox 826 1972 1084 2014; x_wconf 85' lang='lat' dir='ltr'>conspirationis,</span> <span class='ocrx_word' id='word_1_183' title='bbox 1107 1972 1152 2004; x_wconf 80' lang='lat' dir='ltr'>vis</span> 
     </span>
     <span class='ocr_line' id='line_1_36' title="bbox 416 2024 1154 2068; baseline -0.001 -11"><span class='ocrx_word' id='word_1_184' title='bbox 416 2024 587 2068; x_wconf 86' lang='lat' dir='ltr'>pubblicae</span> <span class='ocrx_word' id='word_1_185' title='bbox 613 2029 645 2056; x_wconf 90' lang='lat' dir='ltr'>et</span> <span class='ocrx_word' id='word_1_186' title='bbox 669 2029 828 2064; x_wconf 85' lang='lat' dir='ltr'>armatae,</span> <span class='ocrx_word' id='word_1_187' title='bbox 855 2024 956 2057; x_wconf 88' lang='lat' dir='ltr'>aliave</span> <span class='ocrx_word' id='word_1_188' title='bbox 982 2035 1154 2067; x_wconf 86' lang='lat' dir='ltr'>quaecum—</span> 
     </span>
     <span class='ocr_line' id='line_1_37' title="bbox 417 2077 1153 2120; baseline 0.001 -11"><span class='ocrx_word' id='word_1_189' title='bbox 417 2087 480 2120; x_wconf 86' lang='lat' dir='ltr'>que</span> <span class='ocrx_word' id='word_1_190' title='bbox 505 2077 640 2109; x_wconf 89' lang='lat' dir='ltr'>crimina</span> <span class='ocrx_word' id='word_1_191' title='bbox 664 2082 695 2109; x_wconf 92' lang='lat' dir='ltr'>et</span> <span class='ocrx_word' id='word_1_192' title='bbox 712 2077 829 2109; x_wconf 84' lang='lat' dir='ltr'>delicta</span> <span class='ocrx_word' id='word_1_193' title='bbox 846 2077 1048 2119; x_wconf 74' lang='lat' dir='ltr'>quantumvis</span> <span class='ocrx_word' id='word_1_194' title='bbox 1070 2083 1153 2110; x_wconf 87' lang='lat' dir='ltr'>atro-</span> 
     </span>
     <span class='ocr_line' id='line_1_38' title="bbox 418 2129 1153 2163; baseline 0 -2"><span class='ocrx_word' id='word_1_195' title='bbox 418 2130 466 2161; x_wconf 91' lang='lat' dir='ltr'>cia</span> <span class='ocrx_word' id='word_1_196' title='bbox 491 2135 523 2162; x_wconf 88' lang='lat' dir='ltr'>et</span> <span class='ocrx_word' id='word_1_197' title='bbox 547 2130 692 2162; x_wconf 87' lang='lat' dir='ltr'>enormia</span> <span class='ocrx_word' id='word_1_198' title='bbox 717 2135 749 2162; x_wconf 90' lang='lat' dir='ltr'>et</span> <span class='ocrx_word' id='word_1_199' title='bbox 773 2129 974 2162; x_wconf 76' lang='lat' dir='ltr'>atrocissima</span> <span class='ocrx_word' id='word_1_200' title='bbox 999 2142 1034 2162; x_wconf 83' lang='lat' dir='ltr'>ac</span> <span class='ocrx_word' id='word_1_201' title='bbox 1059 2140 1153 2163; x_wconf 90' lang='lat' dir='ltr'>enor-</span> 
     </span>
     <span class='ocr_line' id='line_1_39' title="bbox 418 2182 1150 2225; baseline 0 -11"><span class='ocrx_word' id='word_1_202' title='bbox 418 2182 560 2215; x_wconf 88' lang='lat' dir='ltr'>missima</span> <span class='ocrx_word' id='word_1_203' title='bbox 597 2183 809 2225; x_wconf 86' lang='lat' dir='ltr'>importantcs</span> <span class='ocrx_word' id='word_1_204' title='bbox 846 2193 900 2215; x_wconf 91' lang='lat' dir='ltr'>seu</span> <span class='ocrx_word' id='word_1_205' title='bbox 942 2183 1150 2223; x_wconf 83' lang='lat' dir='ltr'>inducentes,</span> 
     </span>
     <span class='ocr_line' id='line_1_40' title="bbox 418 2235 1153 2278; baseline 0.001 -11"><span class='ocrx_word' id='word_1_206' title='bbox 418 2235 519 2267; x_wconf 83' lang='lat' dir='ltr'>aliave</span> <span class='ocrx_word' id='word_1_207' title='bbox 544 2235 710 2277; x_wconf 84' lang='lat' dir='ltr'>quaelibet</span> <span class='ocrx_word' id='word_1_208' title='bbox 733 2236 829 2267; x_wconf 87' lang='lat' dir='ltr'>etiam</span> <span class='ocrx_word' id='word_1_209' title='bbox 855 2235 1027 2278; x_wconf 84' lang='lat' dir='ltr'>specialem</span> <span class='ocrx_word' id='word_1_210' title='bbox 1053 2241 1084 2268; x_wconf 89' lang='lat' dir='ltr'>et</span> <span class='ocrx_word' id='word_1_211' title='bbox 1108 2237 1153 2268; x_wconf 93' lang='lat' dir='ltr'>in-</span> 
     </span>
     <span class='ocr_line' id='line_1_41' title="bbox 419 2287 1153 2331; baseline 0.003 -12"><span class='ocrx_word' id='word_1_212' title='bbox 419 2287 580 2320; x_wconf 87' lang='lat' dir='ltr'>dividuam</span> <span class='ocrx_word' id='word_1_213' title='bbox 612 2288 809 2320; x_wconf 82' lang='lat' dir='ltr'>mentionem</span> <span class='ocrx_word' id='word_1_214' title='bbox 845 2293 876 2320; x_wconf 91' lang='lat' dir='ltr'>et</span> <span class='ocrx_word' id='word_1_215' title='bbox 911 2289 1153 2331; x_wconf 78' lang='lat' dir='ltr'>expressionem</span> 
     </span>
     <span class='ocr_line' id='line_1_42' title="bbox 418 2339 1152 2381; baseline 0.003 -11"><span class='ocrx_word' id='word_1_216' title='bbox 418 2339 634 2381; x_wconf 85' lang='lat' dir='ltr'>requirentia,</span> <span class='ocrx_word' id='word_1_217' title='bbox 665 2339 787 2371; x_wconf 82' lang='lat' dir='ltr'>etiamsi</span> <span class='ocrx_word' id='word_1_218' title='bbox 822 2340 896 2372; x_wconf 87' lang='lat' dir='ltr'>talia</span> <span class='ocrx_word' id='word_1_219' title='bbox 929 2340 992 2372; x_wconf 88' lang='lat' dir='ltr'>sint</span> <span class='ocrx_word' id='word_1_220' title='bbox 1023 2345 1058 2372; x_wconf 87' lang='lat' dir='ltr'>ut</span> <span class='ocrx_word' id='word_1_221' title='bbox 1092 2341 1152 2372; x_wconf 88' lang='lat' dir='ltr'>nisi</span> 
     </span>
     <span class='ocr_line' id='line_1_43' title="bbox 419 2392 1152 2436; baseline 0.003 -12"><span class='ocrx_word' id='word_1_222' title='bbox 419 2393 607 2425; x_wconf 89' lang='lat' dir='ltr'>nominatim</span> <span class='ocrx_word' id='word_1_223' title='bbox 625 2397 656 2424; x_wconf 87' lang='lat' dir='ltr'>et</span> <span class='ocrx_word' id='word_1_224' title='bbox 673 2392 837 2435; x_wconf 77' lang='lat' dir='ltr'>sigillatim</span> <span class='ocrx_word' id='word_1_225' title='bbox 857 2393 1077 2436; x_wconf 86' lang='lat' dir='ltr'>exprimantur</span> <span class='ocrx_word' id='word_1_226' title='bbox 1094 2394 1152 2426; x_wconf 88' lang='lat' dir='ltr'>sub</span> 
     </span>
     <span class='ocr_line' id='line_1_44' title="bbox 419 2446 1154 2488; baseline 0.003 -12"><span class='ocrx_word' id='word_1_227' title='bbox 419 2455 625 2488; x_wconf 84' lang='lat' dir='ltr'>quacumque</span> <span class='ocrx_word' id='word_1_228' title='bbox 659 2446 801 2487; x_wconf 71' lang='lat' dir='ltr'>generali</span> <span class='ocrx_word' id='word_1_229' title='bbox 842 2451 873 2478; x_wconf 87' lang='lat' dir='ltr'>et</span> <span class='ocrx_word' id='word_1_230' title='bbox 909 2446 1154 2488; x_wconf 72' lang='lat' dir='ltr'>generalissima</span> 
     </span>
     <span class='ocr_line' id='line_1_45' title="bbox 420 2498 1153 2541; baseline 0.001 -11"><span class='ocrx_word' id='word_1_231' title='bbox 420 2498 627 2541; x_wconf 81' lang='lat' dir='ltr'>expressione</span> <span class='ocrx_word' id='word_1_232' title='bbox 653 2498 748 2530; x_wconf 84' lang='lat' dir='ltr'>ctiam</span> <span class='ocrx_word' id='word_1_233' title='bbox 774 2499 804 2530; x_wconf 92' lang='lat' dir='ltr'>in</span> <span class='ocrx_word' id='word_1_234' title='bbox 832 2499 1060 2532; x_wconf 74' lang='lat' dir='ltr'>favorabilibus</span> <span class='ocrx_word' id='word_1_235' title='bbox 1088 2509 1153 2531; x_wconf 90' lang='lat' dir='ltr'>non</span> 
     </span>
     <span class='ocr_line' id='line_1_46' title="bbox 420 2550 1150 2594; baseline 0.001 -12"><span class='ocrx_word' id='word_1_236' title='bbox 420 2550 568 2590; x_wconf 87' lang='lat' dir='ltr'>veniant,</span> <span class='ocrx_word' id='word_1_237' title='bbox 594 2560 654 2582; x_wconf 88' lang='lat' dir='ltr'>nec</span> <span class='ocrx_word' id='word_1_238' title='bbox 678 2552 912 2594; x_wconf 80' lang='lat' dir='ltr'>comprehensa</span> <span class='ocrx_word' id='word_1_239' title='bbox 943 2556 1150 2591; x_wconf 79' lang='lat' dir='ltr'>censeantur,</span> 
     </span>
     <span class='ocr_line' id='line_1_47' title="bbox 420 2602 1153 2646; baseline 0.001 -12"><span class='ocrx_word' id='word_1_240' title='bbox 420 2602 644 2646; x_wconf 84' lang='lat' dir='ltr'>praesentibus</span> <span class='ocrx_word' id='word_1_241' title='bbox 661 2612 721 2646; x_wconf 89' lang='lat' dir='ltr'>pro</span> <span class='ocrx_word' id='word_1_242' title='bbox 739 2602 926 2645; x_wconf 82' lang='lat' dir='ltr'>plenissime</span> <span class='ocrx_word' id='word_1_243' title='bbox 946 2609 976 2635; x_wconf 88' lang='lat' dir='ltr'>ct</span> <span class='ocrx_word' id='word_1_244' title='bbox 1001 2603 1153 2636; x_wconf 77' lang='lat' dir='ltr'>sussicien-</span> 
     </span>
    </p>
   </div>
   <div class='ocr_carea' id='block_1_5' title="bbox 1169 306 1177 2632">
    <p class='ocr_par' dir='ltr' id='par_1_5' title="bbox 1169 306 1177 2632">
     <span class='ocr_line' id='line_1_48' title="bbox 1169 306 1177 2632; baseline 0 0"><span class='ocrx_word' id='word_1_245' title='bbox 1169 306 1177 2632; x_wconf 95' lang='lat' dir='ltr'> </span> 
     </span>
    </p>
   </div>
   <div class='ocr_carea' id='block_1_6' title="bbox 995 238 1351 264">
    <p class='ocr_par' dir='ltr' id='par_1_6' title="bbox 995 238 1351 264">
     <span class='ocr_line' id='line_1_49' title="bbox 995 238 1351 264; baseline 0.003 -1"><span class='ocrx_word' id='word_1_246' title='bbox 995 238 1176 264; x_wconf 67' lang='lat' dir='ltr'><strong>BULLARIUM</strong></span> <span class='ocrx_word' id='word_1_247' title='bbox 1200 238 1351 264; x_wconf 62' lang='lat' dir='ltr'>ROMANUM</span> 
     </span>
    </p>
   </div>
   <div class='ocr_carea' id='block_1_7' title="bbox 1192 287 1930 1012">
    <p class='ocr_par' dir='ltr' id='par_1_7' title="bbox 1192 287 1930 1012">
     <span class='ocr_line' id='line_1_50' title="bbox 1195 287 1930 330; baseline 0.004 -11"><span class='ocrx_word' id='word_1_248' title='bbox 1195 287 1316 320; x_wconf 85' lang='lat' dir='ltr'>tissime</span> <span class='ocrx_word' id='word_1_249' title='bbox 1342 298 1378 320; x_wconf 83' lang='lat' dir='ltr'>ac</span> <span class='ocrx_word' id='word_1_250' title='bbox 1410 287 1575 330; x_wconf 79' lang='lat' dir='ltr'>sigillatim</span> <span class='ocrx_word' id='word_1_251' title='bbox 1604 293 1635 321; x_wconf 87' lang='lat' dir='ltr'>et</span> <span class='ocrx_word' id='word_1_252' title='bbox 1664 288 1855 322; x_wconf 86' lang='lat' dir='ltr'>nominatim</span> <span class='ocrx_word' id='word_1_253' title='bbox 1879 299 1930 321; x_wconf 81' lang='lat' dir='ltr'>ac-</span> 
     </span>
     <span class='ocr_line' id='line_1_51' title="bbox 1194 340 1925 384; baseline 0.004 -13"><span class='ocrx_word' id='word_1_254' title='bbox 1194 340 1468 383; x_wconf 86' lang='lat' dir='ltr'>curatissimeque,</span> <span class='ocrx_word' id='word_1_255' title='bbox 1487 346 1518 373; x_wconf 91' lang='lat' dir='ltr'>et</span> <span class='ocrx_word' id='word_1_256' title='bbox 1541 341 1623 373; x_wconf 85' lang='lat' dir='ltr'>nihil</span> <span class='ocrx_word' id='word_1_257' title='bbox 1647 342 1777 384; x_wconf 84' lang='lat' dir='ltr'>penitus</span> <span class='ocrx_word' id='word_1_258' title='bbox 1795 341 1925 381; x_wconf 87' lang='lat' dir='ltr'>omisso,</span> 
     </span>
     <span class='ocr_line' id='line_1_52' title="bbox 1193 392 1927 436; baseline 0.004 -12"><span class='ocrx_word' id='word_1_259' title='bbox 1193 392 1361 435; x_wconf 78' lang='lat' dir='ltr'>expressis,</span> <span class='ocrx_word' id='word_1_260' title='bbox 1388 392 1582 436; x_wconf 81' lang='lat' dir='ltr'>specificatis</span> <span class='ocrx_word' id='word_1_261' title='bbox 1609 398 1640 425; x_wconf 92' lang='lat' dir='ltr'>et</span> <span class='ocrx_word' id='word_1_262' title='bbox 1670 394 1850 427; x_wconf 90' lang='lat' dir='ltr'>enunciatis</span> <span class='ocrx_word' id='word_1_263' title='bbox 1875 395 1927 427; x_wconf 88' lang='lat' dir='ltr'>ha-</span> 
     </span>
     <span class='ocr_line' id='line_1_53' title="bbox 1192 445 1927 489; baseline 0.004 -12"><span class='ocrx_word' id='word_1_264' title='bbox 1192 445 1306 478; x_wconf 89' lang='lat' dir='ltr'>bentes</span> <span class='ocrx_word' id='word_1_265' title='bbox 1332 450 1363 478; x_wconf 88' lang='lat' dir='ltr'>et</span> <span class='ocrx_word' id='word_1_266' title='bbox 1387 456 1520 489; x_wconf 90' lang='lat' dir='ltr'>semper</span> <span class='ocrx_word' id='word_1_267' title='bbox 1544 446 1658 479; x_wconf 84' lang='lat' dir='ltr'>haberi</span> <span class='ocrx_word' id='word_1_268' title='bbox 1679 447 1796 479; x_wconf 90' lang='lat' dir='ltr'>debere</span> <span class='ocrx_word' id='word_1_269' title='bbox 1822 448 1927 480; x_wconf 85' lang='lat' dir='ltr'>decer-</span> 
     </span>
     <span class='ocr_line' id='line_1_54' title="bbox 1193 497 1927 540; baseline 0.004 -11"><span class='ocrx_word' id='word_1_270' title='bbox 1193 502 1324 537; x_wconf 78' lang='lat' dir='ltr'>nentes,</span> <span class='ocrx_word' id='word_1_271' title='bbox 1345 502 1432 530; x_wconf 88' lang='lat' dir='ltr'>motu</span> <span class='ocrx_word' id='word_1_272' title='bbox 1451 497 1597 540; x_wconf 86' lang='lat' dir='ltr'>proprio,</span> <span class='ocrx_word' id='word_1_273' title='bbox 1617 508 1652 530; x_wconf 87' lang='lat' dir='ltr'>ac</span> <span class='ocrx_word' id='word_1_274' title='bbox 1670 508 1705 531; x_wconf 88' lang='lat' dir='ltr'>ex</span> <span class='ocrx_word' id='word_1_275' title='bbox 1723 501 1809 532; x_wconf 78' lang='lat' dir='ltr'>certa</span> <span class='ocrx_word' id='word_1_276' title='bbox 1827 499 1927 532; x_wconf 88' lang='lat' dir='ltr'>scieu-</span> 
     </span>
     <span class='ocr_line' id='line_1_55' title="bbox 1193 550 1927 596; baseline 0.004 -15"><span class='ocrx_word' id='word_1_277' title='bbox 1193 550 1236 582; x_wconf 71' lang='lat' dir='ltr'>tia</span> <span class='ocrx_word' id='word_1_278' title='bbox 1272 554 1303 582; x_wconf 84' lang='lat' dir='ltr'>et</span> <span class='ocrx_word' id='word_1_279' title='bbox 1338 553 1459 582; x_wconf 77' lang='lat' dir='ltr'>matura</span> <span class='ocrx_word' id='word_1_280' title='bbox 1503 550 1734 583; x_wconf 87' lang='lat' dir='ltr'>deliberatione</span> <span class='ocrx_word' id='word_1_281' title='bbox 1776 553 1927 596; x_wconf 73' lang='lat' dir='ltr'>meraque</span> 
     </span>
     <span class='ocr_line' id='line_1_56' title="bbox 1193 601 1927 646; baseline 0.003 -12"><span class='ocrx_word' id='word_1_282' title='bbox 1193 601 1386 634; x_wconf 83' lang='lat' dir='ltr'>liberalitate</span> <span class='ocrx_word' id='word_1_283' title='bbox 1420 602 1556 641; x_wconf 84' lang='lat' dir='ltr'>nostris,</span> <span class='ocrx_word' id='word_1_284' title='bbox 1592 603 1697 646; x_wconf 87' lang='lat' dir='ltr'>deque</span> <span class='ocrx_word' id='word_1_285' title='bbox 1734 604 1927 646; x_wconf 88' lang='lat' dir='ltr'>apostolicae</span> 
     </span>
     <span class='ocr_line' id='line_1_57' title="bbox 1193 654 1927 698; baseline 0.003 -12"><span class='ocrx_word' id='word_1_286' title='bbox 1193 654 1358 697; x_wconf 85' lang='lat' dir='ltr'>potestatis</span> <span class='ocrx_word' id='word_1_287' title='bbox 1391 655 1615 697; x_wconf 87' lang='lat' dir='ltr'>plenitudine,</span> <span class='ocrx_word' id='word_1_288' title='bbox 1646 656 1927 698; x_wconf 82' lang='lat' dir='ltr'>circumspectioni</span> 
     </span>
     <span class='ocr_line' id='line_1_58' title="bbox 1193 707 1926 749; baseline 0.001 -10"><span class='ocrx_word' id='word_1_289' title='bbox 1193 712 1278 746; x_wconf 87' lang='lat' dir='ltr'>tuac,</span> <span class='ocrx_word' id='word_1_290' title='bbox 1295 709 1354 749; x_wconf 83' lang='lat' dir='ltr'>per</span> <span class='ocrx_word' id='word_1_291' title='bbox 1371 712 1399 739; x_wconf 88' lang='lat' dir='ltr'>te</span> <span class='ocrx_word' id='word_1_292' title='bbox 1425 707 1538 749; x_wconf 88' lang='lat' dir='ltr'>ipsum,</span> <span class='ocrx_word' id='word_1_293' title='bbox 1562 709 1610 740; x_wconf 91' lang='lat' dir='ltr'>vel</span> <span class='ocrx_word' id='word_1_294' title='bbox 1637 708 1745 747; x_wconf 86' lang='lat' dir='ltr'>alium,</span> <span class='ocrx_word' id='word_1_295' title='bbox 1759 718 1816 740; x_wconf 90' lang='lat' dir='ltr'>seu</span> <span class='ocrx_word' id='word_1_296' title='bbox 1835 709 1926 748; x_wconf 86' lang='lat' dir='ltr'>alios,</span> 
     </span>
     <span class='ocr_line' id='line_1_59' title="bbox 1193 759 1929 802; baseline 0.004 -12"><span class='ocrx_word' id='word_1_297' title='bbox 1193 769 1273 801; x_wconf 87' lang='lat' dir='ltr'>quos</span> <span class='ocrx_word' id='word_1_298' title='bbox 1294 760 1332 791; x_wconf 84' lang='lat' dir='ltr'>ad</span> <span class='ocrx_word' id='word_1_299' title='bbox 1358 759 1388 791; x_wconf 90' lang='lat' dir='ltr'>id</span> <span class='ocrx_word' id='word_1_300' title='bbox 1415 759 1544 791; x_wconf 86' lang='lat' dir='ltr'>duxeris</span> <span class='ocrx_word' id='word_1_301' title='bbox 1563 760 1783 802; x_wconf 86' lang='lat' dir='ltr'>deputandum</span> <span class='ocrx_word' id='word_1_302' title='bbox 1801 770 1859 793; x_wconf 90' lang='lat' dir='ltr'>seu</span> <span class='ocrx_word' id='word_1_303' title='bbox 1878 761 1929 793; x_wconf 90' lang='lat' dir='ltr'>dc-</span> 
     </span>
     <span class='ocr_line' id='line_1_60' title="bbox 1192 812 1928 855; baseline 0.004 -13"><span class='ocrx_word' id='word_1_304' title='bbox 1192 812 1364 853; x_wconf 53' lang='lat' dir='ltr'>putandos</span> <span class='ocrx_word' id='word_1_305' title='bbox 1377 812 1495 844; x_wconf 62' lang='lat' dir='ltr'>‘omnes</span> <span class='ocrx_word' id='word_1_306' title='bbox 1509 817 1540 844; x_wconf 88' lang='lat' dir='ltr'>et</span> <span class='ocrx_word' id='word_1_307' title='bbox 1553 812 1698 855; x_wconf 79' lang='lat' dir='ltr'>singulos</span> <span class='ocrx_word' id='word_1_308' title='bbox 1711 813 1928 855; x_wconf 81' lang='lat' dir='ltr'>praefatorum</span> 
     </span>
     <span class='ocr_line' id='line_1_61' title="bbox 1193 864 1928 905; baseline 0.005 -11"><span class='ocrx_word' id='word_1_309' title='bbox 1193 864 1361 896; x_wconf 85' lang='lat' dir='ltr'>criminum</span> <span class='ocrx_word' id='word_1_310' title='bbox 1392 865 1602 904; x_wconf 83' lang='lat' dir='ltr'>delictorum,</span> <span class='ocrx_word' id='word_1_311' title='bbox 1627 876 1832 905; x_wconf 86' lang='lat' dir='ltr'>excessuum,</span> <span class='ocrx_word' id='word_1_312' title='bbox 1859 866 1928 898; x_wconf 88' lang='lat' dir='ltr'>saci-</span> 
     </span>
     <span class='ocr_line' id='line_1_62' title="bbox 1193 917 1928 961; baseline 0.005 -14"><span class='ocrx_word' id='word_1_313' title='bbox 1193 925 1307 948; x_wconf 89' lang='lat' dir='ltr'>norum</span> <span class='ocrx_word' id='word_1_314' title='bbox 1334 927 1351 948; x_wconf 91' lang='lat' dir='ltr'>a</span> <span class='ocrx_word' id='word_1_315' title='bbox 1375 917 1518 959; x_wconf 74' lang='lat' dir='ltr'>praefata</span> <span class='ocrx_word' id='word_1_316' title='bbox 1537 917 1587 950; x_wconf 91' lang='lat' dir='ltr'>die</span> <span class='ocrx_word' id='word_1_317' title='bbox 1605 928 1675 950; x_wconf 82' lang='lat' dir='ltr'>xxtv</span> <span class='ocrx_word' id='word_1_318' title='bbox 1699 918 1841 960; x_wconf 85' lang='lat' dir='ltr'>octobris</span> <span class='ocrx_word' id='word_1_319' title='bbox 1859 929 1928 961; x_wconf 92' lang='lat' dir='ltr'>pro-</span> 
     </span>
     <span class='ocr_line' id='line_1_63' title="bbox 1193 968 1927 1012; baseline 0.004 -12"><span class='ocrx_word' id='word_1_320' title='bbox 1193 969 1275 1000; x_wconf 83' lang='lat' dir='ltr'>xime</span> <span class='ocrx_word' id='word_1_321' title='bbox 1312 968 1479 1011; x_wconf 88' lang='lat' dir='ltr'>praeteriti</span> <span class='ocrx_word' id='word_1_322' title='bbox 1516 980 1616 1012; x_wconf 87' lang='lat' dir='ltr'>usque</span> <span class='ocrx_word' id='word_1_323' title='bbox 1649 970 1686 1002; x_wconf 88' lang='lat' dir='ltr'>ad</span> <span class='ocrx_word' id='word_1_324' title='bbox 1723 975 1927 1012; x_wconf 85' lang='lat' dir='ltr'>praesentem</span> 
     </span>
    </p>
   </div>
   <div class='ocr_carea' id='block_1_8' title="bbox 1194 1020 1935 1064">
    <p class='ocr_par' dir='ltr' id='par_1_8' title="bbox 1194 1020 1935 1064">
     <span class='ocr_line' id='line_1_64' title="bbox 1194 1020 1935 1064; baseline 0.001 -11"><span class='ocrx_word' id='word_1_325' title='bbox 1194 1020 1277 1053; x_wconf 87' lang='lat' dir='ltr'>diem</span> <span class='ocrx_word' id='word_1_326' title='bbox 1310 1020 1341 1051; x_wconf 92' lang='lat' dir='ltr'>in</span> <span class='ocrx_word' id='word_1_327' title='bbox 1378 1020 1502 1052; x_wconf 76' lang='lat' dir='ltr'>civitate</span> <span class='ocrx_word' id='word_1_328' title='bbox 1544 1021 1758 1054; x_wconf 81' lang='lat' dir='ltr'>Aveuionensi</span> <span class='ocrx_word' id='word_1_329' title='bbox 1795 1022 1935 1064; x_wconf 84' lang='lat' dir='ltr'>eiusque</span> 
     </span>
    </p>
   </div>
   <div class='ocr_carea' id='block_1_9' title="bbox 1193 1073 1929 1117">
    <p class='ocr_par' dir='ltr' id='par_1_9' title="bbox 1193 1073 1929 1117">
     <span class='ocr_line' id='line_1_65' title="bbox 1193 1073 1929 1117; baseline 0.004 -13"><span class='ocrx_word' id='word_1_330' title='bbox 1193 1073 1364 1113; x_wconf 88' lang='lat' dir='ltr'>suburbiis,</span> <span class='ocrx_word' id='word_1_331' title='bbox 1380 1073 1526 1106; x_wconf 88' lang='lat' dir='ltr'>districtu</span> <span class='ocrx_word' id='word_1_332' title='bbox 1545 1078 1575 1105; x_wconf 92' lang='lat' dir='ltr'>et</span> <span class='ocrx_word' id='word_1_333' title='bbox 1593 1073 1818 1116; x_wconf 87' lang='lat' dir='ltr'>dependentiis</span> <span class='ocrx_word' id='word_1_334' title='bbox 1838 1085 1929 1117; x_wconf 85' lang='lat' dir='ltr'>prae-</span> 
     </span>
    </p>
   </div>
   <div class='ocr_carea' id='block_1_10' title="bbox 1174 1126 1930 1170">
    <p class='ocr_par' dir='ltr' id='par_1_10' title="bbox 1174 1126 1930 1170">
     <span class='ocr_line' id='line_1_66' title="bbox 1174 1126 1930 1170; baseline 0.003 -12"><span class='ocrx_word' id='word_1_335' title='bbox 1174 1126 1286 1166; x_wconf 83' lang='lat' dir='ltr'>dictis</span> <span class='ocrx_word' id='word_1_336' title='bbox 1311 1126 1551 1169; x_wconf 88' lang='lat' dir='ltr'>quomodolibet</span> <span class='ocrx_word' id='word_1_337' title='bbox 1577 1127 1834 1167; x_wconf 87' lang='lat' dir='ltr'>commissorum,</span> <span class='ocrx_word' id='word_1_338' title='bbox 1860 1138 1930 1170; x_wconf 87' lang='lat' dir='ltr'>per-</span> 
     </span>
    </p>
   </div>
   <div class='ocr_carea' id='block_1_11' title="bbox 1192 1181 1931 2645">
    <p class='ocr_par' dir='ltr' id='par_1_11' title="bbox 1192 1181 1931 2645">
     <span class='ocr_line' id='line_1_67' title="bbox 1193 1181 1930 1222; baseline 0.003 -12"><span class='ocrx_word' id='word_1_339' title='bbox 1193 1184 1389 1222; x_wconf 84' lang='lat' dir='ltr'>petratorum</span> <span class='ocrx_word' id='word_1_340' title='bbox 1414 1184 1445 1212; x_wconf 89' lang='lat' dir='ltr'>et</span> <span class='ocrx_word' id='word_1_341' title='bbox 1469 1184 1703 1220; x_wconf 87' lang='lat' dir='ltr'>attentatorum,</span> <span class='ocrx_word' id='word_1_342' title='bbox 1721 1190 1777 1213; x_wconf 85' lang='lat' dir='ltr'>seu</span> <span class='ocrx_word' id='word_1_343' title='bbox 1801 1181 1930 1213; x_wconf 74' lang='lat' dir='ltr'>cuiusli-</span> 
     </span>
     <span class='ocr_line' id='line_1_68' title="bbox 1192 1232 1926 1275; baseline 0.001 -10"><span class='ocrx_word' id='word_1_344' title='bbox 1192 1234 1246 1265; x_wconf 89' lang='lat' dir='ltr'>bet</span> <span class='ocrx_word' id='word_1_345' title='bbox 1270 1242 1384 1265; x_wconf 86' lang='lat' dir='ltr'>eorum</span> <span class='ocrx_word' id='word_1_346' title='bbox 1407 1232 1585 1275; x_wconf 82' lang='lat' dir='ltr'>respective</span> <span class='ocrx_word' id='word_1_347' title='bbox 1609 1242 1697 1272; x_wconf 90' lang='lat' dir='ltr'>reos,</span> <span class='ocrx_word' id='word_1_348' title='bbox 1724 1232 1926 1274; x_wconf 89' lang='lat' dir='ltr'>criminosos,</span> 
     </span>
     <span class='ocr_line' id='line_1_69' title="bbox 1193 1285 1928 1329; baseline 0.001 -11"><span class='ocrx_word' id='word_1_349' title='bbox 1193 1291 1346 1325; x_wconf 58' lang='grc' dir='ltr'>ῑιιιιὲῐοΓρε,</span> <span class='ocrx_word' id='word_1_350' title='bbox 1373 1286 1519 1325; x_wconf 81' lang='lat' dir='ltr'>fautores,</span> <span class='ocrx_word' id='word_1_351' title='bbox 1546 1285 1729 1328; x_wconf 82' lang='lat' dir='ltr'>complices,</span> <span class='ocrx_word' id='word_1_352' title='bbox 1757 1290 1788 1318; x_wconf 90' lang='lat' dir='ltr'>et</span> <span class='ocrx_word' id='word_1_353' title='bbox 1817 1287 1928 1329; x_wconf 89' lang='lat' dir='ltr'>quovis</span> 
     </span>
     <span class='ocr_line' id='line_1_70' title="bbox 1192 1338 1930 1381; baseline 0 -10"><span class='ocrx_word' id='word_1_354' title='bbox 1192 1340 1287 1372; x_wconf 91' lang='lat' dir='ltr'>modo</span> <span class='ocrx_word' id='word_1_355' title='bbox 1307 1338 1481 1381; x_wconf 87' lang='lat' dir='ltr'>participes</span> <span class='ocrx_word' id='word_1_356' title='bbox 1498 1343 1529 1370; x_wconf 90' lang='lat' dir='ltr'>et</span> <span class='ocrx_word' id='word_1_357' title='bbox 1548 1338 1735 1381; x_wconf 86' lang='lat' dir='ltr'>culpabiles,</span> <span class='ocrx_word' id='word_1_358' title='bbox 1755 1338 1930 1371; x_wconf 87' lang='lat' dir='ltr'>cuiuscum-</span> 
     </span>
     <span class='ocr_line' id='line_1_71' title="bbox 1193 1390 1927 1433; baseline 0 -10"><span class='ocrx_word' id='word_1_359' title='bbox 1193 1402 1253 1433; x_wconf 89' lang='lat' dir='ltr'>que</span> <span class='ocrx_word' id='word_1_360' title='bbox 1278 1396 1387 1430; x_wconf 87' lang='lat' dir='ltr'>status,</span> <span class='ocrx_word' id='word_1_361' title='bbox 1414 1391 1539 1433; x_wconf 72' lang='lat' dir='ltr'>gradus,</span> <span class='ocrx_word' id='word_1_362' title='bbox 1565 1390 1696 1430; x_wconf 87' lang='lat' dir='ltr'>ordinis,</span> <span class='ocrx_word' id='word_1_363' title='bbox 1722 1391 1927 1432; x_wconf 88' lang='lat' dir='ltr'>conditionis,</span> 
     </span>
     <span class='ocr_line' id='line_1_72' title="bbox 1193 1443 1931 1486; baseline -0.001 -10"><span class='ocrx_word' id='word_1_364' title='bbox 1193 1443 1446 1486; x_wconf 65' lang='lat' dir='ltr'>praerogativae,</span> <span class='ocrx_word' id='word_1_365' title='bbox 1472 1443 1744 1486; x_wconf 86' lang='lat' dir='ltr'>praeeminentiae</span> <span class='ocrx_word' id='word_1_366' title='bbox 1770 1448 1801 1476; x_wconf 88' lang='lat' dir='ltr'>et</span> <span class='ocrx_word' id='word_1_367' title='bbox 1825 1444 1931 1486; x_wconf 80' lang='lat' dir='ltr'>digni-</span> 
     </span>
     <span class='ocr_line' id='line_1_73' title="bbox 1193 1495 1928 1539; baseline 0 -11"><span class='ocrx_word' id='word_1_368' title='bbox 1193 1497 1263 1528; x_wconf 82' lang='lat' dir='ltr'>tatis</span> <span class='ocrx_word' id='word_1_369' title='bbox 1288 1496 1441 1535; x_wconf 83' lang='lat' dir='ltr'>existant,</span> <span class='ocrx_word' id='word_1_370' title='bbox 1468 1501 1499 1527; x_wconf 87' lang='lat' dir='ltr'>ct</span> <span class='ocrx_word' id='word_1_371' title='bbox 1531 1495 1608 1528; x_wconf 85' lang='lat' dir='ltr'>alios</span> <span class='ocrx_word' id='word_1_372' title='bbox 1633 1506 1850 1539; x_wconf 86' lang='lat' dir='ltr'>quoscumque</span> <span class='ocrx_word' id='word_1_373' title='bbox 1875 1497 1928 1539; x_wconf 89' lang='lat' dir='ltr'>qui</span> 
     </span>
     <span class='ocr_line' id='line_1_74' title="bbox 1193 1548 1929 1592; baseline 0 -11"><span class='ocrx_word' id='word_1_374' title='bbox 1193 1549 1380 1581; x_wconf 89' lang='lat' dir='ltr'>eorumdem</span> <span class='ocrx_word' id='word_1_375' title='bbox 1407 1548 1597 1581; x_wconf 88' lang='lat' dir='ltr'>dilectorum</span> <span class='ocrx_word' id='word_1_376' title='bbox 1623 1548 1687 1580; x_wconf 89' lang='lat' dir='ltr'>reis</span> <span class='ocrx_word' id='word_1_377' title='bbox 1712 1553 1743 1580; x_wconf 90' lang='lat' dir='ltr'>et</span> <span class='ocrx_word' id='word_1_378' title='bbox 1768 1554 1929 1592; x_wconf 87' lang='lat' dir='ltr'>perpetra-</span> 
     </span>
     <span class='ocr_line' id='line_1_75' title="bbox 1193 1600 1928 1643; baseline 0 -10"><span class='ocrx_word' id='word_1_379' title='bbox 1193 1601 1315 1633; x_wconf 87' lang='lat' dir='ltr'>toribus</span> <span class='ocrx_word' id='word_1_380' title='bbox 1332 1601 1364 1632; x_wconf 92' lang='lat' dir='ltr'>in</span> <span class='ocrx_word' id='word_1_381' title='bbox 1379 1600 1561 1643; x_wconf 89' lang='lat' dir='ltr'>praemissis</span> <span class='ocrx_word' id='word_1_382' title='bbox 1575 1600 1737 1640; x_wconf 87' lang='lat' dir='ltr'>auxilium,</span> <span class='ocrx_word' id='word_1_383' title='bbox 1747 1601 1928 1641; x_wconf 86' lang='lat' dir='ltr'>consilium,</span> 
     </span>
     <span class='ocr_line' id='line_1_76' title="bbox 1194 1653 1927 1696; baseline 0 -11"><span class='ocrx_word' id='word_1_384' title='bbox 1194 1654 1343 1692; x_wconf 84' lang='lat' dir='ltr'>favorem,</span> <span class='ocrx_word' id='word_1_385' title='bbox 1369 1653 1600 1692; x_wconf 80' lang='lat' dir='ltr'>auctoritatem,</span> <span class='ocrx_word' id='word_1_386' title='bbox 1617 1663 1721 1696; x_wconf 89' lang='lat' dir='ltr'>opem,</span> <span class='ocrx_word' id='word_1_387' title='bbox 1739 1653 1927 1692; x_wconf 84' lang='lat' dir='ltr'>subsidium,</span> 
     </span>
     <span class='ocr_line' id='line_1_77' title="bbox 1192 1706 1930 1749; baseline 0 -10"><span class='ocrx_word' id='word_1_388' title='bbox 1192 1708 1240 1739; x_wconf 77' lang='lat' dir='ltr'>vel</span> <span class='ocrx_word' id='word_1_389' title='bbox 1259 1707 1495 1745; x_wconf 82' lang='lat' dir='ltr'>adminiculum,</span> <span class='ocrx_word' id='word_1_390' title='bbox 1522 1706 1649 1749; x_wconf 88' lang='lat' dir='ltr'>publice</span> <span class='ocrx_word' id='word_1_391' title='bbox 1666 1707 1714 1739; x_wconf 91' lang='lat' dir='ltr'>vel</span> <span class='ocrx_word' id='word_1_392' title='bbox 1736 1708 1868 1747; x_wconf 85' lang='lat' dir='ltr'>occulte,</span> <span class='ocrx_word' id='word_1_393' title='bbox 1888 1707 1930 1739; x_wconf 89' lang='lat' dir='ltr'>di-</span> 
     </span>
     <span class='ocr_line' id='line_1_78' title="bbox 1195 1759 1930 1802; baseline -0.001 -11"><span class='ocrx_word' id='word_1_394' title='bbox 1195 1765 1279 1791; x_wconf 88' lang='lat' dir='ltr'>recte</span> <span class='ocrx_word' id='word_1_395' title='bbox 1294 1760 1342 1792; x_wconf 87' lang='lat' dir='ltr'>vel</span> <span class='ocrx_word' id='word_1_396' title='bbox 1360 1759 1525 1798; x_wconf 81' lang='lat' dir='ltr'>indirecte,</span> <span class='ocrx_word' id='word_1_397' title='bbox 1541 1764 1604 1791; x_wconf 87' lang='lat' dir='ltr'>tam</span> <span class='ocrx_word' id='word_1_398' title='bbox 1622 1759 1818 1791; x_wconf 88' lang='lat' dir='ltr'>coniunctim</span> <span class='ocrx_word' id='word_1_399' title='bbox 1836 1769 1930 1802; x_wconf 88' lang='lat' dir='ltr'>quam</span> 
     </span>
     <span class='ocr_line' id='line_1_79' title="bbox 1194 1811 1930 1854; baseline -0.001 -10"><span class='ocrx_word' id='word_1_400' title='bbox 1194 1812 1330 1852; x_wconf 88' lang='lat' dir='ltr'>divisim,</span> <span class='ocrx_word' id='word_1_401' title='bbox 1344 1817 1376 1844; x_wconf 92' lang='lat' dir='ltr'>et</span> <span class='ocrx_word' id='word_1_402' title='bbox 1399 1812 1477 1844; x_wconf 74' lang='lat' dir='ltr'>alias</span> <span class='ocrx_word' id='word_1_403' title='bbox 1503 1811 1744 1854; x_wconf 82' lang='lat' dir='ltr'>quomodolibet</span> <span class='ocrx_word' id='word_1_404' title='bbox 1768 1811 1930 1854; x_wconf 88' lang='lat' dir='ltr'>praestite-</span> 
     </span>
     <span class='ocr_line' id='line_1_80' title="bbox 1193 1865 1929 1908; baseline 0 -11"><span class='ocrx_word' id='word_1_405' title='bbox 1193 1870 1275 1905; x_wconf 81' lang='lat' dir='ltr'>runt,</span> <span class='ocrx_word' id='word_1_406' title='bbox 1286 1866 1334 1897; x_wconf 89' lang='lat' dir='ltr'>vel</span> <span class='ocrx_word' id='word_1_407' title='bbox 1349 1865 1412 1897; x_wconf 88' lang='lat' dir='ltr'>illis</span> <span class='ocrx_word' id='word_1_408' title='bbox 1430 1865 1696 1907; x_wconf 83' lang='lat' dir='ltr'>obtemperarunt</span> <span class='ocrx_word' id='word_1_409' title='bbox 1712 1870 1744 1897; x_wconf 85' lang='lat' dir='ltr'>et</span> <span class='ocrx_word' id='word_1_410' title='bbox 1760 1865 1929 1908; x_wconf 86' lang='lat' dir='ltr'>obsequuti</span> 
     </span>
     <span class='ocr_line' id='line_1_81' title="bbox 1194 1917 1931 1961; baseline 0 -11"><span class='ocrx_word' id='word_1_411' title='bbox 1194 1923 1267 1950; x_wconf 89' lang='lat' dir='ltr'>sunt</span> <span class='ocrx_word' id='word_1_412' title='bbox 1292 1917 1447 1961; x_wconf 84' lang='lat' dir='ltr'>(exceptis</span> <span class='ocrx_word' id='word_1_413' title='bbox 1469 1923 1573 1949; x_wconf 86' lang='lat' dir='ltr'>tamen</span> <span class='ocrx_word' id='word_1_414' title='bbox 1594 1917 1658 1950; x_wconf 91' lang='lat' dir='ltr'>illis</span> <span class='ocrx_word' id='word_1_415' title='bbox 1676 1917 1832 1960; x_wconf 81' lang='lat' dir='ltr'>personis,</span> <span class='ocrx_word' id='word_1_416' title='bbox 1851 1928 1931 1960; x_wconf 87' lang='lat' dir='ltr'>quas</span> 
     </span>
     <span class='ocr_line' id='line_1_82' title="bbox 1194 1970 1931 2013; baseline 0.001 -11"><span class='ocrx_word' id='word_1_417' title='bbox 1194 1971 1359 2004; x_wconf 86' lang='lat' dir='ltr'>nominare</span> <span class='ocrx_word' id='word_1_418' title='bbox 1386 1970 1441 2002; x_wconf 83' lang='lat' dir='ltr'>tibi</span> <span class='ocrx_word' id='word_1_419' title='bbox 1468 1970 1633 2013; x_wconf 80' lang='lat' dir='ltr'>placuerit,</span> <span class='ocrx_word' id='word_1_420' title='bbox 1659 1980 1713 2003; x_wconf 88' lang='lat' dir='ltr'>seu</span> <span class='ocrx_word' id='word_1_421' title='bbox 1739 1981 1820 2013; x_wconf 87' lang='lat' dir='ltr'>quae</span> <span class='ocrx_word' id='word_1_422' title='bbox 1838 1980 1931 2003; x_wconf 85' lang='lat' dir='ltr'>ame-</span> 
     </span>
     <span class='ocr_line' id='line_1_83' title="bbox 1194 2022 1931 2065; baseline 0 -10"><span class='ocrx_word' id='word_1_423' title='bbox 1194 2028 1316 2056; x_wconf 87' lang='lat' dir='ltr'>morato</span> <span class='ocrx_word' id='word_1_424' title='bbox 1342 2023 1522 2055; x_wconf 82' lang='lat' dir='ltr'>Alexandro</span> <span class='ocrx_word' id='word_1_425' title='bbox 1547 2022 1722 2065; x_wconf 74' lang='lat' dir='ltr'>vicelegato</span> <span class='ocrx_word' id='word_1_426' title='bbox 1748 2027 1802 2055; x_wconf 88' lang='lat' dir='ltr'>tuo</span> <span class='ocrx_word' id='word_1_427' title='bbox 1829 2022 1931 2065; x_wconf 82' lang='lat' dir='ltr'>magis</span> 
     </span>
     <span class='ocr_line' id='line_1_84' title="bbox 1194 2073 1930 2118; baseline -0.001 -11"><span class='ocrx_word' id='word_1_428' title='bbox 1194 2075 1371 2118; x_wconf 85' lang='lat' dir='ltr'>culpabiles</span> <span class='ocrx_word' id='word_1_429' title='bbox 1389 2073 1547 2117; x_wconf 85' lang='lat' dir='ltr'>repertac¹</span> <span class='ocrx_word' id='word_1_430' title='bbox 1567 2074 1696 2117; x_wconf 87' lang='lat' dir='ltr'>fuerint)</span> <span class='ocrx_word' id='word_1_431' title='bbox 1714 2085 1731 2106; x_wconf 89' lang='lat' dir='ltr'>a</span> <span class='ocrx_word' id='word_1_432' title='bbox 1747 2074 1930 2117; x_wconf 84' lang='lat' dir='ltr'>praemissis</span> 
     </span>
     <span class='ocr_line' id='line_1_85' title="bbox 1195 2127 1930 2169; baseline -0.003 -9"><span class='ocrx_word' id='word_1_433' title='bbox 1195 2127 1342 2160; x_wconf 89' lang='lat' dir='ltr'>omnibus</span> <span class='ocrx_word' id='word_1_434' title='bbox 1357 2132 1388 2159; x_wconf 89' lang='lat' dir='ltr'>et</span> <span class='ocrx_word' id='word_1_435' title='bbox 1408 2127 1541 2169; x_wconf 74' lang='lat' dir='ltr'>siugulis</span> <span class='ocrx_word' id='word_1_436' title='bbox 1562 2127 1758 2167; x_wconf 86' lang='lat' dir='ltr'>criminibus,</span> <span class='ocrx_word' id='word_1_437' title='bbox 1777 2127 1930 2167; x_wconf 88' lang='lat' dir='ltr'>reatibus,</span> 
     </span>
     <span class='ocr_line' id='line_1_86' title="bbox 1195 2180 1931 2220; baseline 0.001 -8"><span class='ocrx_word' id='word_1_438' title='bbox 1195 2180 1328 2219; x_wconf 88' lang='lat' dir='ltr'>delictis,</span> <span class='ocrx_word' id='word_1_439' title='bbox 1349 2180 1530 2212; x_wconf 86' lang='lat' dir='ltr'>excessibus</span> <span class='ocrx_word' id='word_1_440' title='bbox 1554 2185 1585 2212; x_wconf 84' lang='lat' dir='ltr'>et</span> <span class='ocrx_word' id='word_1_441' title='bbox 1610 2180 1812 2220; x_wconf 84' lang='lat' dir='ltr'>facinoribus,</span> <span class='ocrx_word' id='word_1_442' title='bbox 1834 2180 1931 2213; x_wconf 89' lang='lat' dir='ltr'>etiam</span> 
     </span>
     <span class='ocr_line' id='line_1_87' title="bbox 1195 2232 1929 2275; baseline 0.001 -11"><span class='ocrx_word' id='word_1_443' title='bbox 1195 2234 1298 2265; x_wconf 85' lang='lat' dir='ltr'>laesae</span> <span class='ocrx_word' id='word_1_444' title='bbox 1323 2233 1497 2265; x_wconf 81' lang='lat' dir='ltr'>maiestatis</span> <span class='ocrx_word' id='word_1_445' title='bbox 1527 2232 1559 2264; x_wconf 93' lang='lat' dir='ltr'>in</span> <span class='ocrx_word' id='word_1_446' title='bbox 1591 2240 1790 2275; x_wconf 85' lang='lat' dir='ltr'>quocumque</span> <span class='ocrx_word' id='word_1_447' title='bbox 1815 2233 1929 2275; x_wconf 86' lang='lat' dir='ltr'>capite,</span> 
     </span>
     <span class='ocr_line' id='line_1_88' title="bbox 1195 2285 1931 2328; baseline 0.001 -11"><span class='ocrx_word' id='word_1_448' title='bbox 1195 2285 1290 2317; x_wconf 91' lang='lat' dir='ltr'>ctiam</span> <span class='ocrx_word' id='word_1_449' title='bbox 1311 2285 1422 2328; x_wconf 88' lang='lat' dir='ltr'>primo,</span> <span class='ocrx_word' id='word_1_450' title='bbox 1444 2285 1639 2324; x_wconf 86' lang='lat' dir='ltr'>rebellionis,</span> <span class='ocrx_word' id='word_1_451' title='bbox 1662 2285 1837 2325; x_wconf 87' lang='lat' dir='ltr'>seditionis,</span> <span class='ocrx_word' id='word_1_452' title='bbox 1861 2295 1931 2318; x_wconf 84' lang='lat' dir='ltr'>con·</span> 
     </span>
     <span class='ocr_line' id='line_1_89' title="bbox 1195 2336 1930 2380; baseline 0.001 -11"><span class='ocrx_word' id='word_1_453' title='bbox 1195 2338 1395 2380; x_wconf 85' lang='lat' dir='ltr'>spirationis,</span> <span class='ocrx_word' id='word_1_454' title='bbox 1423 2348 1457 2369; x_wconf 89' lang='lat' dir='ltr'>ac</span> <span class='ocrx_word' id='word_1_455' title='bbox 1482 2336 1527 2369; x_wconf 79' lang='lat' dir='ltr'>vis</span> <span class='ocrx_word' id='word_1_456' title='bbox 1552 2337 1701 2380; x_wconf 87' lang='lat' dir='ltr'>publicae</span> <span class='ocrx_word' id='word_1_457' title='bbox 1727 2342 1758 2370; x_wconf 87' lang='lat' dir='ltr'>et</span> <span class='ocrx_word' id='word_1_458' title='bbox 1781 2343 1930 2377; x_wconf 80' lang='lat' dir='ltr'>armatae,</span> 
     </span>
     <span class='ocr_line' id='line_1_90' title="bbox 1195 2390 1931 2434; baseline 0 -12"><span class='ocrx_word' id='word_1_459' title='bbox 1195 2391 1395 2433; x_wconf 88' lang='lat' dir='ltr'>iniuriaeque</span> <span class='ocrx_word' id='word_1_460' title='bbox 1412 2391 1561 2434; x_wconf 81' lang='lat' dir='ltr'>principi,</span> <span class='ocrx_word' id='word_1_461' title='bbox 1584 2390 1829 2433; x_wconf 77' lang='lat' dir='ltr'>magistratibus,</span> <span class='ocrx_word' id='word_1_462' title='bbox 1843 2390 1931 2422; x_wconf 90' lang='lat' dir='ltr'>iuris·</span> 
     </span>
     <span class='ocr_line' id='line_1_91' title="bbox 1196 2442 1930 2486; baseline 0 -11"><span class='ocrx_word' id='word_1_463' title='bbox 1196 2443 1327 2476; x_wconf 88' lang='lat' dir='ltr'>dictioni</span> <span class='ocrx_word' id='word_1_464' title='bbox 1353 2450 1384 2475; x_wconf 90' lang='lat' dir='ltr'>et</span> <span class='ocrx_word' id='word_1_465' title='bbox 1403 2443 1551 2486; x_wconf 85' lang='lat' dir='ltr'>personis</span> <span class='ocrx_word' id='word_1_466' title='bbox 1575 2443 1712 2485; x_wconf 86' lang='lat' dir='ltr'>publicis</span> <span class='ocrx_word' id='word_1_467' title='bbox 1729 2442 1761 2475; x_wconf 90' lang='lat' dir='ltr'>in</span> <span class='ocrx_word' id='word_1_468' title='bbox 1779 2444 1886 2475; x_wconf 77' lang='lat' dir='ltr'>nostra</span> <span class='ocrx_word' id='word_1_469' title='bbox 1900 2448 1930 2475; x_wconf 93' lang='lat' dir='ltr'>et</span> 
     </span>
     <span class='ocr_line' id='line_1_92' title="bbox 1196 2495 1931 2538; baseline -0.001 -9"><span class='ocrx_word' id='word_1_470' title='bbox 1196 2497 1298 2529; x_wconf 81' lang='lat' dir='ltr'>dictae</span> <span class='ocrx_word' id='word_1_471' title='bbox 1323 2497 1413 2529; x_wconf 85' lang='lat' dir='ltr'>Sedis</span> <span class='ocrx_word' id='word_1_472' title='bbox 1440 2498 1537 2529; x_wconf 71' lang='lat' dir='ltr'>tutela</span> <span class='ocrx_word' id='word_1_473' title='bbox 1561 2502 1592 2528; x_wconf 89' lang='lat' dir='ltr'>et</span> <span class='ocrx_word' id='word_1_474' title='bbox 1616 2495 1835 2538; x_wconf 66' lang='lat' dir='ltr'>salvaguardia&#39;i</span> <span class='ocrx_word' id='word_1_475' title='bbox 1866 2496 1931 2528; x_wconf 85' lang='lat' dir='ltr'>exi-</span> 
     </span>
     <span class='ocr_line' id='line_1_93' title="bbox 1196 2548 1929 2592; baseline -0.001 -9"><span class='ocrx_word' id='word_1_476' title='bbox 1196 2550 1352 2583; x_wconf 86' lang='lat' dir='ltr'>stentibus</span> <span class='ocrx_word' id='word_1_477' title='bbox 1384 2549 1623 2592; x_wconf 51' lang='lat' dir='ltr'>quomodt&#39;ilibet</span> <span class='ocrx_word' id='word_1_478' title='bbox 1659 2549 1785 2588; x_wconf 83' lang='lat' dir='ltr'>illatae,</span> <span class='ocrx_word' id='word_1_479' title='bbox 1820 2548 1929 2582; x_wconf 77' lang='lat' dir='ltr'>aliisve</span> 
     </span>
     <span class='ocr_line' id='line_1_94' title="bbox 1233 2610 1758 2645; baseline -0.002 -9"><span class='ocrx_word' id='word_1_480' title='bbox 1233 2613 1242 2636; x_wconf 82' lang='lat'><strong>1</strong></span> <span class='ocrx_word' id='word_1_481' title='bbox 1267 2610 1334 2637; x_wconf 83' lang='lat' dir='ltr'>Edit.</span> <span class='ocrx_word' id='word_1_482' title='bbox 1353 2610 1430 2636; x_wconf 66' lang='grc' dir='ltr'><strong>Μαίη.</strong></span> <span class='ocrx_word' id='word_1_483' title='bbox 1448 2610 1511 2645; x_wconf 73' lang='lat' dir='ltr'>legit</span> <span class='ocrx_word' id='word_1_484' title='bbox 1527 2613 1640 2644; x_wconf 60' lang='grc' dir='ltr'><em>Πρω-[α</em></span> <span class='ocrx_word' id='word_1_485' title='bbox 1655 2610 1695 2644; x_wconf 80' lang='lat' dir='ltr'>(n.</span> <span class='ocrx_word' id='word_1_486' title='bbox 1711 2612 1758 2643; x_wconf 86' lang='grc' dir='ltr'>τ.).</span> 
     </span>
    </p>
   </div>
   <div class='ocr_carea' id='block_1_12' title="bbox 1938 238 2120 268">
    <p class='ocr_par' dir='ltr' id='par_1_12' title="bbox 1938 238 2120 268">
     <span class='ocr_line' id='line_1_95' title="bbox 1938 238 2120 268; baseline 0.011 -2"><span class='ocrx_word' id='word_1_487' title='bbox 1938 240 1985 267; x_wconf 62' lang='lat' dir='ltr'>An.</span> <span class='ocrx_word' id='word_1_488' title='bbox 2003 240 2029 267; x_wconf 93' lang='lat' dir='ltr'>C.</span> <span class='ocrx_word' id='word_1_489' title='bbox 2055 238 2120 268; x_wconf 60' lang='lat'>1601</span> 
     </span>
    </p>
   </div>
  </div>
 </body>
</html>
