2247 3208
156 226 206 254 An.
227 223 256 254 C.
273 224 341 253 1664

169 1929 311 1951 Prooemium.

173 2511 195 2533 Μ
204 2514 260 2532 dira.

937 219 1123 242 ALEXANDER
1148 220 1189 243 ΥΠ
1218 220 1264 243 ΡΡ.

352 271 439 305 tibus
458 280 518 314 pro
538 269 635 313 plene
655 274 686 301 et
703 268 905 302 sufficienter
922 266 1085 310 expressis

348 330 381 358 et
404 323 537 357 insertis
563 323 741 362 habentes,
768 322 833 356 illis
866 321 944 354 alias
969 320 1001 352 in
1027 329 1085 352 suo

347 378 468 412 robore
495 375 738 421 permansuris,
764 375 802 408 ad
828 373 1084 418 praemissorum

347 429 499 463 effectum
531 429 711 468 dumtaxat,
749 426 936 471 specialiter
967 431 999 458 et
1031 435 1084 457 ex-

346 493 461 526 presse
477 483 687 525 dcrogamus;
707 480 892 523 ceterisque
911 478 1081 512 contrariis

345 536 619 580 quibuscumquc;

388 590 403 631 ,Q
428 589 460 622 3.
488 589 551 621 Aut
582 588 608 620 si
640 586 794 631 praefatis
828 590 881 618 ant
912 583 1080 628 quibusvis

344 642 415 676 aliis
441 642 659 676 communiter
682 641 732 673 vel
753 639 879 673 divisim
904 638 979 670 sita
997 637 1080 670 Sede

343 695 531 739 Apostolica
554 694 715 727 indultum
746 693 833 735 quod
863 690 1081 724 excommuni-

342 749 417 789 cari,
444 747 601 791 suspendi
627 751 659 779 et
686 744 837 778 interdici
862 755 927 778 non
952 744 1080 788 possint

342 812 403 845 per
415 801 539 833 litteras
554 799 750 843 apostolicas
763 808 829 830 non
844 797 999 830 facientes
1014 797 1079 840 ple-

341 864 415 886 nam
434 858 467 886 et
482 862 672 895 expressam
693 862 729 884 ae
754 851 793 884 de
817 851 920 884 verbe
946 850 985 883 ad
1006 859 1079 882 ver-

341 906 415 938 bum
434 906 472 939 de
498 905 626 938 indulto
649 903 840 937 huiusmodi
861 902 1073 936 mentionem.

383 959 499 992 Datum
524 958 660 998 Romae,
687 958 775 1001 apud
800 957 831 990 S.
858 957 989 990 Mariam
1015 957 1077 989 Ma-

341 1012 458 1052 iorem,
484 1012 544 1044 sub
570 1012 692 1044 annulo
718 1010 906 1051 piscatoris,
924 1010 975 1043 die
999 1021 1075 1043 xx111

341 1064 691 1105 februariiimuxiv,
723 1063 932 1107 pontificatus
970 1062 1075 1096 nostri

341 1127 428 1150 anno
454 1127 495 1151 lx.

375 1179 435 1207 Dat.
451 1179 494 1207 die
509 1179 543 1207 23
558 1178 688 1207 februarii
706 1179 783 1213 1664,
800 1178 895 1214 pontis.
912 1186 982 1207 anno
1002 1186 1037 1206 lx.

629 1320 779 1354 CDLXIV.

337 1401 490 1434 Diversae
511 1401 734 1435 ordinationes
759 1402 846 1434 circa
870 1401 1076 1446 cappellanos

380 1454 587 1487 ecclesiarum
612 1454 643 1488 S.
667 1455 878 1497 Apollinaris
899 1459 926 1487 et
951 1455 981 1488 S.
1001 1455 1072 1488 Ste-

378 1507 487 1551 phani
509 1508 542 1540 in
567 1508 674 1540 Monte
699 1508 817 1548 Caelio,
834 1518 871 1540 ac
891 1518 1021 1540 escamcn
1048 1512 1075 1540 ct

381 1564 520 1609 petatem
543 1560 759 1601 alumnorum,
777 1571 900 1594 necnon
919 1561 1074 1594 redditio-

380 1624 452 1647 nem
476 1614 646 1647 rationum
662 1614 964 1648 adininislralionis
982 1616 1075 1648 bono-

380 1677 456 1699 rum
479 1667 607 1711 collcyz'z'
623 1667 810 1701 Germanici
826 1672 854 1701 et
870 1668 1026 1712 Unqaricz'
1039 1668 1076 1701 (Ie

383 1719 476 1754 Urbe.

530 1803 696 1830 Alexander
715 1803 794 1836 Papa
814 1802 880 1835 vu,

465 1847 502 1874 ad
520 1850 695 1881 perpetuam
714 1847 757 1874 rei
777 1847 956 1874 memoriam.

383 1910 680 1956 Pastoralisfflffieii
697 1944 704 1958 ,
739 1918 825 1961 quod
851 1922 983 1950 auctore
1008 1918 1074 1951 Deo

339 1971 491 2014 gerimus,
506 1970 693 2004 sollicitudo
706 1981 766 2004 nos
784 1971 947 2011 admonet,
963 1977 1006 2010 ut,
1021 1983 1075 2015 pa-

339 2030 464 2058 ternam
489 2024 705 2068 collegiorum
731 2025 770 2057 ad
794 2025 941 2058 sedulam
965 2025 1076 2057 iuven-

338 2077 415 2109 tutis
440 2077 473 2110 in
490 2077 586 2110 bonis
604 2078 748 2110 moribus
767 2080 910 2121 sanaque
928 2078 1074 2110 doctrina

337 2130 589 2170 institutionem,
616 2130 760 2174 fideique
793 2131 972 2164 catholicae
998 2141 1074 2164 con-

337 2184 554 2217 servationem
579 2188 610 2217 et
634 2183 922 2228 propagationem,
948 2184 1000 2227 pie
1025 2195 1074 2217 sa-

338 2237 532 2281 pienterque
546 2237 768 2271 institutorum
781 2248 893 2270 curam
908 2243 1071 2281 gerentes,

339 2291 471 2324 illorum
495 2291 675 2324 commodis
701 2295 734 2324 et
758 2291 951 2325 utilitatibus
973 2302 1009 2324 ac
1028 2292 1074 2325 se-

338 2344 456 2378 licibus
481 2344 722 2388 progressibus,
741 2349 898 2387 quantum
915 2355 989 2378 cum
1012 2345 1074 2378 Do-

339 2397 427 2431 mino
452 2407 637 2442 possumus,
654 2398 830 2430 consulere
847 2397 966 2441 iugiter
991 2404 1075 2431 sata-

342 2462 466 2494 gamus.

386 2505 401 2548 §
418 2504 449 2537 ¹1.
472 2504 549 2538 Cum
567 2505 688 2548 itaque,
705 2504 789 2537 sicut
804 2505 998 2548 accepimus,
1018 2506 1076 2538 du-

343 2558 417 2591 dum
443 2558 545 2591 felicis
571 2558 808 2591 recordationis
826 2558 1001 2601 Gregorius
1018 2559 1076 2592 Pa-

342 2622 384 2655 pa
408 2610 474 2644 XIII
498 2612 735 2655 praedecessor
752 2615 874 2653 noster,
896 2622 956 2656 per
981 2623 1076 2656 quas-

1766 212 1823 245 2:31

1130 267 1203 300 dani
1227 278 1300 300 suas
1315 278 1415 310 super
1433 268 1621 302 fundatione
1637 275 1668 302 et
1682 271 1861 312 erectione,

1128 331 1163 352 ac
1189 321 1497 363 constitutionibus,
1524 324 1684 365 gubernio
1715 329 1747 357 et
1776 324 1863 358 dire-

1127 373 1234 407 ctione
1259 375 1389 417 collegii
1415 375 1600 410 Germanici
1625 382 1657 410 et
1687 378 1861 421 lhmgarici

1126 427 1164 459 de
1197 427 1281 460 Urbe
1315 428 1496 471 respective
1527 435 1692 463 emanatas
1722 431 1858 471 litteras,

1124 479 1211 512 inter
1236 480 1298 513 alia
1318 481 1520 514 constituerit
1543 488 1578 515 ut
1602 489 1740 526 quatuor
1765 484 1861 517 inini-

1122 537 1262 569 strantes
1289 533 1443 567 obeundo
1470 535 1628 568 eeclesiae
1657 536 1706 569 Ss.
1734 536 1859 570 Sabbae

1122 590 1155 618 et
1179 586 1328 619 Andreae
1353 586 1461 620 eidem
1489 588 1630 631 collegio
1656 589 1765 622 unitae
1791 600 1859 623 ser-

1121 639 1198 672 vitio
1209 639 1463 680 destinarentur;
1479 640 1512 673 hi
1529 651 1605 674 vero
1620 641 1856 682 ministrantes,

1120 692 1225 725 necin
1241 692 1343 725 choro
1361 694 1514 736 psallere,
1528 704 1598 734 nec,
1614 700 1746 737 praeter
1758 706 1857 729 unum

1121 756 1158 778 ex
1176 745 1267 790 ipsis,
1285 747 1416 780 missam
1434 747 1513 779 inibi
1533 749 1703 781 celebrare
1721 759 1858 781 consue-

1119 799 1249 840 verint3
1284 800 1370 832 unde
1403 810 1464 833 nec
1500 800 1597 833 etiam
1634 801 1676 833 ibi
1709 801 1857 834 habitare

1119 858 1250 894 curent,
1277 858 1309 886 et
1333 854 1373 886 de
1398 858 1508 887 mente
1534 854 1684 888 eiusdem
1709 854 1855 898 Gregorii

1118 906 1385 949 praedecessoris
1419 907 1503 940 circa
1540 917 1653 940 eorum
1686 908 1855 941 servitium

1118 969 1183 992 non
1216 959 1292 992 satis
1325 959 1469 1003 liqueat,
1505 960 1641 1004 ipseque
1675 959 1853 1003 Gregorius

1117 1013 1354 1056 praedecessor
1395 1014 1582 1046 sacerdotes
1618 1014 1657 1047 ad
1696 1013 1854 1047 ecelesiae

1118 1067 1148 1098 S.
1177 1065 1334 1109 Stephani
1360 1065 1392 1098 in
1417 1066 1523 1099 Monte
1555 1066 1664 1100 Caelio
1698 1067 1737 1100 de
1767 1066 1854 1100 Urbe

1117 1119 1261 1163 praefata
1279 1119 1365 1151 dieto
1392 1119 1531 1162 collegio
1549 1119 1670 1163 pariter
1688 1118 1854 1153 annexae¹

1118 1171 1286 1204 servitium
1312 1172 1462 1215 deputari
1488 1172 1637 1213 voluerit,
1661 1182 1721 1205 nec
1741 1183 1853 1206 eorum

1117 1234 1287 1256 numerum
1316 1223 1556 1268 praefiniverit;
1586 1235 1623 1257 ac
1661 1225 1700 1257 ab
1737 1225 1852 1258 eodem

1117 1277 1274 1320 Gregorio
1300 1278 1570 1321 praedecessore,
1597 1277 1682 1311 eirca
1716 1288 1852 1311 examen

1116 1332 1321 1364 alumnorum
1347 1335 1519 1374 antequam
1547 1330 1580 1363 in
1609 1330 1730 1363 dictum
1755 1331 1854 1364 colle-

1117 1384 1205 1427 gium
1229 1384 1428 1427 recipiantur
1453 1384 1505 1416 liic
1529 1383 1651 1417 Romae
1681 1384 1854 1417 instituen-

1117 1439 1203 1477 dum,
1229 1437 1423 1481 dispositum
1444 1437 1629 1480 reperiatur
1646 1447 1798 1480 expresse
1818 1442 1854 1469 ut

1117 1491 1353 1524 examinatores
1366 1491 1398 1523 in
1412 1490 1496 1524 Urbe
1509 1491 1657 1523 alumnos
1671 1490 1853 1524 iuramento

1116 1546 1301 1588 approbent
1323 1545 1373 1577 vel
1398 1545 1591 1588 reprobent,
1619 1546 1785 1576 reservata
1809 1548 1854 1576 ta-

1116 1608 1191 1630 men
1212 1597 1432 1641 superioribus
1458 1597 1609 1630 facultate
1633 1597 1852 1630 iuramentum

1117 1650 1275 1684 eiusmodi
1299 1650 1485 1683 remittendi
1517 1649 1543 1682 si
1573 1649 1708 1682 minime
1739 1660 1852 1683 neces-

1117 1704 1237 1736 sarium
1262 1703 1368 1736 visum
1393 1703 1502 1743 l'uerit;
1529 1703 1561 1735 id
1586 1708 1693 1736 autem
1710 1702 1854 1746 singula-

1116 1757 1245 1790 ritatem
1270 1757 1412 1800 aliquam
1437 1757 1617 1797 continere,
1638 1767 1694 1789 seu
1711 1757 1758 1790 illi
1778 1767 1854 1790 cau-

1117 1821 1183 1843 sam
1214 1810 1373 1854 praebere
1405 1809 1572 1850 videatur;
1599 1810 1684 1843 circa
1715 1814 1853 1844 aetatem

1112 1874 1192 1902 ,vero
1217 1865 1423 1896 alumnorum
1440 1864 1658 1906 praefatorum
1678 1863 1709 1896 in
1728 1863 1852 1896 eisdem

1117 1918 1230 1951 litteris
1255 1922 1382 1950 cautum
1408 1917 1591 1960 reperiatur
1608 1922 1642 1949 ut
1666 1917 1713 1950 illi
1739 1917 1852 1960 viginti

1117 1971 1244 2004 circiter
1269 1981 1370 2003 annos
1388 1970 1454 2003 nati
1475 1980 1546 2003 esse
1566 1970 1723 2011 debeant,
1742 1981 1779 2004 ac
1800 1971 1854 2003 de-

1116 2036 1201 2057 mum
1226 2025 1312 2057 idem
1337 2024 1511 2067 Gregorius
1536 2024 1772 2067 praedecessor
1790 2024 1853 2057 dis-

1117 2077 1260 2121 posuerit
1283 2083 1317 2109 ut
1333 2088 1392 2121 pro
1413 2082 1561 2120 tempore
1586 2076 1758 2110 existentes
1779 2088 1853 2121 pro-

1117 2136 1253 2164 tectores
1278 2131 1355 2163 dicti
1380 2130 1512 2173 collegii
1539 2131 1682 2163 rationes
1715 2131 1853 2164 admini-

1116 2184 1279 2217 strationis
1303 2185 1463 2217 bonorum
1487 2184 1586 2227 ipsius
1605 2184 1733 2227 collegii
1755 2195 1854 2228 quan-

1117 2239 1297 2281 documque
1323 2237 1368 2270 eis
1393 2236 1525 2270 libuerit
1548 2237 1607 2270 sibi
1629 2237 1721 2270 reddi
1743 2248 1853 2270 curare

1116 2291 1251 2334 possint,
1278 2290 1303 2323 si
1329 2296 1436 2323 tamen
1454 2289 1736 2323 administratores
1751 2291 1854 2323 bono-

1117 2355 1187 2377 rum
1212 2343 1342 2387 collegii
1369 2343 1555 2376 huiusmodi
1585 2343 1752 2376 Societatis
1784 2343 1853 2376 Iesu

1117 2398 1262 2441 religiosi
1279 2397 1406 2437 suerint,
1426 2397 1474 2430 illi
1491 2397 1613 2430 nemini
1627 2402 1854 2441 praeterquam

1118 2452 1304 2496 praeposito
1336 2450 1480 2494 generali
1510 2451 1655 2484 eiusdem
1685 2450 1854 2484 Societatis

1118 2506 1277 2538 rationem
1303 2504 1443 2537 reddere
1462 2508 1646 2537 teneantur:
1665 2514 1735 2545 nos,
1759 2504 1855 2537 dubia

1118 2570 1216 2602 super
1254 2558 1439 2602 praemissis
1480 2568 1538 2590 seu
1574 2567 1687 2590 eorum
1727 2557 1853 2590 ratione

1156 2622 1165 2647 1
1184 2620 1232 2648 Ed.
1250 2620 1327 2647 Maia.
1341 2620 1423 2647 habet
1438 2620 1586 2648 ecclesiam
1638 2619 1852 2654 annexa(n.r.).

1876 222 1923 248 An.
1945 222 1973 248 C.
1993 222 2057 249 1664

1893 2508 2047 2530 Ordinationes.
