2247 3208
187 246 235 275 An.
254 246 283 274 c.
311 245 379 274 1663
427 235 489 269 114

234 1626 378 1653 Exequutores

195 1653 289 1681 deputat.

387 299 478 328 recte
503 293 553 325 vel
578 289 736 323 indirecte
761 292 815 321 aut
839 286 916 321 alias
945 287 1124 330 quomodo-

389 355 526 388 cumque
557 348 589 376 et
617 342 899 386 qualitercumque
932 341 1040 373 facere
1072 340 1122 373 vel

388 399 485 437 inire,
500 401 555 429 aut
578 395 642 429 illis
662 393 862 428 intervenire
883 394 1026 427 audeant
1043 404 1124 436 quo-

187 466 372 515 fconmvanien-
389 451 572 486 modolibet
595 451 646 483 vel
670 452 898 494 praesumant,
926 448 985 480 sub
1017 447 1124 490 priva-

198 500 240 515 lUffl
254 498 344 521 [1001130.

386 505 485 538 tionis
512 503 761 536 canonicatuum
787 507 819 535 et
842 501 1121 545 praebendarum,

388 568 426 591 ac
458 557 650 599 dignitatum
683 555 779 588 etiam
814 559 890 598 post
919 553 1123 597 pontificales

388 610 548 644 maiorum
577 609 608 641 in
635 607 879 641 cathedralibus
905 612 937 640 et
960 606 1125 651 principa-

378 663 468 696 'lium
493 661 673 703 collegiatis
699 659 861 700 ecclesiis,
877 664 1123 703 personatuum,

388 714 717 753 administrationum,
733 712 914 751 officiorum
924 739 932 753 ,
947 712 1124 746 aliorumve

389 766 620 811 quorumlibet,
643 776 715 798 cum
730 767 809 798 cura
829 770 861 798 et
874 764 943 798 sine
965 767 1052 805 cura,
1068 767 1126 798 be-

387 819 579 852 neficiorum
601 817 911 858 ecclesiasticorum,
927 818 1040 862 quovis
1062 829 1126 852 mo-

389 873 430 906 do
457 871 732 916 qualificatorum,
758 881 820 914 per
845 881 899 904 eas
924 870 957 904 in
982 871 1123 911 titulum,

389 925 625 965 commendam,
651 924 703 957 vel
727 923 1053 964 administrationem,
1072 929 1126 957 aut

389 979 469 1012 alias
496 976 745 1021 quomodolibet
768 987 855 1010 nunc
871 981 904 1010 et
920 988 980 1020 pro
1001 982 1127 1020 tempo-

389 1042 425 1066 re
445 1032 661 1070 obtentorum,
685 1030 791 1073 quoad
816 1031 993 1071 seculares,
1013 1035 1045 1063 et
1060 1030 1126 1074 pri-

389 1084 528 1118 vationis
553 1084 641 1117 vocis
663 1083 784 1117 activae
799 1083 1002 1127 etpassivae,
1019 1084 1125 1127 quoad

390 1139 580 1180 regulares,
617 1147 747 1170 necnon
784 1136 1126 1170 excommunicationis

389 1191 475 1225 latae
501 1189 683 1223 sententiae
710 1190 818 1233 quoad
842 1194 1010 1233 utrosque,
1030 1201 1048 1222 a
1066 1200 1127 1233 qua

390 1253 486 1276 nemo
512 1254 530 1276 a
555 1252 726 1286 quoquam,
753 1241 816 1274 nisi
833 1252 851 1275 a
867 1242 963 1275 nobis
988 1252 1046 1275 seu
1065 1252 1126 1286 pro

391 1300 541 1339 tempore
578 1295 736 1329 existente
773 1295 918 1328 Romano
950 1294 1125 1335 Pontifice‚

390 1354 624 1394 praeterquam
648 1348 682 1382 in
707 1348 822 1381 mortis
847 1348 984 1382 articulo
1008 1348 1128 1381 consti-

391 1407 478 1436 tutus
497 1402 622 1435 absolvi
640 1401 753 1445 possit,
780 1412 841 1445 per
857 1398 1126 1435 centraventores

391 1454 464 1499 ipso
490 1455 573 1488 sacto
599 1454 806 1488 incurrendis
831 1455 962 1498 poenis,
989 1454 1128 1488 auctori-

392 1513 457 1542 tate
472 1508 661 1552 apostolica,
675 1512 790 1541 tenore
808 1508 1040 1552 praesentium,
1054 1518 1129 1552 per·
1145 1524 1146 1528 =

392 1566 491 1606 petuo
517 1561 733 1604 prohibemus
753 1565 784 1594 et
803 1561 1039 1595 interdicimus.

436 1615 451 1658 ἓ
468 1614 499 1648 2.
519 1615 695 1648 Praeterea
718 1614 962 1648 venerabilibus
977 1614 1129 1648 fratribus

394 1668 551 1712 episcopo
572 1667 843 1708 Barchinonensi,
862 1667 1047 1712 ceterisque
1063 1678 1131 1701 me-

393 1721 510 1755 morati
535 1721 736 1765 principatus
756 1721 942 1755 Cataloniae
965 1721 1148 1765 episcopis*

395 1780 428 1808 et
451 1774 723 1819 archiepiscopis,
750 1785 838 1807 nunc
856 1779 887 1807 et
902 1785 963 1818 pro
982 1779 1130 1818 tempore

395 1828 630 1868 existentibus,
671 1837 732 1871 per
772 1827 904 1860 easdem
938 1832 1130 1870 praesentes

395 1881 623 1916 committimus
660 1885 693 1913 et
725 1880 914 1913 mandamus
939 1885 974 1913 ut
1003 1880 1065 1923 ipsi
1102 1885 1134 1913 et

395 1945 509 1968 eorum
534 1934 681 1978 quilibet,
701 1933 747 1966 uti
772 1933 876 1966 nostri
894 1938 927 1966 et
943 1933 1039 1966 huius
1060 1943 1133 1966 san-

396 1993 466 2021 ctae
492 1987 583 2021 Sedis
610 1986 818 2031 Apostolicae
837 1986 877 2020 ad
902 1987 966 2019 hoc
984 1986 1134 2030 speciali-

396 2046 447 2074 ter
472 2040 622 2083 delegati,
649 2039 747 2072 etiam
771 2039 841 2072 sine
865 2038 941 2072 ullis
962 2038 1132 2079 adiunctis,

397 2094 431 2127 in
451 2091 533 2126 suis¹
555 2092 692 2136 quisque
710 2091 892 2125 civitatibus
918 2095 951 2124 et
975 2090 1135 2123 dioecesi·

397 2147 476 2187 bus,
499 2150 612 2180 contra
637 2155 859 2189 quoscumque
892 2143 1133 2177 ecclesiasticos

399 2206 464 2234 tam
478 2202 643 2234 seculares
662 2210 757 2243 quam
774 2199 941 2242 regulares
959 2199 1133 2241 praefatos,

400 2253 498 2287 etiam
523 2252 688 2296 quibusvis
713 2250 1134 2295 privilegiis(libertatibus

401 2312 433 2340 et
457 2305 718 2349 exemptionibus
745 2303 902 2344 suffultos,
929 2308 961 2336 et
985 2304 1024 2336 ab
1050 2303 1136 2336 ordi-

400 2360 492 2393 naria
515 2359 741 2392 iurisdictione
767 2363 953 2402 exemptos,
981 2368 1018 2390 ac
1041 2357 1135 2390 nobis

402 2419 434 2447 et
458 2414 561 2447 dictae
582 2413 657 2446 Sedi
674 2412 861 2445 immediate
886 2411 1062 2450 subiectos,
1083 2410 1135 2454 qui

401 2472 612 2512 praesentem
643 2465 909 2500 constitutionem
940 2464 1137 2508 transgressi

404 2521 532 2561 suerint,
552 2519 609 2554 ad²
627 2519 881 2554 declarationem
898 2518 1045 2552 incursus
1064 2528 1138 2562 poe-

442 2592 451 2618 1
474 2592 539 2619 Male
554 2592 619 2619 edit.
635 2591 714 2619 Maia.
731 2591 794 2626 legit
809 2591 865 2618 tuis
881 2598 927 2625 pro
942 2590 1002 2617 suis
1017 2592 1054 2624 (n.
1071 2588 1119 2623 Τ.).

440 2636 456 2662 2
471 2636 541 2663 Male
556 2637 619 2663 edit.
637 2636 713 2663 Main.
732 2635 796 2672 legit
810 2638 835 2662 ει
850 2643 897 2671 pro
912 2635 950 2661 ad
965 2636 1003 2669 (fl.
1020 2634 1067 2668 T.).

967 238 1146 263 BULLARIUM
1171 237 1322 263 ROMANUM

1156 297 1271 319 narum
1285 286 1470 320 huiusmodi
1484 289 1675 322 auctoritate
1693 290 1805 323 nostra
1819 300 1894 333 pro-

1157 340 1283 380 cedant,
1294 339 1433 384 illasque
1447 340 1718 375 irremissibiliter
1731 353 1895 386 exequan-

1158 397 1219 433 tur,
1243 392 1394 426 invocato
1416 392 1512 425 etiam
1529 394 1568 427 ad
1589 394 1661 434 hoc,
1677 394 1704 427 si
1724 405 1804 438 opus
1826 395 1894 428 sue-

1157 445 1206 486 rit,
1234 445 1352 479 auxilio
1376 446 1503 479 brachii
1529 447 1697 480 secularis:
1723 458 1782 482 nos
1807 448 1893 481 enim

1158 498 1265 532 eidem
1289 499 1570 539 Barchinonensi,
1596 501 1780 544 ceterisque
1807 501 1894 544 epis-

1157 551 1249 595 copis
1268 557 1299 585 et
1319 551 1576 595 archiepiscopis
1595 553 1761 595 praefatis,
1782 563 1893 596 quam-

1158 615 1294 648 cumque
1319 604 1539 637 necessariam
1564 610 1596 637 et
1621 610 1837 648 opportunam
1854 606 1894 640 ad

1158 657 1189 690 id
1216 658 1402 691 facultatem
1419 663 1451 691 et
1470 662 1678 701 potestatem,
1705 658 1820 691 harum
1845 669 1895 691 se-

1158 710 1215 751 rie,
1235 711 1349 744 eadem
1367 711 1568 752 auctoritate,
1594 711 1765 744 tribuimus
1784 716 1817 745 et
1837 711 1895 745 im-

1157 764 1327 808 pertimur.
1442 763 1446 766 ’

1202 817 1216 860 ἓ
1240 816 1271 851 3.
1298 817 1520 851 Decernentes
1546 818 1678 851 easdem
1699 822 1892 861 praesentes

1158 869 1282 903 litteras
1308 880 1439 914 semper
1463 876 1495 903 et
1518 874 1678 914 perpetuo
1703 869 1822 910 firmas,
1842 880 1895 903 va-

1158 923 1240 956 lidas
1266 928 1298 956 et
1321 922 1470 956 efficaces
1496 923 1636 956 existere
1655 927 1686 955 et
1705 923 1784 963 sore,
1804 933 1895 956 suos-

1160 986 1221 1018 que
1246 975 1413 1018 plenarios
1439 980 1472 1008 et
1495 975 1640 1018 integros
1667 973 1798 1008 effeetus
1825 986 1896 1009 sor-

1160 1028 1213 1061 tiri
1239 1033 1270 1062 et
1294 1028 1464 1069 obtinere,
1497 1039 1533 1061 ac
1564 1029 1604 1061 ab
1636 1028 1721 1069 illis,
1748 1029 1787 1062 ad
1813 1039 1894 1073 quos

1160 1086 1287 1125 spectat
1311 1087 1344 1115 et
1367 1092 1426 1125 pro
1452 1086 1599 1124 tempore
1625 1081 1896 1125 quandocumque

1160 1134 1340 1178 spectabit,
1372 1134 1606 1168 inviolabiliter
1630 1134 1809 1175 observari,
1835 1134 1897 1168 sic-

1161 1199 1222 1232 que
1255 1193 1287 1221 et
1315 1198 1382 1222 non
1417 1187 1512 1221 aliter
1543 1188 1575 1220 in
1610 1188 1801 1231 praemissis
1835 1198 1897 1232 per

1161 1252 1380 1286 quoscumque
1413 1241 1537 1274 iudices
1567 1241 1751 1275 ordinarios
1777 1246 1810 1275 et
1841 1242 1897 1275 de-

1160 1296 1296 1338 legatos
1323 1295 1421 1328 etiam
1445 1305 1614 1328 causarum
1633 1295 1744 1338 palatii
1765 1299 1897 1338 aposto-

1160 1348 1215 1382 lici
1240 1348 1419 1390 auditores,
1444 1359 1481 1382 ac
1502 1348 1648 1381 eiusdem
1665 1348 1695 1381 S.
1716 1348 1754 1381 R.
1772 1348 1807 1381 E.
1827 1358 1898 1382 car-

1162 1401 1299 1442 dinales,
1320 1401 1416 1434 etiam
1435 1401 1474 1434 de
1500 1402 1602 1434 latere
1620 1401 1745 1443 legatos
1764 1405 1794 1433 et
1812 1401 1898 1444 Apo-

1161 1454 1295 1487 stolicae
1320 1454 1412 1487 Sedis
1430 1454 1595 1498 praefatae
1610 1453 1756 1494 nuncios,
1773 1454 1900 1486 sublata

1162 1507 1210 1540 eis
1236 1512 1268 1540 et
1292 1516 1405 1540 eorum
1436 1506 1570 1540 cuilibet
1598 1506 1708 1550 quavis
1735 1506 1828 1539 aliter
1852 1505 1900 1538 iu-

1145 1584 1147 1589 -
1163 1560 1292 1594 dicandi
1317 1564 1349 1593 et
1368 1559 1604 1603 interpretandi
1622 1560 1773 1592 facultate
1796 1564 1828 1593 et
1844 1570 1901 1593 au-

1164 1614 1324 1656 ctoritate,
1352 1613 1488 1647 iudicari
1513 1619 1545 1646 et
1568 1613 1695 1647 definiri
1714 1614 1841 1654 debere,
1864 1624 1900 1647 ac

1163 1667 1289 1701 irritum
1314 1672 1346 1701 et
1369 1667 1464 1700 inane
1499 1666 1525 1700 si
1558 1677 1651 1700 secus
1683 1678 1782 1710 super
1806 1667 1856 1700 his
1882 1677 1900 1700 a

1164 1731 1348 1765 quoquam,
1375 1720 1486 1764 quavis
1518 1720 1708 1753 auctoritate
1724 1748 1731 1762 ,
1759 1720 1900 1754 scienter

1163 1775 1212 1807 vel
1232 1773 1432 1817 ignoranter,
1459 1773 1634 1817 contigerit
1657 1773 1820 1807 attentari.

1208 1828 1223 1871 ἓ
1247 1827 1278 1860 4.
1298 1827 1368 1860 Non
1386 1827 1590 1860 obstantibus
1604 1827 1806 1871 praemissis,
1825 1838 1900 1861 nec-

1165 1891 1231 1914 non
1252 1880 1451 1924 apostolicis,
1469 1892 1506 1914 ac
1523 1880 1556 1913 in
1570 1880 1807 1915 universalibus
1824 1892 1901 1925 pro-

1165 1933 1424 1977 vincialibusque
1456 1938 1487 1966 et
1518 1933 1728 1977 synodalibus
1754 1934 1900 1967 conciliis

1166 1986 1270 2027 editis,
1297 1986 1503 2029 generalibus
1527 1987 1577 2019 vel
1598 1986 1804 2029 specialibus,
1826 1996 1903 2019 con-

1167 2039 1390 2072 stitutionibus
1408 2044 1439 2072 et
1456 2039 1726 2079 ordinationibus,
1743 2049 1779 2071 ac
1799 2040 1902 2073 eccle-

1167 2093 1300 2132 siarum,
1325 2092 1486 2132 ordinum,
1504 2092 1702 2133 militiarum,
1725 2102 1903 2135 congrega-

1167 2145 1302 2185 tionum,
1313 2145 1514 2184 societatum,
1528 2144 1813 2184 monasteriorum,
1828 2155 1904 2177 con-

1167 2203 1328 2237 ventuum,
1343 2198 1559 2240 collegiorum
1573 2203 1604 2230 et
1617 2199 1764 2231 locorum
1778 2199 1904 2241 regula-

1168 2250 1251 2283 rium
1277 2261 1565 2294 quorumcumque‚
1590 2251 1687 2283 etiam
1708 2250 1901 2291 iuramento,

1169 2304 1414 2337 confirmatione
1438 2305 1628 2348 apostolica,
1641 2306 1691 2337 vel
1717 2305 1827 2348 quavis
1851 2304 1904 2337 fir-

1169 2357 1280 2390 mitate
1313 2358 1375 2390 alia
1405 2357 1567 2390 roboratis
1584 2385 1591 2397 ,
1619 2358 1745 2390 statutis
1770 2363 1802 2391 et
1825 2368 1903 2391 con-

1170 2410 1414 2451 suetudinibus,
1448 2410 1545 2443 etiam
1577 2411 1903 2451 immemorabilibus‚

1169 2463 1347 2507 privilegiis
1373 2474 1508 2507 quoque,
1534 2463 1677 2504 indultis,
1691 2463 1903 2504 libertatibus,

1171 2516 1431 2560 exemptionibus
1449 2522 1481 2549 et
1500 2516 1613 2549 litteris
1630 2516 1825 2559 apostolicis,
1845 2516 1905 2549 eis-

1172 2571 1245 2603 dem
1269 2570 1434 2610 ecclesiis,
1460 2570 1644 2609 ordinibus,
1670 2569 1803 2609 militiis,
1828 2580 1905 2602 con-

1171 2623 1420 2667 gregationibus,
1447 2622 1662 2664 societatibus,
1687 2622 1901 2664 monasteriis,

1903 241 1951 269 An.
1968 241 1996 269 C.
2019 242 2088 269 1663

1921 855 1925 858 .
1940 828 2051 851 Decretum
2065 829 2092 851 ir-

1910 857 1982 876 ritans.

1939 1834 2054 1857 Contrariis
2062 1835 2097 1856 de—

1915 1864 1983 1888 rogat.
