<?xml version="1.0" encoding="UTF-8"?>
<!DOCTYPE html PUBLIC "-//W3C//DTD XHTML 1.0 Transitional//EN"
    "http://www.w3.org/TR/xhtml1/DTD/xhtml1-transitional.dtd">
<html xmlns="http://www.w3.org/1999/xhtml" xml:lang="en" lang="en">
 <head>
  <title>
</title>
<meta http-equiv="Content-Type" content="text/html;charset=utf-8" />
  <meta name='ocr-system' content='tesseract 3.04.00' />
  <meta name='ocr-capabilities' content='ocr_page ocr_carea ocr_par ocr_line ocrx_word'/>
</head>
<body>
  <div class='ocr_page' id='page_1' title='image "./bullarumdiplomat17cath_0660.png"; bbox 0 0 2247 3208; ppageno 0'>
   <div class='ocr_carea' id='block_1_1' title="bbox 201 223 385 251">
    <p class='ocr_par' dir='ltr' id='par_1_1' title="bbox 201 223 385 251">
     <span class='ocr_line' id='line_1_1' title="bbox 201 223 385 251; baseline -0.011 0"><span class='ocrx_word' id='word_1_1' title='bbox 201 227 250 251; x_wconf 59' lang='grc' dir='ltr'>ΛΠ.</span> <span class='ocrx_word' id='word_1_2' title='bbox 268 223 296 250; x_wconf 89' lang='lat' dir='ltr'>C.</span> <span class='ocrx_word' id='word_1_3' title='bbox 319 223 385 250; x_wconf 74' lang='lat'>¹067</span> 
     </span>
    </p>
   </div>
   <div class='ocr_carea' id='block_1_2' title="bbox 200 1383 366 1405">
    <p class='ocr_par' dir='ltr' id='par_1_2' title="bbox 200 1383 366 1405">
     <span class='ocr_line' id='line_1_2' title="bbox 200 1383 366 1405; baseline -0.006 0"><span class='ocrx_word' id='word_1_4' title='bbox 200 1386 240 1405; x_wconf 63' lang='lat' dir='ltr'>:un</span> <span class='ocrx_word' id='word_1_5' title='bbox 247 1385 301 1405; x_wconf 79' lang='lat' dir='ltr'>:edit</span> <span class='ocrx_word' id='word_1_6' title='bbox 311 1383 366 1405; x_wconf 85' lang='lat' dir='ltr'>Pon-</span> 
     </span>
    </p>
   </div>
   <div class='ocr_carea' id='block_1_3' title="bbox 369 214 1124 2409">
    <p class='ocr_par' dir='ltr' id='par_1_3' title="bbox 377 214 1124 1351">
     <span class='ocr_line' id='line_1_3' title="bbox 433 214 495 246; baseline -0.065 -1"><span class='ocrx_word' id='word_1_7' title='bbox 433 214 495 246; x_wconf 56' lang='lat' dir='ltr'>ruso</span> 
     </span>
     <span class='ocr_line' id='line_1_4' title="bbox 390 263 1124 314; baseline -0.012 -11"><span class='ocrx_word' id='word_1_8' title='bbox 390 282 447 314; x_wconf 88' lang='lat' dir='ltr'>pro</span> <span class='ocrx_word' id='word_1_9' title='bbox 465 281 573 303; x_wconf 85' lang='lat' dir='ltr'>earum</span> <span class='ocrx_word' id='word_1_10' title='bbox 600 267 735 300; x_wconf 77' lang='lat' dir='ltr'>ferventi</span> <span class='ocrx_word' id='word_1_11' title='bbox 766 268 835 298; x_wconf 70' lang='lat' dir='ltr'>zelo</span> <span class='ocrx_word' id='word_1_12' title='bbox 853 266 963 297; x_wconf 77' lang='lat' dir='ltr'>utilem</span> <span class='ocrx_word' id='word_1_13' title='bbox 985 263 1124 296; x_wconf 81' lang='lat' dir='ltr'>laborio—</span> 
     </span>
     <span class='ocr_line' id='line_1_5' title="bbox 387 316 1123 364; baseline -0.01 -10"><span class='ocrx_word' id='word_1_14' title='bbox 387 332 517 364; x_wconf 82' lang='lat' dir='ltr'>samque</span> <span class='ocrx_word' id='word_1_15' title='bbox 544 330 675 362; x_wconf 83' lang='lat' dir='ltr'>operam</span> <span class='ocrx_word' id='word_1_16' title='bbox 708 319 824 362; x_wconf 79' lang='lat' dir='ltr'>puellis</span> <span class='ocrx_word' id='word_1_17' title='bbox 851 316 1024 350; x_wconf 70' lang='lat' dir='ltr'>edocendis</span> <span class='ocrx_word' id='word_1_18' title='bbox 1051 326 1123 347; x_wconf 85' lang='lat' dir='ltr'>cum</span> 
     </span>
     <span class='ocr_line' id='line_1_6' title="bbox 386 369 1123 416; baseline -0.011 -8"><span class='ocrx_word' id='word_1_19' title='bbox 386 385 502 416; x_wconf 65' lang='lat' dir='ltr'>magno</span> <span class='ocrx_word' id='word_1_20' title='bbox 527 373 692 414; x_wconf 65' lang='lat' dir='ltr'>religionis</span> <span class='ocrx_word' id='word_1_21' title='bbox 717 377 748 403; x_wconf 91' lang='lat' dir='ltr'>et</span> <span class='ocrx_word' id='word_1_22' title='bbox 773 371 870 403; x_wconf 83' lang='lat' dir='ltr'>(livini</span> <span class='ocrx_word' id='word_1_23' title='bbox 896 371 1001 402; x_wconf 87' lang='lat' dir='ltr'>cultus</span> <span class='ocrx_word' id='word_1_24' title='bbox 1021 369 1123 401; x_wconf 88' lang='lat' dir='ltr'>incre-</span> 
     </span>
     <span class='ocr_line' id='line_1_7' title="bbox 385 421 1121 464; baseline -0.008 -5"><span class='ocrx_word' id='word_1_25' title='bbox 385 433 492 459; x_wconf 82' lang='lat' dir='ltr'>mento</span> <span class='ocrx_word' id='word_1_26' title='bbox 518 430 644 461; x_wconf 72' lang='lat' dir='ltr'>navent,</span> <span class='ocrx_word' id='word_1_27' title='bbox 668 435 700 456; x_wconf 68' lang='lat' dir='ltr'>ac</span> <span class='ocrx_word' id='word_1_28' title='bbox 726 434 791 455; x_wconf 88' lang='lat' dir='ltr'>non</span> <span class='ocrx_word' id='word_1_29' title='bbox 818 424 920 455; x_wconf 85' lang='lat' dir='ltr'>solum</span> <span class='ocrx_word' id='word_1_30' title='bbox 945 421 1098 464; x_wconf 86' lang='lat' dir='ltr'>propriae</span> <span class='ocrx_word' id='word_1_31' title='bbox 1114 448 1121 457; x_wconf 85' lang='lat'>,</span> 
     </span>
     <span class='ocr_line' id='line_1_8' title="bbox 384 476 1120 518; baseline -0.008 -6"><span class='ocrx_word' id='word_1_32' title='bbox 384 481 437 512; x_wconf 85' lang='lat' dir='ltr'>sed</span> <span class='ocrx_word' id='word_1_33' title='bbox 476 479 571 511; x_wconf 83' lang='lat' dir='ltr'>etiam</span> <span class='ocrx_word' id='word_1_34' title='bbox 606 478 730 510; x_wconf 80' lang='lat' dir='ltr'>alienae</span> <span class='ocrx_word' id='word_1_35' title='bbox 764 477 857 509; x_wconf 76' lang='lat' dir='ltr'>saluti</span> <span class='ocrx_word' id='word_1_36' title='bbox 895 476 1120 518; x_wconf 85' lang='lat' dir='ltr'>procurandae</span> 
     </span>
     <span class='ocr_line' id='line_1_9' title="bbox 383 528 1122 571; baseline -0.007 -8"><span class='ocrx_word' id='word_1_37' title='bbox 383 533 493 564; x_wconf 85' lang='lat' dir='ltr'>sedulo</span> <span class='ocrx_word' id='word_1_38' title='bbox 525 531 734 568; x_wconf 74' lang='lat' dir='ltr'>incumbant3</span> <span class='ocrx_word' id='word_1_39' title='bbox 770 528 929 571; x_wconf 82' lang='lat' dir='ltr'>praefatus</span> <span class='ocrx_word' id='word_1_40' title='bbox 967 538 1042 559; x_wconf 78' lang='lat' dir='ltr'>vero</span> <span class='ocrx_word' id='word_1_41' title='bbox 1075 537 1122 559; x_wconf 85' lang='lat' dir='ltr'>ar-</span> 
     </span>
     <span class='ocr_line' id='line_1_10' title="bbox 382 579 1121 627; baseline -0.008 -11"><span class='ocrx_word' id='word_1_42' title='bbox 382 585 609 627; x_wconf 77' lang='lat' dir='ltr'>chiepiscopus</span> <span class='ocrx_word' id='word_1_43' title='bbox 634 581 874 615; x_wconf 71' lang='lat' dir='ltr'>Canwracensis</span> <span class='ocrx_word' id='word_1_44' title='bbox 903 592 936 612; x_wconf 87' lang='lat' dir='ltr'>ac</span> <span class='ocrx_word' id='word_1_45' title='bbox 958 580 1065 612; x_wconf 82' lang='lat' dir='ltr'>dilecti</span> <span class='ocrx_word' id='word_1_46' title='bbox 1088 579 1121 610; x_wconf 74' lang='lat' dir='ltr'>ti-</span> 
     </span>
     <span class='ocr_line' id='line_1_11' title="bbox 382 632 1119 679; baseline -0.007 -10"><span class='ocrx_word' id='word_1_47' title='bbox 382 637 416 669; x_wconf 92' lang='lat' dir='ltr'>lii</span> <span class='ocrx_word' id='word_1_48' title='bbox 435 636 621 679; x_wconf 76' lang='lat' dir='ltr'>superiores</span> <span class='ocrx_word' id='word_1_49' title='bbox 636 634 907 667; x_wconf 68' lang='lat' dir='ltr'>monasteriorum</span> <span class='ocrx_word' id='word_1_50' title='bbox 933 632 1119 665; x_wconf 89' lang='lat' dir='ltr'>monialium</span> 
     </span>
     <span class='ocr_line' id='line_1_12' title="bbox 381 684 1121 728; baseline -0.005 -8"><span class='ocrx_word' id='word_1_51' title='bbox 381 689 605 721; x_wconf 79' lang='lat' dir='ltr'>Ursulinarum</span> <span class='ocrx_word' id='word_1_52' title='bbox 631 687 817 719; x_wconf 84' lang='lat' dir='ltr'>huiusmodi</span> <span class='ocrx_word' id='word_1_53' title='bbox 846 687 877 718; x_wconf 87' lang='lat' dir='ltr'>in</span> <span class='ocrx_word' id='word_1_54' title='bbox 895 687 1028 728; x_wconf 77' lang='lat' dir='ltr'>utraque</span> <span class='ocrx_word' id='word_1_55' title='bbox 1047 684 1121 717; x_wconf 83' lang='lat' dir='ltr'>Ger-</span> 
     </span>
     <span class='ocr_line' id='line_1_13' title="bbox 382 737 1119 782; baseline -0.004 -10"><span class='ocrx_word' id='word_1_56' title='bbox 382 741 487 773; x_wconf 78' lang='lat' dir='ltr'>mania</span> <span class='ocrx_word' id='word_1_57' title='bbox 502 740 744 772; x_wconf 63' lang='lat' dir='ltr'>consistentium</span> <span class='ocrx_word' id='word_1_58' title='bbox 759 740 919 782; x_wconf 72' lang='lat' dir='ltr'>praefatas</span> <span class='ocrx_word' id='word_1_59' title='bbox 931 737 1019 770; x_wconf 80' lang='lat' dir='ltr'>Pauli</span> <span class='ocrx_word' id='word_1_60' title='bbox 1034 747 1119 779; x_wconf 87' lang='lat' dir='ltr'>prae-</span> 
     </span>
     <span class='ocr_line' id='line_1_14' title="bbox 382 791 1116 826; baseline -0.008 0"><span class='ocrx_word' id='word_1_61' title='bbox 382 793 562 826; x_wconf 77' lang='lat' dir='ltr'>decessoris</span> <span class='ocrx_word' id='word_1_62' title='bbox 577 793 698 826; x_wconf 84' lang='lat' dir='ltr'>litteras</span> <span class='ocrx_word' id='word_1_63' title='bbox 712 793 749 824; x_wconf 83' lang='lat' dir='ltr'>ad</span> <span class='ocrx_word' id='word_1_64' title='bbox 764 792 871 824; x_wconf 86' lang='lat' dir='ltr'>omnia</span> <span class='ocrx_word' id='word_1_65' title='bbox 885 791 1027 823; x_wconf 86' lang='lat' dir='ltr'>eiusdem</span> <span class='ocrx_word' id='word_1_66' title='bbox 1047 800 1116 821; x_wconf 82' lang='lat' dir='ltr'>cum</span> 
     </span>
     <span class='ocr_line' id='line_1_15' title="bbox 380 843 1119 888; baseline -0.008 -10"><span class='ocrx_word' id='word_1_67' title='bbox 380 847 525 888; x_wconf 75' lang='lat' dir='ltr'>praefato</span> <span class='ocrx_word' id='word_1_68' title='bbox 553 846 749 878; x_wconf 70' lang='lat' dir='ltr'>monasterio</span> <span class='ocrx_word' id='word_1_69' title='bbox 775 843 996 886; x_wconf 75' lang='lat' dir='ltr'>Burdigalensi</span> <span class='ocrx_word' id='word_1_70' title='bbox 1031 843 1119 874; x_wconf 82' lang='lat' dir='ltr'>insti-</span> 
     </span>
     <span class='ocr_line' id='line_1_16' title="bbox 379 895 1118 939; baseline -0.007 -8"><span class='ocrx_word' id='word_1_71' title='bbox 379 899 438 931; x_wconf 76' lang='lat' dir='ltr'>tuti</span> <span class='ocrx_word' id='word_1_72' title='bbox 463 898 667 934; x_wconf 79' lang='lat' dir='ltr'>monasteria,</span> <span class='ocrx_word' id='word_1_73' title='bbox 693 904 754 930; x_wconf 82' lang='lat' dir='ltr'>tam</span> <span class='ocrx_word' id='word_1_74' title='bbox 773 902 881 929; x_wconf 81' lang='lat' dir='ltr'>erecta</span> <span class='ocrx_word' id='word_1_75' title='bbox 897 906 992 939; x_wconf 85' lang='lat' dir='ltr'>quam</span> <span class='ocrx_word' id='word_1_76' title='bbox 1016 895 1118 937; x_wconf 89' lang='lat' dir='ltr'>impo-</span> 
     </span>
     <span class='ocr_line' id='line_1_17' title="bbox 379 947 1114 988; baseline -0.007 -5"><span class='ocrx_word' id='word_1_77' title='bbox 379 957 497 983; x_wconf 80' lang='lat' dir='ltr'>sterum</span> <span class='ocrx_word' id='word_1_78' title='bbox 535 951 749 983; x_wconf 77' lang='lat' dir='ltr'>benedicente</span> <span class='ocrx_word' id='word_1_79' title='bbox 777 949 911 982; x_wconf 88' lang='lat' dir='ltr'>Domino</span> <span class='ocrx_word' id='word_1_80' title='bbox 937 947 1114 988; x_wconf 73' lang='lat' dir='ltr'>erigenda,</span> 
     </span>
     <span class='ocr_line' id='line_1_18' title="bbox 379 1000 1116 1045; baseline -0.007 -10"><span class='ocrx_word' id='word_1_81' title='bbox 379 1003 505 1035; x_wconf 74' lang='lat' dir='ltr'>extendi</span> <span class='ocrx_word' id='word_1_82' title='bbox 522 1004 693 1045; x_wconf 86' lang='lat' dir='ltr'>plurimum</span> <span class='ocrx_word' id='word_1_83' title='bbox 710 1000 1010 1033; x_wconf 65' lang='lat' dir='ltr'>‹jlesiderenunobis</span> <span class='ocrx_word' id='word_1_84' title='bbox 1023 1010 1116 1042; x_wconf 87' lang='lat' dir='ltr'>prop-</span> 
     </span>
     <span class='ocr_line' id='line_1_19' title="bbox 377 1053 1117 1096; baseline -0.004 -10"><span class='ocrx_word' id='word_1_85' title='bbox 377 1061 467 1088; x_wconf 84' lang='lat' dir='ltr'>terea</span> <span class='ocrx_word' id='word_1_86' title='bbox 493 1055 594 1087; x_wconf 82' lang='lat' dir='ltr'>dictus</span> <span class='ocrx_word' id='word_1_87' title='bbox 618 1054 883 1096; x_wconf 72' lang='lat' dir='ltr'>archiepiscopus</span> <span class='ocrx_word' id='word_1_88' title='bbox 907 1053 1117 1085; x_wconf 73' lang='lat' dir='ltr'>Cameracen-</span> 
     </span>
     <span class='ocr_line' id='line_1_20' title="bbox 378 1104 1116 1149; baseline -0.007 -9"><span class='ocrx_word' id='word_1_89' title='bbox 378 1107 420 1140; x_wconf 87' lang='lat' dir='ltr'>sis</span> <span class='ocrx_word' id='word_1_90' title='bbox 447 1108 634 1140; x_wconf 85' lang='lat' dir='ltr'>eorumdem</span> <span class='ocrx_word' id='word_1_91' title='bbox 672 1106 874 1149; x_wconf 74' lang='lat' dir='ltr'>superiorum</span> <span class='ocrx_word' id='word_1_92' title='bbox 901 1104 1031 1137; x_wconf 84' lang='lat' dir='ltr'>nomine</span> <span class='ocrx_word' id='word_1_93' title='bbox 1057 1104 1116 1136; x_wconf 85' lang='lat' dir='ltr'>hu-</span> 
     </span>
     <span class='ocr_line' id='line_1_21' title="bbox 377 1157 1115 1203; baseline -0.005 -11"><span class='ocrx_word' id='word_1_94' title='bbox 377 1160 496 1192; x_wconf 88' lang='lat' dir='ltr'>militer</span> <span class='ocrx_word' id='word_1_95' title='bbox 521 1159 695 1203; x_wconf 86' lang='lat' dir='ltr'>supplicari</span> <span class='ocrx_word' id='word_1_96' title='bbox 723 1158 798 1191; x_wconf 74' lang='lat' dir='ltr'>fecit</span> <span class='ocrx_word' id='word_1_97' title='bbox 823 1159 905 1190; x_wconf 86' lang='lat' dir='ltr'>utin</span> <span class='ocrx_word' id='word_1_98' title='bbox 932 1157 1115 1200; x_wconf 75' lang='lat' dir='ltr'>praemissis</span> 
     </span>
     <span class='ocr_line' id='line_1_22' title="bbox 378 1210 1116 1256; baseline -0.005 -11"><span class='ocrx_word' id='word_1_99' title='bbox 378 1218 560 1256; x_wconf 76' lang='lat' dir='ltr'>opportune</span> <span class='ocrx_word' id='word_1_100' title='bbox 585 1212 755 1255; x_wconf 80' lang='lat' dir='ltr'>providere</span> <span class='ocrx_word' id='word_1_101' title='bbox 788 1217 818 1243; x_wconf 89' lang='lat' dir='ltr'>et</span> <span class='ocrx_word' id='word_1_102' title='bbox 843 1215 877 1242; x_wconf 90' lang='lat' dir='ltr'>ut</span> <span class='ocrx_word' id='word_1_103' title='bbox 902 1211 985 1242; x_wconf 75' lang='lat' dir='ltr'>infra</span> <span class='ocrx_word' id='word_1_104' title='bbox 1009 1210 1116 1242; x_wconf 90' lang='lat' dir='ltr'>indul-</span> 
     </span>
     <span class='ocr_line' id='line_1_23' title="bbox 378 1263 1115 1308; baseline -0.005 -10"><span class='ocrx_word' id='word_1_105' title='bbox 378 1276 453 1308; x_wconf 78' lang='lat' dir='ltr'>gere</span> <span class='ocrx_word' id='word_1_106' title='bbox 480 1266 518 1297; x_wconf 87' lang='lat' dir='ltr'>de</span> <span class='ocrx_word' id='word_1_107' title='bbox 543 1265 741 1306; x_wconf 73' lang='lat' dir='ltr'>benignitate</span> <span class='ocrx_word' id='word_1_108' title='bbox 767 1263 942 1306; x_wconf 75' lang='lat' dir='ltr'>apostoliea</span> <span class='ocrx_word' id='word_1_109' title='bbox 967 1263 1115 1304; x_wconf 73' lang='lat' dir='ltr'>dignare-</span> 
     </span>
     <span class='ocr_line' id='line_1_24' title="bbox 377 1329 461 1351; baseline -0.012 0"><span class='ocrx_word' id='word_1_110' title='bbox 377 1329 461 1351; x_wconf 90' lang='lat' dir='ltr'>mur.</span> 
     </span>
    </p>

    <p class='ocr_par' dir='ltr' id='par_1_4' title="bbox 369 1368 1113 2409">
     <span class='ocr_line' id='line_1_25' title="bbox 420 1368 1113 1413; baseline -0.006 -10"><span class='ocrx_word' id='word_1_111' title='bbox 420 1370 490 1413; x_wconf 64' lang='lat'>§3</span> <span class='ocrx_word' id='word_1_112' title='bbox 518 1370 580 1402; x_wconf 88' lang='lat' dir='ltr'>Nos</span> <span class='ocrx_word' id='word_1_113' title='bbox 618 1370 728 1411; x_wconf 69' lang='lat' dir='ltr'>igitur,</span> <span class='ocrx_word' id='word_1_114' title='bbox 765 1370 854 1412; x_wconf 89' lang='lat' dir='ltr'>ipsos</span> <span class='ocrx_word' id='word_1_115' title='bbox 894 1368 1113 1410; x_wconf 77' lang='lat' dir='ltr'>archiepisco—</span> 
     </span>
     <span class='ocr_line' id='line_1_26' title="bbox 377 1420 1112 1466; baseline -0.004 -12"><span class='ocrx_word' id='word_1_116' title='bbox 377 1433 453 1466; x_wconf 87' lang='lat' dir='ltr'>pum</span> <span class='ocrx_word' id='word_1_117' title='bbox 471 1434 506 1455; x_wconf 87' lang='lat' dir='ltr'>ac</span> <span class='ocrx_word' id='word_1_118' title='bbox 532 1421 717 1464; x_wconf 83' lang='lat' dir='ltr'>superiores</span> <span class='ocrx_word' id='word_1_119' title='bbox 736 1426 765 1453; x_wconf 87' lang='lat' dir='ltr'>et</span> <span class='ocrx_word' id='word_1_120' title='bbox 791 1421 948 1453; x_wconf 76' lang='lat' dir='ltr'>moniales</span> <span class='ocrx_word' id='word_1_121' title='bbox 969 1420 1112 1462; x_wconf 86' lang='lat' dir='ltr'>speciali-</span> 
     </span>
     <span class='ocr_line' id='line_1_27' title="bbox 374 1473 1113 1516; baseline -0.003 -9"><span class='ocrx_word' id='word_1_122' title='bbox 374 1476 434 1507; x_wconf 87' lang='lat' dir='ltr'>bus</span> <span class='ocrx_word' id='word_1_123' title='bbox 460 1475 621 1506; x_wconf 73' lang='lat' dir='ltr'>favoribus</span> <span class='ocrx_word' id='word_1_124' title='bbox 648 1478 679 1506; x_wconf 87' lang='lat' dir='ltr'>et</span> <span class='ocrx_word' id='word_1_125' title='bbox 704 1474 813 1515; x_wconf 70' lang='lat' dir='ltr'>gratiis</span> <span class='ocrx_word' id='word_1_126' title='bbox 832 1473 1113 1516; x_wconf 83' lang='lat' dir='ltr'>prosequivolen-</span> 
     </span>
     <span class='ocr_line' id='line_1_28' title="bbox 376 1526 1112 1568; baseline -0.004 -8"><span class='ocrx_word' id='word_1_127' title='bbox 376 1534 437 1567; x_wconf 66' lang='lat' dir='ltr'>tes,</span> <span class='ocrx_word' id='word_1_128' title='bbox 454 1533 607 1559; x_wconf 85' lang='lat' dir='ltr'>eteorum</span> <span class='ocrx_word' id='word_1_129' title='bbox 633 1526 811 1568; x_wconf 75' lang='lat' dir='ltr'>singulares</span> <span class='ocrx_word' id='word_1_130' title='bbox 837 1536 993 1568; x_wconf 79' lang='lat' dir='ltr'>personas</span> <span class='ocrx_word' id='word_1_131' title='bbox 1008 1536 1025 1558; x_wconf 92' lang='lat' dir='ltr'>a</span> <span class='ocrx_word' id='word_1_132' title='bbox 1042 1526 1112 1568; x_wconf 90' lang='lat' dir='ltr'>qui-</span> 
     </span>
     <span class='ocr_line' id='line_1_29' title="bbox 373 1578 1109 1621; baseline -0.001 -10"><span class='ocrx_word' id='word_1_133' title='bbox 373 1580 481 1611; x_wconf 77' lang='lat' dir='ltr'>busvis</span> <span class='ocrx_word' id='word_1_134' title='bbox 517 1578 880 1617; x_wconf 71' lang='lat' dir='ltr'>excommunicationis,</span> <span class='ocrx_word' id='word_1_135' title='bbox 918 1578 1109 1621; x_wconf 87' lang='lat' dir='ltr'>suspensio-</span> 
     </span>
     <span class='ocr_line' id='line_1_30' title="bbox 374 1630 1108 1673; baseline -0.003 -9"><span class='ocrx_word' id='word_1_136' title='bbox 374 1633 423 1664; x_wconf 89' lang='lat' dir='ltr'>nis</span> <span class='ocrx_word' id='word_1_137' title='bbox 449 1638 480 1664; x_wconf 83' lang='lat' dir='ltr'>et</span> <span class='ocrx_word' id='word_1_138' title='bbox 502 1632 690 1670; x_wconf 83' lang='lat' dir='ltr'>interdicti,</span> <span class='ocrx_word' id='word_1_139' title='bbox 722 1631 855 1673; x_wconf 81' lang='lat' dir='ltr'>aliisque</span> <span class='ocrx_word' id='word_1_140' title='bbox 886 1630 1108 1663; x_wconf 84' lang='lat' dir='ltr'>ecclesiasticis</span> 
     </span>
     <span class='ocr_line' id='line_1_31' title="bbox 373 1682 1108 1726; baseline -0.003 -9"><span class='ocrx_word' id='word_1_141' title='bbox 373 1685 551 1723; x_wconf 68' lang='lat' dir='ltr'>sententiis,</span> <span class='ocrx_word' id='word_1_142' title='bbox 566 1684 707 1716; x_wconf 79' lang='lat' dir='ltr'>censuris</span> <span class='ocrx_word' id='word_1_143' title='bbox 729 1689 760 1715; x_wconf 87' lang='lat' dir='ltr'>ct</span> <span class='ocrx_word' id='word_1_144' title='bbox 784 1682 924 1726; x_wconf 77' lang='lat' dir='ltr'>poenis,¹</span> <span class='ocrx_word' id='word_1_145' title='bbox 939 1694 956 1715; x_wconf 90' lang='lat' dir='ltr'>a</span> <span class='ocrx_word' id='word_1_146' title='bbox 976 1683 1043 1715; x_wconf 89' lang='lat' dir='ltr'>iure</span> <span class='ocrx_word' id='word_1_147' title='bbox 1061 1684 1108 1715; x_wconf 86' lang='lat' dir='ltr'>vel</span> 
     </span>
     <span class='ocr_line' id='line_1_32' title="bbox 373 1736 1111 1779; baseline -0.003 -9"><span class='ocrx_word' id='word_1_148' title='bbox 373 1739 413 1770; x_wconf 84' lang='lat' dir='ltr'>ab</span> <span class='ocrx_word' id='word_1_149' title='bbox 440 1737 593 1775; x_wconf 85' lang='lat' dir='ltr'>homine,</span> <span class='ocrx_word' id='word_1_150' title='bbox 621 1736 729 1779; x_wconf 84' lang='lat' dir='ltr'>quavis</span> <span class='ocrx_word' id='word_1_151' title='bbox 755 1737 924 1769; x_wconf 81' lang='lat' dir='ltr'>occasione</span> <span class='ocrx_word' id='word_1_152' title='bbox 949 1737 997 1768; x_wconf 91' lang='lat' dir='ltr'>vel</span> <span class='ocrx_word' id='word_1_153' title='bbox 1016 1738 1111 1768; x_wconf 83' lang='lat' dir='ltr'>causa</span> 
     </span>
     <span class='ocr_line' id='line_1_33' title="bbox 373 1789 1108 1833; baseline -0.004 -9"><span class='ocrx_word' id='word_1_154' title='bbox 373 1792 457 1831; x_wconf 85' lang='lat' dir='ltr'>latis,</span> <span class='ocrx_word' id='word_1_155' title='bbox 482 1791 642 1833; x_wconf 77' lang='lat' dir='ltr'>siquibus</span> <span class='ocrx_word' id='word_1_156' title='bbox 671 1790 919 1832; x_wconf 85' lang='lat' dir='ltr'>quomodolibet</span> <span class='ocrx_word' id='word_1_157' title='bbox 934 1789 1108 1822; x_wconf 80' lang='lat' dir='ltr'>innodatae</span> 
     </span>
     <span class='ocr_line' id='line_1_34' title="bbox 375 1841 1110 1885; baseline -0.003 -10"><span class='ocrx_word' id='word_1_158' title='bbox 375 1843 524 1881; x_wconf 80' lang='lat' dir='ltr'>existunt,</span> <span class='ocrx_word' id='word_1_159' title='bbox 543 1844 581 1875; x_wconf 91' lang='lat' dir='ltr'>ad</span> <span class='ocrx_word' id='word_1_160' title='bbox 608 1841 753 1874; x_wconf 75' lang='lat' dir='ltr'>ellectum</span> <span class='ocrx_word' id='word_1_161' title='bbox 773 1842 993 1885; x_wconf 88' lang='lat' dir='ltr'>praesentium</span> <span class='ocrx_word' id='word_1_162' title='bbox 1020 1842 1110 1874; x_wconf 74' lang='lat' dir='ltr'>duni-</span> 
     </span>
     <span class='ocr_line' id='line_1_35' title="bbox 376 1895 1109 1939; baseline -0.001 -11"><span class='ocrx_word' id='word_1_163' title='bbox 376 1902 461 1928; x_wconf 74' lang='lat' dir='ltr'>taxat</span> <span class='ocrx_word' id='word_1_164' title='bbox 485 1896 772 1939; x_wconf 71' lang='lat' dir='ltr'>consequendum,</span> <span class='ocrx_word' id='word_1_165' title='bbox 801 1896 914 1927; x_wconf 88' lang='lat' dir='ltr'>harum</span> <span class='ocrx_word' id='word_1_166' title='bbox 951 1895 1034 1927; x_wconf 88' lang='lat' dir='ltr'>serie</span> <span class='ocrx_word' id='word_1_167' title='bbox 1059 1896 1109 1927; x_wconf 89' lang='lat' dir='ltr'>ab-</span> 
     </span>
     <span class='ocr_line' id='line_1_36' title="bbox 374 1948 1106 1988; baseline 0.001 -9"><span class='ocrx_word' id='word_1_168' title='bbox 374 1950 534 1981; x_wconf 80' lang='lat' dir='ltr'>solventes</span> <span class='ocrx_word' id='word_1_169' title='bbox 560 1954 591 1980; x_wconf 89' lang='lat' dir='ltr'>et</span> <span class='ocrx_word' id='word_1_170' title='bbox 616 1949 779 1981; x_wconf 82' lang='lat' dir='ltr'>absolutas</span> <span class='ocrx_word' id='word_1_171' title='bbox 814 1948 883 1980; x_wconf 88' lang='lat' dir='ltr'>sore</span> <span class='ocrx_word' id='word_1_172' title='bbox 914 1953 1080 1980; x_wconf 74' lang='lat' dir='ltr'>censentes</span> <span class='ocrx_word' id='word_1_173' title='bbox 1099 1974 1106 1988; x_wconf 83' lang='lat'>‚</span> 
     </span>
     <span class='ocr_line' id='line_1_37' title="bbox 371 2000 1107 2043; baseline 0 -11"><span class='ocrx_word' id='word_1_174' title='bbox 371 2011 499 2033; x_wconf 79' lang='lat' dir='ltr'>necnon</span> <span class='ocrx_word' id='word_1_175' title='bbox 530 2001 685 2033; x_wconf 74' lang='lat' dir='ltr'>dictarum</span> <span class='ocrx_word' id='word_1_176' title='bbox 721 2001 810 2033; x_wconf 83' lang='lat' dir='ltr'>Pauli</span> <span class='ocrx_word' id='word_1_177' title='bbox 847 2000 1107 2043; x_wconf 75' lang='lat' dir='ltr'>praedecessoris</span> 
     </span>
     <span class='ocr_line' id='line_1_38' title="bbox 372 2053 1108 2096; baseline 0 -12"><span class='ocrx_word' id='word_1_178' title='bbox 372 2054 554 2085; x_wconf 86' lang='lat' dir='ltr'>litterarum</span> <span class='ocrx_word' id='word_1_179' title='bbox 590 2059 735 2086; x_wconf 89' lang='lat' dir='ltr'>tenorem</span> <span class='ocrx_word' id='word_1_180' title='bbox 776 2053 1000 2096; x_wconf 85' lang='lat' dir='ltr'>praesentibus</span> <span class='ocrx_word' id='word_1_181' title='bbox 1047 2064 1108 2095; x_wconf 86' lang='lat' dir='ltr'>pro</span> 
     </span>
     <span class='ocr_line' id='line_1_39' title="bbox 371 2105 1108 2148; baseline -0.001 -11"><span class='ocrx_word' id='word_1_182' title='bbox 371 2106 467 2147; x_wconf 80' lang='lat' dir='ltr'>plene</span> <span class='ocrx_word' id='word_1_183' title='bbox 494 2111 526 2137; x_wconf 79' lang='lat' dir='ltr'>et</span> <span class='ocrx_word' id='word_1_184' title='bbox 549 2105 746 2137; x_wconf 78' lang='lat' dir='ltr'>sufficienter</span> <span class='ocrx_word' id='word_1_185' title='bbox 761 2115 915 2148; x_wconf 74' lang='lat' dir='ltr'>expresso</span> <span class='ocrx_word' id='word_1_186' title='bbox 942 2106 1108 2145; x_wconf 82' lang='lat' dir='ltr'>habentes,</span> 
     </span>
     <span class='ocr_line' id='line_1_40' title="bbox 371 2157 1108 2200; baseline 0.001 -11"><span class='ocrx_word' id='word_1_187' title='bbox 371 2158 555 2190; x_wconf 87' lang='lat' dir='ltr'>huiusmodi</span> <span class='ocrx_word' id='word_1_188' title='bbox 581 2157 870 2200; x_wconf 74' lang='lat' dir='ltr'>supplicationibus</span> <span class='ocrx_word' id='word_1_189' title='bbox 892 2157 1049 2197; x_wconf 86' lang='lat' dir='ltr'>inclinati,</span> <span class='ocrx_word' id='word_1_190' title='bbox 1070 2158 1108 2190; x_wconf 84' lang='lat' dir='ltr'>de</span> 
     </span>
     <span class='ocr_line' id='line_1_41' title="bbox 370 2209 1105 2242; baseline 0 -1"><span class='ocrx_word' id='word_1_191' title='bbox 370 2210 607 2242; x_wconf 71' lang='lat' dir='ltr'>venerabilium</span> <span class='ocrx_word' id='word_1_192' title='bbox 625 2211 759 2242; x_wconf 81' lang='lat' dir='ltr'>fratrum</span> <span class='ocrx_word' id='word_1_193' title='bbox 770 2215 955 2242; x_wconf 87' lang='lat' dir='ltr'>nostrorum</span> <span class='ocrx_word' id='word_1_194' title='bbox 973 2209 1002 2241; x_wconf 79' lang='lat' dir='ltr'>S.</span> <span class='ocrx_word' id='word_1_195' title='bbox 1020 2210 1055 2241; x_wconf 80' lang='lat' dir='ltr'>R.</span> <span class='ocrx_word' id='word_1_196' title='bbox 1071 2210 1105 2241; x_wconf 90' lang='lat' dir='ltr'>E.</span> 
     </span>
     <span class='ocr_line' id='line_1_42' title="bbox 371 2262 1106 2304; baseline 0 -10"><span class='ocrx_word' id='word_1_197' title='bbox 371 2262 584 2295; x_wconf 77' lang='lat' dir='ltr'>cardinalium</span> <span class='ocrx_word' id='word_1_198' title='bbox 609 2262 746 2304; x_wconf 75' lang='lat' dir='ltr'>negotiis</span> <span class='ocrx_word' id='word_1_199' title='bbox 767 2268 798 2295; x_wconf 91' lang='lat' dir='ltr'>et</span> <span class='ocrx_word' id='word_1_200' title='bbox 814 2262 1106 2295; x_wconf 71' lang='lat' dir='ltr'>consultationibus</span> 
     </span>
     <span class='ocr_line' id='line_1_43' title="bbox 371 2314 1109 2358; baseline 0.001 -12"><span class='ocrx_word' id='word_1_201' title='bbox 371 2314 601 2357; x_wconf 85' lang='lat' dir='ltr'>episcoporum</span> <span class='ocrx_word' id='word_1_202' title='bbox 627 2320 657 2347; x_wconf 87' lang='lat' dir='ltr'>et</span> <span class='ocrx_word' id='word_1_203' title='bbox 681 2315 881 2357; x_wconf 76' lang='lat' dir='ltr'>regularium</span> <span class='ocrx_word' id='word_1_204' title='bbox 907 2315 1109 2358; x_wconf 81' lang='lat' dir='ltr'>praeposito-</span> 
     </span>
     <span class='ocr_line' id='line_1_44' title="bbox 369 2367 1108 2409; baseline 0 -10"><span class='ocrx_word' id='word_1_205' title='bbox 369 2377 441 2398; x_wconf 88' lang='lat' dir='ltr'>rum</span> <span class='ocrx_word' id='word_1_206' title='bbox 468 2367 624 2407; x_wconf 86' lang='lat' dir='ltr'>consilio‚</span> <span class='ocrx_word' id='word_1_207' title='bbox 649 2367 780 2399; x_wconf 81' lang='lat' dir='ltr'>attentis</span> <span class='ocrx_word' id='word_1_208' title='bbox 804 2368 944 2399; x_wconf 87' lang='lat' dir='ltr'>narratis</span> <span class='ocrx_word' id='word_1_209' title='bbox 961 2395 968 2407; x_wconf 87' lang='lat'>‚</span> <span class='ocrx_word' id='word_1_210' title='bbox 995 2378 1108 2409; x_wconf 76' lang='lat' dir='ltr'>supra-</span> 
     </span>
    </p>
   </div>
   <div class='ocr_carea' id='block_1_4' title="bbox 970 216 1324 240">
    <p class='ocr_par' dir='ltr' id='par_1_5' title="bbox 970 216 1324 240">
     <span class='ocr_line' id='line_1_45' title="bbox 970 216 1324 240; baseline -0.006 0"><span class='ocrx_word' id='word_1_211' title='bbox 970 217 1149 240; x_wconf 22' lang='lat' dir='ltr'>ntfftvlntt‘m</span> <span class='ocrx_word' id='word_1_212' title='bbox 1175 216 1238 239; x_wconf 61' lang='lat'>[3031</span> <span class='ocrx_word' id='word_1_213' title='bbox 1247 216 1324 239; x_wconf 49' lang='lat' dir='ltr'>thitt</span> 
     </span>
    </p>
   </div>
   <div class='ocr_carea' id='block_1_5' title="bbox 1135 674 1142 1297">
    <p class='ocr_par' dir='ltr' id='par_1_6' title="bbox 1135 674 1142 1297">
     <span class='ocr_line' id='line_1_46' title="bbox 1135 674 1142 1297; baseline 0 0"><span class='ocrx_word' id='word_1_214' title='bbox 1135 674 1142 1297; x_wconf 95' lang='lat' dir='ltr'> </span> 
     </span>
    </p>
   </div>
   <div class='ocr_carea' id='block_1_6' title="bbox 1154 260 1903 1723">
    <p class='ocr_par' dir='ltr' id='par_1_7' title="bbox 1163 260 1903 567">
     <span class='ocr_line' id='line_1_47' title="bbox 1167 260 1903 304; baseline -0.004 -10"><span class='ocrx_word' id='word_1_215' title='bbox 1167 263 1246 295; x_wconf 84' lang='lat' dir='ltr'>teria</span> <span class='ocrx_word' id='word_1_216' title='bbox 1272 263 1305 294; x_wconf 92' lang='lat' dir='ltr'>in</span> <span class='ocrx_word' id='word_1_217' title='bbox 1329 263 1464 304; x_wconf 76' lang='lat' dir='ltr'>utraque</span> <span class='ocrx_word' id='word_1_218' title='bbox 1489 261 1658 294; x_wconf 81' lang='lat' dir='ltr'>Germania</span> <span class='ocrx_word' id='word_1_219' title='bbox 1693 266 1755 293; x_wconf 85' lang='lat' dir='ltr'>tam</span> <span class='ocrx_word' id='word_1_220' title='bbox 1784 260 1903 292; x_wconf 85' lang='lat' dir='ltr'>hucus-</span> 
     </span>
     <span class='ocr_line' id='line_1_48' title="bbox 1166 313 1901 357; baseline -0.003 -12"><span class='ocrx_word' id='word_1_221' title='bbox 1166 325 1226 357; x_wconf 81' lang='lat' dir='ltr'>que</span> <span class='ocrx_word' id='word_1_222' title='bbox 1252 319 1360 347; x_wconf 87' lang='lat' dir='ltr'>crecta</span> <span class='ocrx_word' id='word_1_223' title='bbox 1385 324 1480 356; x_wconf 86' lang='lat' dir='ltr'>quam</span> <span class='ocrx_word' id='word_1_224' title='bbox 1499 315 1531 345; x_wconf 91' lang='lat' dir='ltr'>in</span> <span class='ocrx_word' id='word_1_225' title='bbox 1549 319 1711 356; x_wconf 86' lang='lat' dir='ltr'>posterum</span> <span class='ocrx_word' id='word_1_226' title='bbox 1736 313 1901 353; x_wconf 73' lang='lat' dir='ltr'>erigenda.</span> 
     </span>
     <span class='ocr_line' id='line_1_49' title="bbox 1164 366 1902 409; baseline -0.004 -10"><span class='ocrx_word' id='word_1_227' title='bbox 1164 367 1353 399; x_wconf 84' lang='lat' dir='ltr'>auctoritate</span> <span class='ocrx_word' id='word_1_228' title='bbox 1379 366 1579 409; x_wconf 75' lang='lat' dir='ltr'>apostolica.</span> <span class='ocrx_word' id='word_1_229' title='bbox 1611 370 1722 398; x_wconf 82' lang='lat' dir='ltr'>tenore</span> <span class='ocrx_word' id='word_1_230' title='bbox 1747 375 1902 408; x_wconf 83' lang='lat' dir='ltr'>praesen-</span> 
     </span>
     <span class='ocr_line' id='line_1_50' title="bbox 1165 419 1899 460; baseline -0.005 -8"><span class='ocrx_word' id='word_1_231' title='bbox 1165 420 1265 457; x_wconf 79' lang='lat' dir='ltr'>tium,</span> <span class='ocrx_word' id='word_1_232' title='bbox 1292 419 1496 452; x_wconf 75' lang='lat' dir='ltr'>extendimus</span> <span class='ocrx_word' id='word_1_233' title='bbox 1525 424 1556 451; x_wconf 88' lang='lat' dir='ltr'>et</span> <span class='ocrx_word' id='word_1_234' title='bbox 1581 419 1789 460; x_wconf 77' lang='lat' dir='ltr'>ampliamus3</span> <span class='ocrx_word' id='word_1_235' title='bbox 1815 419 1899 450; x_wconf 65' lang='lat' dir='ltr'>salva</span> 
     </span>
     <span class='ocr_line' id='line_1_51' title="bbox 1165 471 1898 515; baseline -0.003 -11"><span class='ocrx_word' id='word_1_236' title='bbox 1165 477 1267 504; x_wconf 83' lang='lat' dir='ltr'>tamen</span> <span class='ocrx_word' id='word_1_237' title='bbox 1295 483 1422 515; x_wconf 86' lang='lat' dir='ltr'>semper</span> <span class='ocrx_word' id='word_1_238' title='bbox 1447 472 1477 504; x_wconf 88' lang='lat' dir='ltr'>in</span> <span class='ocrx_word' id='word_1_239' title='bbox 1504 471 1687 514; x_wconf 76' lang='lat' dir='ltr'>praemissis</span> <span class='ocrx_word' id='word_1_240' title='bbox 1713 471 1898 504; x_wconf 77' lang='lat' dir='ltr'>auctoritate</span> 
     </span>
     <span class='ocr_line' id='line_1_52' title="bbox 1163 523 1896 567; baseline 0 -12"><span class='ocrx_word' id='word_1_241' title='bbox 1163 524 1425 567; x_wconf 71' lang='lat' dir='ltr'>congregationis</span> <span class='ocrx_word' id='word_1_242' title='bbox 1439 524 1656 567; x_wconf 82' lang='lat' dir='ltr'>praefatorum</span> <span class='ocrx_word' id='word_1_243' title='bbox 1675 523 1896 556; x_wconf 87' lang='lat' dir='ltr'>cardinalium.</span> 
     </span>
    </p>

    <p class='ocr_par' dir='ltr' id='par_1_8' title="bbox 1158 576 1900 1245">
     <span class='ocr_line' id='line_1_53' title="bbox 1207 576 1900 621; baseline -0.003 -11"><span class='ocrx_word' id='word_1_244' title='bbox 1207 578 1263 621; x_wconf 58' lang='lat' dir='ltr'>§li</span> <span class='ocrx_word' id='word_1_245' title='bbox 1278 578 1491 610; x_wconf 79' lang='lat' dir='ltr'>Decernentes</span> <span class='ocrx_word' id='word_1_246' title='bbox 1507 577 1634 609; x_wconf 82' lang='lat' dir='ltr'>easdem</span> <span class='ocrx_word' id='word_1_247' title='bbox 1654 580 1840 619; x_wconf 79' lang='lat' dir='ltr'>praesentes</span> <span class='ocrx_word' id='word_1_248' title='bbox 1853 576 1900 609; x_wconf 85' lang='lat' dir='ltr'>lit-</span> 
     </span>
     <span class='ocr_line' id='line_1_54' title="bbox 1163 627 1898 672; baseline -0.003 -10"><span class='ocrx_word' id='word_1_249' title='bbox 1163 635 1246 663; x_wconf 72' lang='lat' dir='ltr'>teras</span> <span class='ocrx_word' id='word_1_250' title='bbox 1271 640 1396 672; x_wconf 84' lang='lat' dir='ltr'>semper</span> <span class='ocrx_word' id='word_1_251' title='bbox 1413 629 1527 665; x_wconf 78' lang='lat' dir='ltr'>firmas,</span> <span class='ocrx_word' id='word_1_252' title='bbox 1553 629 1675 661; x_wconf 84' lang='lat' dir='ltr'>validas</span> <span class='ocrx_word' id='word_1_253' title='bbox 1697 633 1729 660; x_wconf 86' lang='lat' dir='ltr'>et</span> <span class='ocrx_word' id='word_1_254' title='bbox 1752 627 1898 660; x_wconf 76' lang='lat' dir='ltr'>efficaces</span> 
     </span>
     <span class='ocr_line' id='line_1_55' title="bbox 1162 679 1899 724; baseline -0.003 -10"><span class='ocrx_word' id='word_1_255' title='bbox 1162 682 1297 714; x_wconf 70' lang='lat' dir='ltr'>existere</span> <span class='ocrx_word' id='word_1_256' title='bbox 1323 688 1354 713; x_wconf 86' lang='lat' dir='ltr'>et</span> <span class='ocrx_word' id='word_1_257' title='bbox 1379 682 1457 721; x_wconf 82' lang='lat' dir='ltr'>fore,</span> <span class='ocrx_word' id='word_1_258' title='bbox 1471 691 1609 724; x_wconf 80' lang='lat' dir='ltr'>suosque</span> <span class='ocrx_word' id='word_1_259' title='bbox 1627 680 1791 723; x_wconf 83' lang='lat' dir='ltr'>plenarios</span> <span class='ocrx_word' id='word_1_260' title='bbox 1807 686 1837 712; x_wconf 88' lang='lat' dir='ltr'>et</span> <span class='ocrx_word' id='word_1_261' title='bbox 1850 679 1899 712; x_wconf 85' lang='lat' dir='ltr'>in-</span> 
     </span>
     <span class='ocr_line' id='line_1_56' title="bbox 1164 732 1896 776; baseline -0.001 -10"><span class='ocrx_word' id='word_1_262' title='bbox 1164 740 1269 776; x_wconf 74' lang='lat' dir='ltr'>tegros</span> <span class='ocrx_word' id='word_1_263' title='bbox 1283 734 1411 767; x_wconf 75' lang='lat' dir='ltr'>effectus</span> <span class='ocrx_word' id='word_1_264' title='bbox 1429 734 1535 767; x_wconf 85' lang='lat' dir='ltr'>sortiri</span> <span class='ocrx_word' id='word_1_265' title='bbox 1551 739 1582 766; x_wconf 87' lang='lat' dir='ltr'>et</span> <span class='ocrx_word' id='word_1_266' title='bbox 1597 733 1755 772; x_wconf 85' lang='lat' dir='ltr'>obtinere,</span> <span class='ocrx_word' id='word_1_267' title='bbox 1770 743 1806 765; x_wconf 85' lang='lat' dir='ltr'>ac</span> <span class='ocrx_word' id='word_1_268' title='bbox 1824 732 1896 771; x_wconf 88' lang='lat' dir='ltr'>illis,</span> 
     </span>
     <span class='ocr_line' id='line_1_57' title="bbox 1161 787 1896 829; baseline -0.003 -11"><span class='ocrx_word' id='word_1_269' title='bbox 1161 787 1199 818; x_wconf 84' lang='lat' dir='ltr'>ad</span> <span class='ocrx_word' id='word_1_270' title='bbox 1231 797 1311 829; x_wconf 83' lang='lat' dir='ltr'>quos</span> <span class='ocrx_word' id='word_1_271' title='bbox 1332 792 1361 818; x_wconf 79' lang='lat' dir='ltr'>et</span> <span class='ocrx_word' id='word_1_272' title='bbox 1381 797 1459 829; x_wconf 82' lang='lat' dir='ltr'>quas</span> <span class='ocrx_word' id='word_1_273' title='bbox 1486 791 1607 829; x_wconf 84' lang='lat' dir='ltr'>spectat</span> <span class='ocrx_word' id='word_1_274' title='bbox 1625 791 1655 818; x_wconf 89' lang='lat' dir='ltr'>et</span> <span class='ocrx_word' id='word_1_275' title='bbox 1675 796 1733 829; x_wconf 88' lang='lat' dir='ltr'>pro</span> <span class='ocrx_word' id='word_1_276' title='bbox 1751 792 1896 828; x_wconf 84' lang='lat' dir='ltr'>tempore</span> 
     </span>
     <span class='ocr_line' id='line_1_58' title="bbox 1161 837 1896 881; baseline -0.004 -10"><span class='ocrx_word' id='word_1_277' title='bbox 1161 839 1335 881; x_wconf 79' lang='lat' dir='ltr'>spectabit,</span> <span class='ocrx_word' id='word_1_278' title='bbox 1364 838 1549 881; x_wconf 76' lang='lat' dir='ltr'>plenissime</span> <span class='ocrx_word' id='word_1_279' title='bbox 1578 837 1760 880; x_wconf 69' lang='lat' dir='ltr'>stiffi-agari,</span> <span class='ocrx_word' id='word_1_280' title='bbox 1787 838 1896 880; x_wconf 85' lang='lat' dir='ltr'>sicque</span> 
     </span>
     <span class='ocr_line' id='line_1_59' title="bbox 1162 889 1897 934; baseline -0.001 -12"><span class='ocrx_word' id='word_1_281' title='bbox 1162 891 1193 923; x_wconf 91' lang='lat' dir='ltr'>in</span> <span class='ocrx_word' id='word_1_282' title='bbox 1220 891 1402 933; x_wconf 80' lang='lat' dir='ltr'>praemissis</span> <span class='ocrx_word' id='word_1_283' title='bbox 1434 902 1490 933; x_wconf 85' lang='lat' dir='ltr'>per</span> <span class='ocrx_word' id='word_1_284' title='bbox 1520 901 1739 934; x_wconf 73' lang='lat' dir='ltr'>quoscumque</span> <span class='ocrx_word' id='word_1_285' title='bbox 1775 889 1897 922; x_wconf 80' lang='lat' dir='ltr'>iudices</span> 
     </span>
     <span class='ocr_line' id='line_1_60' title="bbox 1160 943 1895 984; baseline -0.003 -9"><span class='ocrx_word' id='word_1_286' title='bbox 1160 944 1342 975; x_wconf 83' lang='lat' dir='ltr'>ordinarios</span> <span class='ocrx_word' id='word_1_287' title='bbox 1360 949 1390 975; x_wconf 90' lang='lat' dir='ltr'>et</span> <span class='ocrx_word' id='word_1_288' title='bbox 1411 944 1586 984; x_wconf 70' lang='lat' dir='ltr'>delegatos,</span> <span class='ocrx_word' id='word_1_289' title='bbox 1611 943 1704 975; x_wconf 85' lang='lat' dir='ltr'>etiam</span> <span class='ocrx_word' id='word_1_290' title='bbox 1730 953 1895 975; x_wconf 82' lang='lat' dir='ltr'>causarum</span> 
     </span>
     <span class='ocr_line' id='line_1_61' title="bbox 1161 995 1897 1038; baseline 0.001 -12"><span class='ocrx_word' id='word_1_291' title='bbox 1161 995 1269 1038; x_wconf 85' lang='lat' dir='ltr'>palatii</span> <span class='ocrx_word' id='word_1_292' title='bbox 1303 995 1470 1037; x_wconf 83' lang='lat' dir='ltr'>apostolici</span> <span class='ocrx_word' id='word_1_293' title='bbox 1497 996 1668 1031; x_wconf 71' lang='lat' dir='ltr'>auditores,</span> <span class='ocrx_word' id='word_1_294' title='bbox 1699 995 1831 1027; x_wconf 81' lang='lat' dir='ltr'>iudicari</span> <span class='ocrx_word' id='word_1_295' title='bbox 1866 1001 1897 1027; x_wconf 85' lang='lat' dir='ltr'>et</span> 
     </span>
     <span class='ocr_line' id='line_1_62' title="bbox 1160 1047 1894 1087; baseline -0.001 -8"><span class='ocrx_word' id='word_1_296' title='bbox 1160 1047 1287 1080; x_wconf 77' lang='lat' dir='ltr'>definiri</span> <span class='ocrx_word' id='word_1_297' title='bbox 1321 1049 1456 1087; x_wconf 81' lang='lat' dir='ltr'>debere,</span> <span class='ocrx_word' id='word_1_298' title='bbox 1491 1058 1524 1079; x_wconf 83' lang='lat' dir='ltr'>ac</span> <span class='ocrx_word' id='word_1_299' title='bbox 1545 1048 1669 1079; x_wconf 90' lang='lat' dir='ltr'>irritum</span> <span class='ocrx_word' id='word_1_300' title='bbox 1695 1053 1722 1079; x_wconf 86' lang='lat' dir='ltr'>et</span> <span class='ocrx_word' id='word_1_301' title='bbox 1750 1047 1845 1079; x_wconf 85' lang='lat' dir='ltr'>inane</span> <span class='ocrx_word' id='word_1_302' title='bbox 1870 1047 1894 1078; x_wconf 87' lang='lat' dir='ltr'>si</span> 
     </span>
     <span class='ocr_line' id='line_1_63' title="bbox 1159 1099 1896 1142; baseline -0.001 -11"><span class='ocrx_word' id='word_1_303' title='bbox 1159 1111 1249 1132; x_wconf 82' lang='lat' dir='ltr'>secus</span> <span class='ocrx_word' id='word_1_304' title='bbox 1274 1111 1369 1142; x_wconf 84' lang='lat' dir='ltr'>super</span> <span class='ocrx_word' id='word_1_305' title='bbox 1396 1100 1444 1132; x_wconf 82' lang='lat' dir='ltr'>liis</span> <span class='ocrx_word' id='word_1_306' title='bbox 1469 1110 1485 1131; x_wconf 87' lang='lat' dir='ltr'>a</span> <span class='ocrx_word' id='word_1_307' title='bbox 1511 1110 1681 1142; x_wconf 81' lang='lat' dir='ltr'>quoquam,</span> <span class='ocrx_word' id='word_1_308' title='bbox 1710 1099 1818 1142; x_wconf 73' lang='lat' dir='ltr'>quavis</span> <span class='ocrx_word' id='word_1_309' title='bbox 1843 1109 1896 1130; x_wconf 86' lang='lat' dir='ltr'>au-</span> 
     </span>
     <span class='ocr_line' id='line_1_64' title="bbox 1159 1151 1895 1193; baseline 0.001 -11"><span class='ocrx_word' id='word_1_310' title='bbox 1159 1153 1315 1191; x_wconf 69' lang='lat' dir='ltr'>ctoritate,</span> <span class='ocrx_word' id='word_1_311' title='bbox 1340 1153 1478 1184; x_wconf 76' lang='lat' dir='ltr'>scienter</span> <span class='ocrx_word' id='word_1_312' title='bbox 1502 1153 1549 1184; x_wconf 90' lang='lat' dir='ltr'>vel</span> <span class='ocrx_word' id='word_1_313' title='bbox 1576 1152 1773 1193; x_wconf 70' lang='lat' dir='ltr'>ignoranter,</span> <span class='ocrx_word' id='word_1_314' title='bbox 1793 1151 1895 1183; x_wconf 79' lang='lat' dir='ltr'>conti-</span> 
     </span>
     <span class='ocr_line' id='line_1_65' title="bbox 1158 1205 1418 1245; baseline 0.008 -11"><span class='ocrx_word' id='word_1_315' title='bbox 1158 1206 1241 1245; x_wconf 58' lang='lat' dir='ltr'>gerit</span> <span class='ocrx_word' id='word_1_316' title='bbox 1258 1205 1418 1237; x_wconf 74' lang='lat' dir='ltr'>attentari.</span> 
     </span>
    </p>

    <p class='ocr_par' dir='ltr' id='par_1_9' title="bbox 1155 1256 1895 1617">
     <span class='ocr_line' id='line_1_66' title="bbox 1201 1256 1895 1300; baseline -0.004 -10"><span class='ocrx_word' id='word_1_317' title='bbox 1201 1259 1215 1300; x_wconf 65' lang='lat' dir='ltr'>{i</span> <span class='ocrx_word' id='word_1_318' title='bbox 1240 1257 1271 1290; x_wconf 67' lang='grc'>4.</span> <span class='ocrx_word' id='word_1_319' title='bbox 1302 1257 1371 1289; x_wconf 83' lang='lat' dir='ltr'>Non</span> <span class='ocrx_word' id='word_1_320' title='bbox 1408 1258 1612 1290; x_wconf 84' lang='lat' dir='ltr'>obstantibus</span> <span class='ocrx_word' id='word_1_321' title='bbox 1638 1256 1832 1300; x_wconf 84' lang='lat' dir='ltr'>praemissis,</span> <span class='ocrx_word' id='word_1_322' title='bbox 1858 1267 1895 1289; x_wconf 88' lang='lat' dir='ltr'>ac</span> 
     </span>
     <span class='ocr_line' id='line_1_67' title="bbox 1157 1309 1893 1351; baseline -0.005 -10"><span class='ocrx_word' id='word_1_323' title='bbox 1157 1310 1442 1343; x_wconf 69' lang='lat' dir='ltr'>constitutionibus</span> <span class='ocrx_word' id='word_1_324' title='bbox 1469 1315 1501 1342; x_wconf 85' lang='lat' dir='ltr'>et</span> <span class='ocrx_word' id='word_1_325' title='bbox 1526 1309 1782 1342; x_wconf 84' lang='lat' dir='ltr'>ordinationibus</span> <span class='ocrx_word' id='word_1_326' title='bbox 1815 1319 1893 1351; x_wconf 75' lang='lat' dir='ltr'>apu-</span> 
     </span>
     <span class='ocr_line' id='line_1_68' title="bbox 1156 1362 1892 1404; baseline 0 -10"><span class='ocrx_word' id='word_1_327' title='bbox 1156 1363 1290 1403; x_wconf 84' lang='lat' dir='ltr'>stolicis,</span> <span class='ocrx_word' id='word_1_328' title='bbox 1317 1373 1445 1395; x_wconf 89' lang='lat' dir='ltr'>necnon</span> <span class='ocrx_word' id='word_1_329' title='bbox 1472 1363 1623 1395; x_wconf 89' lang='lat' dir='ltr'>omnibus</span> <span class='ocrx_word' id='word_1_330' title='bbox 1648 1368 1680 1395; x_wconf 88' lang='lat' dir='ltr'>et</span> <span class='ocrx_word' id='word_1_331' title='bbox 1704 1363 1839 1404; x_wconf 81' lang='lat' dir='ltr'>singulis</span> <span class='ocrx_word' id='word_1_332' title='bbox 1860 1362 1892 1394; x_wconf 90' lang='lat' dir='ltr'>il-</span> 
     </span>
     <span class='ocr_line' id='line_1_69' title="bbox 1157 1415 1892 1458; baseline 0 -11"><span class='ocrx_word' id='word_1_333' title='bbox 1157 1417 1206 1453; x_wconf 75' lang='lat' dir='ltr'>lis,</span> <span class='ocrx_word' id='word_1_334' title='bbox 1231 1427 1312 1458; x_wconf 84' lang='lat' dir='ltr'>quae</span> <span class='ocrx_word' id='word_1_335' title='bbox 1337 1420 1534 1448; x_wconf 84' lang='lat' dir='ltr'>memoratus</span> <span class='ocrx_word' id='word_1_336' title='bbox 1560 1415 1676 1447; x_wconf 80' lang='lat' dir='ltr'>Paulus</span> <span class='ocrx_word' id='word_1_337' title='bbox 1702 1415 1892 1457; x_wconf 84' lang='lat' dir='ltr'>praedeces-</span> 
     </span>
     <span class='ocr_line' id='line_1_70' title="bbox 1156 1467 1889 1511; baseline -0.003 -10"><span class='ocrx_word' id='word_1_338' title='bbox 1156 1480 1208 1501; x_wconf 86' lang='lat' dir='ltr'>sor</span> <span class='ocrx_word' id='word_1_339' title='bbox 1232 1470 1261 1501; x_wconf 91' lang='lat' dir='ltr'>in</span> <span class='ocrx_word' id='word_1_340' title='bbox 1288 1469 1351 1501; x_wconf 87' lang='lat' dir='ltr'>suis</span> <span class='ocrx_word' id='word_1_341' title='bbox 1379 1469 1492 1501; x_wconf 86' lang='lat' dir='ltr'>litteris</span> <span class='ocrx_word' id='word_1_342' title='bbox 1530 1468 1701 1511; x_wconf 84' lang='lat' dir='ltr'>praedictis</span> <span class='ocrx_word' id='word_1_343' title='bbox 1727 1467 1889 1500; x_wconf 83' lang='lat' dir='ltr'>concessit</span> 
     </span>
     <span class='ocr_line' id='line_1_71' title="bbox 1155 1519 1891 1563; baseline -0.007 -8"><span class='ocrx_word' id='word_1_344' title='bbox 1155 1533 1219 1555; x_wconf 89' lang='lat' dir='ltr'>non</span> <span class='ocrx_word' id='word_1_345' title='bbox 1244 1522 1393 1562; x_wconf 76' lang='lat' dir='ltr'>obstare,</span> <span class='ocrx_word' id='word_1_346' title='bbox 1420 1522 1601 1563; x_wconf 86' lang='lat' dir='ltr'>ceterisque</span> <span class='ocrx_word' id='word_1_347' title='bbox 1626 1520 1798 1552; x_wconf 87' lang='lat' dir='ltr'>contrariis</span> <span class='ocrx_word' id='word_1_348' title='bbox 1824 1519 1891 1562; x_wconf 88' lang='lat' dir='ltr'>qui-</span> 
     </span>
     <span class='ocr_line' id='line_1_72' title="bbox 1155 1576 1365 1617; baseline 0.005 -12"><span class='ocrx_word' id='word_1_349' title='bbox 1155 1576 1365 1617; x_wconf 82' lang='lat' dir='ltr'>buscumque.</span> 
     </span>
    </p>

    <p class='ocr_par' dir='ltr' id='par_1_10' title="bbox 1154 1625 1889 1723">
     <span class='ocr_line' id='line_1_73' title="bbox 1197 1625 1889 1669; baseline -0.003 -10"><span class='ocrx_word' id='word_1_350' title='bbox 1197 1627 1211 1669; x_wconf 61' lang='grc' dir='ltr'><strong>ἓ</strong></span> <span class='ocrx_word' id='word_1_351' title='bbox 1241 1627 1272 1659; x_wconf 80' lang='lat'>5.</span> <span class='ocrx_word' id='word_1_352' title='bbox 1299 1627 1453 1659; x_wconf 81' lang='lat' dir='ltr'>Volumus</span> <span class='ocrx_word' id='word_1_353' title='bbox 1487 1632 1596 1659; x_wconf 83' lang='lat' dir='ltr'>autem</span> <span class='ocrx_word' id='word_1_354' title='bbox 1628 1631 1663 1657; x_wconf 92' lang='lat' dir='ltr'>ut</span> <span class='ocrx_word' id='word_1_355' title='bbox 1700 1625 1889 1657; x_wconf 80' lang='lat' dir='ltr'>earumdem</span> 
     </span>
     <span class='ocr_line' id='line_1_74' title="bbox 1154 1678 1889 1723; baseline -0.004 -11"><span class='ocrx_word' id='word_1_356' title='bbox 1154 1680 1377 1723; x_wconf 82' lang='lat' dir='ltr'>praesentium</span> <span class='ocrx_word' id='word_1_357' title='bbox 1396 1680 1581 1712; x_wconf 86' lang='lat' dir='ltr'>litterarum</span> <span class='ocrx_word' id='word_1_358' title='bbox 1593 1678 1821 1722; x_wconf 83' lang='lat' dir='ltr'>transumptis,</span> <span class='ocrx_word' id='word_1_359' title='bbox 1833 1689 1889 1711; x_wconf 86' lang='lat' dir='ltr'>seu</span> 
     </span>
    </p>
   </div>
   <div class='ocr_carea' id='block_1_7' title="bbox 1144 1731 1888 1776">
    <p class='ocr_par' dir='ltr' id='par_1_11' title="bbox 1144 1731 1888 1776">
     <span class='ocr_line' id='line_1_75' title="bbox 1144 1731 1888 1776; baseline -0.004 -10"><span class='ocrx_word' id='word_1_360' title='bbox 1144 1733 1320 1776; x_wconf 73' lang='lat' dir='ltr'>exemplis,</span> <span class='ocrx_word' id='word_1_361' title='bbox 1340 1733 1434 1765; x_wconf 84' lang='lat' dir='ltr'>etiam</span> <span class='ocrx_word' id='word_1_362' title='bbox 1453 1732 1732 1775; x_wconf 85' lang='lat' dir='ltr'>impressis,manu</span> <span class='ocrx_word' id='word_1_363' title='bbox 1755 1731 1888 1764; x_wconf 83' lang='lat' dir='ltr'>alicuius</span> 
     </span>
    </p>
   </div>
   <div class='ocr_carea' id='block_1_8' title="bbox 1153 1784 1889 1879">
    <p class='ocr_par' dir='ltr' id='par_1_12' title="bbox 1153 1784 1889 1879">
     <span class='ocr_line' id='line_1_76' title="bbox 1153 1784 1889 1828; baseline -0.004 -11"><span class='ocrx_word' id='word_1_364' title='bbox 1153 1785 1269 1817; x_wconf 87' lang='lat' dir='ltr'>notarii</span> <span class='ocrx_word' id='word_1_365' title='bbox 1283 1785 1405 1828; x_wconf 83' lang='lat' dir='ltr'>publici</span> <span class='ocrx_word' id='word_1_366' title='bbox 1422 1784 1621 1826; x_wconf 85' lang='lat' dir='ltr'>subscriptis,</span> <span class='ocrx_word' id='word_1_367' title='bbox 1638 1789 1670 1815; x_wconf 93' lang='lat' dir='ltr'>et</span> <span class='ocrx_word' id='word_1_368' title='bbox 1690 1784 1797 1825; x_wconf 68' lang='lat' dir='ltr'>sigillo</span> <span class='ocrx_word' id='word_1_369' title='bbox 1814 1793 1889 1826; x_wconf 86' lang='lat' dir='ltr'>per-</span> 
     </span>
     <span class='ocr_line' id='line_1_77' title="bbox 1153 1836 1889 1879; baseline -0.003 -10"><span class='ocrx_word' id='word_1_370' title='bbox 1153 1849 1251 1871; x_wconf 80' lang='lat' dir='ltr'>sonae</span> <span class='ocrx_word' id='word_1_371' title='bbox 1277 1838 1309 1869; x_wconf 91' lang='lat' dir='ltr'>in</span> <span class='ocrx_word' id='word_1_372' title='bbox 1341 1837 1497 1879; x_wconf 83' lang='lat' dir='ltr'>dignitate</span> <span class='ocrx_word' id='word_1_373' title='bbox 1523 1836 1740 1869; x_wconf 74' lang='lat' dir='ltr'>ecclesiastica</span> <span class='ocrx_word' id='word_1_374' title='bbox 1769 1836 1889 1868; x_wconf 80' lang='lat' dir='ltr'>consti-</span> 
     </span>
    </p>
   </div>
   <div class='ocr_carea' id='block_1_9' title="bbox 1153 1889 1890 1983">
    <p class='ocr_par' dir='ltr' id='par_1_13' title="bbox 1153 1889 1890 1983">
     <span class='ocr_line' id='line_1_78' title="bbox 1154 1889 1890 1932; baseline -0.004 -9"><span class='ocrx_word' id='word_1_375' title='bbox 1154 1896 1238 1923; x_wconf 86' lang='lat' dir='ltr'>tutae</span> <span class='ocrx_word' id='word_1_376' title='bbox 1257 1890 1398 1930; x_wconf 78' lang='lat' dir='ltr'>munitis,</span> <span class='ocrx_word' id='word_1_377' title='bbox 1417 1891 1531 1922; x_wconf 88' lang='lat' dir='ltr'>eadem</span> <span class='ocrx_word' id='word_1_378' title='bbox 1547 1900 1683 1932; x_wconf 83' lang='lat' dir='ltr'>prorsus</span> <span class='ocrx_word' id='word_1_379' title='bbox 1702 1889 1780 1921; x_wconf 83' lang='lat' dir='ltr'>tides</span> <span class='ocrx_word' id='word_1_380' title='bbox 1798 1889 1890 1922; x_wconf 84' lang='lat' dir='ltr'>adhi-</span> 
     </span>
     <span class='ocr_line' id='line_1_79' title="bbox 1153 1940 1888 1983; baseline -0.004 -10"><span class='ocrx_word' id='word_1_381' title='bbox 1153 1942 1275 1980; x_wconf 85' lang='lat' dir='ltr'>beatur,</span> <span class='ocrx_word' id='word_1_382' title='bbox 1304 1952 1385 1983; x_wconf 87' lang='lat' dir='ltr'>quae</span> <span class='ocrx_word' id='word_1_383' title='bbox 1410 1940 1636 1983; x_wconf 83' lang='lat' dir='ltr'>praesentibus</span> <span class='ocrx_word' id='word_1_384' title='bbox 1665 1940 1888 1977; x_wconf 77' lang='lat' dir='ltr'>adhiberetur,</span> 
     </span>
    </p>
   </div>
   <div class='ocr_carea' id='block_1_10' title="bbox 1152 1993 1890 2246">
    <p class='ocr_par' dir='ltr' id='par_1_14' title="bbox 1153 1993 1743 2026">
     <span class='ocr_line' id='line_1_80' title="bbox 1153 1993 1743 2026; baseline -0.005 0"><span class='ocrx_word' id='word_1_385' title='bbox 1153 1994 1178 2026; x_wconf 91' lang='lat' dir='ltr'>si</span> <span class='ocrx_word' id='word_1_386' title='bbox 1202 1995 1306 2026; x_wconf 77' lang='lat' dir='ltr'>forent</span> <span class='ocrx_word' id='word_1_387' title='bbox 1323 1993 1485 2025; x_wconf 82' lang='lat' dir='ltr'>exhibitae</span> <span class='ocrx_word' id='word_1_388' title='bbox 1505 1993 1553 2024; x_wconf 80' lang='lat' dir='ltr'>vel</span> <span class='ocrx_word' id='word_1_389' title='bbox 1580 1997 1743 2025; x_wconf 82' lang='lat' dir='ltr'>ostensae.</span> 
     </span>
    </p>

    <p class='ocr_par' dir='ltr' id='par_1_15' title="bbox 1152 2043 1890 2194">
     <span class='ocr_line' id='line_1_81' title="bbox 1196 2043 1890 2088; baseline -0.007 -9"><span class='ocrx_word' id='word_1_390' title='bbox 1196 2047 1308 2079; x_wconf 84' lang='lat' dir='ltr'>Datum</span> <span class='ocrx_word' id='word_1_391' title='bbox 1335 2047 1464 2083; x_wconf 81' lang='lat' dir='ltr'>Romae,</span> <span class='ocrx_word' id='word_1_392' title='bbox 1485 2046 1569 2088; x_wconf 89' lang='lat' dir='ltr'>apud</span> <span class='ocrx_word' id='word_1_393' title='bbox 1593 2045 1623 2077; x_wconf 82' lang='lat' dir='ltr'>S.</span> <span class='ocrx_word' id='word_1_394' title='bbox 1647 2044 1775 2076; x_wconf 85' lang='lat' dir='ltr'>Mariam</span> <span class='ocrx_word' id='word_1_395' title='bbox 1795 2043 1890 2075; x_wconf 86' lang='lat' dir='ltr'>Maio-</span> 
     </span>
     <span class='ocr_line' id='line_1_82' title="bbox 1155 2097 1888 2139; baseline -0.005 -8"><span class='ocrx_word' id='word_1_396' title='bbox 1155 2110 1229 2139; x_wconf 87' lang='lat' dir='ltr'>rem,</span> <span class='ocrx_word' id='word_1_397' title='bbox 1256 2100 1315 2131; x_wconf 88' lang='lat' dir='ltr'>sub</span> <span class='ocrx_word' id='word_1_398' title='bbox 1337 2100 1455 2131; x_wconf 84' lang='lat' dir='ltr'>annulo</span> <span class='ocrx_word' id='word_1_399' title='bbox 1480 2097 1663 2136; x_wconf 83' lang='lat' dir='ltr'>Piscatoris,</span> <span class='ocrx_word' id='word_1_400' title='bbox 1681 2097 1730 2129; x_wconf 86' lang='lat' dir='ltr'>die</span> <span class='ocrx_word' id='word_1_401' title='bbox 1747 2106 1791 2128; x_wconf 81' lang='lat' dir='ltr'>xu</span> <span class='ocrx_word' id='word_1_402' title='bbox 1807 2100 1888 2128; x_wconf 83' lang='lat' dir='ltr'>octo-</span> 
     </span>
     <span class='ocr_line' id='line_1_83' title="bbox 1152 2149 1885 2194; baseline -0.005 -10"><span class='ocrx_word' id='word_1_403' title='bbox 1152 2152 1217 2184; x_wconf 91' lang='lat' dir='ltr'>bris</span> <span class='ocrx_word' id='word_1_404' title='bbox 1243 2161 1408 2191; x_wconf 79' lang='lat' dir='ltr'>MDCvan,</span> <span class='ocrx_word' id='word_1_405' title='bbox 1424 2150 1628 2194; x_wconf 63' lang='lat' dir='ltr'>pontificatus</span> <span class='ocrx_word' id='word_1_406' title='bbox 1646 2149 1747 2181; x_wconf 86' lang='lat' dir='ltr'>nostri</span> <span class='ocrx_word' id='word_1_407' title='bbox 1768 2158 1885 2180; x_wconf 78' lang='lat' dir='ltr'>annot.</span> 
     </span>
    </p>

    <p class='ocr_par' dir='ltr' id='par_1_16' title="bbox 1188 2210 1816 2246">
     <span class='ocr_line' id='line_1_84' title="bbox 1188 2210 1816 2246; baseline -0.006 -6"><span class='ocrx_word' id='word_1_408' title='bbox 1188 2214 1245 2240; x_wconf 86' lang='lat' dir='ltr'>Dat.</span> <span class='ocrx_word' id='word_1_409' title='bbox 1262 2213 1304 2240; x_wconf 85' lang='lat' dir='ltr'>die</span> <span class='ocrx_word' id='word_1_410' title='bbox 1322 2213 1353 2239; x_wconf 75' lang='lat'>1⁶2</span> <span class='ocrx_word' id='word_1_411' title='bbox 1369 2212 1488 2239; x_wconf 82' lang='lat' dir='ltr'>octobris</span> <span class='ocrx_word' id='word_1_412' title='bbox 1506 2212 1582 2245; x_wconf 80' lang='lat'>1667,</span> <span class='ocrx_word' id='word_1_413' title='bbox 1600 2210 1694 2246; x_wconf 82' lang='lat' dir='ltr'>pontif.</span> <span class='ocrx_word' id='word_1_414' title='bbox 1713 2218 1782 2237; x_wconf 87' lang='lat' dir='ltr'>anno</span> <span class='ocrx_word' id='word_1_415' title='bbox 1798 2215 1816 2236; x_wconf 87' lang='grc' dir='ltr'>Ι.</span> 
     </span>
    </p>
   </div>
   <div class='ocr_carea' id='block_1_11' title="bbox 1429 2285 1611 2292">
    <p class='ocr_par' dir='ltr' id='par_1_17' title="bbox 1429 2285 1611 2292">
     <span class='ocr_line' id='line_1_85' title="bbox 1429 2285 1611 2292; baseline 0 0"><span class='ocrx_word' id='word_1_416' title='bbox 1429 2285 1611 2292; x_wconf 95' lang='lat' dir='ltr'> </span> 
     </span>
    </p>
   </div>
   <div class='ocr_carea' id='block_1_12' title="bbox 1465 2345 1571 2378">
    <p class='ocr_par' dir='ltr' id='par_1_18' title="bbox 1465 2345 1571 2378">
     <span class='ocr_line' id='line_1_86' title="bbox 1465 2345 1571 2378; baseline -0.009 0"><span class='ocrx_word' id='word_1_417' title='bbox 1465 2345 1571 2378; x_wconf 80' lang='lat' dir='ltr'>XXIII.</span> 
     </span>
    </p>
   </div>
   <div class='ocr_carea' id='block_1_13' title="bbox 369 2413 1886 2462">
    <p class='ocr_par' dir='ltr' id='par_1_19' title="bbox 369 2413 1886 2462">
     <span class='ocr_line' id='line_1_87' title="bbox 369 2413 1886 2462; baseline -0.003 -11"><span class='ocrx_word' id='word_1_418' title='bbox 369 2419 469 2452; x_wconf 84' lang='lat' dir='ltr'>dictas</span> <span class='ocrx_word' id='word_1_419' title='bbox 493 2420 582 2452; x_wconf 85' lang='lat' dir='ltr'>Pauli</span> <span class='ocrx_word' id='word_1_420' title='bbox 617 2421 875 2462; x_wconf 78' lang='lat' dir='ltr'>praedecessoris</span> <span class='ocrx_word' id='word_1_421' title='bbox 900 2420 1047 2459; x_wconf 81' lang='lat' dir='ltr'>litteras,</span> <span class='ocrx_word' id='word_1_422' title='bbox 1073 2431 1108 2451; x_wconf 88' lang='lat' dir='ltr'>ac</span> <span class='ocrx_word' id='word_1_423' title='bbox 1153 2416 1362 2458; x_wconf 70' lang='lat' dir='ltr'>Confirmatio</span> <span class='ocrx_word' id='word_1_424' title='bbox 1387 2416 1573 2448; x_wconf 68' lang='lat' dir='ltr'>litterarum</span> <span class='ocrx_word' id='word_1_425' title='bbox 1605 2414 1776 2458; x_wconf 70' lang='lat' dir='ltr'>yeneralis.</span> <span class='ocrx_word' id='word_1_426' title='bbox 1791 2413 1886 2447; x_wconf 78' lang='lat' dir='ltr'>Ordi-</span> 
     </span>
    </p>
   </div>
   <div class='ocr_carea' id='block_1_14' title="bbox 366 2471 1108 2619">
    <p class='ocr_par' dir='ltr' id='par_1_20' title="bbox 366 2471 1108 2619">
     <span class='ocr_line' id='line_1_88' title="bbox 368 2471 1108 2513; baseline -0.001 -10"><span class='ocrx_word' id='word_1_427' title='bbox 368 2472 596 2504; x_wconf 84' lang='lat' dir='ltr'>concessiones</span> <span class='ocrx_word' id='word_1_428' title='bbox 616 2477 646 2504; x_wconf 89' lang='lat' dir='ltr'>et</span> <span class='ocrx_word' id='word_1_429' title='bbox 665 2473 786 2504; x_wconf 80' lang='lat' dir='ltr'>indulta</span> <span class='ocrx_word' id='word_1_430' title='bbox 803 2471 1000 2504; x_wconf 85' lang='lat' dir='ltr'>monasterio</span> <span class='ocrx_word' id='word_1_431' title='bbox 1018 2482 1108 2513; x_wconf 83' lang='lat' dir='ltr'>prae-</span> 
     </span>
     <span class='ocr_line' id='line_1_89' title="bbox 368 2524 1106 2567; baseline -0.001 -11"><span class='ocrx_word' id='word_1_432' title='bbox 368 2525 432 2557; x_wconf 75' lang='lat' dir='ltr'>fato</span> <span class='ocrx_word' id='word_1_433' title='bbox 460 2525 686 2566; x_wconf 74' lang='lat' dir='ltr'>Burdigalensi</span> <span class='ocrx_word' id='word_1_434' title='bbox 714 2525 745 2556; x_wconf 90' lang='lat' dir='ltr'>in</span> <span class='ocrx_word' id='word_1_435' title='bbox 772 2524 847 2567; x_wconf 81' lang='lat' dir='ltr'>ipsis</span> <span class='ocrx_word' id='word_1_436' title='bbox 875 2525 965 2563; x_wconf 82' lang='lat' dir='ltr'>sacta,</span> <span class='ocrx_word' id='word_1_437' title='bbox 985 2525 1022 2556; x_wconf 90' lang='lat' dir='ltr'>ad</span> <span class='ocrx_word' id='word_1_438' title='bbox 1043 2534 1106 2556; x_wconf 88' lang='lat' dir='ltr'>om-</span> 
     </span>
     <span class='ocr_line' id='line_1_90' title="bbox 366 2576 1105 2619; baseline -0.005 -7"><span class='ocrx_word' id='word_1_439' title='bbox 366 2578 420 2612; x_wconf 83' lang='lat' dir='ltr'>nia</span> <span class='ocrx_word' id='word_1_440' title='bbox 447 2577 591 2610; x_wconf 79' lang='lat' dir='ltr'>ciusdem</span> <span class='ocrx_word' id='word_1_441' title='bbox 616 2578 746 2619; x_wconf 78' lang='lat' dir='ltr'>regulae</span> <span class='ocrx_word' id='word_1_442' title='bbox 773 2581 803 2608; x_wconf 86' lang='lat' dir='ltr'>et</span> <span class='ocrx_word' id='word_1_443' title='bbox 820 2576 959 2608; x_wconf 86' lang='lat' dir='ltr'>instituti</span> <span class='ocrx_word' id='word_1_444' title='bbox 978 2586 1105 2608; x_wconf 81' lang='lat' dir='ltr'>monas-</span> 
     </span>
    </p>
   </div>
   <div class='ocr_carea' id='block_1_15' title="bbox 1194 2467 1887 2614">
    <p class='ocr_par' dir='ltr' id='par_1_21' title="bbox 1194 2467 1887 2614">
     <span class='ocr_line' id='line_1_91' title="bbox 1195 2467 1887 2511; baseline -0.004 -10"><span class='ocrx_word' id='word_1_445' title='bbox 1195 2470 1245 2502; x_wconf 76' lang='lat' dir='ltr'>nis</span> <span class='ocrx_word' id='word_1_446' title='bbox 1270 2469 1538 2502; x_wconf 74' lang='lat' dir='ltr'>Praeclicaeorum</span> <span class='ocrx_word' id='word_1_447' title='bbox 1555 2479 1612 2511; x_wconf 81' lang='lat' dir='ltr'>pro</span> <span class='ocrx_word' id='word_1_448' title='bbox 1630 2467 1791 2509; x_wconf 70' lang='lat' dir='ltr'>reliqiosis</span> <span class='ocrx_word' id='word_1_449' title='bbox 1813 2476 1887 2509; x_wconf 79' lang='lat' dir='ltr'>pro-</span> 
     </span>
     <span class='ocr_line' id='line_1_92' title="bbox 1194 2518 1884 2554; baseline -0.003 -2"><span class='ocrx_word' id='word_1_450' title='bbox 1194 2522 1320 2554; x_wconf 74' lang='lat' dir='ltr'>vinciae</span> <span class='ocrx_word' id='word_1_451' title='bbox 1343 2521 1521 2554; x_wconf 74' lang='lat' dir='ltr'>Hiberniae</span> <span class='ocrx_word' id='word_1_452' title='bbox 1537 2525 1564 2552; x_wconf 84' lang='lat' dir='ltr'>e!</span> <span class='ocrx_word' id='word_1_453' title='bbox 1581 2520 1720 2552; x_wconf 71' lang='lat' dir='ltr'>aliarum</span> <span class='ocrx_word' id='word_1_454' title='bbox 1743 2518 1884 2550; x_wconf 70' lang='lat' dir='ltr'>eiusdem</span> 
     </span>
     <span class='ocr_line' id='line_1_93' title="bbox 1195 2572 1882 2614; baseline -0.006 -8"><span class='ocrx_word' id='word_1_455' title='bbox 1195 2574 1329 2607; x_wconf 75' lang='lat' dir='ltr'>Ordinis</span> <span class='ocrx_word' id='word_1_456' title='bbox 1353 2573 1568 2610; x_wconf 64' lang='lat' dir='ltr'>sulilcvmnlis,</span> <span class='ocrx_word' id='word_1_457' title='bbox 1597 2573 1749 2614; x_wconf 75' lang='lat' dir='ltr'>novisque</span> <span class='ocrx_word' id='word_1_458' title='bbox 1774 2572 1882 2603; x_wconf 74' lang='lat' dir='ltr'>natio-</span> 
     </span>
    </p>
   </div>
   <div class='ocr_carea' id='block_1_16' title="bbox 1908 206 2093 235">
    <p class='ocr_par' dir='ltr' id='par_1_22' title="bbox 1908 206 2093 235">
     <span class='ocr_line' id='line_1_94' title="bbox 1908 206 2093 235; baseline -0.022 0"><span class='ocrx_word' id='word_1_459' title='bbox 1908 208 1956 235; x_wconf 82' lang='grc' dir='ltr'>Λη.</span> <span class='ocrx_word' id='word_1_460' title='bbox 1975 207 2003 234; x_wconf 88' lang='lat' dir='ltr'>C.</span> <span class='ocrx_word' id='word_1_461' title='bbox 2027 206 2093 233; x_wconf 61' lang='lat'>16:6⁴1</span> 
     </span>
    </p>
   </div>
   <div class='ocr_carea' id='block_1_17' title="bbox 1910 584 2095 630">
    <p class='ocr_par' dir='ltr' id='par_1_23' title="bbox 1910 584 2095 630">
     <span class='ocr_line' id='line_1_95' title="bbox 1939 584 2095 605; baseline 0.013 -2"><span class='ocrx_word' id='word_1_462' title='bbox 1939 584 2048 604; x_wconf 67' lang='lat' dir='ltr'>Decretum</span> <span class='ocrx_word' id='word_1_463' title='bbox 2067 585 2095 605; x_wconf 75' lang='lat' dir='ltr'>ir·</span> 
     </span>
     <span class='ocr_line' id='line_1_96' title="bbox 1910 610 1982 630; baseline 0.014 -1"><span class='ocrx_word' id='word_1_464' title='bbox 1910 610 1982 630; x_wconf 69' lang='lat' dir='ltr'>rizans.</span> 
     </span>
    </p>
   </div>
   <div class='ocr_carea' id='block_1_18' title="bbox 1976 1265 2088 1288">
    <p class='ocr_par' dir='ltr' id='par_1_24' title="bbox 1976 1265 2088 1288">
     <span class='ocr_line' id='line_1_97' title="bbox 1976 1265 2088 1288; baseline 0 -3"><span class='ocrx_word' id='word_1_465' title='bbox 1976 1265 2088 1288; x_wconf 54' lang='lat' dir='ltr'>tie-rugan«.-</span> 
     </span>
    </p>
   </div>
   <div class='ocr_carea' id='block_1_19' title="bbox 1904 1292 2066 1311">
    <p class='ocr_par' dir='ltr' id='par_1_25' title="bbox 1904 1292 2066 1311">
     <span class='ocr_line' id='line_1_98' title="bbox 1904 1292 2066 1311; baseline 0.012 -2"><span class='ocrx_word' id='word_1_466' title='bbox 1904 1292 2066 1311; x_wconf 58' lang='lat' dir='ltr'>contutum-um.</span> 
     </span>
    </p>
   </div>
   <div class='ocr_carea' id='block_1_20' title="bbox 1901 1633 2087 1678">
    <p class='ocr_par' dir='ltr' id='par_1_26' title="bbox 1901 1633 2087 1678">
     <span class='ocr_line' id='line_1_99' title="bbox 1936 1633 2087 1657; baseline -0.02 -5"><span class='ocrx_word' id='word_1_467' title='bbox 1936 1633 2087 1657; x_wconf 72' lang='lat' dir='ltr'>&#39;l&#39;ranwuipto-</span> 
     </span>
     <span class='ocr_line' id='line_1_100' title="bbox 1901 1658 2020 1678; baseline 0.017 -2"><span class='ocrx_word' id='word_1_468' title='bbox 1901 1663 1945 1678; x_wconf 80' lang='lat' dir='ltr'>runi</span> <span class='ocrx_word' id='word_1_469' title='bbox 1963 1658 2020 1678; x_wconf 66' lang='lat' dir='ltr'>flii-⁴⁵.</span> 
     </span>
    </p>
   </div>
  </div>
 </body>
</html>
