2247 3208
181 178 229 204 An.
253 176 278 201 c.
305 176 368 202 1662
414 166 456 199 0ss

420 234 482 257 xm.
516 222 688 254 Praeterea
727 216 927 260 praedictum
957 213 1109 256 generale

181 265 363 316 2¹5·l'1³⁵120l‹'22li2³2'1¹‚¹ffl
379 273 594 308 definitorium
619 269 809 314 approbavit
833 272 865 301 et
889 265 1109 305 confirmavit,

180 318 364 370 {13³3351213›l1'.‘13.2}ffj‘⁰
379 327 465 371 quod
490 324 664 367 capitulum
691 321 842 364 generale
860 318 1038 352 Murciense
1057 318 1111 350 de-

378 379 477 412 crevit
493 388 568 419 erga
586 375 768 419 praedictos
784 372 921 406 vicarios
939 371 1110 420 generales

376 432 548 469 Indiarurn‚
574 438 691 470 nempe
718 426 814 470 quod,
840 424 1011 457 deficiente
1036 433 1110 466 pro-

377 483 502 516 vinciali
521 482 640 524 absque
662 478 884 512 nominatione
905 476 1015 509 vicarii
1037 486 1110 519 pro-

375 535 529 575 vincialis,
565 544 631 567 non
668 536 822 576 poterunt
852 529 1036 562 huiusmodi
1065 528 1110 561 vi-

374 589 450 622 carii
476 587 645 631 generales
678 584 838 617 Indiarum
870 582 1039 615 nominare
1063 581 1109 613 vi-

374 642 495 675 carium
509 637 816 684 provinciale1n,sed
826 637 1000 669 succedere
1013 635 1110 668 debet

374 696 406 728 in
432 694 537 728 officio
562 691 806 726 commendator
831 690 955 729 domus,
979 688 1034 721 ubi
1060 699 1111 721 ce-

375 746 565 780 lebrandum
606 750 654 777 est
693 742 892 787 provinciale
933 741 1109 785 capitulum

374 799 558 832 immediate
584 798 738 836 futurum,
770 800 802 828 et
831 806 888 828 suo
914 795 1027 828 ordine
1054 796 1109 828 de-

297 876 308 887 ..
327 875 359 887 a.
375 853 530 886 linitores.
557 851 676 884 Tamen
700 848 857 893 praedicti
878 848 986 881 vicarii
1012 859 1110 891 gene-

249 901 293 941 ”ffli
313 902 317 914 ¹
341 902 361 924 ·'¹¹
376 907 459 939 rales
478 905 640 939 Indiarum
656 903 782 935 ratione
800 901 846 935 sui
866 901 961 934 officii
987 901 1109 934 liabent

334 955 359 967 ⁵*
375 959 424 991 ius
449 956 646 991 convocandi
681 955 719 988 ad
745 954 1000 989 celebrationem
1025 954 1110 998 capi-

376 1011 431 1045 tuli
457 1008 671 1054 provincialis,
698 1007 729 1041 in
756 1017 860 1051 eoque
886 1006 1105 1051 praesidendi.

376 1063 501 1098 Habent
525 1062 673 1096 similiter
697 1060 881 1104 suffragium
906 1061 938 1093 in
959 1060 1108 1093 omnibus

376 1116 589 1151 electionibus
625 1120 657 1148 et
687 1114 877 1148 definitoriis
907 1114 991 1147 intra
1024 1114 1109 1158 capi-

376 1171 486 1203 tulum.
524 1167 528 1171 ’

416 1234 492 1256 xm.
512 1223 647 1266 Insuper
664 1221 865 1266 praedictum
886 1222 1039 1264 generale
1055 1221 1109 1254 de-

375 1275 551 1309 finitorium
597 1275 789 1318 approbavit
831 1279 864 1307 et
906 1273 1108 1307 confirmavit

376 1330 504 1362 decreta
530 1328 661 1372 capituli
688 1327 850 1370 generalis
869 1326 1026 1365 Toletani,
1044 1337 1107 1370 quo

375 1382 561 1415 decernitur
596 1382 683 1425 quod
717 1380 873 1424 praedicti
909 1379 1018 1412 vicarii
1054 1390 1108 1423 ge-

375 1437 503 1469 nerales
533 1435 698 1468 Indiarum
731 1444 796 1466 non
821 1439 959 1477 possunt
992 1443 1107 1466 vocare

374 1488 543 1531 religiosos
579 1486 793 1520 doctrinarios
827 1486 866 1518 ad
891 1485 1109 1518 visitationem

376 1547 463 1574 extra
489 1551 578 1573 suam
603 1540 792 1580 doctrinam,
818 1549 878 1572 nec
902 1539 962 1582 ipsi
987 1539 1031 1572 ita
1054 1549 1109 1571 vo-

375 1594 436 1628 cati
461 1599 614 1627 tenentur
638 1593 738 1633 adire,
763 1593 819 1626 sed
844 1592 876 1625 in
902 1593 1024 1625 eisdem
1055 1592 1110 1625 do-

376 1648 486 1681 ctrinis
530 1647 651 1681 debent
692 1647 801 1679 vicarii
846 1647 1016 1689 generales
1058 1646 1109 1679 vel

376 1711 489 1735 eorum
513 1700 692 1733 visitatores
717 1700 755 1732 ab
780 1699 856 1743 ipsis
876 1700 1036 1732 rationem
1053 1710 1110 1743 pe-

377 1760 457 1787 tere.
484 1753 547 1787 Nec
573 1758 660 1786 extra
677 1753 875 1796 praedictam
894 1753 1109 1785 visitationem

377 1812 512 1850 possunt
535 1806 748 1839 doctrinarios
783 1806 925 1849 privare,
959 1806 1015 1838 sed
1048 1806 1111 1839 hoc

376 1862 431 1893 liat
470 1861 686 1904 praecedente
723 1862 818 1892 causa
854 1859 1008 1902 legitima,
1048 1870 1111 1902 qua

378 1913 463 1946 iuxta
501 1919 627 1946 nostras
662 1912 909 1946 constitutiones
945 1913 1111 1955 privantur

378 1967 656 2000 commendatores
703 1966 768 1998 suis
819 1965 1029 1999 commendis.
1076 1965 1113 1997 Et

379 2030 547 2062 nunquam
594 2019 780 2051 doctrinarii
819 2029 835 2050 a
873 2021 929 2051 sua
968 2018 1113 2051 doctrina

381 2070 559 2105 decedant¹
592 2082 691 2115 usque
728 2072 803 2104 dum
828 2082 993 2104 successor
1017 2072 1113 2103 adve-

380 2126 476 2158 nerit.

425 2189 513 2212 xL111.
540 2179 723 2217 Praeterea,
743 2187 813 2210 cum
836 2189 872 2210 ex
898 2179 1015 2211 nostris
1040 2188 1115 2211 con-

382 2231 610 2270 stitutionibus,
628 2230 732 2273 eapite
750 2241 804 2263 xiii
828 2230 1042 2263 distinctionis
1067 2241 1115 2263 se-

382 2284 524 2323 cundae,
558 2283 673 2316 electio
705 2283 922 2326 procuratoris
955 2283 1115 2326 generalis

382 2336 508 2369 Ordinis
537 2336 570 2368 in
599 2336 687 2368 curia
711 2337 854 2369 Romana
886 2336 1047 2380 pertineat
1076 2337 1114 2369 ad

383 2390 570 2433 magistrum
596 2391 781 2432 generalem
799 2394 830 2421 ct
854 2391 1006 2432 generale
1032 2390 1116 2433 eapi-

384 2446 500 2483 tulum,
525 2444 586 2476 hoe
606 2443 808 2487 praedictum
830 2445 982 2486 generale
1004 2443 1117 2476 defini-

384 2497 503 2530 toriurn
528 2496 738 2535 confirmavit,
758 2497 841 2539 quod
859 2498 1011 2539 generale
1033 2497 1118 2541 capi-

209 238 239 258 I'i-
248 239 287 258 arui
303 243 364 261 aene-

204 1237 337 1258 Doctrinarii.

212 2187 239 2206 tte
266 2192 366 2211 procura-

184 2215 228 2231 Ιιιιι·
242 2213 333 2233 :ent-rati
347 2213 366 2232 in

183 2244 241 2260 curia
254 2239 356 2260 ltuinana.

420 2560 431 2596 1
454 2558 554 2586 Forsan
574 2560 708 2586 recedant
728 2558 873 2594 tegendum
896 2559 931 2594 (n.
947 2559 995 2594 T.).

951 164 1131 190 BULLARII'M
1155 161 1306 187 ROMANL'M

1145 211 1247 243 tulum
1267 208 1444 241 Mureiense
1463 208 1620 248 decrevit,
1638 218 1755 252 nempe
1774 208 1874 252 quod,

1144 263 1167 295 si
1186 267 1258 306 post
1274 262 1390 295 saetam
1404 260 1658 294 nominationem
1676 261 1874 304 praedictam

1145 318 1207 350 tale
1229 315 1371 348 officium
1397 315 1615 358 procuratoris
1639 315 1800 358 generalis
1821 315 1875 348 Or-

1144 368 1227 401 dinis
1258 368 1289 401 in
1326 367 1413 401 curia
1444 366 1588 401 Romana
1622 367 1783 401 vacaverit
1817 379 1876 410 per

1143 426 1280 454 mortem
1292 448 1299 462 ,
1319 421 1600 454 renunciationem
1611 447 1619 461 ‚
1643 421 1855 464 privationem
1868 448 1875 461 ,

1144 475 1192 506 vel
1211 484 1269 517 per
1286 474 1380 506 aliam
1398 473 1575 516 legitimam
1593 484 1732 513 eausam,
1750 473 1798 505 ius
1819 484 1876 506 no-

1142 526 1285 559 minandi
1311 527 1350 559 de
1377 537 1461 559 novo
1477 536 1579 570 penes
1596 526 1795 569 praedictum
1812 538 1876 560 nia-

1143 579 1275 621 gistrum
1295 580 1482 622 generalem
1504 584 1644 612 maneat.

1184 642 1267 665 xtiv.
1307 632 1442 675 Insuper
1473 632 1642 665 confirmat
1672 634 1874 677 praedictum

1142 683 1308 725 generale*
1319 684 1553 723 definitorium,
1587 687 1673 729 quod
1699 687 1874 730 capitulum

1141 738 1293 778 generale
1325 736 1502 770 Murciense
1536 738 1698 779 decrevit,
1726 740 1876 774 videlicet

1142 790 1226 832 quod
1253 790 1324 823 talis
1348 796 1540 834 procurator
1564 793 1736 834 generalis,
1761 794 1814 837 qni
1835 795 1874 827 ad

1142 843 1360 885 magisterium
1381 845 1564 877 ascenderit
1580 856 1615 877 ex
1634 849 1875 889 praesentatura

1141 895 1228 928 iuxta
1254 897 1419 930 decretum
1444 897 1576 940 capituli
1598 899 1760 940 generalis
1785 900 1876 933 Tole-

1142 949 1205 981 tani
1231 949 1455 982 cenfirmatum
1480 961 1497 982 a
1519 951 1721 984 sanctissimo
1743 953 1875 987 domino

1143 1001 1269 1034 Urbano
1293 1002 1368 1042 VIII,
1393 1002 1580 1046 optione1n¹
1602 1004 1721 1037 habeat
1744 1005 1805 1038 loci
1831 1006 1876 1038 in-

1144 1060 1190 1087 ter
1207 1054 1377 1097 magistros
1394 1066 1469 1088 suae
1488 1056 1674 1098 provinciae
1696 1068 1767 1089 cum
1785 1068 1877 1100 prae-

1142 1107 1291 1140 cedentia
1316 1108 1355 1140 ad
1380 1118 1493 1141 omnes
1518 1108 1573 1152 qui
1598 1109 1631 1141 in
1657 1111 1694 1142 ea
1710 1110 1749 1143 ad
1779 1112 1875 1143 talem

1142 1160 1275 1203 gradum
1302 1161 1423 1194 suerint
1446 1161 1586 1204 promoti
1612 1166 1686 1205 post
1709 1162 1826 1206 ipsum,
1851 1163 1875 1196 si

1142 1214 1219 1246 alias
1237 1214 1336 1246 habet
1352 1214 1554 1247 conditiones
1572 1220 1605 1248 et
1620 1216 1774 1259 requisita
1792 1215 1877 1249 iuxta

1141 1267 1390 1300 constitutiones
1415 1273 1446 1299 ct
1471 1268 1601 1300 decreta
1634 1269 1813 1312 apostolica
1836 1269 1876 1302 ad

1141 1320 1361 1363 magisterium
1401 1322 1439 1354 de
1481 1321 1600 1354 iustitia
1639 1322 1874 1355 obtinendum:

1142 1374 1228 1418 quod
1265 1374 1289 1406 si
1326 1374 1500 1418 praedictis
1537 1375 1743 1419 qualitatibus
1771 1375 1879 1408 ¹suerit

1142 1427 1324 1468 destitutus,
1357 1429 1463 1461 locum
1501 1428 1619 1461 habeat
1654 1429 1877 1462 immediatum

1142 1480 1290 1513 omnibus
1315 1481 1475 1524 magistris
1496 1482 1534 1514 de
1555 1492 1704 1515 numero.
1731 1482 1878 1526 Denique

1142 1535 1167 1567 si
1188 1534 1285 1567 suerit
1309 1534 1473 1577 magister,
1500 1540 1532 1568 et
1556 1536 1643 1567 iuxta
1668 1536 1816 1579 superius
1833 1536 1879 1569 di-

1143 1594 1192 1621 eta
1217 1587 1406 1631 suffragatus
1439 1588 1535 1621 suerit
1558 1589 1590 1621 in
1615 1589 1757 1631 capitulo
1782 1600 1880 1632 gene·

1142 1642 1212 1682 rali,
1248 1642 1357 1684 gratiis
1396 1646 1427 1675 et
1459 1642 1721 1685 exemptionibus
1754 1653 1878 1683 eorum,

1143 1696 1197 1740 qui
1223 1696 1353 1728 suerunt
1376 1695 1602 1739 provincialeS,
1627 1695 1792 1738 gaudebit,
1809 1697 1879 1729 abs-

1143 1759 1204 1792 que
1241 1748 1373 1793 optione
1409 1753 1518 1781 tamen
1554 1749 1802 1792 praecedentiae
1839 1749 1879 1784 ad

1145 1813 1200 1835 eos
1225 1802 1278 1845 qui
1299 1808 1411 1844 postea
1435 1801 1557 1834 suerint
1579 1802 1806 1845 provinciales.

1186 1866 1256 1888 XLV.
1290 1856 1462 1888 Praeterea
1490 1855 1697 1898 praedictum
1726 1857 1879 1898 generale

1146 1909 1367 1943 definitorium
1393 1909 1507 1941 statuit
1527 1909 1627 1952 quod,
1648 1909 1760 1943 eadem
1779 1909 1881 1943 forma

1146 1975 1181 1996 ae
1207 1963 1414 2007 praedictus,
1440 1967 1636 2006 procurator
1659 1962 1822 2005 generalis
1848 1962 1880 1994 in

1146 2017 1235 2049 curia
1267 2015 1356 2058 regia
1389 2016 1428 2048 ad
1457 2015 1589 2057 negotia
1623 2026 1705 2058 quae
1741 2015 1774 2048 in
1810 2015 1881 2059 ipsa

1147 2080 1219 2102 sese
1256 2069 1415 2102 obtulerit
1449 2069 1660 2112 peragenda3
1695 2070 1880 2112 approbans

1147 2124 1179 2156 in
1193 2124 1256 2156 hoc
1270 2127 1302 2155 et
1315 2122 1511 2155 confirmans
1526 2122 1693 2165 antiquam
1711 2122 1881 2165 religionis

1148 2176 1435 2210 consuetudinem.

1191 2240 1273 2264 xtv1.
1301 2230 1439 2273 Insuper
1473 2229 1666 2273 approbavit
1698 2234 1730 2262 et
1763 2228 1882 2263 confir-

1130 2283 1266 2324 smavit‚
1293 2283 1379 2326 quod
1413 2287 1571 2315 statutum
1597 2282 1653 2314 suit
1679 2282 1712 2314 in
1738 2282 1882 2326 capitulo

1149 2335 1294 2378 generali
1321 2335 1505 2375 Mureiensi,
1527 2346 1646 2379 nempe
1668 2335 1755 2379 quod
1782 2335 1883 2368 trien-

1149 2390 1239 2422 ninm
1264 2389 1360 2422 officii
1386 2389 1596 2433 provincialis
1622 2389 1804 2432 ctmputari
1827 2389 1883 2422 de-

1149 2445 1205 2476 bet
1222 2443 1401 2476 secundum
1419 2453 1521 2475 annos
1540 2442 1790 2482 ecclesiasticos,
1816 2451 1883 2475 non

1149 2497 1237 2528 iuxta
1256 2497 1394 2535 solares,
1411 2495 1454 2527 ita
1470 2501 1503 2528 ut
1521 2495 1719 2538 regulariter
1735 2495 1884 2528 ceiebre-

1187 2559 1196 2584 1
1219 2557 1344 2584 Absurde
1360 2557 1401 2585 ed.
1420 2557 1499 2585 Malu.
1516 2558 1579 2594 legit
1594 2558 1762 2593 opinionem
1779 2558 1817 2593 (a.
1832 2557 1883 2594 12).

1888 159 1938 185 An.
1959 158 1986 184 C.
2002 157 2071 185 1662

1919 653 2072 674 Praene-denua

1890 682 2008 705 procui-atui
2016 681 2032 701 is
2041 686 2073 706 ge·

1890 706 1973 726 uei-alis.

1952 1868 2080 1897 Procurator

1895 1896 2000 1924 generatis
2013 1900 2032 1914 in
2043 1899 2079 1915 cu·

1896 1926 1928 1942 ria
1945 1927 2011 1947 regia.

1920 2237 2041 2258 Triennium
2051 2237 2081 2258 οῐ·

1897 2263 1940 2311 figit
1962 2268 2079 2290 provincia·
