2247 3208
218 215 267 244 An.
289 214 319 243 c.
341 213 408 242 1662
427 244 429 246 ,
453 204 512 239 66·

243 382 321 402 Motiva
337 380 400 401 huius

219 408 383 430 Constitutione.

231 2169 370 2196 Supplicano,

229 2486 309 2506 Sacrae
333 2491 386 2507 con-

203 2513 330 2537 gregationis
349 2514 385 2534 dc-

203 2542 290 2559 cretum.

608 256 774 286 Alexander
792 257 871 289 Papa
889 254 957 286 vn,

556 304 592 331 ad
611 304 742 329 futuram
761 300 804 327 rei
824 297 1002 326 memoriam.

460 366 562 405 Alias,
587 374 647 407 pro
672 367 765 406 parte
791 366 868 393 tunc
898 357 1067 392 existentis
1094 357 1150 394 ab·

414 418 498 452 batis
524 415 687 459 generalis
720 411 989 457 Congregationis
1016 410 1150 444 canoni-

414 481 527 504 corum
552 468 754 511 regularium
778 466 830 499 SS.
858 464 1047 503 salvatoris,
1074 473 1150 496 con-

413 522 596 565 gregationi
633 526 711 553 tunc
745 517 955 552 existentium
978 516 1010 558 S.
1041 516 1079 548 R.
1110 515 1145 547 E.

412 575 628 608 cardinalium
660 572 801 615 negotiis
836 575 867 603 et
898 568 1148 603 consultationi-

411 629 472 661 bus
498 628 729 670 episcoporum
764 628 796 657 et
827 622 1028 666 regularium
1053 632 1148 664 prae-

410 681 596 724 positorum
628 677 795 721 exposito,
823 676 910 719 quod
942 675 1034 718 ipse,
1059 675 1147 707 iuxta

410 734 599 766 mandatum
624 732 729 764 dictae
750 728 1016 772 congregationis
1042 727 1147 760 cardi-

410 786 543 825 nalium,
562 784 758 827 incapitulo
785 782 931 825 generali
956 781 1145 824 praedictae

410 838 678 881 Congrcgationis
694 836 927 870 canonicorum
944 833 1145 877 regularium

409 892 552 924 Venetiis
578 901 662 924 anno
692 889 864 933 superiore
897 897 1036 921 nocxtix
1059 887 1146 919 cele-

408 945 503 978 brato
528 946 591 976 una
616 955 688 977 cum
715 942 942 976 definitoribus
974 941 1145 973 decretum

410 998 568 1037 ediderat,
597 998 683 1040 quod
709 995 813 1039 spolia
838 996 1068 1028 defunctorum
1093 1005 1145 1027 ca-

407 1051 602 1084 nonicorum
636 1049 837 1092 regularium
871 1048 1143 1091 Cougregatirmis

407 1102 596 1136 huiusmodi
621 1102 920 1135 transmitterentur
945 1112 962 1133 a
986 1100 1143 1144 praelatis

405 1158 565 1190 localibus
598 1156 637 1188 ad
668 1160 919 1198 procuratorem
955 1156 1143 1197 generalem

405 1209 497 1252 ipsus
523 1208 804 1251 Congregationis‚
831 1208 870 1240 ad
896 1206 1046 1240 effectum
1079 1209 1144 1241 sol-

405 1262 502 1295 vendi
527 1262 636 1294 debita
661 1261 840 1294 cameraria
864 1261 1142 1294 monasteriorum

404 1314 663 1358 particularium,
690 1319 722 1346 et
748 1314 797 1346 his
824 1313 1052 1346 deficientibus
1082 1325 1142 1356 pu-

404 1368 491 1401 blica
522 1368 692 1410 religionis
719 1367 840 1399 Romae
874 1372 1043 1400 contracta
1067 1379 1141 1400 cum

404 1421 569 1453 montistis
603 1426 634 1453 et
669 1421 871 1461 censuariis3
900 1422 1054 1464 quodque
1086 1422 1141 1454 de-

406 1478 532 1506 cretum
565 1474 755 1506 huiusmodi
781 1475 819 1506 ab
845 1475 917 1517 ipso
943 1475 1060 1507 abbate
1086 1485 1141 1517 ge-

404 1527 509 1559 nerali
535 1532 567 1559 et
592 1527 778 1560 delinitorio
811 1528 844 1560 in
877 1528 965 1561 dieta
990 1539 1029 1561 eo
1054 1539 1139 1561 anno

405 1580 590 1613 Florentiae
616 1581 729 1613 habita
754 1581 851 1614 etiam
884 1586 1077 1615 renovatum
1108 1587 1140 1615 et

403 1634 595 1676 plenissime
635 1634 863 1667 confirmatum
903 1646 939 1668 ac
975 1646 991 1668 a
1027 1636 1138 1669 multis

405 1692 515 1719 exacte
541 1688 751 1719 observatum
778 1693 809 1720 et
833 1689 1051 1731 practicatum
1071 1690 1139 1721 sue-

404 1743 463 1777 rat,
491 1740 548 1771 sed
573 1740 722 1773 nonnulli
748 1740 801 1773 alii
827 1742 1008 1774 renitentes
1035 1748 1136 1782 erant,

403 1791 517 1834 illique
553 1804 670 1835 parere
703 1795 921 1834 recusabant,
949 1796 1010 1827 sub
1046 1796 1156 1828 vanis

403 1846 626 1887 praetextibus
652 1851 685 1878 et
709 1847 934 1889 subterfugiis,
957 1849 1137 1890 allegantes

404 1896 525 1930 dictum
552 1899 718 1931 decretum
745 1900 1034 1933 constitutionibus
1060 1912 1138 1944 apo-

404 1951 527 1983 stolicis
553 1962 589 1983 ac
616 1952 757 1984 decretis
785 1954 975 1996 praedictae
1000 1964 1137 1996 congre-

403 2005 542 2045 gationis
566 2006 778 2037 cardinalium
813 2012 845 2038 et
876 2007 977 2039 sacris
1004 2009 1136 2040 canoni-

402 2057 463 2089 bu<
490 2058 666 2098 adversari,
699 2059 775 2091 licet
807 2060 887 2093 nihil
913 2072 1014 2104 super
1039 2064 1076 2094 ea
1100 2072 1134 2094 re

402 2111 624 2153 producerent
637 2123 644 2150 3

446 2164 460 2206 ξ
484 2163 527 2195 Ἰ.4
543 2164 682 2206 Ideoque
709 2176 767 2207 pro
792 2171 883 2208 parte
906 2167 981 2199 dicti
1008 2167 1133 2200 abbatis

403 2217 565 2259 generalis
591 2220 778 2251 memoratis
812 2221 1031 2253 cardinalilnis
1058 2233 1135 2264 sup-

401 2269 498 2302 licato
526 2275 559 2301 ut
587 2270 744 2312 praedicti
767 2272 888 2304 decreti
911 2273 1133 2306 observationi

402 2327 587 2364 opportune
603 2323 834 2364 providerent:
851 2327 1011 2357 emanavit
1026 2328 1065 2359 ab
1080 2338 1134 2359 eo-

400 2376 549 2407 rumden]
572 2376 783 2408 cardinalium
807 2379 1060 2420 congregatione
1079 2380 1134 2411 dc-

401 2433 527 2460 crctum
554 2429 677 2460 tenoris
705 2430 758 2471 qui
781 2431 940 2472 sequitur,
961 2432 1130 2465 videlicet:

451 2493 463 2511 α
484 2481 581 2514 Sacra
598 2483 818 2524 congregatio,
835 2489 908 2523 etc„
928 2485 1131 2518 inhaerendo

400 2535 659 2567 resolutionibus
678 2535 756 2567 alias
779 2536 869 2567 sat-tis
888 2536 918 2567 in
942 2537 1129 2579 particulari

400 2588 656 2631 congregatione
691 2599 751 2632 pro
785 2589 993 2622 sublevandis
1024 2591 1133 2623 oneri-

995 202 1176 229 BULLARIUM
1198 200 1351 226 ROMANUM

1182 250 1245 283 bus
1259 248 1434 282 duodecim
1453 247 1746 291 congregationum
1762 248 1920 282 monasti-

1183 312 1316 342 carum,
1345 305 1596 345 praenarratum
1622 302 1792 335 decretum
1817 312 1835 334 a
1863 302 1920 334 de-

1182 355 1326 389 finitorio
1344 355 1479 399 capituli
1491 355 1654 398 generalis
1680 366 1765 388 anno
1780 365 1919 390 Mncxmx

1181 409 1324 442 Venetiis
1352 408 1485 449 editum,
1512 413 1544 441 et
1560 419 1667 451 nuper
1690 408 1723 441 in
1738 409 1919 452 praeterita

1182 462 1269 495 dieta
1281 462 1480 502 innovatum,
1496 472 1557 505 pro
1572 461 1811 494 satisfaciendis
1826 461 1918 494 dum-

1183 519 1269 547 taxat
1304 514 1422 548 debitis
1459 523 1598 547 onerum
1633 513 1844 546 cameralium
1880 524 1918 546 ac

1181 568 1412 601 montistarum
1456 572 1488 600 et
1520 567 1769 600 censuariorum
1802 567 1917 600 huius-

1180 622 1268 654 modi
1289 622 1329 654 ad
1352 621 1565 664 particularia
1582 620 1793 660 monasteria,
1814 619 1840 652 si
1861 620 1916 652 ad-

1181 674 1263 715 sint,
1290 674 1339 707 sin
1364 675 1492 714 minus,
1518 674 1558 707 ad
1583 684 1756 706 commune
1782 673 1916 716 religio-

1180 727 1229 760 nis
1255 728 1501 771 spectantibus,
1529 732 1561 760 et
1585 738 1650 760 non
1676 727 1767 767 alias,
1793 726 1915 759 virtute

1179 781 1413 824 praesentium,
1429 781 1637 813 sanctissimo
1652 780 1784 813 domino
1799 784 1914 813 nostro

1180 839 1359 875 annuente,
1385 835 1547 877 approbat
1572 838 1604 866 et
1620 832 1800 873 confirmat,
1819 844 1856 866 ac
1873 833 1914 866 ab

1179 887 1344 929 omnibus,
1372 888 1411 920 ad
1437 884 1519 931 qu‘os
1545 891 1690 930 spectat,
1716 886 1915 919 inviolabili-

1179 945 1229 973 ter
1253 941 1439 981 observari,
1474 952 1511 974 ac
1542 941 1582 974 ad
1613 941 1800 984 praedictos
1833 951 1912 974 usus

1179 995 1386 1027 solummodo
1411 994 1569 1037 applicari
1601 994 1734 1026 mandat
1764 998 1795 1026 et
1818 1004 1914 1037 prae-

1178 1048 1269 1091 cipit,
1296 1049 1356 1081 sub
1378 1050 1485 1091 poena
1510 1048 1822 1081 contrafacientibus
1846 1047 1913 1091 pri-

1178 1101 1317 1134 vationis
1343 1102 1430 1134 vocis
1452 1101 1574 1134 activae
1592 1106 1624 1134 et
1640 1101 1799 1144 passivae,
1818 1112 1914 1144 prae-

1177 1155 1303 1187 laturae
1335 1160 1366 1188 et
1398 1155 1589 1195 officiorum,
1626 1164 1755 1187 necnon
1792 1165 1913 1198 perpe-

1177 1214 1250 1242 tuae
1283 1208 1498 1242 inhabilitatis
1525 1209 1565 1241 ad
1590 1218 1817 1252 quaecumque
1850 1208 1913 1241 alia

1176 1262 1377 1302 obtinenda,
1414 1262 1681 1294 rehabilitatione
1719 1261 1826 1294 eidem
1862 1272 1913 1294 sa-

1175 1326 1249 1348 crae
1271 1315 1520 1358 congregationi
1545 1316 1729 1347 reservata:
1753 1315 1912 1347 constitu-

1175 1370 1318 1402 tionibus
1344 1368 1534 1412 apostolicis
1560 1373 1592 1400 et
1616 1368 1764 1401 eiusdem
1781 1367 1910 1402 Ordinis

1175 1422 1304 1455 statutis
1331 1422 1470 1465 aliisque
1500 1422 1763 1465 quibuscumque
1784 1421 1818 1454 in
1835 1431 1912 1454 con-

1157 1469 1311 1508 trarium
1347 1485 1412 1507 non
1449 1475 1669 1507 obstantibus.
1701 1474 1735 1507 In
1769 1485 1911 1518 quorum

1173 1529 1271 1562 sidem
1297 1533 1360 1561 etc.
1386 1528 1503 1561 Datum
1536 1528 1671 1569 Romae,
1699 1528 1751 1561 die
1775 1538 1814 1562 xv
1837 1527 1909 1563 iulii

1174 1592 1259 1615 inici,
1284 1594 1314 1614 ».

1216 1635 1230 1678 ἓ
1254 1635 1285 1668 ΕΞ.
1312 1635 1390 1668 Cum
1416 1640 1534 1674 autem,
1554 1635 1639 1668 sicut
1664 1634 1804 1668 dilectus
1822 1634 1908 1668 filius
1939 1637 2107 1661 caesanam„-

1924 1665 1990 1686 firmat
2004 1667 2106 1688 Pontifex.

1172 1689 1309 1721 Ioannes
1334 1688 1432 1721 Maria
1456 1688 1607 1727 Lancius,
1632 1693 1830 1732 procurator
1855 1699 1910 1731 ge-

1172 1743 1294 1775 neralis
1331 1743 1436 1775 dictae
1468 1742 1738 1784 Congregationis
1776 1742 1910 1775 canoni-

1173 1807 1287 1829 corum
1310 1795 1511 1838 regularium
1536 1795 1589 1828 SS.
1617 1795 1792 1828 Salvatoris
1811 1795 1907 1828 nobis

1172 1860 1277 1893 nuper
1295 1849 1413 1892 exponi
1433 1849 1516 1889 fecit,
1535 1849 1606 1892 ipse
1625 1849 1795 1882 decretum
1815 1859 1910 1892 prae-

1171 1903 1347 1942 insertum,
1374 1913 1433 1945 pro
1466 1901 1603 1934 firmiori
1629 1907 1661 1935 et
1685 1901 1845 1935 stabiliori
1870 1901 1908 1935 il-

1171 1956 1233 1989 lius
1251 1955 1495 1995 observatione,
1515 1955 1715 1998 apostolicae
1734 1954 1907 1988 confirma-

1171 2002 1269 2041 tionis
1309 2007 1445 2040 ‘nostrae
1490 2008 1673 2050 patrocinio
1709 2007 1906 2040 communiri

1170 2072 1380 2104 summopere
1400 2061 1579 2093 desideret:
1599 2071 1668 2101 nos,
1687 2060 1796 2104 ipsum
1813 2060 1906 2092 Ioan-

1170 2125 1242 2147 nem
1270 2115 1400 2146 Mariam
1432 2119 1682 2157 prowratorem
1715 2114 1904 2155 generalem

1169 2168 1368 2211 specialibus
1404 2167 1568 2200 favoribus
1595 2173 1626 2199 et
1652 2167 1762 2209 gratiis
1788 2177 1905 2210 prose-

1170 2222 1224 2265 qui
1249 2223 1408 2260 volentes,
1428 2226 1459 2253 et
1484 2232 1501 2253 a
1526 2220 1695 2263 quibusvis
1717 2231 1905 2253 excommu-

1169 2274 1355 2314 nicationis,
1394 2273 1622 2316 suspensionis
1661 2279 1693 2305 et
1722 2273 1901 2313 interdicti,

1168 2328 1306 2370 aliisque
1330 2327 1562 2359 ecclesiasticis
1585 2327 1767 2366 sententiis,
1786 2337 1904 2359 censu-

1168 2381 1212 2413 ris
1239 2385 1270 2413 et
1294 2380 1434 2423 poenis,
1462 2391 1478 2412 a
1503 2380 1575 2412 iure
1600 2381 1651 2412 rel
1681 2381 1720 2412 ab
1747 2380 1900 2420 homine,

1167 2433 1279 2476 quavis
1298 2432 1470 2465 occasione
1496 2434 1545 2465 vel
1565 2434 1662 2465 causa
1681 2432 1766 2471 latis,
1786 2432 1812 2464 si
1831 2431 1903 2474 qui-

1166 2487 1224 2518 bus
1250 2485 1499 2529 quomodolibet
1524 2485 1699 2518 innodatus
1725 2484 1842 2524 existit,
1861 2484 1902 2517 ad

1166 2539 1319 2571 ellectum
1344 2539 1569 2582 praesentium
1595 2539 1762 2570 dumtaxat
1786 2547 1902 2569 conse-

1166 2592 1342 2634 quendum,
1370 2592 1487 2624 harum
1518 2591 1602 2624 serie
1634 2591 1843 2624 absolventes
1869 2593 1903 2622 et.

1931 199 1979 228 An.
1999 200 2029 228 C.
2051 200 2117 231 ¹602
