<?xml version="1.0" encoding="UTF-8"?>
<!DOCTYPE html PUBLIC "-//W3C//DTD XHTML 1.0 Transitional//EN"
    "http://www.w3.org/TR/xhtml1/DTD/xhtml1-transitional.dtd">
<html xmlns="http://www.w3.org/1999/xhtml" xml:lang="en" lang="en">
 <head>
  <title>
</title>
<meta http-equiv="Content-Type" content="text/html;charset=utf-8" />
  <meta name='ocr-system' content='tesseract 3.04.00' />
  <meta name='ocr-capabilities' content='ocr_page ocr_carea ocr_par ocr_line ocrx_word'/>
</head>
<body>
  <div class='ocr_page' id='page_1' title='image "./bullarumdiplomat17cath_0411.png"; bbox 0 0 2247 3208; ppageno 0'>
   <div class='ocr_carea' id='block_1_1' title="bbox 145 190 334 218">
    <p class='ocr_par' dir='ltr' id='par_1_1' title="bbox 145 190 334 218">
     <span class='ocr_line' id='line_1_1' title="bbox 145 190 334 218; baseline 0 0"><span class='ocrx_word' id='word_1_1' title='bbox 145 192 194 218; x_wconf 76' lang='lat' dir='ltr'>An.</span> <span class='ocrx_word' id='word_1_2' title='bbox 213 190 242 218; x_wconf 89' lang='lat' dir='ltr'>C.</span> <span class='ocrx_word' id='word_1_3' title='bbox 266 190 334 218; x_wconf 83' lang='grc'>1665</span> 
     </span>
    </p>
   </div>
   <div class='ocr_carea' id='block_1_2' title="bbox 147 516 333 618">
    <p class='ocr_par' dir='ltr' id='par_1_2' title="bbox 147 516 333 618">
     <span class='ocr_line' id='line_1_2' title="bbox 180 516 298 538; baseline 0.008 -1"><span class='ocrx_word' id='word_1_4' title='bbox 180 516 248 537; x_wconf 64' lang='lat' dir='ltr'>Cum·</span> <span class='ocrx_word' id='word_1_5' title='bbox 264 517 298 538; x_wconf 76' lang='lat' dir='ltr'>XI.</span> 
     </span>
     <span class='ocr_line' id='line_1_3' title="bbox 147 543 333 565; baseline 0.011 -2"><span class='ocrx_word' id='word_1_6' title='bbox 147 543 178 563; x_wconf 78' lang='lat' dir='ltr'>sse</span> <span class='ocrx_word' id='word_1_7' title='bbox 195 546 297 565; x_wconf 72' lang='lat' dir='ltr'>memoria</span> <span class='ocrx_word' id='word_1_8' title='bbox 312 547 333 565; x_wconf 79' lang='lat' dir='ltr'>et</span> 
     </span>
     <span class='ocr_line' id='line_1_4' title="bbox 150 572 332 599; baseline 0.016 -10"><span class='ocrx_word' id='word_1_9' title='bbox 150 572 252 599; x_wconf 63' lang='lat' dir='ltr'>exercitio</span> <span class='ocrx_word' id='word_1_10' title='bbox 278 576 332 592; x_wconf 84' lang='lat' dir='ltr'>mor-</span> 
     </span>
     <span class='ocr_line' id='line_1_5' title="bbox 149 599 183 618; baseline 0.059 -2"><span class='ocrx_word' id='word_1_11' title='bbox 149 599 183 618; x_wconf 76' lang='lat' dir='ltr'>tis.</span> 
     </span>
    </p>
   </div>
   <div class='ocr_carea' id='block_1_3' title="bbox 927 194 1261 219">
    <p class='ocr_par' dir='ltr' id='par_1_3' title="bbox 927 194 1261 219">
     <span class='ocr_line' id='line_1_6' title="bbox 927 194 1261 219; baseline 0.006 -2"><span class='ocrx_word' id='word_1_12' title='bbox 927 194 1007 218; x_wconf 64' lang='lat' dir='ltr'>ALEX</span> <span class='ocrx_word' id='word_1_13' title='bbox 1014 194 1116 218; x_wconf 59' lang='lat' dir='ltr'>tNDER</span> <span class='ocrx_word' id='word_1_14' title='bbox 1140 195 1185 219; x_wconf 80' lang='lat' dir='ltr'>vlt</span> <span class='ocrx_word' id='word_1_15' title='bbox 1212 196 1261 219; x_wconf 86' lang='lat' dir='ltr'>PP.</span> 
     </span>
    </p>
   </div>
   <div class='ocr_carea' id='block_1_4' title="bbox 341 239 1088 2358">
    <p class='ocr_par' dir='ltr' id='par_1_4' title="bbox 342 239 1081 337">
     <span class='ocr_line' id='line_1_7' title="bbox 344 239 1081 284; baseline 0.004 -12"><span class='ocrx_word' id='word_1_16' title='bbox 344 239 453 281; x_wconf 82' lang='lat' dir='ltr'>stiam,</span> <span class='ocrx_word' id='word_1_17' title='bbox 479 239 620 284; x_wconf 80' lang='lat' dir='ltr'>indeque</span> <span class='ocrx_word' id='word_1_18' title='bbox 646 249 717 273; x_wconf 90' lang='lat' dir='ltr'>cum</span> <span class='ocrx_word' id='word_1_19' title='bbox 742 251 867 274; x_wconf 89' lang='lat' dir='ltr'>summo</span> <span class='ocrx_word' id='word_1_20' title='bbox 893 242 1023 275; x_wconf 85' lang='lat' dir='ltr'>silentio</span> <span class='ocrx_word' id='word_1_21' title='bbox 1049 248 1081 275; x_wconf 87' lang='lat' dir='ltr'>et</span> 
     </span>
     <span class='ocr_line' id='line_1_8' title="bbox 342 292 847 337; baseline 0.004 -12"><span class='ocrx_word' id='word_1_22' title='bbox 342 292 502 326; x_wconf 80' lang='lat' dir='ltr'>modestia</span> <span class='ocrx_word' id='word_1_23' title='bbox 526 293 744 337; x_wconf 84' lang='lat' dir='ltr'>unusquisque</span> <span class='ocrx_word' id='word_1_24' title='bbox 771 294 847 327; x_wconf 77' lang='lat' dir='ltr'>abit.</span> 
     </span>
    </p>

    <p class='ocr_par' dir='ltr' id='par_1_5' title="bbox 343 346 1081 497">
     <span class='ocr_line' id='line_1_9' title="bbox 386 346 1081 392; baseline 0.003 -13"><span class='ocrx_word' id='word_1_25' title='bbox 386 346 453 379; x_wconf 91' lang='lat' dir='ltr'>Hoc</span> <span class='ocrx_word' id='word_1_26' title='bbox 479 347 530 379; x_wconf 88' lang='lat' dir='ltr'>die</span> <span class='ocrx_word' id='word_1_27' title='bbox 555 352 692 390; x_wconf 86' lang='lat' dir='ltr'>propter</span> <span class='ocrx_word' id='word_1_28' title='bbox 716 347 747 380; x_wconf 92' lang='lat' dir='ltr'>id</span> <span class='ocrx_word' id='word_1_29' title='bbox 773 348 860 391; x_wconf 89' lang='lat' dir='ltr'>quod</span> <span class='ocrx_word' id='word_1_30' title='bbox 886 348 917 380; x_wconf 91' lang='lat' dir='ltr'>in</span> <span class='ocrx_word' id='word_1_31' title='bbox 951 359 1081 392; x_wconf 86' lang='lat' dir='ltr'>praece-</span> 
     </span>
     <span class='ocr_line' id='line_1_10' title="bbox 344 400 1081 445; baseline 0.003 -13"><span class='ocrx_word' id='word_1_32' title='bbox 344 400 433 433; x_wconf 87' lang='lat' dir='ltr'>denti</span> <span class='ocrx_word' id='word_1_33' title='bbox 459 400 562 444; x_wconf 86' lang='lat' dir='ltr'>capite</span> <span class='ocrx_word' id='word_1_34' title='bbox 589 400 706 433; x_wconf 88' lang='lat' dir='ltr'>dictum</span> <span class='ocrx_word' id='word_1_35' title='bbox 733 407 789 443; x_wconf 84' lang='lat' dir='ltr'>est,</span> <span class='ocrx_word' id='word_1_36' title='bbox 817 403 915 445; x_wconf 87' lang='lat' dir='ltr'>pallia</span> <span class='ocrx_word' id='word_1_37' title='bbox 939 413 1004 435; x_wconf 87' lang='lat' dir='ltr'>non</span> <span class='ocrx_word' id='word_1_38' title='bbox 1026 403 1081 435; x_wconf 87' lang='lat' dir='ltr'>de-</span> 
     </span>
     <span class='ocr_line' id='line_1_11' title="bbox 343 459 482 497; baseline 0.014 -13"><span class='ocrx_word' id='word_1_39' title='bbox 343 459 482 497; x_wconf 64' lang='lat' dir='ltr'>ponunt</span> 
     </span>
    </p>

    <p class='ocr_par' dir='ltr' id='par_1_6' title="bbox 341 507 1082 976">
     <span class='ocr_line' id='line_1_12' title="bbox 388 507 1081 541; baseline 0.001 -2"><span class='ocrx_word' id='word_1_40' title='bbox 388 507 438 539; x_wconf 71' lang='lat' dir='ltr'>xi.</span> <span class='ocrx_word' id='word_1_41' title='bbox 459 507 550 540; x_wconf 84' lang='lat' dir='ltr'>Iubet</span> <span class='ocrx_word' id='word_1_42' title='bbox 566 519 625 541; x_wconf 90' lang='lat' dir='ltr'>nos</span> <span class='ocrx_word' id='word_1_43' title='bbox 643 508 786 541; x_wconf 81' lang='lat' dir='ltr'>Christus</span> <span class='ocrx_word' id='word_1_44' title='bbox 805 508 953 541; x_wconf 87' lang='lat' dir='ltr'>dominus</span> <span class='ocrx_word' id='word_1_45' title='bbox 969 513 1081 540; x_wconf 90' lang='lat' dir='ltr'>noster</span> 
     </span>
     <span class='ocr_line' id='line_1_13' title="bbox 344 561 1080 605; baseline 0 -13"><span class='ocrx_word' id='word_1_46' title='bbox 344 565 474 605; x_wconf 88' lang='lat' dir='ltr'>paratos</span> <span class='ocrx_word' id='word_1_47' title='bbox 494 570 562 593; x_wconf 83' lang='lat' dir='ltr'>esse.</span> <span class='ocrx_word' id='word_1_48' title='bbox 583 562 622 594; x_wconf 87' lang='lat' dir='ltr'>ad</span> <span class='ocrx_word' id='word_1_49' title='bbox 639 561 727 594; x_wconf 83' lang='lat' dir='ltr'>illam</span> <span class='ocrx_word' id='word_1_50' title='bbox 750 562 871 600; x_wconf 83' lang='lat' dir='ltr'>horam,</span> <span class='ocrx_word' id='word_1_51' title='bbox 891 571 953 603; x_wconf 89' lang='lat' dir='ltr'>qua</span> <span class='ocrx_word' id='word_1_52' title='bbox 971 561 999 593; x_wconf 86' lang='lat' dir='ltr'>ei</span> <span class='ocrx_word' id='word_1_53' title='bbox 1018 562 1080 603; x_wconf 86' lang='lat' dir='ltr'>pla-</span> 
     </span>
     <span class='ocr_line' id='line_1_14' title="bbox 343 613 1081 656; baseline 0 -11"><span class='ocrx_word' id='word_1_54' title='bbox 343 613 444 645; x_wconf 82' lang='lat' dir='ltr'>cuerit</span> <span class='ocrx_word' id='word_1_55' title='bbox 480 624 538 646; x_wconf 86' lang='lat' dir='ltr'>nos</span> <span class='ocrx_word' id='word_1_56' title='bbox 571 625 714 647; x_wconf 84' lang='lat' dir='ltr'>vocare:</span> <span class='ocrx_word' id='word_1_57' title='bbox 759 613 814 646; x_wconf 65' lang='lat' dir='ltr'>Vos</span> <span class='ocrx_word' id='word_1_58' title='bbox 843 617 938 646; x_wconf 81' lang='lat' dir='ltr'>estote</span> <span class='ocrx_word' id='word_1_59' title='bbox 968 614 1081 656; x_wconf 74' lang='lat' dir='ltr'>parali</span> 
     </span>
     <span class='ocr_line' id='line_1_15' title="bbox 343 666 1080 710; baseline 0.001 -12"><span class='ocrx_word' id='word_1_60' title='bbox 343 666 500 709; x_wconf 48' lang='lat' dir='ltr'>(tima,</span> <span class='ocrx_word' id='word_1_61' title='bbox 526 667 630 710; x_wconf 73' lang='lat' dir='ltr'>xxrv),</span> <span class='ocrx_word' id='word_1_62' title='bbox 666 677 746 710; x_wconf 89' lang='lat' dir='ltr'>quae</span> <span class='ocrx_word' id='word_1_63' title='bbox 779 678 851 700; x_wconf 90' lang='lat' dir='ltr'>cum</span> <span class='ocrx_word' id='word_1_64' title='bbox 882 667 927 699; x_wconf 80' lang='lat' dir='ltr'>ita</span> <span class='ocrx_word' id='word_1_65' title='bbox 959 667 1080 700; x_wconf 87' lang='lat' dir='ltr'>incerta</span> 
     </span>
     <span class='ocr_line' id='line_1_16' title="bbox 342 719 1080 761; baseline 0.001 -10"><span class='ocrx_word' id='word_1_66' title='bbox 342 719 381 751; x_wconf 88' lang='lat' dir='ltr'>sit</span> <span class='ocrx_word' id='word_1_67' title='bbox 399 725 431 751; x_wconf 88' lang='lat' dir='ltr'>et</span> <span class='ocrx_word' id='word_1_68' title='bbox 447 719 610 761; x_wconf 80' lang='lat' dir='ltr'>ignorata:</span> <span class='ocrx_word' id='word_1_69' title='bbox 628 719 714 759; x_wconf 79' lang='lat' dir='ltr'>Sero,</span> <span class='ocrx_word' id='word_1_70' title='bbox 735 730 778 752; x_wconf 82' lang='lat' dir='ltr'>an</span> <span class='ocrx_word' id='word_1_71' title='bbox 797 719 905 752; x_wconf 75' lang='lat' dir='ltr'>medici</span> <span class='ocrx_word' id='word_1_72' title='bbox 921 724 1019 760; x_wconf 76' lang='lat' dir='ltr'>nocte,</span> <span class='ocrx_word' id='word_1_73' title='bbox 1037 731 1080 752; x_wconf 83' lang='lat' dir='ltr'>an</span> 
     </span>
     <span class='ocr_line' id='line_1_17' title="bbox 341 771 1081 816; baseline 0.001 -13"><span class='ocrx_word' id='word_1_74' title='bbox 341 771 427 814; x_wconf 74' lang='lat' dir='ltr'>yalli</span> <span class='ocrx_word' id='word_1_75' title='bbox 445 776 553 811; x_wconf 69' lang='lat' dir='ltr'>cantu,</span> <span class='ocrx_word' id='word_1_76' title='bbox 573 771 744 804; x_wconf 67' lang='grc' dir='ltr'>0111110110ί</span> <span class='ocrx_word' id='word_1_77' title='bbox 763 772 890 814; x_wconf 52' lang='lat' dir='ltr'>(Mauo,</span> <span class='ocrx_word' id='word_1_78' title='bbox 905 774 987 816; x_wconf 82' lang='lat' dir='ltr'>xm),</span> <span class='ocrx_word' id='word_1_79' title='bbox 1003 783 1081 806; x_wconf 87' lang='lat' dir='ltr'>cou-</span> 
     </span>
     <span class='ocr_line' id='line_1_18' title="bbox 342 824 1081 867; baseline 0.003 -11"><span class='ocrx_word' id='word_1_80' title='bbox 342 824 431 857; x_wconf 86' lang='lat' dir='ltr'>tinuo</span> <span class='ocrx_word' id='word_1_81' title='bbox 449 835 563 867; x_wconf 83' lang='lat' dir='ltr'>parare</span> <span class='ocrx_word' id='word_1_82' title='bbox 583 835 640 858; x_wconf 90' lang='lat' dir='ltr'>nos</span> <span class='ocrx_word' id='word_1_83' title='bbox 660 826 826 866; x_wconf 83' lang='lat' dir='ltr'>debemus,</span> <span class='ocrx_word' id='word_1_84' title='bbox 848 836 888 859; x_wconf 89' lang='lat' dir='ltr'>ne</span> <span class='ocrx_word' id='word_1_85' title='bbox 912 826 1081 858; x_wconf 84' lang='lat' dir='ltr'>subitanea</span> 
     </span>
     <span class='ocr_line' id='line_1_19' title="bbox 341 877 1082 921; baseline 0.004 -12"><span class='ocrx_word' id='word_1_86' title='bbox 341 877 506 920; x_wconf 73' lang='lat' dir='ltr'>imparatis</span> <span class='ocrx_word' id='word_1_87' title='bbox 524 878 746 921; x_wconf 75' lang='lat' dir='ltr'>superveniat:</span> <span class='ocrx_word' id='word_1_88' title='bbox 773 878 818 912; x_wconf 66' lang='lat' dir='ltr'>Ne</span> <span class='ocrx_word' id='word_1_89' title='bbox 838 889 911 911; x_wconf 81' lang='lat' dir='ltr'>cum</span> <span class='ocrx_word' id='word_1_90' title='bbox 934 880 1056 912; x_wconf 72' lang='lat' dir='ltr'>venerit</span> <span class='ocrx_word' id='word_1_91' title='bbox 1071 877 1082 896; x_wconf 68' lang='lat'>⁹</span> 
     </span>
     <span class='ocr_line' id='line_1_20' title="bbox 341 931 1078 976; baseline 0.004 -14"><span class='ocrx_word' id='word_1_92' title='bbox 341 933 478 973; x_wconf 76' lang='lat' dir='ltr'>repente,</span> <span class='ocrx_word' id='word_1_93' title='bbox 496 931 642 963; x_wconf 75' lang='lat' dir='ltr'>inveniat</span> <span class='ocrx_word' id='word_1_94' title='bbox 667 942 719 964; x_wconf 77' lang='lat' dir='ltr'>vos</span> <span class='ocrx_word' id='word_1_95' title='bbox 743 931 939 964; x_wconf 75' lang='lat' dir='ltr'><em>dormientes</em></span> <span class='ocrx_word' id='word_1_96' title='bbox 960 932 1078 976; x_wconf 79' lang='lat' dir='ltr'>(ibid).</span> 
     </span>
    </p>

    <p class='ocr_par' dir='ltr' id='par_1_7' title="bbox 341 984 1086 1931">
     <span class='ocr_line' id='line_1_21' title="bbox 387 984 1083 1028; baseline 0.003 -12"><span class='ocrx_word' id='word_1_97' title='bbox 387 984 487 1027; x_wconf 82' lang='lat' dir='ltr'>Igitur</span> <span class='ocrx_word' id='word_1_98' title='bbox 519 985 649 1017; x_wconf 85' lang='lat' dir='ltr'>scholae</span> <span class='ocrx_word' id='word_1_99' title='bbox 683 985 800 1018; x_wconf 87' lang='lat' dir='ltr'>Christi</span> <span class='ocrx_word' id='word_1_100' title='bbox 827 985 976 1028; x_wconf 89' lang='lat' dir='ltr'>discipuli</span> <span class='ocrx_word' id='word_1_101' title='bbox 1002 996 1083 1018; x_wconf 88' lang='lat' dir='ltr'>nun-</span> 
     </span>
     <span class='ocr_line' id='line_1_22' title="bbox 343 1039 1083 1081; baseline 0.003 -12"><span class='ocrx_word' id='word_1_102' title='bbox 343 1048 441 1080; x_wconf 86' lang='lat' dir='ltr'>quam</span> <span class='ocrx_word' id='word_1_103' title='bbox 465 1047 532 1070; x_wconf 90' lang='lat' dir='ltr'>non</span> <span class='ocrx_word' id='word_1_104' title='bbox 565 1048 678 1081; x_wconf 84' lang='lat' dir='ltr'>parare</span> <span class='ocrx_word' id='word_1_105' title='bbox 705 1049 776 1071; x_wconf 85' lang='lat' dir='ltr'>sese</span> <span class='ocrx_word' id='word_1_106' title='bbox 811 1039 931 1071; x_wconf 87' lang='lat' dir='ltr'>debent</span> <span class='ocrx_word' id='word_1_107' title='bbox 956 1049 997 1071; x_wconf 89' lang='lat' dir='ltr'>ne</span> <span class='ocrx_word' id='word_1_108' title='bbox 1026 1039 1083 1071; x_wconf 91' lang='lat' dir='ltr'>im-</span> 
     </span>
     <span class='ocr_line' id='line_1_23' title="bbox 342 1090 1081 1133; baseline 0.003 -11"><span class='ocrx_word' id='word_1_109' title='bbox 342 1096 471 1133; x_wconf 81' lang='lat' dir='ltr'>paratos</span> <span class='ocrx_word' id='word_1_110' title='bbox 504 1090 649 1123; x_wconf 85' lang='lat' dir='ltr'>inveniat</span> <span class='ocrx_word' id='word_1_111' title='bbox 685 1102 794 1124; x_wconf 87' lang='lat' dir='ltr'>eorum</span> <span class='ocrx_word' id='word_1_112' title='bbox 826 1092 979 1124; x_wconf 76' lang='lat' dir='ltr'>Dominus</span> <span class='ocrx_word' id='word_1_113' title='bbox 1011 1102 1081 1124; x_wconf 85' lang='grc'>011111</span> 
     </span>
     <span class='ocr_line' id='line_1_24' title="bbox 341 1144 1080 1188; baseline 0.004 -13"><span class='ocrx_word' id='word_1_114' title='bbox 341 1144 477 1183; x_wconf 71' lang='lat' dir='ltr'>venerit,</span> <span class='ocrx_word' id='word_1_115' title='bbox 505 1149 705 1187; x_wconf 89' lang='lat' dir='ltr'>mortemque</span> <span class='ocrx_word' id='word_1_116' title='bbox 731 1145 771 1177; x_wconf 89' lang='grc'>011</span> <span class='ocrx_word' id='word_1_117' title='bbox 797 1146 907 1179; x_wconf 89' lang='lat' dir='ltr'>oculos</span> <span class='ocrx_word' id='word_1_118' title='bbox 937 1155 1080 1188; x_wconf 78' lang='lat' dir='ltr'>ponere,</span> 
     </span>
     <span class='ocr_line' id='line_1_25' title="bbox 342 1197 1084 1241; baseline 0.003 -12"><span class='ocrx_word' id='word_1_119' title='bbox 342 1197 551 1240; x_wconf 82' lang='lat' dir='ltr'>strictumque</span> <span class='ocrx_word' id='word_1_120' title='bbox 577 1198 741 1237; x_wconf 86' lang='lat' dir='ltr'>iudicium,</span> <span class='ocrx_word' id='word_1_121' title='bbox 757 1209 820 1241; x_wconf 87' lang='lat' dir='ltr'>quo</span> <span class='ocrx_word' id='word_1_122' title='bbox 846 1209 904 1232; x_wconf 85' lang='lat' dir='ltr'>nos</span> <span class='ocrx_word' id='word_1_123' title='bbox 929 1199 1084 1232; x_wconf 86' lang='lat' dir='ltr'>iudicatu-</span> 
     </span>
     <span class='ocr_line' id='line_1_26' title="bbox 342 1251 1083 1294; baseline 0.004 -12"><span class='ocrx_word' id='word_1_124' title='bbox 342 1261 396 1283; x_wconf 85' lang='lat' dir='ltr'>rus</span> <span class='ocrx_word' id='word_1_125' title='bbox 421 1256 478 1291; x_wconf 87' lang='lat' dir='ltr'>est,</span> <span class='ocrx_word' id='word_1_126' title='bbox 494 1251 582 1283; x_wconf 92' lang='lat' dir='ltr'>cuius</span> <span class='ocrx_word' id='word_1_127' title='bbox 608 1251 738 1294; x_wconf 86' lang='lat' dir='ltr'>quidem</span> <span class='ocrx_word' id='word_1_128' title='bbox 754 1252 910 1285; x_wconf 88' lang='lat' dir='ltr'>memoria</span> <span class='ocrx_word' id='word_1_129' title='bbox 935 1253 1083 1286; x_wconf 80' lang='lat' dir='ltr'>transfor-</span> 
     </span>
     <span class='ocr_line' id='line_1_27' title="bbox 342 1304 1082 1339; baseline 0.003 -3"><span class='ocrx_word' id='word_1_130' title='bbox 342 1304 479 1336; x_wconf 88' lang='lat' dir='ltr'>mandae</span> <span class='ocrx_word' id='word_1_131' title='bbox 511 1304 544 1336; x_wconf 88' lang='lat' dir='ltr'>in</span> <span class='ocrx_word' id='word_1_132' title='bbox 576 1304 691 1337; x_wconf 87' lang='lat' dir='ltr'>melius</span> <span class='ocrx_word' id='word_1_133' title='bbox 721 1304 802 1337; x_wconf 90' lang='lat' dir='ltr'>vitae</span> <span class='ocrx_word' id='word_1_134' title='bbox 828 1305 989 1338; x_wconf 83' lang='lat' dir='ltr'>sufficiens</span> <span class='ocrx_word' id='word_1_135' title='bbox 1015 1311 1082 1339; x_wconf 85' lang='lat' dir='ltr'>est:</span> 
     </span>
     <span class='ocr_line' id='line_1_28' title="bbox 342 1356 1081 1400; baseline 0.004 -12"><span class='ocrx_word' id='word_1_136' title='bbox 342 1356 487 1389; x_wconf 85' lang='lat' dir='ltr'>Christus</span> <span class='ocrx_word' id='word_1_137' title='bbox 503 1363 708 1400; x_wconf 71' lang='lat' dir='ltr'>praesentem</span> <span class='ocrx_word' id='word_1_138' title='bbox 719 1358 831 1391; x_wconf 89' lang='lat' dir='ltr'>habuit</span> <span class='ocrx_word' id='word_1_139' title='bbox 847 1358 969 1391; x_wconf 88' lang='lat' dir='ltr'>obitum</span> <span class='ocrx_word' id='word_1_140' title='bbox 980 1369 1081 1399; x_wconf 88' lang='lat' dir='ltr'>suum,</span> 
     </span>
     <span class='ocr_line' id='line_1_29' title="bbox 342 1409 1083 1454; baseline 0.003 -13"><span class='ocrx_word' id='word_1_141' title='bbox 342 1409 603 1453; x_wconf 72' lang='lat' dir='ltr'>loquebaturque</span> <span class='ocrx_word' id='word_1_142' title='bbox 630 1410 667 1442; x_wconf 92' lang='lat' dir='ltr'>de</span> <span class='ocrx_word' id='word_1_143' title='bbox 695 1411 959 1454; x_wconf 68' lang='grc' dir='ltr'>θοῇ-0111100101,</span> <span class='ocrx_word' id='word_1_144' title='bbox 988 1411 1083 1443; x_wconf 87' lang='lat' dir='ltr'>etiam</span> 
     </span>
     <span class='ocr_line' id='line_1_30' title="bbox 343 1461 1083 1508; baseline 0.004 -14"><span class='ocrx_word' id='word_1_145' title='bbox 343 1461 375 1493; x_wconf 92' lang='lat' dir='ltr'>in</span> <span class='ocrx_word' id='word_1_146' title='bbox 404 1463 508 1505; x_wconf 79' lang='lat' dir='ltr'>gloria</span> <span class='ocrx_word' id='word_1_147' title='bbox 540 1464 844 1506; x_wconf 82' lang='lat' dir='ltr'>transfigurationis,</span> <span class='ocrx_word' id='word_1_148' title='bbox 870 1464 1083 1508; x_wconf 76' lang='lat' dir='ltr'>permisitque</span> 
     </span>
     <span class='ocr_line' id='line_1_31' title="bbox 343 1516 1082 1561; baseline 0.004 -14"><span class='ocrx_word' id='word_1_149' title='bbox 343 1516 391 1558; x_wconf 89' lang='lat' dir='ltr'>(ut</span> <span class='ocrx_word' id='word_1_150' title='bbox 415 1517 480 1559; x_wconf 88' lang='lat' dir='ltr'>pati</span> <span class='ocrx_word' id='word_1_151' title='bbox 506 1521 601 1559; x_wconf 87' lang='lat' dir='ltr'>atque</span> <span class='ocrx_word' id='word_1_152' title='bbox 628 1517 709 1549; x_wconf 87' lang='lat' dir='ltr'>mori</span> <span class='ocrx_word' id='word_1_153' title='bbox 729 1517 790 1549; x_wconf 86' lang='lat' dir='ltr'>iam</span> <span class='ocrx_word' id='word_1_154' title='bbox 811 1523 887 1550; x_wconf 89' lang='lat' dir='ltr'>tuuc</span> <span class='ocrx_word' id='word_1_155' title='bbox 912 1518 1082 1561; x_wconf 77' lang='lat' dir='ltr'>inciperet)</span> 
     </span>
     <span class='ocr_line' id='line_1_32' title="bbox 343 1569 1083 1613; baseline 0.001 -12"><span class='ocrx_word' id='word_1_156' title='bbox 343 1574 478 1601; x_wconf 90' lang='lat' dir='ltr'>mortem</span> <span class='ocrx_word' id='word_1_157' title='bbox 492 1580 582 1602; x_wconf 87' lang='lat' dir='ltr'>suam</span> <span class='ocrx_word' id='word_1_158' title='bbox 599 1569 630 1602; x_wconf 89' lang='lat' dir='ltr'>in</span> <span class='ocrx_word' id='word_1_159' title='bbox 645 1570 760 1602; x_wconf 84' lang='lat' dir='ltr'>timore</span> <span class='ocrx_word' id='word_1_160' title='bbox 776 1570 837 1603; x_wconf 89' lang='lat' dir='ltr'>sibi</span> <span class='ocrx_word' id='word_1_161' title='bbox 852 1576 947 1613; x_wconf 84' lang='lat' dir='ltr'>atque</span> <span class='ocrx_word' id='word_1_162' title='bbox 967 1571 1083 1613; x_wconf 78' lang='lat' dir='ltr'>agonia</span> 
     </span>
     <span class='ocr_line' id='line_1_33' title="bbox 343 1623 1084 1666; baseline 0.004 -13"><span class='ocrx_word' id='word_1_163' title='bbox 343 1623 602 1664; x_wconf 85' lang='lat' dir='ltr'>repraesentari:</span> <span class='ocrx_word' id='word_1_164' title='bbox 640 1623 878 1666; x_wconf 80' lang='lat' dir='ltr'>quotannisque</span> <span class='ocrx_word' id='word_1_165' title='bbox 911 1624 1084 1656; x_wconf 83' lang='lat' dir='ltr'>consessio-</span> 
     </span>
     <span class='ocr_line' id='line_1_34' title="bbox 344 1677 1084 1718; baseline 0.004 -11"><span class='ocrx_word' id='word_1_166' title='bbox 344 1685 419 1708; x_wconf 92' lang='lat' dir='ltr'>nem</span> <span class='ocrx_word' id='word_1_167' title='bbox 445 1677 630 1718; x_wconf 71' lang='lat' dir='ltr'>generalem</span> <span class='ocrx_word' id='word_1_168' title='bbox 657 1686 691 1708; x_wconf 85' lang='lat' dir='ltr'>ac</span> <span class='ocrx_word' id='word_1_169' title='bbox 719 1681 944 1709; x_wconf 85' lang='lat' dir='ltr'>testamentum</span> <span class='ocrx_word' id='word_1_170' title='bbox 969 1678 1084 1717; x_wconf 77' lang='lat' dir='ltr'>facere,</span> 
     </span>
     <span class='ocr_line' id='line_1_35' title="bbox 344 1729 1085 1772; baseline 0.001 -11"><span class='ocrx_word' id='word_1_171' title='bbox 344 1740 361 1761; x_wconf 85' lang='lat' dir='ltr'>a</span> <span class='ocrx_word' id='word_1_172' title='bbox 379 1729 482 1772; x_wconf 89' lang='lat' dir='ltr'>culpis</span> <span class='ocrx_word' id='word_1_173' title='bbox 500 1734 532 1761; x_wconf 90' lang='lat' dir='ltr'>et</span> <span class='ocrx_word' id='word_1_174' title='bbox 555 1729 853 1772; x_wconf 78' lang='lat' dir='ltr'>imperfectionibus</span> <span class='ocrx_word' id='word_1_175' title='bbox 878 1741 912 1763; x_wconf 85' lang='lat' dir='ltr'>se</span> <span class='ocrx_word' id='word_1_176' title='bbox 938 1736 1085 1764; x_wconf 85' lang='lat' dir='ltr'>averten-</span> 
     </span>
     <span class='ocr_line' id='line_1_36' title="bbox 346 1782 1085 1825; baseline 0.005 -12"><span class='ocrx_word' id='word_1_177' title='bbox 346 1787 413 1823; x_wconf 76' lang='lat' dir='ltr'>tes,</span> <span class='ocrx_word' id='word_1_178' title='bbox 438 1782 677 1825; x_wconf 85' lang='lat' dir='ltr'>virtutibusque</span> <span class='ocrx_word' id='word_1_179' title='bbox 710 1783 872 1816; x_wconf 82' lang='lat' dir='ltr'>serventer</span> <span class='ocrx_word' id='word_1_180' title='bbox 903 1794 936 1816; x_wconf 89' lang='lat' dir='ltr'>se</span> <span class='ocrx_word' id='word_1_181' title='bbox 963 1784 1085 1817; x_wconf 80' lang='lat' dir='ltr'>exerci-</span> 
     </span>
     <span class='ocr_line' id='line_1_37' title="bbox 346 1834 1086 1880; baseline 0.003 -14"><span class='ocrx_word' id='word_1_182' title='bbox 346 1839 467 1875; x_wconf 83' lang='lat' dir='ltr'>tantes,</span> <span class='ocrx_word' id='word_1_183' title='bbox 492 1834 537 1867; x_wconf 85' lang='lat' dir='ltr'>ita</span> <span class='ocrx_word' id='word_1_184' title='bbox 561 1840 596 1867; x_wconf 90' lang='lat' dir='ltr'>ut</span> <span class='ocrx_word' id='word_1_185' title='bbox 620 1835 686 1868; x_wconf 90' lang='lat' dir='ltr'>Deo</span> <span class='ocrx_word' id='word_1_186' title='bbox 710 1836 836 1876; x_wconf 75' lang='lat' dir='ltr'>vivere,</span> <span class='ocrx_word' id='word_1_187' title='bbox 863 1837 1029 1880; x_wconf 80' lang='lat' dir='ltr'>culpisque</span> <span class='ocrx_word' id='word_1_188' title='bbox 1055 1844 1086 1870; x_wconf 83' lang='lat' dir='ltr'>et.</span> 
     </span>
     <span class='ocr_line' id='line_1_38' title="bbox 345 1887 853 1931; baseline 0.004 -11"><span class='ocrx_word' id='word_1_189' title='bbox 345 1887 548 1930; x_wconf 68' lang='lat' dir='ltr'>passionibus</span> <span class='ocrx_word' id='word_1_190' title='bbox 565 1888 645 1921; x_wconf 89' lang='lat' dir='ltr'>mori</span> <span class='ocrx_word' id='word_1_191' title='bbox 665 1895 853 1931; x_wconf 84' lang='lat' dir='ltr'>procurent.</span> 
     </span>
    </p>

    <p class='ocr_par' dir='ltr' id='par_1_8' title="bbox 345 1940 1086 2134">
     <span class='ocr_line' id='line_1_39' title="bbox 389 1940 1086 1978; baseline 0.004 -5"><span class='ocrx_word' id='word_1_192' title='bbox 389 1940 481 1978; x_wconf 87' lang='lat' dir='ltr'>Quod</span> <span class='ocrx_word' id='word_1_193' title='bbox 510 1946 545 1973; x_wconf 90' lang='lat' dir='ltr'>ut</span> <span class='ocrx_word' id='word_1_194' title='bbox 577 1941 787 1974; x_wconf 83' lang='lat' dir='ltr'>commodiori</span> <span class='ocrx_word' id='word_1_195' title='bbox 824 1942 936 1974; x_wconf 84' lang='lat' dir='ltr'>ordine</span> <span class='ocrx_word' id='word_1_196' title='bbox 974 1953 1086 1976; x_wconf 85' lang='lat' dir='ltr'>couse-</span> 
     </span>
     <span class='ocr_line' id='line_1_40' title="bbox 345 1994 1086 2039; baseline 0.005 -14"><span class='ocrx_word' id='word_1_197' title='bbox 345 1999 494 2037; x_wconf 79' lang='lat' dir='ltr'>quantur,</span> <span class='ocrx_word' id='word_1_198' title='bbox 522 1994 698 2037; x_wconf 84' lang='lat' dir='ltr'>disponent</span> <span class='ocrx_word' id='word_1_199' title='bbox 722 2005 791 2027; x_wconf 86' lang='lat' dir='ltr'>sese</span> <span class='ocrx_word' id='word_1_200' title='bbox 814 1995 908 2029; x_wconf 84' lang='lat' dir='ltr'>tertia</span> <span class='ocrx_word' id='word_1_201' title='bbox 933 2007 1008 2039; x_wconf 86' lang='lat' dir='ltr'>pars</span> <span class='ocrx_word' id='word_1_202' title='bbox 1030 1997 1086 2029; x_wconf 82' lang='lat' dir='ltr'>sra-</span> 
     </span>
     <span class='ocr_line' id='line_1_41' title="bbox 345 2047 1084 2092; baseline 0.003 -13"><span class='ocrx_word' id='word_1_203' title='bbox 345 2051 431 2079; x_wconf 85' lang='lat' dir='ltr'>trum</span> <span class='ocrx_word' id='word_1_204' title='bbox 455 2047 677 2090; x_wconf 81' lang='lat' dir='ltr'>antiquiorum</span> <span class='ocrx_word' id='word_1_205' title='bbox 709 2054 848 2091; x_wconf 88' lang='lat' dir='ltr'>quatuor</span> <span class='ocrx_word' id='word_1_206' title='bbox 873 2049 984 2092; x_wconf 89' lang='lat' dir='ltr'>primis</span> <span class='ocrx_word' id='word_1_207' title='bbox 1010 2050 1084 2081; x_wconf 87' lang='lat' dir='ltr'>anni</span> 
     </span>
     <span class='ocr_line' id='line_1_42' title="bbox 345 2100 722 2134; baseline 0.003 -2"><span class='ocrx_word' id='word_1_208' title='bbox 345 2100 511 2133; x_wconf 87' lang='lat' dir='ltr'>mensibus</span> <span class='ocrx_word' id='word_1_209' title='bbox 529 2100 591 2133; x_wconf 84' lang='lat' dir='ltr'>hac</span> <span class='ocrx_word' id='word_1_210' title='bbox 609 2101 722 2134; x_wconf 68' lang='lat' dir='ltr'>forma.</span> 
     </span>
    </p>

    <p class='ocr_par' dir='ltr' id='par_1_9' title="bbox 347 2153 1088 2358">
     <span class='ocr_line' id='line_1_43' title="bbox 390 2153 1085 2198; baseline 0.004 -13"><span class='ocrx_word' id='word_1_211' title='bbox 390 2153 511 2186; x_wconf 84' lang='lat' dir='ltr'>Facere</span> <span class='ocrx_word' id='word_1_212' title='bbox 537 2154 658 2186; x_wconf 86' lang='lat' dir='ltr'>debent</span> <span class='ocrx_word' id='word_1_213' title='bbox 671 2155 754 2187; x_wconf 88' lang='lat' dir='ltr'>intra</span> <span class='ocrx_word' id='word_1_214' title='bbox 773 2155 834 2188; x_wconf 87' lang='lat' dir='ltr'>hoc</span> <span class='ocrx_word' id='word_1_215' title='bbox 852 2155 1085 2198; x_wconf 79' lang='lat' dir='ltr'>quadrimestre</span> 
     </span>
     <span class='ocr_line' id='line_1_44' title="bbox 347 2207 1086 2251; baseline 0.003 -13"><span class='ocrx_word' id='word_1_216' title='bbox 347 2207 534 2248; x_wconf 78' lang='lat' dir='ltr'>generalem</span> <span class='ocrx_word' id='word_1_217' title='bbox 559 2207 795 2240; x_wconf 85' lang='lat' dir='ltr'>consessionem</span> <span class='ocrx_word' id='word_1_218' title='bbox 824 2208 890 2240; x_wconf 90' lang='lat' dir='ltr'>eius</span> <span class='ocrx_word' id='word_1_219' title='bbox 922 2209 1086 2251; x_wconf 81' lang='lat' dir='ltr'>temporis,</span> 
     </span>
     <span class='ocr_line' id='line_1_45' title="bbox 348 2260 1088 2302; baseline 0.004 -11"><span class='ocrx_word' id='word_1_220' title='bbox 348 2260 434 2302; x_wconf 90' lang='lat' dir='ltr'>quod</span> <span class='ocrx_word' id='word_1_221' title='bbox 452 2264 527 2302; x_wconf 90' lang='lat' dir='ltr'>post</span> <span class='ocrx_word' id='word_1_222' title='bbox 543 2260 637 2292; x_wconf 86' lang='lat' dir='ltr'>aliam</span> <span class='ocrx_word' id='word_1_223' title='bbox 654 2261 767 2293; x_wconf 90' lang='lat' dir='ltr'>ultimo</span> <span class='ocrx_word' id='word_1_224' title='bbox 782 2262 896 2293; x_wconf 83' lang='lat' dir='ltr'>factam</span> <span class='ocrx_word' id='word_1_225' title='bbox 911 2262 974 2294; x_wconf 86' lang='lat' dir='ltr'>erit</span> <span class='ocrx_word' id='word_1_226' title='bbox 991 2267 1088 2294; x_wconf 88' lang='lat' dir='ltr'>trans-</span> 
     </span>
     <span class='ocr_line' id='line_1_46' title="bbox 349 2312 1087 2358; baseline 0.005 -15"><span class='ocrx_word' id='word_1_227' title='bbox 349 2322 491 2352; x_wconf 86' lang='lat' dir='ltr'>cursum,</span> <span class='ocrx_word' id='word_1_228' title='bbox 509 2312 573 2345; x_wconf 79' lang='lat' dir='ltr'>sive</span> <span class='ocrx_word' id='word_1_229' title='bbox 589 2323 650 2355; x_wconf 89' lang='lat' dir='ltr'>quo</span> <span class='ocrx_word' id='word_1_230' title='bbox 676 2313 739 2345; x_wconf 88' lang='lat' dir='ltr'>alio</span> <span class='ocrx_word' id='word_1_231' title='bbox 757 2314 852 2346; x_wconf 90' lang='lat' dir='ltr'>modo</span> <span class='ocrx_word' id='word_1_232' title='bbox 874 2324 986 2347; x_wconf 91' lang='lat' dir='ltr'>eorum</span> <span class='ocrx_word' id='word_1_233' title='bbox 1003 2315 1087 2358; x_wconf 84' lang='lat' dir='ltr'>patri</span> 
     </span>
    </p>
   </div>
   <div class='ocr_carea' id='block_1_5' title="bbox 348 2365 1110 2410">
    <p class='ocr_par' dir='ltr' id='par_1_10' title="bbox 348 2365 1110 2410">
     <span class='ocr_line' id='line_1_47' title="bbox 348 2365 1110 2410; baseline 0.004 -13"><span class='ocrx_word' id='word_1_234' title='bbox 348 2365 508 2408; x_wconf 83' lang='lat' dir='ltr'>spirituali</span> <span class='ocrx_word' id='word_1_235' title='bbox 525 2365 627 2398; x_wconf 89' lang='lat' dir='ltr'>visum</span> <span class='ocrx_word' id='word_1_236' title='bbox 646 2366 747 2407; x_wconf 89' lang='lat' dir='ltr'>suerit,</span> <span class='ocrx_word' id='word_1_237' title='bbox 768 2367 982 2410; x_wconf 87' lang='lat' dir='ltr'>ordinareque</span> <span class='ocrx_word' id='word_1_238' title='bbox 997 2379 1087 2400; x_wconf 89' lang='grc'>51111111</span> <span class='ocrx_word' id='word_1_239' title='bbox 1108 2377 1110 2409; x_wconf 58' lang='lat' dir='ltr'><em>g</em></span> 
     </span>
    </p>
   </div>
   <div class='ocr_carea' id='block_1_6' title="bbox 349 2419 1087 2463">
    <p class='ocr_par' dir='ltr' id='par_1_11' title="bbox 349 2419 1087 2463">
     <span class='ocr_line' id='line_1_48' title="bbox 349 2419 1087 2463; baseline 0.003 -13"><span class='ocrx_word' id='word_1_240' title='bbox 349 2423 591 2459; x_wconf 84' lang='lat' dir='ltr'>testamentum,</span> <span class='ocrx_word' id='word_1_241' title='bbox 607 2430 658 2451; x_wconf 87' lang='lat' dir='ltr'>res</span> <span class='ocrx_word' id='word_1_242' title='bbox 669 2430 740 2451; x_wconf 88' lang='lat' dir='ltr'>suas</span> <span class='ocrx_word' id='word_1_243' title='bbox 755 2419 969 2462; x_wconf 85' lang='lat' dir='ltr'>disponendo,</span> <span class='ocrx_word' id='word_1_244' title='bbox 988 2431 1087 2463; x_wconf 81' lang='lat' dir='ltr'>eaque</span> 
     </span>
    </p>
   </div>
   <div class='ocr_carea' id='block_1_7' title="bbox 384 2543 1088 2624">
    <p class='ocr_par' dir='ltr' id='par_1_12' title="bbox 384 2543 1088 2624">
     <span class='ocr_line' id='line_1_49' title="bbox 386 2543 1088 2579; baseline 0.004 -11"><span class='ocrx_word' id='word_1_245' title='bbox 386 2544 396 2568; x_wconf 88' lang='grc'>1</span> <span class='ocrx_word' id='word_1_246' title='bbox 421 2543 566 2577; x_wconf 80' lang='lat' dir='ltr'>Perperam</span> <span class='ocrx_word' id='word_1_247' title='bbox 576 2543 618 2570; x_wconf 86' lang='lat' dir='ltr'>ed.</span> <span class='ocrx_word' id='word_1_248' title='bbox 634 2543 712 2571; x_wconf 74' lang='lat' dir='ltr'>Maiu.</span> <span class='ocrx_word' id='word_1_249' title='bbox 726 2544 789 2579; x_wconf 79' lang='lat' dir='ltr'>legit</span> <span class='ocrx_word' id='word_1_250' title='bbox 802 2544 877 2571; x_wconf 73' lang='lat' dir='ltr'>Galli</span> <span class='ocrx_word' id='word_1_251' title='bbox 894 2553 978 2571; x_wconf 80' lang='lat' dir='ltr'>mane</span> <span class='ocrx_word' id='word_1_252' title='bbox 993 2544 1088 2579; x_wconf 48' lang='lat' dir='ltr'>(nstin).</span> 
     </span>
     <span class='ocr_line' id='line_1_50' title="bbox 384 2587 1018 2624; baseline 0.003 -11"><span class='ocrx_word' id='word_1_253' title='bbox 384 2588 398 2612; x_wconf 64' lang='grc' dir='ltr'>ἱ)</span> <span class='ocrx_word' id='word_1_254' title='bbox 420 2587 489 2614; x_wconf 73' lang='lat' dir='ltr'>Male</span> <span class='ocrx_word' id='word_1_255' title='bbox 505 2588 569 2614; x_wconf 88' lang='lat' dir='ltr'>edit.</span> <span class='ocrx_word' id='word_1_256' title='bbox 588 2587 655 2615; x_wconf 63' lang='lat' dir='ltr'>Malu</span> <span class='ocrx_word' id='word_1_257' title='bbox 685 2589 747 2623; x_wconf 71' lang='lat' dir='ltr'>tegit</span> <span class='ocrx_word' id='word_1_258' title='bbox 765 2589 895 2616; x_wconf 64' lang='lat' dir='ltr'>venerint</span> <span class='ocrx_word' id='word_1_259' title='bbox 914 2593 952 2624; x_wconf 51' lang='lat' dir='ltr'>tu,</span> <span class='ocrx_word' id='word_1_260' title='bbox 968 2589 1018 2624; x_wconf 71' lang='grc'>1.).</span> 
     </span>
    </p>
   </div>
   <div class='ocr_carea' id='block_1_8' title="bbox 1102 811 1108 1491">
    <p class='ocr_par' dir='ltr' id='par_1_13' title="bbox 1102 811 1108 1491">
     <span class='ocr_line' id='line_1_51' title="bbox 1102 811 1108 1491; baseline 0 0"><span class='ocrx_word' id='word_1_261' title='bbox 1102 811 1108 1491; x_wconf 95' lang='lat' dir='ltr'> </span> 
     </span>
    </p>
   </div>
   <div class='ocr_carea' id='block_1_9' title="bbox 1104 1716 1109 2364">
    <p class='ocr_par' dir='ltr' id='par_1_14' title="bbox 1104 1716 1109 2364">
     <span class='ocr_line' id='line_1_52' title="bbox 1104 1716 1109 2364; baseline 0 0"><span class='ocrx_word' id='word_1_262' title='bbox 1104 1716 1109 2364; x_wconf 95' lang='lat' dir='ltr'> </span> 
     </span>
    </p>
   </div>
   <div class='ocr_carea' id='block_1_10' title="bbox 1122 189 1869 2413">
    <p class='ocr_par' dir='ltr' id='par_1_15' title="bbox 1123 189 1859 397">
     <span class='ocr_line' id='line_1_53' title="bbox 1757 189 1821 222; baseline 0 0"><span class='ocrx_word' id='word_1_263' title='bbox 1757 189 1821 222; x_wconf 72' lang='grc'>3-17</span> 
     </span>
     <span class='ocr_line' id='line_1_54' title="bbox 1123 244 1858 289; baseline 0.001 -13"><span class='ocrx_word' id='word_1_264' title='bbox 1123 244 1220 277; x_wconf 90' lang='lat' dir='ltr'>modo</span> <span class='ocrx_word' id='word_1_265' title='bbox 1246 244 1389 287; x_wconf 82' lang='lat' dir='ltr'>poterint</span> <span class='ocrx_word' id='word_1_266' title='bbox 1406 245 1438 278; x_wconf 90' lang='lat' dir='ltr'>in</span> <span class='ocrx_word' id='word_1_267' title='bbox 1464 246 1626 289; x_wconf 83' lang='lat' dir='ltr'>praesenti</span> <span class='ocrx_word' id='word_1_268' title='bbox 1644 257 1750 279; x_wconf 87' lang='lat' dir='ltr'>rerum</span> <span class='ocrx_word' id='word_1_269' title='bbox 1765 253 1858 287; x_wconf 77' lang='lat' dir='ltr'>statu,</span> 
     </span>
     <span class='ocr_line' id='line_1_55' title="bbox 1123 298 1859 341; baseline 0.005 -12"><span class='ocrx_word' id='word_1_270' title='bbox 1123 298 1347 339; x_wconf 70' lang='lat' dir='ltr'>persolvendo,</span> <span class='ocrx_word' id='word_1_271' title='bbox 1375 300 1646 341; x_wconf 83' lang='lat' dir='ltr'>quemadmodum</span> <span class='ocrx_word' id='word_1_272' title='bbox 1665 300 1816 341; x_wconf 80' lang='lat' dir='ltr'>facerent,</span> <span class='ocrx_word' id='word_1_273' title='bbox 1836 302 1859 333; x_wconf 77' lang='lat' dir='ltr'>si</span> 
     </span>
     <span class='ocr_line' id='line_1_56' title="bbox 1123 350 1668 397; baseline 0.007 -15"><span class='ocrx_word' id='word_1_274' title='bbox 1123 360 1155 383; x_wconf 82' lang='lat' dir='ltr'>se</span> <span class='ocrx_word' id='word_1_275' title='bbox 1169 350 1325 384; x_wconf 83' lang='lat' dir='ltr'>vidissent</span> <span class='ocrx_word' id='word_1_276' title='bbox 1342 353 1435 385; x_wconf 85' lang='lat' dir='ltr'>morti</span> <span class='ocrx_word' id='word_1_277' title='bbox 1457 353 1668 397; x_wconf 84' lang='lat' dir='ltr'>propinquos.</span> 
     </span>
    </p>

    <p class='ocr_par' dir='ltr' id='par_1_16' title="bbox 1122 402 1865 1070">
     <span class='ocr_line' id='line_1_57' title="bbox 1166 402 1860 449; baseline 0.007 -15"><span class='ocrx_word' id='word_1_278' title='bbox 1166 402 1314 440; x_wconf 85' lang='lat' dir='ltr'>Quotidie</span> <span class='ocrx_word' id='word_1_279' title='bbox 1349 405 1479 447; x_wconf 82' lang='lat' dir='ltr'>aliquod</span> <span class='ocrx_word' id='word_1_280' title='bbox 1512 407 1666 448; x_wconf 83' lang='lat' dir='ltr'>temp&#39;oris</span> <span class='ocrx_word' id='word_1_281' title='bbox 1699 407 1860 449; x_wconf 77' lang='lat' dir='ltr'>spatium,</span> 
     </span>
     <span class='ocr_line' id='line_1_58' title="bbox 1122 458 1860 499; baseline 0.008 -13"><span class='ocrx_word' id='word_1_282' title='bbox 1122 461 1253 497; x_wconf 84' lang='lat' dir='ltr'>praeter</span> <span class='ocrx_word' id='word_1_283' title='bbox 1272 463 1425 489; x_wconf 80' lang='lat' dir='ltr'>consueta</span> <span class='ocrx_word' id='word_1_284' title='bbox 1450 458 1512 490; x_wconf 84' lang='lat' dir='ltr'>alia</span> <span class='ocrx_word' id='word_1_285' title='bbox 1536 459 1666 491; x_wconf 81' lang='lat' dir='ltr'>scholae</span> <span class='ocrx_word' id='word_1_286' title='bbox 1699 460 1860 499; x_wconf 60' lang='lat' dir='ltr'>exercitia,</span> 
     </span>
     <span class='ocr_line' id='line_1_59' title="bbox 1122 507 1861 554; baseline 0.009 -16"><span class='ocrx_word' id='word_1_287' title='bbox 1122 507 1341 540; x_wconf 79' lang='lat' dir='ltr'>meditationi¹</span> <span class='ocrx_word' id='word_1_288' title='bbox 1366 510 1491 549; x_wconf 82' lang='lat' dir='ltr'>mortis,</span> <span class='ocrx_word' id='word_1_289' title='bbox 1519 510 1698 554; x_wconf 74' lang='lat' dir='ltr'>strictique,</span> <span class='ocrx_word' id='word_1_290' title='bbox 1719 513 1768 544; x_wconf 71' lang='lat' dir='ltr'>cui</span> <span class='ocrx_word' id='word_1_291' title='bbox 1788 514 1861 545; x_wconf 77' lang='lat' dir='ltr'>sub-</span> 
     </span>
     <span class='ocr_line' id='line_1_60' title="bbox 1123 559 1860 606; baseline 0.009 -15"><span class='ocrx_word' id='word_1_292' title='bbox 1123 559 1295 601; x_wconf 85' lang='lat' dir='ltr'>iacebunt,</span> <span class='ocrx_word' id='word_1_293' title='bbox 1323 561 1453 601; x_wconf 84' lang='lat' dir='ltr'>iudicii,</span> <span class='ocrx_word' id='word_1_294' title='bbox 1482 573 1513 594; x_wconf 84' lang='lat' dir='ltr'>se</span> <span class='ocrx_word' id='word_1_295' title='bbox 1541 574 1693 597; x_wconf 68' lang='lat' dir='ltr'>exercerc</span> <span class='ocrx_word' id='word_1_296' title='bbox 1721 566 1860 606; x_wconf 75' lang='lat' dir='ltr'>debent,</span> 
     </span>
     <span class='ocr_line' id='line_1_61' title="bbox 1122 614 1860 657; baseline 0.007 -13"><span class='ocrx_word' id='word_1_297' title='bbox 1122 618 1276 656; x_wconf 82' lang='lat' dir='ltr'>actusque</span> <span class='ocrx_word' id='word_1_298' title='bbox 1307 614 1433 657; x_wconf 89' lang='lat' dir='ltr'>aliquos</span> <span class='ocrx_word' id='word_1_299' title='bbox 1457 616 1661 648; x_wconf 87' lang='lat' dir='ltr'>contritionis</span> <span class='ocrx_word' id='word_1_300' title='bbox 1694 618 1860 657; x_wconf 72' lang='lat' dir='ltr'>ferventes,</span> 
     </span>
     <span class='ocr_line' id='line_1_62' title="bbox 1123 667 1863 709; baseline 0.008 -12"><span class='ocrx_word' id='word_1_301' title='bbox 1123 671 1284 709; x_wconf 82' lang='lat' dir='ltr'>tamquam</span> <span class='ocrx_word' id='word_1_302' title='bbox 1299 667 1361 700; x_wconf 88' lang='lat' dir='ltr'>iam</span> <span class='ocrx_word' id='word_1_303' title='bbox 1378 667 1537 709; x_wconf 83' lang='lat' dir='ltr'>morituri,</span> <span class='ocrx_word' id='word_1_304' title='bbox 1558 669 1684 709; x_wconf 80' lang='lat' dir='ltr'>sacient,</span> <span class='ocrx_word' id='word_1_305' title='bbox 1704 671 1863 703; x_wconf 67' lang='lat' dir='ltr'>tlet&#39;titut¹a‘²</span> 
     </span>
     <span class='ocr_line' id='line_1_63' title="bbox 1123 718 1863 762; baseline 0.008 -12"><span class='ocrx_word' id='word_1_306' title='bbox 1123 718 1185 750; x_wconf 87' lang='lat' dir='ltr'>sibi</span> <span class='ocrx_word' id='word_1_307' title='bbox 1204 719 1294 759; x_wconf 87' lang='lat' dir='ltr'>sorte,</span> <span class='ocrx_word' id='word_1_308' title='bbox 1311 730 1381 752; x_wconf 90' lang='lat' dir='ltr'>cum</span> <span class='ocrx_word' id='word_1_309' title='bbox 1403 731 1490 753; x_wconf 89' lang='lat' dir='ltr'>mors</span> <span class='ocrx_word' id='word_1_310' title='bbox 1507 721 1681 762; x_wconf 81' lang='lat' dir='ltr'>advenerit,</span> <span class='ocrx_word' id='word_1_311' title='bbox 1702 724 1752 755; x_wconf 77' lang='lat' dir='ltr'>vel</span> <span class='ocrx_word' id='word_1_312' title='bbox 1770 724 1863 756; x_wconf 85' lang='lat' dir='ltr'>unius</span> 
     </span>
     <span class='ocr_line' id='line_1_64' title="bbox 1123 773 1863 819; baseline 0.007 -15"><span class='ocrx_word' id='word_1_313' title='bbox 1123 777 1210 805; x_wconf 88' lang='lat' dir='ltr'>actus</span> <span class='ocrx_word' id='word_1_314' title='bbox 1230 773 1370 819; x_wconf 80' lang='lat' dir='ltr'>faciendi</span> <span class='ocrx_word' id='word_1_315' title='bbox 1392 779 1518 818; x_wconf 87' lang='lat' dir='ltr'>tempus</span> <span class='ocrx_word' id='word_1_316' title='bbox 1536 781 1589 808; x_wconf 86' lang='lat' dir='ltr'>aut</span> <span class='ocrx_word' id='word_1_317' title='bbox 1614 776 1863 819; x_wconf 81' lang='lat' dir='ltr'>dispositionem</span> 
     </span>
     <span class='ocr_line' id='line_1_65' title="bbox 1123 825 1863 871; baseline 0.007 -14"><span class='ocrx_word' id='word_1_318' title='bbox 1123 825 1380 859; x_wconf 79' lang='lat' dir='ltr'>considerantes.</span> <span class='ocrx_word' id='word_1_319' title='bbox 1402 827 1434 859; x_wconf 92' lang='lat' dir='ltr'>In</span> <span class='ocrx_word' id='word_1_320' title='bbox 1456 828 1672 871; x_wconf 85' lang='lat' dir='ltr'>adimplendis</span> <span class='ocrx_word' id='word_1_321' title='bbox 1691 831 1784 863; x_wconf 84' lang='lat' dir='ltr'>ctiam</span> <span class='ocrx_word' id='word_1_322' title='bbox 1803 842 1863 862; x_wconf 84' lang='lat' dir='ltr'>ma-</span> 
     </span>
     <span class='ocr_line' id='line_1_66' title="bbox 1123 877 1865 924; baseline 0.008 -15"><span class='ocrx_word' id='word_1_323' title='bbox 1123 877 1182 910; x_wconf 88' lang='lat' dir='ltr'>iori</span> <span class='ocrx_word' id='word_1_324' title='bbox 1201 879 1418 913; x_wconf 87' lang='lat' dir='ltr'>sollicitudine</span> <span class='ocrx_word' id='word_1_325' title='bbox 1441 885 1471 912; x_wconf 87' lang='lat' dir='ltr'>et</span> <span class='ocrx_word' id='word_1_326' title='bbox 1488 883 1636 924; x_wconf 77' lang='lat' dir='ltr'>exemplo</span> <span class='ocrx_word' id='word_1_327' title='bbox 1654 883 1815 915; x_wconf 74' lang='lat' dir='ltr'>exercitiis</span> <span class='ocrx_word' id='word_1_328' title='bbox 1834 888 1865 915; x_wconf 85' lang='lat' dir='ltr'>et</span> 
     </span>
     <span class='ocr_line' id='line_1_67' title="bbox 1123 930 1864 977; baseline 0.007 -15"><span class='ocrx_word' id='word_1_329' title='bbox 1123 930 1374 973; x_wconf 74' lang='lat' dir='ltr'>obligationibus</span> <span class='ocrx_word' id='word_1_330' title='bbox 1391 932 1529 973; x_wconf 82' lang='lat' dir='ltr'>scholae,</span> <span class='ocrx_word' id='word_1_331' title='bbox 1549 933 1764 977; x_wconf 81' lang='lat' dir='ltr'>omnibusque</span> <span class='ocrx_word' id='word_1_332' title='bbox 1795 935 1864 967; x_wconf 85' lang='lat' dir='ltr'>aliis</span> 
     </span>
     <span class='ocr_line' id='line_1_68' title="bbox 1125 984 1863 1030; baseline 0.007 -14"><span class='ocrx_word' id='word_1_333' title='bbox 1125 984 1304 1017; x_wconf 77' lang='lat' dir='ltr'>devotionis</span> <span class='ocrx_word' id='word_1_334' title='bbox 1323 990 1355 1017; x_wconf 88' lang='grc'>01</span> <span class='ocrx_word' id='word_1_335' title='bbox 1374 985 1538 1018; x_wconf 87' lang='lat' dir='ltr'>charitatis</span> <span class='ocrx_word' id='word_1_336' title='bbox 1556 988 1720 1030; x_wconf 88' lang='lat' dir='ltr'>operibus,</span> <span class='ocrx_word' id='word_1_337' title='bbox 1743 989 1863 1021; x_wconf 78' lang='lat' dir='ltr'>alacres</span> 
     </span>
     <span class='ocr_line' id='line_1_69' title="bbox 1124 1042 1230 1070; baseline 0.009 -1"><span class='ocrx_word' id='word_1_338' title='bbox 1124 1042 1230 1070; x_wconf 86' lang='lat' dir='ltr'>erunt.</span> 
     </span>
    </p>

    <p class='ocr_par' dir='ltr' id='par_1_17' title="bbox 1125 1090 1867 1496">
     <span class='ocr_line' id='line_1_70' title="bbox 1168 1090 1864 1138; baseline 0.009 -15"><span class='ocrx_word' id='word_1_339' title='bbox 1168 1090 1286 1124; x_wconf 82' lang='lat' dir='ltr'>Diebus</span> <span class='ocrx_word' id='word_1_340' title='bbox 1319 1093 1449 1125; x_wconf 86' lang='lat' dir='ltr'>scholae</span> <span class='ocrx_word' id='word_1_341' title='bbox 1486 1094 1633 1137; x_wconf 86' lang='lat' dir='ltr'>imponet</span> <span class='ocrx_word' id='word_1_342' title='bbox 1670 1096 1864 1138; x_wconf 84' lang='lat' dir='ltr'>quibusdam</span> 
     </span>
     <span class='ocr_line' id='line_1_71' title="bbox 1125 1143 1864 1192; baseline 0.009 -17"><span class='ocrx_word' id='word_1_343' title='bbox 1125 1149 1240 1176; x_wconf 85' lang='lat' dir='ltr'>corum</span> <span class='ocrx_word' id='word_1_344' title='bbox 1254 1143 1446 1178; x_wconf 80' lang='lat' dir='ltr'>Obedientia</span> <span class='ocrx_word' id='word_1_345' title='bbox 1466 1146 1721 1180; x_wconf 80' lang='lat' dir='ltr'>mortificationis</span> <span class='ocrx_word' id='word_1_346' title='bbox 1739 1150 1864 1192; x_wconf 77' lang='lat' dir='ltr'>aliquos</span> 
     </span>
     <span class='ocr_line' id='line_1_72' title="bbox 1125 1199 1864 1237; baseline 0.009 -8"><span class='ocrx_word' id='word_1_347' title='bbox 1125 1203 1222 1237; x_wconf 81' lang='lat' dir='ltr'>aetus,</span> <span class='ocrx_word' id='word_1_348' title='bbox 1245 1204 1276 1230; x_wconf 87' lang='lat' dir='ltr'>et</span> <span class='ocrx_word' id='word_1_349' title='bbox 1300 1199 1340 1231; x_wconf 82' lang='lat' dir='ltr'>ad</span> <span class='ocrx_word' id='word_1_350' title='bbox 1366 1200 1493 1232; x_wconf 82' lang='lat' dir='ltr'>tertium</span> <span class='ocrx_word' id='word_1_351' title='bbox 1519 1202 1707 1234; x_wconf 72' lang='lat' dir='ltr'>exercitium</span> <span class='ocrx_word' id='word_1_352' title='bbox 1734 1203 1864 1235; x_wconf 81' lang='lat' dir='ltr'>ultimae</span> 
     </span>
     <span class='ocr_line' id='line_1_73' title="bbox 1125 1251 1866 1293; baseline 0.007 -11"><span class='ocrx_word' id='word_1_353' title='bbox 1125 1251 1256 1293; x_wconf 85' lang='lat' dir='ltr'>quintae</span> <span class='ocrx_word' id='word_1_354' title='bbox 1283 1252 1379 1285; x_wconf 85' lang='lat' dir='ltr'>seriae</span> <span class='ocrx_word' id='word_1_355' title='bbox 1405 1253 1578 1286; x_wconf 87' lang='lat' dir='ltr'>cuiuslibet</span> <span class='ocrx_word' id='word_1_356' title='bbox 1602 1255 1723 1287; x_wconf 80' lang='lat' dir='ltr'>niensis</span> <span class='ocrx_word' id='word_1_357' title='bbox 1757 1267 1866 1288; x_wconf 82' lang='lat' dir='ltr'>eorum</span> 
     </span>
     <span class='ocr_line' id='line_1_74' title="bbox 1126 1303 1866 1349; baseline 0.004 -13"><span class='ocrx_word' id='word_1_358' title='bbox 1126 1303 1250 1346; x_wconf 86' lang='lat' dir='ltr'>aliquos</span> <span class='ocrx_word' id='word_1_359' title='bbox 1281 1305 1426 1345; x_wconf 82' lang='lat' dir='ltr'>vocabit,</span> <span class='ocrx_word' id='word_1_360' title='bbox 1454 1306 1506 1349; x_wconf 90' lang='lat' dir='ltr'>qui</span> <span class='ocrx_word' id='word_1_361' title='bbox 1533 1308 1803 1340; x_wconf 78' lang='lat' dir='ltr'>examinabuntur</span> <span class='ocrx_word' id='word_1_362' title='bbox 1828 1310 1866 1341; x_wconf 77' lang='lat' dir='ltr'>(le</span> 
     </span>
     <span class='ocr_line' id='line_1_75' title="bbox 1126 1357 1867 1404; baseline 0.008 -17"><span class='ocrx_word' id='word_1_363' title='bbox 1126 1357 1220 1389; x_wconf 91' lang='lat' dir='ltr'>modo</span> <span class='ocrx_word' id='word_1_364' title='bbox 1254 1357 1472 1390; x_wconf 83' lang='lat' dir='ltr'>meditationis</span> <span class='ocrx_word' id='word_1_365' title='bbox 1498 1360 1627 1399; x_wconf 85' lang='lat' dir='ltr'>mortis,</span> <span class='ocrx_word' id='word_1_366' title='bbox 1664 1361 1701 1392; x_wconf 87' lang='lat' dir='ltr'>de</span> <span class='ocrx_word' id='word_1_367' title='bbox 1733 1361 1867 1404; x_wconf 76' lang='lat' dir='ltr'>disposi-</span> 
     </span>
     <span class='ocr_line' id='line_1_76' title="bbox 1126 1409 1867 1456; baseline 0.007 -15"><span class='ocrx_word' id='word_1_368' title='bbox 1126 1409 1225 1450; x_wconf 88' lang='lat' dir='ltr'>tione,</span> <span class='ocrx_word' id='word_1_369' title='bbox 1255 1415 1287 1442; x_wconf 85' lang='lat' dir='ltr'>et</span> <span class='ocrx_word' id='word_1_370' title='bbox 1311 1411 1507 1454; x_wconf 79' lang='lat' dir='ltr'>exequtione</span> <span class='ocrx_word' id='word_1_371' title='bbox 1536 1423 1665 1453; x_wconf 87' lang='lat' dir='ltr'>eorum,</span> <span class='ocrx_word' id='word_1_372' title='bbox 1694 1424 1777 1456; x_wconf 87' lang='lat' dir='ltr'>quae</span> <span class='ocrx_word' id='word_1_373' title='bbox 1804 1415 1867 1447; x_wconf 88' lang='lat' dir='ltr'>iam</span> 
     </span>
     <span class='ocr_line' id='line_1_77' title="bbox 1128 1462 1321 1496; baseline 0.005 -2"><span class='ocrx_word' id='word_1_374' title='bbox 1128 1462 1212 1495; x_wconf 83' lang='lat' dir='ltr'>dicta</span> <span class='ocrx_word' id='word_1_375' title='bbox 1236 1468 1321 1496; x_wconf 91' lang='lat' dir='ltr'>suut.</span> 
     </span>
    </p>

    <p class='ocr_par' dir='ltr' id='par_1_18' title="bbox 1126 1515 1868 1933">
     <span class='ocr_line' id='line_1_78' title="bbox 1170 1515 1864 1562; baseline 0.006 -15"><span class='ocrx_word' id='word_1_376' title='bbox 1170 1515 1314 1549; x_wconf 83' lang='lat' dir='ltr'>Exeunte</span> <span class='ocrx_word' id='word_1_377' title='bbox 1346 1516 1409 1549; x_wconf 86' lang='lat' dir='ltr'>iam</span> <span class='ocrx_word' id='word_1_378' title='bbox 1446 1518 1676 1560; x_wconf 87' lang='lat' dir='ltr'>quadrimestri</span> <span class='ocrx_word' id='word_1_379' title='bbox 1704 1524 1864 1562; x_wconf 69' lang='lat' dir='ltr'>tempore,</span> 
     </span>
     <span class='ocr_line' id='line_1_79' title="bbox 1127 1566 1866 1611; baseline 0.001 -11"><span class='ocrx_word' id='word_1_380' title='bbox 1127 1579 1192 1611; x_wconf 87' lang='lat' dir='ltr'>quo</span> <span class='ocrx_word' id='word_1_381' title='bbox 1218 1568 1269 1601; x_wconf 89' lang='lat' dir='ltr'>die</span> <span class='ocrx_word' id='word_1_382' title='bbox 1294 1566 1504 1603; x_wconf 86' lang='lat' dir='ltr'>Obedientiae</span> <span class='ocrx_word' id='word_1_383' title='bbox 1529 1571 1630 1602; x_wconf 82' lang='lat' dir='ltr'>visum</span> <span class='ocrx_word' id='word_1_384' title='bbox 1656 1572 1766 1611; x_wconf 83' lang='lat' dir='ltr'>tuerit,</span> <span class='ocrx_word' id='word_1_385' title='bbox 1793 1578 1866 1605; x_wconf 78' lang='lat' dir='ltr'>ante</span> 
     </span>
     <span class='ocr_line' id='line_1_80' title="bbox 1127 1622 1868 1665; baseline 0.008 -12"><span class='ocrx_word' id='word_1_386' title='bbox 1127 1626 1235 1654; x_wconf 87' lang='lat' dir='ltr'>tamen</span> <span class='ocrx_word' id='word_1_387' title='bbox 1261 1622 1404 1665; x_wconf 84' lang='lat' dir='ltr'>quintam</span> <span class='ocrx_word' id='word_1_388' title='bbox 1429 1623 1541 1655; x_wconf 84' lang='lat' dir='ltr'>seriam</span> <span class='ocrx_word' id='word_1_389' title='bbox 1560 1624 1727 1657; x_wconf 76' lang='lat' dir='ltr'>electionis</span> <span class='ocrx_word' id='word_1_390' title='bbox 1748 1626 1868 1658; x_wconf 63' lang='lat' dir='ltr'>otiis-io-</span> 
     </span>
     <span class='ocr_line' id='line_1_81' title="bbox 1127 1676 1867 1715; baseline 0.007 -9"><span class='ocrx_word' id='word_1_391' title='bbox 1127 1679 1211 1715; x_wconf 86' lang='lat' dir='ltr'>rum,</span> <span class='ocrx_word' id='word_1_392' title='bbox 1229 1676 1428 1709; x_wconf 79' lang='lat' dir='ltr'>convenient</span> <span class='ocrx_word' id='word_1_393' title='bbox 1453 1677 1548 1710; x_wconf 79' lang='lat' dir='ltr'>sinuit</span> <span class='ocrx_word' id='word_1_394' title='bbox 1567 1687 1680 1710; x_wconf 88' lang='lat' dir='ltr'>omnes</span> <span class='ocrx_word' id='word_1_395' title='bbox 1707 1678 1739 1710; x_wconf 86' lang='lat' dir='ltr'>in</span> <span class='ocrx_word' id='word_1_396' title='bbox 1761 1685 1867 1711; x_wconf 77' lang='lat' dir='ltr'>orato-</span> 
     </span>
     <span class='ocr_line' id='line_1_82' title="bbox 1126 1729 1866 1775; baseline 0.004 -15"><span class='ocrx_word' id='word_1_397' title='bbox 1126 1729 1188 1768; x_wconf 70' lang='lat' dir='ltr'>rio,</span> <span class='ocrx_word' id='word_1_398' title='bbox 1204 1729 1380 1762; x_wconf 83' lang='lat' dir='ltr'>celebrabit</span> <span class='ocrx_word' id='word_1_399' title='bbox 1396 1729 1587 1763; x_wconf 85' lang='lat' dir='ltr'>Obedientia</span> <span class='ocrx_word' id='word_1_400' title='bbox 1607 1732 1737 1764; x_wconf 81' lang='lat' dir='ltr'>missam</span> <span class='ocrx_word' id='word_1_401' title='bbox 1764 1734 1866 1775; x_wconf 74' lang='lat' dir='ltr'>priva-</span> 
     </span>
     <span class='ocr_line' id='line_1_83' title="bbox 1127 1781 1866 1826; baseline 0.005 -14"><span class='ocrx_word' id='word_1_402' title='bbox 1127 1786 1190 1813; x_wconf 86' lang='lat' dir='ltr'>tam</span> <span class='ocrx_word' id='word_1_403' title='bbox 1209 1781 1437 1815; x_wconf 84' lang='lat' dir='ltr'>desunctorum</span> <span class='ocrx_word' id='word_1_404' title='bbox 1456 1794 1515 1826; x_wconf 91' lang='lat' dir='ltr'>pro</span> <span class='ocrx_word' id='word_1_405' title='bbox 1534 1783 1703 1816; x_wconf 83' lang='lat' dir='ltr'>animabus</span> <span class='ocrx_word' id='word_1_406' title='bbox 1724 1785 1866 1823; x_wconf 76' lang='lat' dir='ltr'>fratrum,</span> 
     </span>
     <span class='ocr_line' id='line_1_84' title="bbox 1127 1834 1868 1879; baseline 0.005 -14"><span class='ocrx_word' id='word_1_407' title='bbox 1127 1834 1181 1876; x_wconf 89' lang='lat' dir='ltr'>qui</span> <span class='ocrx_word' id='word_1_408' title='bbox 1214 1845 1230 1867; x_wconf 90' lang='lat' dir='ltr'>e</span> <span class='ocrx_word' id='word_1_409' title='bbox 1265 1836 1378 1868; x_wconf 85' lang='lat' dir='ltr'>seculo</span> <span class='ocrx_word' id='word_1_410' title='bbox 1411 1836 1581 1876; x_wconf 80' lang='lat' dir='ltr'>abierunt,</span> <span class='ocrx_word' id='word_1_411' title='bbox 1609 1848 1644 1869; x_wconf 85' lang='lat' dir='ltr'>ac</span> <span class='ocrx_word' id='word_1_412' title='bbox 1670 1848 1729 1879; x_wconf 81' lang='lat' dir='ltr'>pro</span> <span class='ocrx_word' id='word_1_413' title='bbox 1755 1839 1868 1870; x_wconf 74' lang='grc'>00110111</span> 
     </span>
     <span class='ocr_line' id='line_1_85' title="bbox 1128 1887 1759 1933; baseline 0.008 -15"><span class='ocrx_word' id='word_1_414' title='bbox 1128 1887 1310 1921; x_wconf 87' lang='lat' dir='ltr'>intentione</span> <span class='ocrx_word' id='word_1_415' title='bbox 1336 1889 1570 1922; x_wconf 83' lang='lat' dir='ltr'>Eucharistiam</span> <span class='ocrx_word' id='word_1_416' title='bbox 1588 1891 1759 1933; x_wconf 79' lang='lat' dir='ltr'>accipient.</span> 
     </span>
    </p>

    <p class='ocr_par' dir='ltr' id='par_1_19' title="bbox 1127 1940 1869 2413">
     <span class='ocr_line' id='line_1_86' title="bbox 1172 1940 1868 1983; baseline 0.006 -11"><span class='ocrx_word' id='word_1_417' title='bbox 1172 1940 1245 1973; x_wconf 84' lang='lat' dir='ltr'>Post</span> <span class='ocrx_word' id='word_1_418' title='bbox 1266 1941 1441 1983; x_wconf 74' lang='lat' dir='ltr'>gratiarum</span> <span class='ocrx_word' id='word_1_419' title='bbox 1460 1943 1619 1975; x_wconf 83' lang='lat' dir='ltr'>actionem</span> <span class='ocrx_word' id='word_1_420' title='bbox 1644 1943 1780 1976; x_wconf 78' lang='lat' dir='ltr'>habebit</span> <span class='ocrx_word' id='word_1_421' title='bbox 1798 1945 1868 1976; x_wconf 85' lang='lat' dir='ltr'>bre-</span> 
     </span>
     <span class='ocr_line' id='line_1_87' title="bbox 1127 1995 1869 2030; baseline 0.007 -5"><span class='ocrx_word' id='word_1_422' title='bbox 1127 2004 1197 2026; x_wconf 76' lang='lat' dir='ltr'>vem</span> <span class='ocrx_word' id='word_1_423' title='bbox 1223 2005 1258 2026; x_wconf 89' lang='lat' dir='ltr'>ac</span> <span class='ocrx_word' id='word_1_424' title='bbox 1283 1995 1462 2028; x_wconf 84' lang='lat' dir='ltr'>ferventem</span> <span class='ocrx_word' id='word_1_425' title='bbox 1484 2006 1670 2029; x_wconf 85' lang='lat' dir='ltr'>sermonem</span> <span class='ocrx_word' id='word_1_426' title='bbox 1698 1998 1735 2029; x_wconf 84' lang='lat' dir='ltr'>de</span> <span class='ocrx_word' id='word_1_427' title='bbox 1766 1999 1869 2030; x_wconf 79' lang='grc'>111011-</span> 
     </span>
     <span class='ocr_line' id='line_1_88' title="bbox 1128 2047 1867 2093; baseline 0.004 -15"><span class='ocrx_word' id='word_1_428' title='bbox 1128 2052 1190 2079; x_wconf 77' lang='grc'>1010</span> <span class='ocrx_word' id='word_1_429' title='bbox 1221 2047 1315 2087; x_wconf 86' lang='lat' dir='ltr'>vitae,</span> <span class='ocrx_word' id='word_1_430' title='bbox 1335 2048 1563 2081; x_wconf 81' lang='lat' dir='ltr'>incertitudine</span> <span class='ocrx_word' id='word_1_431' title='bbox 1585 2050 1706 2090; x_wconf 77' lang='lat' dir='ltr'>mortis,</span> <span class='ocrx_word' id='word_1_432' title='bbox 1733 2051 1867 2093; x_wconf 73' lang='lat' dir='ltr'>eiusque</span> 
     </span>
     <span class='ocr_line' id='line_1_89' title="bbox 1129 2101 1869 2146; baseline 0.005 -14"><span class='ocrx_word' id='word_1_433' title='bbox 1129 2111 1241 2143; x_wconf 79' lang='lat' dir='ltr'>agone,</span> <span class='ocrx_word' id='word_1_434' title='bbox 1265 2101 1480 2135; x_wconf 73' lang='lat' dir='ltr'>anxietatibus</span> <span class='ocrx_word' id='word_1_435' title='bbox 1498 2109 1530 2135; x_wconf 88' lang='lat' dir='ltr'>et</span> <span class='ocrx_word' id='word_1_436' title='bbox 1546 2103 1711 2146; x_wconf 80' lang='lat' dir='ltr'>periculis,</span> <span class='ocrx_word' id='word_1_437' title='bbox 1735 2105 1774 2136; x_wconf 86' lang='lat' dir='ltr'>dc</span> <span class='ocrx_word' id='word_1_438' title='bbox 1792 2116 1869 2136; x_wconf 78' lang='lat' dir='ltr'>cou-</span> 
     </span>
     <span class='ocr_line' id='line_1_90' title="bbox 1130 2154 1869 2201; baseline 0.003 -15"><span class='ocrx_word' id='word_1_439' title='bbox 1130 2154 1256 2187; x_wconf 86' lang='lat' dir='ltr'>susione</span> <span class='ocrx_word' id='word_1_440' title='bbox 1282 2160 1314 2187; x_wconf 85' lang='lat' dir='ltr'>et</span> <span class='ocrx_word' id='word_1_441' title='bbox 1342 2155 1469 2187; x_wconf 77' lang='lat' dir='ltr'>tristitia</span> <span class='ocrx_word' id='word_1_442' title='bbox 1495 2167 1590 2199; x_wconf 86' lang='lat' dir='ltr'>quam</span> <span class='ocrx_word' id='word_1_443' title='bbox 1612 2157 1736 2189; x_wconf 79' lang='lat' dir='ltr'>inducit</span> <span class='ocrx_word' id='word_1_444' title='bbox 1762 2159 1869 2201; x_wconf 63' lang='grc' dir='ltr'>11111ιο-</span> 
     </span>
     <span class='ocr_line' id='line_1_91' title="bbox 1130 2209 1869 2249; baseline 0.004 -9"><span class='ocrx_word' id='word_1_445' title='bbox 1130 2219 1201 2240; x_wconf 86' lang='lat' dir='ltr'>rum</span> <span class='ocrx_word' id='word_1_446' title='bbox 1226 2209 1401 2249; x_wconf 87' lang='lat' dir='ltr'>memoria,</span> <span class='ocrx_word' id='word_1_447' title='bbox 1435 2209 1474 2242; x_wconf 84' lang='lat' dir='ltr'>de</span> <span class='ocrx_word' id='word_1_448' title='bbox 1508 2210 1617 2242; x_wconf 85' lang='lat' dir='ltr'>iudicii</span> <span class='ocrx_word' id='word_1_449' title='bbox 1649 2216 1680 2243; x_wconf 87' lang='grc'>01</span> <span class='ocrx_word' id='word_1_450' title='bbox 1713 2212 1869 2244; x_wconf 63' lang='lat' dir='ltr'>exai&#39;ninis</span> 
     </span>
     <span class='ocr_line' id='line_1_92' title="bbox 1130 2262 1869 2307; baseline 0.005 -14"><span class='ocrx_word' id='word_1_451' title='bbox 1130 2262 1335 2302; x_wconf 87' lang='lat' dir='ltr'>terroribus,</span> <span class='ocrx_word' id='word_1_452' title='bbox 1370 2273 1434 2305; x_wconf 89' lang='lat' dir='ltr'>quo</span> <span class='ocrx_word' id='word_1_453' title='bbox 1470 2263 1597 2295; x_wconf 89' lang='lat' dir='ltr'>meliori</span> <span class='ocrx_word' id='word_1_454' title='bbox 1632 2265 1728 2296; x_wconf 88' lang='lat' dir='ltr'>modo</span> <span class='ocrx_word' id='word_1_455' title='bbox 1765 2265 1869 2307; x_wconf 75' lang='lat' dir='ltr'>possit</span> 
     </span>
     <span class='ocr_line' id='line_1_93' title="bbox 1130 2316 1868 2350; baseline 0.001 -3"><span class='ocrx_word' id='word_1_456' title='bbox 1130 2325 1331 2348; x_wconf 85' lang='lat' dir='ltr'>connnovere</span> <span class='ocrx_word' id='word_1_457' title='bbox 1350 2325 1408 2347; x_wconf 84' lang='lat' dir='ltr'>nos</span> <span class='ocrx_word' id='word_1_458' title='bbox 1432 2321 1467 2347; x_wconf 89' lang='lat' dir='ltr'>ut</span> <span class='ocrx_word' id='word_1_459' title='bbox 1490 2316 1631 2348; x_wconf 81' lang='lat' dir='ltr'>vivamus</span> <span class='ocrx_word' id='word_1_460' title='bbox 1658 2317 1690 2348; x_wconf 89' lang='lat' dir='ltr'>iu</span> <span class='ocrx_word' id='word_1_461' title='bbox 1715 2318 1868 2350; x_wconf 75' lang='lat' dir='ltr'>continue</span> 
     </span>
     <span class='ocr_line' id='line_1_94' title="bbox 1132 2368 1869 2413; baseline 0.001 -13"><span class='ocrx_word' id='word_1_462' title='bbox 1132 2368 1243 2401; x_wconf 89' lang='lat' dir='ltr'>timore</span> <span class='ocrx_word' id='word_1_463' title='bbox 1277 2368 1363 2400; x_wconf 88' lang='lat' dir='ltr'>illius</span> <span class='ocrx_word' id='word_1_464' title='bbox 1394 2369 1486 2401; x_wconf 87' lang='lat' dir='ltr'>valde</span> <span class='ocrx_word' id='word_1_465' title='bbox 1524 2369 1676 2402; x_wconf 85' lang='lat' dir='ltr'>terribilis</span> <span class='ocrx_word' id='word_1_466' title='bbox 1712 2371 1869 2413; x_wconf 72' lang='lat' dir='ltr'>valdeque</span> 
     </span>
    </p>
   </div>
   <div class='ocr_carea' id='block_1_11' title="bbox 1108 2412 1870 2465">
    <p class='ocr_par' dir='ltr' id='par_1_20' title="bbox 1108 2412 1870 2465">
     <span class='ocr_line' id='line_1_95' title="bbox 1108 2412 1870 2465; baseline 0.004 -12"><span class='ocrx_word' id='word_1_467' title='bbox 1108 2412 1110 2451; x_wconf 60' lang='grc' dir='ltr'><strong><em>ῗ</em></strong></span> <span class='ocrx_word' id='word_1_468' title='bbox 1131 2421 1304 2464; x_wconf 87' lang='lat' dir='ltr'>periculosi</span> <span class='ocrx_word' id='word_1_469' title='bbox 1330 2422 1503 2462; x_wconf 83' lang='lat' dir='ltr'>momenti,</span> <span class='ocrx_word' id='word_1_470' title='bbox 1532 2433 1548 2454; x_wconf 86' lang='lat' dir='ltr'>a</span> <span class='ocrx_word' id='word_1_471' title='bbox 1574 2433 1638 2465; x_wconf 88' lang='lat' dir='ltr'>quo</span> <span class='ocrx_word' id='word_1_472' title='bbox 1662 2424 1711 2456; x_wconf 82' lang='lat' dir='ltr'>vel</span> <span class='ocrx_word' id='word_1_473' title='bbox 1738 2429 1870 2456; x_wconf 78' lang='lat' dir='ltr'>aeterna</span> 
     </span>
    </p>
   </div>
   <div class='ocr_carea' id='block_1_12' title="bbox 349 2462 1780 2517">
    <p class='ocr_par' dir='ltr' id='par_1_21' title="bbox 349 2462 1780 2517">
     <span class='ocr_line' id='line_1_96' title="bbox 349 2462 1780 2517; baseline 0.003 -13"><span class='ocrx_word' id='word_1_474' title='bbox 349 2481 488 2514; x_wconf 86' lang='lat' dir='ltr'>quorum</span> <span class='ocrx_word' id='word_1_475' title='bbox 512 2482 582 2505; x_wconf 87' lang='lat' dir='ltr'>sese</span> <span class='ocrx_word' id='word_1_476' title='bbox 609 2478 791 2515; x_wconf 75' lang='lat' dir='ltr'>agnoscunt</span> <span class='ocrx_word' id='word_1_477' title='bbox 814 2469 997 2513; x_wconf 83' lang='lat' dir='ltr'>debitores,</span> <span class='ocrx_word' id='word_1_478' title='bbox 1025 2484 1087 2517; x_wconf 88' lang='lat' dir='ltr'>quo</span> <span class='ocrx_word' id='word_1_479' title='bbox 1108 2462 1110 2503; x_wconf 69' lang='lat' dir='ltr'>i</span> <span class='ocrx_word' id='word_1_480' title='bbox 1131 2475 1215 2506; x_wconf 87' lang='lat' dir='ltr'>salus</span> <span class='ocrx_word' id='word_1_481' title='bbox 1241 2474 1370 2517; x_wconf 84' lang='lat' dir='ltr'>pendet,</span> <span class='ocrx_word' id='word_1_482' title='bbox 1392 2476 1440 2507; x_wconf 74' lang='lat' dir='ltr'>vel</span> <span class='ocrx_word' id='word_1_483' title='bbox 1458 2480 1589 2508; x_wconf 83' lang='lat' dir='ltr'>aeterna</span> <span class='ocrx_word' id='word_1_484' title='bbox 1607 2477 1780 2509; x_wconf 83' lang='lat' dir='ltr'>damnatio.</span> 
     </span>
    </p>
   </div>
   <div class='ocr_carea' id='block_1_13' title="bbox 1165 2544 1788 2626">
    <p class='ocr_par' dir='ltr' id='par_1_22' title="bbox 1165 2544 1788 2626">
     <span class='ocr_line' id='line_1_97' title="bbox 1170 2544 1788 2581; baseline 0.003 -10"><span class='ocrx_word' id='word_1_485' title='bbox 1170 2547 1178 2571; x_wconf 82' lang='lat' dir='ltr'>t</span> <span class='ocrx_word' id='word_1_486' title='bbox 1201 2544 1310 2571; x_wconf 74' lang='lat' dir='ltr'>Videtur</span> <span class='ocrx_word' id='word_1_487' title='bbox 1326 2545 1467 2580; x_wconf 80' lang='lat' dir='ltr'>legendum</span> <span class='ocrx_word' id='word_1_488' title='bbox 1485 2547 1670 2574; x_wconf 73' lang='lat' dir='ltr'>meditatione&gt;</span> <span class='ocrx_word' id='word_1_489' title='bbox 1686 2553 1722 2578; x_wconf 65' lang='lat' dir='ltr'>(n⁴</span> <span class='ocrx_word' id='word_1_490' title='bbox 1741 2548 1788 2581; x_wconf 76' lang='grc'>1.).</span> 
     </span>
     <span class='ocr_line' id='line_1_98' title="bbox 1165 2588 1786 2626; baseline 0.002 -11"><span class='ocrx_word' id='word_1_491' title='bbox 1165 2589 1182 2614; x_wconf 76' lang='lat'><strong>2</strong></span> <span class='ocrx_word' id='word_1_492' title='bbox 1195 2588 1262 2616; x_wconf 82' lang='lat' dir='ltr'>Male</span> <span class='ocrx_word' id='word_1_493' title='bbox 1277 2590 1321 2616; x_wconf 84' lang='lat' dir='ltr'>ed.</span> <span class='ocrx_word' id='word_1_494' title='bbox 1339 2589 1416 2616; x_wconf 70' lang='grc' dir='ltr'>Δ110111.</span> <span class='ocrx_word' id='word_1_495' title='bbox 1435 2590 1498 2625; x_wconf 80' lang='lat' dir='ltr'>legit</span> <span class='ocrx_word' id='word_1_496' title='bbox 1514 2591 1546 2616; x_wconf 71' lang='lat' dir='ltr'>tle</span> <span class='ocrx_word' id='word_1_497' title='bbox 1561 2592 1663 2624; x_wconf 63' lang='lat' dir='ltr'>futura</span> <span class='ocrx_word' id='word_1_498' title='bbox 1682 2593 1720 2626; x_wconf 60' lang='lat' dir='ltr'>(n.</span> <span class='ocrx_word' id='word_1_499' title='bbox 1736 2593 1786 2626; x_wconf 76' lang='grc'>1,).</span> 
     </span>
    </p>
   </div>
   <div class='ocr_carea' id='block_1_14' title="bbox 1869 198 2054 225">
    <p class='ocr_par' dir='ltr' id='par_1_23' title="bbox 1869 198 2054 225">
     <span class='ocr_line' id='line_1_99' title="bbox 1869 198 2054 225; baseline 0.005 -1"><span class='ocrx_word' id='word_1_500' title='bbox 1869 198 1918 224; x_wconf 80' lang='lat' dir='ltr'>An.</span> <span class='ocrx_word' id='word_1_501' title='bbox 1936 198 1964 225; x_wconf 87' lang='lat' dir='ltr'>C.</span> <span class='ocrx_word' id='word_1_502' title='bbox 1988 199 2054 225; x_wconf 72' lang='lat'>1065</span> 
     </span>
    </p>
   </div>
  </div>
 </body>
</html>
