2247 3208
144 205 194 234 An.
209 205 238 233 C.
262 203 330 232 ¹662

171 474 201 497 Do
220 475 327 502 dispensa-

144 502 244 524 tionibus.

174 1647 285 1670 Devolutio
295 1647 336 1668 ele·

152 1676 229 1697 etionis
252 1675 335 1701 provin-

152 1702 214 1723 cialis
230 1702 249 1722 in
270 1701 336 1727 magi·

153 1731 219 1749 strum
250 1733 335 1753 genera·

152 1754 202 1776 lem.

927 198 1070 224 ALEXAND
1077 199 1115 223 ER
1138 198 1182 223 vll
1208 198 1256 222 ΓΡ.

341 251 442 297 ipsius
466 250 600 285 virtutes
625 259 717 284 veras
742 253 774 282 et
797 248 946 292 regimini
968 258 1078 280 neces-

341 304 441 337 sarias
465 303 681 343 ostendendo,
703 308 744 341 et,
759 302 887 346 quando
909 298 1077 340 abfuerit¹,

342 368 402 402 per
425 357 547 391 litteras
581 357 620 390 ad
645 356 821 400 capitulum
854 360 885 388 et
917 355 1078 388 electores

342 410 456 444 missas
481 410 664 453 dirigendo.

387 473 502 497 xxxvii.
519 462 667 501 Quamvis
682 462 749 495 iure
768 466 949 495 nostrarum
963 458 1080 492 consti-

345 516 515 556 tutionum,
527 516 631 559 capite
641 526 660 548 v
679 513 896 548 distinctionis
908 512 1078 551 secundae,

343 570 497 612 magister
514 568 674 612 generalis
687 565 787 611 possit
800 567 989 610 dispensare
1007 575 1078 597 cum

344 623 493 656 fratribus
510 623 543 655 in
561 620 726 654 nonnullis
743 620 848 659 rebus,
868 619 992 662 aliquas
1010 628 1080 661 gra-

344 677 402 710 tias
418 682 450 709 et
467 675 690 718 exemptiones
708 673 854 716 (absque
875 677 983 705 tamen
1000 670 1079 703 alio-

342 741 412 765 rum
437 727 660 774 praeiudicio)
686 726 847 769 religiosis
871 725 1077 764 concedere;

342 782 555 818 nihilominus
580 787 697 821 tamen,
714 785 750 812 ut
766 784 893 813 cessent
909 779 1010 810 multa
1034 777 1081 809 in-

343 835 580 874 convenientia,
614 844 696 878 quae
730 832 932 876 experientia
963 841 1081 874 magna

344 899 413 923 esse
440 887 673 932 comprobavit,
688 886 842 929 magistro
860 884 1006 928 generali
1022 884 1098 937 im-¹

344 948 508 986 posterum
540 941 612 974 illas
633 939 826 979 concedere,
851 939 901 972 vel
927 948 998 971 cum
1022 938 1096 970 Γιῖι-Χ

344 995 446 1029 tribus
481 994 668 1037 dispensare
701 992 832 1025 minime
865 990 994 1024 licebit:
1029 1001 1097 1023 ex-¹

344 1049 452 1093 posuit
471 1053 577 1081 tamen
602 1046 801 1090 praedictum
826 1045 979 1088 generale
1005 1043 1082 1077 desi-

344 1102 498 1136 nitorium
516 1101 601 1145 quod
619 1099 739 1143 poterit
752 1098 913 1142 generalis
930 1097 1098 1139 magister*

346 1157 513 1190 declarare
552 1154 677 1197 aliquos
720 1152 780 1185 frui
822 1151 1099 1195 exemptionibus

347 1209 447 1253 (quas
477 1208 583 1240 reales
617 1207 760 1250 appellat
796 1205 997 1249 praedictum
1031 1215 1084 1247 ge-

346 1264 457 1295 nerale
476 1260 728 1302 definitorium),
744 1258 808 1292 illis
821 1259 952 1298 scilicet,
968 1257 1084 1302 quibus

346 1315 471 1350 ratione
505 1314 619 1353 officii,
653 1313 787 1356 gradus,
821 1317 853 1345 et
884 1312 1100 1356 antiquitatis

348 1368 562 1414 quadraginta
591 1378 747 1400 annorum
771 1366 801 1398 in
827 1366 985 1409 religione
1011 1378 1101 1409 ἕξω-ι

349 1423 427 1457 dere
451 1426 603 1466 possunt,
630 1426 692 1453 tam
719 1419 805 1452 iuxta
837 1419 1085 1452 constitutiones

348 1482 493 1516 nostras,
526 1485 623 1518 quam
649 1474 783 1507 Sanctae
817 1473 908 1506 Sedis
941 1475 1084 1515 decreta,

349 1540 479 1563 necnon
503 1534 535 1562 et
558 1529 694 1562 aliorum
719 1527 933 1571 capitulorum
952 1530 1102 1570 genera-¹

349 1583 441 1617 lium.

393 1646 522 1670 xxxvm.
549 1634 629 1668 Item
660 1634 805 1668 decrevit
833 1635 920 1678 quod
954 1634 1001 1667 ius
1032 1635 1087 1669 eli-

351 1690 449 1734 gendi
474 1688 705 1733 provincialem
730 1688 917 1721 devolvatur
941 1689 972 1721 in
990 1688 1103 1732 magi?

351 1750 450 1777 strum
475 1745 671 1787 generalem,
697 1753 770 1775 casu
796 1753 858 1786 quo
876 1743 1034 1776 electores
1056 1743 1087 1776 in

352 1798 493 1841 capitulo
518 1795 706 1838 congregati
744 1795 826 1828 infra
864 1800 927 1828 tres
964 1795 1032 1829 dies
1071 1808 1088 1829 a

352 1851 455 1895 primo
492 1849 661 1883 electionis
694 1848 850 1881 inclusive
885 1849 924 1881 de
949 1853 1089 1892 persona

353 1904 504 1946 eligenda
540 1913 605 1935 non
630 1902 852 1942 convenerint,
884 1903 934 1935 vel
972 1904 1106 1937 electiO‹

352 1965 418 1988 non
444 1954 541 1986 suerit
565 1954 646 1986 sacta
681 1952 767 1985 iuxta
799 1963 906 1986 sacros
938 1963 1089 1995 canoneS,

353 2007 600 2041 constitutiones
629 2012 662 2040 et
685 2008 816 2039 decreta
844 2007 982 2047 Ordinis,
1007 2008 1091 2041 iure-

354 2072 419 2105 que
444 2061 599 2094 cassanda
616 2060 757 2093 venerit:
779 2066 854 2093 tunc
870 2071 1008 2104 namque
1026 2072 1091 2094 ma-

356 2114 455 2158 gister
490 2114 589 2156 eliget
623 2113 868 2157 provineiahffm.
909 2114 942 2146 ln
976 2115 1091 2147 ceteris

356 2178 433 2200 vero
451 2166 677 2205 electionibus,
695 2167 797 2199 forma
817 2172 999 2199 nostrarum
1018 2178 1092 2199 con-

356 2220 560 2253 stitutionum
585 2220 749 2253 observari
775 2221 883 2253 debet.

399 2284 500 2308 XXXIX.
528 2274 607 2306 Item
633 2274 777 2307 decrevit
802 2274 907 2317 quod,
941 2274 995 2318 qui
1026 2274 1092 2307 sue-

355 2334 434 2361 runt
448 2327 594 2371 magistri
612 2329 793 2370 generales,
816 2328 957 2361 habeant
981 2328 1108 2362 imme-¹

357 2380 533 2414 diationem
557 2380 710 2423 magistro
731 2381 917 2421 successori,
936 2386 968 2413 et
984 2383 1092 2414 locum

356 2434 580 2468 immediatum
604 2434 777 2478 praelatis,
813 2439 844 2467 et
875 2434 907 2466 in
943 2435 1092 2467 omnibus

358 2487 675 2531 congregationibus,
688 2492 751 2519 tam
769 2487 983 2529 generalibus,
995 2499 1090 2531 quam

1096 1233 1103 1246 1

1107 2470 1110 2495 l

357 2540 623 2584 provincialibus,
641 2539 872 2582 cuiuscumque
894 2540 1091 2583 provinciae,

396 2603 407 2632 1
428 2602 495 2630 Male
509 2603 574 2630 item
589 2602 654 2639 legit
668 2603 792 2638 obfuerit
803 2610 849 2638 pro
860 2603 986 2637 abfuerit
994 2606 1031 2638 (R.
1041 2603 1090 2637 r).

1112 247 1143 279 in
1169 257 1231 290 qua
1256 251 1401 291 tempore
1426 245 1668 280 convocationis
1693 246 1848 280 „derme-

1111 299 1185 339 rint,
1211 309 1322 333 vocem
1348 304 1380 333 et
1403 305 1513 333 votum
1537 299 1710 333 electivum
1746 304 1779 332 et
1794 299 1848 332 de-

1112 352 1245 385 cisivum
1270 353 1422 393 habeant,
1447 353 1529 386 sicut
1554 353 1692 396 quilibet
1711 362 1749 385 ex
1771 350 1849 385 defi-

1111 404 1273 437 nitoribus
1298 410 1331 438 et
1354 405 1553 438 electoribus
1578 405 1682 438 dietae
1713 415 1848 448 congre-

1112 456 1260 499 gationis,
1272 457 1487 502 similiterque
1505 459 1612 492 locum
1625 458 1847 492 immediatum

1111 510 1264 554 praesidi.

1154 573 1204 596 xL.
1214 563 1293 596 Item
1304 563 1504 598 confirmavit
1514 570 1546 598 et
1557 565 1749 609 approbavit
1758 576 1849 609 prae-

1112 616 1232 649 dictum
1250 618 1403 660 generale
1419 617 1648 659 delinitorium,
1662 619 1748 662 quod
1762 619 1849 662 capi-

1113 671 1216 703 tulum
1235 671 1387 713 generale
1423 671 1614 704 Toletanum
1639 671 1749 704 statuit
1773 682 1849 714 erga

1114 723 1248 756 vicarios
1262 725 1434 766 generales
1444 724 1618 764 Indiarum,
1632 735 1747 767 nempe
1763 725 1849 768 quod

1113 776 1270 819 praedicti
1291 776 1400 809 vicarii
1418 778 1588 819 generales
1606 777 1769 810 Indiarum
1787 777 1850 809 ius-

1115 829 1152 861 tis
1178 829 1216 861 de
1242 829 1344 861 causis
1368 834 1503 873 possunt
1522 841 1539 862 a
1555 830 1705 872 magistro
1723 829 1850 863 Ordinis

1114 882 1153 915 ab
1178 882 1285 915 officio
1310 883 1464 923 amoveri,
1500 893 1677 927 eorumque
1702 883 1849 926 regimen

1115 935 1215 968 debet
1238 946 1306 969 esse
1333 936 1420 968 iuxta
1446 941 1628 969 nostrarum
1652 935 1851 969 constitutio-

1114 999 1190 1021 num
1216 994 1373 1029 teuorem‚
1411 990 1464 1034 qui
1491 995 1658 1033 nequeunt
1681 990 1849 1023 nominare

1114 1042 1347 1075 commissarios
1384 1044 1553 1085 generales
1588 1043 1621 1075 in
1655 1053 1767 1076 eorum
1797 1043 1852 1075 ab·

1115 1095 1227 1135 sentia,
1253 1095 1427 1139 praecipue
1453 1096 1486 1128 in
1513 1096 1574 1128 illis
1599 1095 1784 1139 provinciis,
1815 1095 1848 1128 in

1116 1148 1231 1192 quibus
1255 1149 1370 1181 saltem
1388 1149 1427 1182 ad
1447 1160 1545 1182 unum
1566 1154 1762 1182 conventum
1780 1159 1851 1193 per-

1117 1201 1283 1241 vcnerint;
1310 1202 1366 1234 sed
1392 1202 1528 1234 liberum
1553 1202 1739 1248 relinquant
1768 1201 1851 1245 regi-

1116 1265 1190 1288 men
1225 1255 1372 1298 patribus
1408 1255 1671 1299 provincialibus,
1710 1255 1770 1288 nisi
1809 1255 1850 1288 ob

1117 1318 1226 1340 casum
1245 1313 1277 1341 et
1294 1318 1424 1351 gravem
1441 1319 1568 1340 causam
1585 1309 1624 1341 ad
1642 1308 1851 1341 visitationes¹

1118 1358 1313 1401 moventem,
1339 1372 1435 1405 quam
1467 1372 1526 1404 per
1551 1361 1716 1408 propriam
1741 1372 1853 1406 perso-

1119 1425 1191 1447 nam
1216 1414 1322 1447 facere
1359 1419 1536 1458 nequeant.
1577 1413 1665 1452 Quod
1699 1414 1724 1447 si
1760 1425 1853 1447 secus

1118 1468 1196 1501 siant
1230 1467 1417 1512 praedictae
1449 1468 1701 1508 nominationes,
1735 1468 1853 1502 nullius

1120 1522 1235 1555 valoris
1260 1527 1314 1554 aut
1336 1521 1463 1555 roboris
1495 1532 1563 1554 esse
1585 1522 1798 1556 declaramus.
1817 1521 1855 1554 Et

1120 1575 1264 1619 quamvis
1291 1575 1369 1607 tales
1393 1574 1502 1608 vicarii
1537 1575 1707 1617 generales
1731 1574 1856 1618 possint

1119 1628 1310 1662 confirmare
1347 1633 1379 1661 et
1403 1629 1570 1661 annullare
1606 1628 1747 1671 capitula
1784 1638 1856 1671 pro-

1120 1683 1267 1716 vincialia
1304 1687 1335 1716 et
1373 1681 1619 1726 provincialium
1659 1682 1854 1721 electiones,

1121 1738 1250 1770 minime
1276 1742 1383 1769 tamen
1408 1741 1564 1780 poterunt
1594 1747 1647 1769 eas
1675 1737 1856 1776 annullare,

1121 1792 1333 1835 similiterque
1358 1802 1418 1824 nec
1435 1791 1644 1834 suspendere,
1661 1792 1711 1823 vel
1730 1790 1856 1833 privare

1122 1845 1337 1888 provinciales
1368 1845 1539 1884 valebunt,
1572 1843 1632 1876 nisi
1665 1843 1754 1887 prius
1779 1844 1857 1886 legi-

1124 1899 1199 1931 tima
1232 1901 1325 1931 causa
1359 1898 1495 1930 iuridice
1527 1899 1596 1930 acta
1627 1902 1660 1929 et
1691 1899 1854 1930 conclusa.

1123 1952 1157 1984 Et
1173 1952 1205 1984 in
1220 1962 1294 1984 casu
1308 1962 1372 1995 quo
1385 1962 1490 1994 poena
1505 1950 1725 1994 suspensionis
1741 1950 1859 1983 debeat

1123 2005 1264 2048 imponi,
1289 2005 1379 2048 prius
1404 2005 1484 2037 duos
1509 2005 1671 2048 praelatos
1696 2014 1753 2037 seu
1782 2002 1858 2036 desi-

1124 2059 1246 2092 nitores
1278 2059 1447 2091 consulere
1485 2062 1649 2098 tenentur,
1685 2057 1724 2090 ad
1756 2056 1859 2100 priva-

1124 2112 1247 2145 tionem
1271 2121 1348 2144 vero
1375 2117 1526 2154 quatuor.
1560 2110 1626 2143 Hac
1655 2109 1758 2143 forma
1788 2119 1859 2142 sen-

1125 2166 1224 2198 tentia
1260 2165 1416 2208 producta
1448 2175 1466 2196 a
1497 2163 1617 2197 vicario
1648 2162 1793 2206 generali
1827 2168 1860 2195 et

1105 2207 1111 2233 ’ᾖ
1125 2225 1263 2263 quatuor
1300 2217 1526 2251 definitoribus
1559 2217 1679 2250 habeat
1711 2215 1859 2249 effectum

1125 2271 1370 2316 exequutivum,
1398 2270 1544 2314 qualibet
1568 2269 1788 2313 appellatione
1814 2269 1861 2301 in-

1125 2325 1295 2368 terposita;
1323 2328 1355 2357 et
1379 2334 1450 2356 cum
1476 2323 1599 2355 eisdem
1623 2321 1859 2361 definitoribus,

1126 2388 1264 2422 quorum
1289 2387 1448 2410 consensu
1468 2376 1699 2420 provincialem
1717 2375 1862 2418 privave-

1124 2433 1166 2465 rit
1185 2433 1235 2465 vel
1250 2430 1465 2474 suspenderit,
1491 2430 1649 2463 vicarium
1670 2429 1769 2472 eligat
1786 2439 1861 2472 pro-

1125 2487 1307 2526 vincialem,
1336 2496 1376 2518 ne
1404 2484 1569 2529 provincia
1595 2489 1725 2517 maneat
1749 2483 1861 2517 orbata

1126 2540 1298 2583 gubernio.

1162 2604 1172 2629 1
1195 2602 1288 2630 Potius
1307 2601 1366 2637 lege
1386 2601 1580 2629 visitationem
1599 2600 1639 2635 (R.
1655 2599 1705 2636 12).

1774 187 1816 222 95
1862 195 1908 224 An.
1926 194 1954 223 C.
1975 195 2044 224 1662

1890 579 1970 600 Vicarii
1987 583 2048 604 geno·

1864 607 1919 628 rates
1934 606 2049 627 indi-irum.
