2247 3208
8 3114 17 3208 ...ιι-«ιν
0 2679 14 3106 —affl

102 234 152 262 An.
174 234 203 261 C.
225 233 293 260 1665

124 1667 154 1688 (”ο
170 1667 239 1687 'ratiis
251 1665 286 1686 de·

102 1699 170 1720 meat.

298 283 543 325 praenarratum
580 287 635 310 aes
670 277 812 309 alienum
849 284 943 318 posse
969 273 1033 305 dis-

297 333 389 369 solvi,
417 333 590 376 ipsumque.
617 340 671 363 aes
697 329 838 362 alienum
864 327 963 359 fuisse
989 327 1033 359 le-

297 386 406 429 gitime
422 389 633 423 contractum,
649 388 681 415 et
697 392 762 415 non
779 381 870 418 alias,
893 385 924 412 et
945 379 1033 411 dum-

296 439 393 471 modo
411 438 498 470 bona
523 437 591 481 ipsa
620 435 790 468 vendenda
808 432 887 466 nulli
904 431 1032 470 vinculo

296 497 350 524 aut
374 491 486 531 oneri,
519 489 713 534 praesertim
738 496 815 519 vero
840 485 1029 523 missarum,

296 544 436 577 obnoxia
455 544 537 582 sint·,
565 547 597 575 et
616 542 648 574 in
670 541 737 584 ipsa
755 538 895 577 licentia,
922 542 957 569 ut
981 547 1032 575 su-

295 608 354 640 pra
389 596 613 635 concedenda,
645 594 846 636 singulorum
871 591 1030 623 bonorum

294 651 539 684 vendendorum
568 647 729 691 quantitas
756 650 784 677 et
811 644 968 688 speciales
1001 647 1033 675 et

296 703 479 736 individuae
503 710 615 733 eorum
648 698 818 741 qualitates
844 695 1031 738 singillatim

296 756 500 798 explicentur
532 763 568 785 ac
592 751 836 790 describantur,
864 749 1031 792 exquisitis

296 808 393 841 etiam
419 813 514 849 atque
544 805 663 838 habitis
680 804 765 836 circa
790 803 953 846 praedicta
971 814 1033 836 om-

296 862 358 900 nia,
379 861 406 892 si
426 860 470 891 ita
488 858 544 891 tibi
565 857 734 896 ridebitur,
752 856 1032 890 informationibus

295 912 457 946 Ordinarii
490 913 637 945 locorum
673 911 726 942 ubi
760 910 1030 943 monasteriorum

295 968 383 999 bona
414 964 587 998 vendenda
612 963 770 996 existant:
798 964 841 995 ita
866 968 972 995 tamen
998 968 1031 995 ut

297 1020 438 1064 pretium
460 1029 497 1051 ex
519 1017 703 1050 huiusmodi
722 1017 963 1050 venditionibus
988 1027 1033 1050 re-

297 1072 491 1105 trahendum
506 1071 629 1113 integre
652 1076 747 1113 atque
765 1071 861 1103 unico
880 1075 1032 1102 contextu

297 1125 328 1157 in
355 1124 588 1157 extinctionem
615 1124 692 1156 dieti
724 1123 808 1155 aeris
834 1123 931 1155 alieni
958 1132 1033 1155 con-

297 1182 450 1210 vertatur.
478 1175 567 1214 Quod
593 1177 617 1207 si
652 1175 837 1208 huiusmodi
863 1176 1032 1208 conversio

296 1240 361 1263 uno
377 1235 408 1263 et
425 1230 538 1262 eodem
554 1228 712 1272 temporis
729 1228 864 1261 articulo
878 1227 948 1261 fieri
969 1239 1032 1261 non

297 1284 414 1327 possit,
431 1283 569 1326 pecunia
594 1283 678 1325 apud
699 1292 822 1315 sacram
849 1283 964 1315 aedem
985 1283 1034 1315 in-

298 1342 386 1379 tegre
412 1336 603 1378 deponatur,
632 1335 706 1367 inde
733 1335 771 1367 ad
798 1335 895 1368 alium
921 1346 1034 1379 quem-

297 1399 433 1432 cumque
452 1388 600 1421 effectum
618 1399 712 1431 quam
731 1379 930 1431 praenarrati
949 1390 1034 1421 aeris

297 1442 392 1477 alieni
411 1442 607 1475 dissolvendi
626 1442 726 1484 gratia
744 1443 928 1474 nullatenus
949 1453 1035 1475 amo·
1055 1447 1057 1457 ’

297 1496 416 1535 venda,
437 1497 524 1528 salva
550 1501 654 1528 tamen
681 1505 812 1537 semper
832 1495 863 1527 iu
882 1495 1036 1538 praemis-
1056 1507 1057 1511 ¹

297 1549 340 1581 sis
365 1549 553 1582 auctoritate
587 1548 852 1591 congregationis
878 1549 1036 1592 praefato-

297 1612 368 1634 rum
394 1602 619 1634 cardinalium.

341 1656 356 1698 ἓ
379 1655 410 1688 5.
438 1655 507 1688 Non
533 1655 736 1688 obstantibus
763 1656 863 1689 felicis
886 1656 1035 1689 recorda·

299 1709 396 1741 tionis
424 1708 511 1741 Pauli
538 1708 561 1741 ΙΙ
592 1714 623 1741 et
658 1709 792 1742 aliorum
819 1709 1036 1742 Romanorum

299 1762 490 1795 Pontificum
525 1762 815 1805 praedecessorum
850 1768 1035 1795 nostrorum

300 1815 338 1847 de
369 1815 468 1846 rebus
493 1814 657 1847 Ecclesiae
683 1825 748 1847 uon
774 1815 976 1856 alienandis,
1006 1821 1038 1847 et

299 1867 368 1899 allis
393 1867 678 1899 constitutionibus
716 1873 748 1899 et
778 1868 1037 1901 ordinationibus

299 1920 498 1963 apostolicis,
514 1930 653 1959 necnon,
669 1920 941 1962 congregationis,
959 1921 1037 1953 eius-

300 1984 362 2015 que
388 1973 658 2005 monasteriorum
679 1974 909 2016 praefatorum,
927 1974 1036 2006 aliisve

300 2025 477 2068 quibusvis,
489 2026 587 2058 etiam
604 2026 802 2065 iuramento,
818 2026 1038 2059 confirmatio-

301 2090 341 2112 ne
368 2079 557 2122 apostolica,
589 2080 637 2111 vel
663 2079 774 2122 quavis
799 2079 950 2111 firmitate
976 2080 1038 2112 alia

302 2132 471 2172 roboratis,
485 2132 610 2164 statutis
624 2137 655 2164 et
669 2132 964 2173 consuetudinibus,
976 2133 1039 2176 pri-

304 2185 427 2227 vilegiis
452 2195 593 2228 quoque,
612 2185 747 2217 indultis
774 2190 805 2217 et
830 2185 947 2217 litteris
963 2195 1040 2228 apo-

302 2238 423 2270 stolicis
463 2238 496 2270 in
543 2238 741 2270 contrarium
788 2238 1039 2281 praemissorum

303 2290 549 2333 quomodolibet
576 2290 759 2330 concessis,
790 2291 978 2334 approbatis
1008 2296 1039 2323 et

303 2343 483 2384 innovatis;
511 2343 627 2387 quibus
653 2344 801 2376 omnibu-s
827 2349 855 2376 et
883 2344 1038 2387 singulis,

303 2398 434 2430 illorum
461 2403 592 2429 tenores
618 2407 678 2440 pro
701 2397 797 2440 plene
824 2402 855 2429 et
879 2397 1041 2430 sufficien-

305 2455 354 2482 ter
379 2449 539 2493 expressis
567 2460 603 2481 ac
633 2450 672 2482 de
703 2450 802 2481 verbo
842 2450 880 2482 ad
906 2450 1041 2482 verbum

305 2502 435 2535 insertis
462 2502 630 2543 habentes,
659 2501 721 2534 illis
747 2502 825 2534 alias
852 2502 884 2534 in
909 2513 967 2535 suo
992 2513 1042 2535 ro-

307 2557 385 2589 bore
411 2556 694 2599 permansurisad
713 2556 970 2598 praemissorum
997 2556 1042 2588 es-

308 2610 442 2649 sectum,
469 2609 528 2641 hac
552 2609 619 2641 vice
645 2609 828 2649 dumtaxat,
856 2609 1042 2651 specialiter

887 224 1074 249 ALExxxnth
1098 224 1142 247 ΥΠ
1169 224 1216 247 ΓΡ.

1705 214 1769 248 373

1077 277 1105 304 et
1125 282 1279 314 expresse
1299 272 1513 315 derogamus3
1534 273 1717 316 ceterisque
1736 283 1812 306 con-

1077 325 1183 357 trariis
1208 325 1477 368 quibuscumque.

1120 377 1231 409 Datum
1257 378 1393 418 Romae,
1421 379 1503 422 apud
1533 379 1564 412 S.
1596 379 1724 411 Mariam
1750 379 1812 412 Ma-

1075 430 1192 470 iorem,
1219 431 1277 462 sub
1310 433 1428 464 annulo
1454 432 1631 472 piscatoris,
1663 433 1713 465 die
1734 443 1810 466 xxm

1075 483 1143 515 iulii
1161 492 1296 523 Moetxv,
1311 483 1513 526 pontificatus
1534 485 1632 518 nostri
1659 494 1742 518 anno
1765 495 1808 519 xi.

1111 544 1170 571 Dat.
1187 544 1230 571 die
1245 544 1279 571 23
1294 545 1353 572 iulii
1372 546 1449 579 1665,
1467 546 1563 581 pontis.
1581 554 1652 573 anno
1667 553 1702 574 λι.

1399 688 1476 721 Dxt.

1077 766 1286 808 Confirmatio
1311 767 1427 799 statuti
1456 768 1605 811 perpetui
1628 777 1647 799 a
1671 768 1813 810 capitulo

1119 820 1266 852 ecclesiae
1290 819 1547 852 Paclefflonmzsis
1571 820 1694 853 conditi
1710 825 1737 853 el
1763 823 1814 853 iu-

1119 875 1204 913 rati,
1233 884 1272 905 ne
1303 872 1368 905 ulli
1398 875 1617 916 episcoporum
1643 874 1811 907 paderbo-

1119 927 1269 959 nenxium
1293 937 1331 958 eac
1355 937 1464 959 eorum
1489 938 1594 959 mense
1619 927 1811 970 applicatis,

1119 984 1146 1012 el
1179 981 1214 1012 in
1245 981 1395 1022 saturum
1430 980 1637 1023 applicandis
1671 981 1810 1013 redditi—

1120 1033 1188 1072 bus,
1206 1038 1270 1073 etc.⁷
1292 1033 1472 1076 quidquam
1491 1044 1548 1076 per
1564 1033 1743 1076 capitulum
1765 1033 1816 1066 de-

1120 1091 1260 1129 royelur,
1278 1090 1334 1118 (tut
1352 1086 1418 1118 allo
1441 1086 1627 1127 (Icsliaelur,
1644 1090 1672 1118 el
1689 1087 1718 1118 si
1734 1085 1815 1129 quid

1120 1143 1230 1171 contra
1254 1138 1322 1181 fiat,
1349 1138 1383 1170 id
1406 1150 1464 1181 pro
1490 1139 1598 1171 nihilo
1623 1139 1791 1171 habeatur.

1277 1218 1442 1245 Alexander
1457 1219 1535 1252 Papa
1550 1219 1612 1251 VH,

1163 1294 1165 1296 ,
1194 1263 1228 1289 ad
1253 1267 1427 1296 perpetuam
1448 1264 1493 1290 rei
1515 1263 1694 1290 memoriam.

1121 1334 1313 1367 Sollicitudo
1351 1334 1493 1367 omnium
1526 1334 1736 1367 ecclesiarum
1767 1333 1816 1367 in-

1077 1388 1242 1420 scrutabili
1280 1387 1405 1420 divinae
1437 1387 1662 1430 providentiae
1696 1398 1815 1421 arcano

1077 1441 1171 1474 nobis
1186 1441 1354 1473 commissa
1369 1451 1427 1472 nos
1446 1440 1607 1481 admonet,
1622 1446 1655 1472 ut
1671 1451 1718 1481 ea,
1733 1451 1816 1484 quae

1078 1505 1137 1537 pro
1163 1493 1292 1526 tuendis
1323 1499 1420 1536 atque
1454 1494 1686 1527 conservandis
1713 1495 1818 1526 eccle-

1078 1547 1197 1581 siarum
1216 1547 1360 1590 ipsarum
1382 1546 1506 1579 iuribus
1529 1547 1665 1590 provido
1692 1547 1820 1590 sapien-

1079 1601 1166 1644 tique
1192 1605 1311 1633 statuta
1343 1606 1525 1633 noscuntur
1559 1612 1629 1633 esse
1655 1601 1792 1634 consilio
1809 1628 1817 1641 ,

1079 1663 1143 1696 quo
1160 1653 1295 1696 perenni
1310 1652 1462 1686 firmitate
1478 1653 1727 1693 consistantur¹,
1742 1664 1819 1697 apo-

1079 1707 1184 1739 stolici
1211 1706 1398 1739 muniminis
1420 1707 1585 1750 praesidio
1610 1708 1814 1740 roboremus.

1123 1761 1137 1801 ,ξ
1163 1760 1193 1792 1.
1221 1760 1345 1803 Exponi
1363 1760 1526 1803 siquidem
1545 1760 1639 1793 nobis
1657 1771 1761 1804 nuper
1778 1761 1818 1793 se-

1080 1814 1121 1846 cit
1145 1813 1341 1846 venerabilis
1375 1813 1475 1845 frater
1498 1813 1724 1847 Ferdinandus
1751 1814 1819 1857 epi-

1080 1877 1198 1909 scopus
1218 1871 1248 1898 et
1268 1866 1421 1909 princeps
1442 1866 1713 1907 Pat‘lerbonensis,
1731 1867 1819 1909 quod

1081 1919 1189 1952 dilecti
1209 1918 1265 1952 filii
1283 1919 1461 1961 capitulum
1480 1919 1635 1952 ecelesiae
1654 1919 1819 1952 Paderbo·

1081 1972 1200 2013 nensis,
1217 1972 1318 2015 ipsius
1338 1972 1534 2005 Ferdinandi
1554 1972 1698 2015 episcopi
1720 1975 1820 2015 opera

1081 2030 1112 2058 et
1130 2025 1370 2065 adhortatione,
1385 2031 1538 2057 statutum
1553 2026 1723 2069 perpetuis
1739 2031 1820 2058 tem-

1081 2078 1216 2122 poribus
1241 2079 1409 2111 valiturum
1435 2079 1671 2120 condiderunt,
1696 2090 1736 2112 ne
1762 2079 1819 2111 ulli

1082 2131 1308 2174 episcoporum
1334 2131 1630 2164 Paderbonensium
1651 2142 1688 2164 ex
1707 2142 1819 2164 eorum

1083 2195 1214 2218 mensae
1241 2185 1418 2228 episcopali
1444 2195 1529 2218 nunc
1555 2185 1739 2229 applicatis,
1767 2190 1822 2217 aut

1083 2238 1115 2270 iu
1148 2238 1289 2270 futurum
1322 2237 1542 2281 applicandis,
1572 2237 1737 2281 acquisitis
1768 2243 1822 2269 aut

1083 2291 1306 2334 acquirendis,
1332 2290 1534 2331 redditibus,
1556 2290 1820 2330 obventionibus,

1084 2344 1207 2376 iuribus
1240 2354 1275 2376 ac
1299 2343 1611 2377 iurisdictionalibus
1644 2343 1819 2387 quiequam

1084 2403 1143 2440 per
1167 2397 1344 2440 capitulum
1371 2396 1472 2439 ipsius
1504 2397 1659 2429 ecclesiae
1684 2396 1823 2438 deroge-

1084 2455 1146 2490 tur,
1168 2451 1219 2483 vel
1246 2450 1445 2489 detrahatur,
1468 2455 1521 2482 aut
1540 2449 1603 2483 alio
1628 2449 1822 2489 destinetur,

1085 2508 1117 2535 et
1141 2503 1166 2535 si
1193 2503 1267 2546 quid
1294 2509 1407 2536 contra
1438 2502 1511 2543 siat,
1548 2503 1579 2536 id
1604 2514 1664 2547 pro
1689 2502 1822 2536 omnino

1121 2618 1131 2644 1
1155 2617 1266 2645 Videtur
1286 2617 1430 2654 legendum
1445 2618 1603 2647 consistant
1618 2620 1654 2653 (n.
1670 2619 1717 2652 T.).

1817 225 1864 250 An.
1888 224 1915 250 C¹
1939 224 2008 251 {5135

1854 1341 1995 1363 Prooemium.

1855 1764 1970 1791 Expositio.
