<?xml version="1.0" encoding="UTF-8"?>
<!DOCTYPE html PUBLIC "-//W3C//DTD XHTML 1.0 Transitional//EN"
    "http://www.w3.org/TR/xhtml1/DTD/xhtml1-transitional.dtd">
<html xmlns="http://www.w3.org/1999/xhtml" xml:lang="en" lang="en">
 <head>
  <title>
</title>
<meta http-equiv="Content-Type" content="text/html;charset=utf-8" />
  <meta name='ocr-system' content='tesseract 3.04.00' />
  <meta name='ocr-capabilities' content='ocr_page ocr_carea ocr_par ocr_line ocrx_word'/>
</head>
<body>
  <div class='ocr_page' id='page_1' title='image "./bullarumdiplomat17cath_0175.png"; bbox 0 0 2247 3208; ppageno 0'>
   <div class='ocr_carea' id='block_1_1' title="bbox 123 232 311 262">
    <p class='ocr_par' dir='ltr' id='par_1_1' title="bbox 123 232 311 262">
     <span class='ocr_line' id='line_1_1' title="bbox 123 232 311 262; baseline 0 -1"><span class='ocrx_word' id='word_1_1' title='bbox 123 234 175 262; x_wconf 83' lang='lat' dir='ltr'>An.</span> <span class='ocrx_word' id='word_1_2' title='bbox 193 232 221 262; x_wconf 91' lang='lat' dir='ltr'>C.</span> <span class='ocrx_word' id='word_1_3' title='bbox 243 233 311 261; x_wconf 81' lang='lat'>1663</span> 
     </span>
    </p>
   </div>
   <div class='ocr_carea' id='block_1_2' title="bbox 916 231 1242 257">
    <p class='ocr_par' dir='ltr' id='par_1_2' title="bbox 916 231 1242 257">
     <span class='ocr_line' id='line_1_2' title="bbox 916 231 1242 257; baseline 0.003 -1"><span class='ocrx_word' id='word_1_4' title='bbox 916 231 1103 256; x_wconf 66' lang='lat' dir='ltr'>ALEXANDER</span> <span class='ocrx_word' id='word_1_5' title='bbox 1126 233 1170 257; x_wconf 80' lang='lat' dir='ltr'>vu</span> <span class='ocrx_word' id='word_1_6' title='bbox 1195 234 1242 257; x_wconf 80' lang='lat' dir='ltr'>Pr.</span> 
     </span>
    </p>
   </div>
   <div class='ocr_carea' id='block_1_3' title="bbox 324 280 1830 327">
    <p class='ocr_par' dir='ltr' id='par_1_3' title="bbox 324 280 1830 327">
     <span class='ocr_line' id='line_1_3' title="bbox 324 280 1830 327; baseline 0.001 -12"><span class='ocrx_word' id='word_1_7' title='bbox 324 281 422 315; x_wconf 77' lang='lat' dir='ltr'>clesia</span> <span class='ocrx_word' id='word_1_8' title='bbox 446 281 591 314; x_wconf 85' lang='lat' dir='ltr'>eiusdem</span> <span class='ocrx_word' id='word_1_9' title='bbox 615 281 650 313; x_wconf 90' lang='lat' dir='ltr'>B.</span> <span class='ocrx_word' id='word_1_10' title='bbox 670 280 786 313; x_wconf 85' lang='lat' dir='ltr'>Mariae</span> <span class='ocrx_word' id='word_1_11' title='bbox 810 280 949 323; x_wconf 76' lang='lat' dir='ltr'>Virginis</span> <span class='ocrx_word' id='word_1_12' title='bbox 965 281 1077 323; x_wconf 67' lang='lat' dir='ltr'>superl</span> <span class='ocrx_word' id='word_1_13' title='bbox 1094 280 1257 323; x_wconf 75' lang='lat' dir='ltr'>quibusvis</span> <span class='ocrx_word' id='word_1_14' title='bbox 1296 282 1659 324; x_wconf 79' lang='lat' dir='ltr'>excommunicationis,</span> <span class='ocrx_word' id='word_1_15' title='bbox 1696 294 1830 327; x_wconf 86' lang='lat' dir='ltr'>suspen-</span> 
     </span>
    </p>
   </div>
   <div class='ocr_carea' id='block_1_4' title="bbox 324 333 1070 1329">
    <p class='ocr_par' dir='ltr' id='par_1_4' title="bbox 324 333 1070 1329">
     <span class='ocr_line' id='line_1_4' title="bbox 324 333 1060 373; baseline -0.004 -6"><span class='ocrx_word' id='word_1_16' title='bbox 324 335 497 368; x_wconf 86' lang='lat' dir='ltr'>Minervam</span> <span class='ocrx_word' id='word_1_17' title='bbox 525 333 730 373; x_wconf 81' lang='lat' dir='ltr'>institutae‘,</span> <span class='ocrx_word' id='word_1_18' title='bbox 755 334 814 367; x_wconf 89' lang='lat' dir='ltr'>sub</span> <span class='ocrx_word' id='word_1_19' title='bbox 843 333 938 366; x_wconf 87' lang='lat' dir='ltr'>certis</span> <span class='ocrx_word' id='word_1_20' title='bbox 962 333 1060 365; x_wconf 90' lang='lat' dir='ltr'>modo</span> 
     </span>
     <span class='ocr_line' id='line_1_5' title="bbox 325 384 1062 430; baseline -0.004 -11"><span class='ocrx_word' id='word_1_21' title='bbox 325 393 358 420; x_wconf 92' lang='lat' dir='ltr'>et</span> <span class='ocrx_word' id='word_1_22' title='bbox 382 388 484 420; x_wconf 77' lang='lat' dir='ltr'>forma</span> <span class='ocrx_word' id='word_1_23' title='bbox 508 398 543 420; x_wconf 87' lang='lat' dir='ltr'>ac</span> <span class='ocrx_word' id='word_1_24' title='bbox 569 387 646 420; x_wconf 82' lang='lat' dir='ltr'>inihi</span> <span class='ocrx_word' id='word_1_25' title='bbox 677 387 837 430; x_wconf 75' lang='lat' dir='ltr'>expressis</span> <span class='ocrx_word' id='word_1_26' title='bbox 870 384 1062 419; x_wconf 82' lang='lat' dir='ltr'>conditioni-</span> 
     </span>
     <span class='ocr_line' id='line_1_6' title="bbox 325 438 1059 481; baseline -0.004 -9"><span class='ocrx_word' id='word_1_27' title='bbox 325 439 394 481; x_wconf 87' lang='lat' dir='ltr'>bus,</span> <span class='ocrx_word' id='word_1_28' title='bbox 422 441 597 474; x_wconf 79' lang='lat' dir='ltr'>donaverat</span> <span class='ocrx_word' id='word_1_29' title='bbox 622 446 653 473; x_wconf 87' lang='lat' dir='ltr'>et</span> <span class='ocrx_word' id='word_1_30' title='bbox 677 445 890 478; x_wconf 77' lang='lat' dir='ltr'>concesserat,</span> <span class='ocrx_word' id='word_1_31' title='bbox 916 438 1059 471; x_wconf 83' lang='lat' dir='ltr'>eiusdem</span> 
     </span>
     <span class='ocr_line' id='line_1_7' title="bbox 326 490 1062 526; baseline -0.007 -1"><span class='ocrx_word' id='word_1_32' title='bbox 326 493 602 525; x_wconf 68' lang='lat' dir='ltr'>confraternitatis</span> <span class='ocrx_word' id='word_1_33' title='bbox 626 494 805 526; x_wconf 77' lang='lat' dir='ltr'>confratres</span> <span class='ocrx_word' id='word_1_34' title='bbox 846 492 965 524; x_wconf 88' lang='lat' dir='ltr'>donum</span> <span class='ocrx_word' id='word_1_35' title='bbox 1003 490 1062 521; x_wconf 93' lang='lat' dir='ltr'>hu-</span> 
     </span>
     <span class='ocr_line' id='line_1_8' title="bbox 326 543 1063 587; baseline -0.005 -9"><span class='ocrx_word' id='word_1_36' title='bbox 326 545 464 579; x_wconf 88' lang='lat' dir='ltr'>iusmodi</span> <span class='ocrx_word' id='word_1_37' title='bbox 488 546 665 587; x_wconf 71' lang='lat' dir='ltr'>virginibus</span> <span class='ocrx_word' id='word_1_38' title='bbox 695 544 867 587; x_wconf 75' lang='lat' dir='ltr'>neophytis</span> <span class='ocrx_word' id='word_1_39' title='bbox 893 548 925 576; x_wconf 88' lang='lat' dir='ltr'>et</span> <span class='ocrx_word' id='word_1_40' title='bbox 949 543 987 575; x_wconf 87' lang='lat' dir='ltr'>ad</span> <span class='ocrx_word' id='word_1_41' title='bbox 1012 553 1063 575; x_wconf 91' lang='lat' dir='ltr'>or-</span> 
     </span>
     <span class='ocr_line' id='line_1_9' title="bbox 327 594 1061 635; baseline -0.005 -4"><span class='ocrx_word' id='word_1_42' title='bbox 327 599 504 631; x_wconf 80' lang='lat' dir='ltr'>thodoxam</span> <span class='ocrx_word' id='word_1_43' title='bbox 530 599 599 631; x_wconf 88' lang='lat' dir='ltr'>lesu</span> <span class='ocrx_word' id='word_1_44' title='bbox 622 597 739 631; x_wconf 83' lang='lat' dir='ltr'>Christi</span> <span class='ocrx_word' id='word_1_45' title='bbox 764 597 861 629; x_wconf 83' lang='lat' dir='ltr'>sidem</span> <span class='ocrx_word' id='word_1_46' title='bbox 886 594 1061 635; x_wconf 83' lang='lat' dir='ltr'>conversis,</span> 
     </span>
     <span class='ocr_line' id='line_1_10' title="bbox 329 648 1064 685; baseline -0.007 -1"><span class='ocrx_word' id='word_1_47' title='bbox 329 652 424 685; x_wconf 84' lang='lat' dir='ltr'>etiam</span> <span class='ocrx_word' id='word_1_48' title='bbox 458 650 515 684; x_wconf 88' lang='lat' dir='ltr'>sub</span> <span class='ocrx_word' id='word_1_49' title='bbox 547 650 711 683; x_wconf 91' lang='lat' dir='ltr'>nonnullis</span> <span class='ocrx_word' id='word_1_50' title='bbox 748 648 990 683; x_wconf 84' lang='lat' dir='ltr'>conditionibus</span> <span class='ocrx_word' id='word_1_51' title='bbox 1028 658 1064 680; x_wconf 88' lang='lat' dir='ltr'>ac</span> 
     </span>
     <span class='ocr_line' id='line_1_11' title="bbox 327 700 1063 745; baseline -0.008 -7"><span class='ocrx_word' id='word_1_52' title='bbox 327 706 425 738; x_wconf 89' lang='lat' dir='ltr'>modo</span> <span class='ocrx_word' id='word_1_53' title='bbox 452 710 484 737; x_wconf 90' lang='lat' dir='ltr'>et</span> <span class='ocrx_word' id='word_1_54' title='bbox 508 705 611 737; x_wconf 79' lang='lat' dir='ltr'>forma</span> <span class='ocrx_word' id='word_1_55' title='bbox 635 708 709 738; x_wconf 83' lang='lat' dir='ltr'>tunc</span> <span class='ocrx_word' id='word_1_56' title='bbox 733 701 937 745; x_wconf 80' lang='lat' dir='ltr'>specificatis,</span> <span class='ocrx_word' id='word_1_57' title='bbox 967 700 1063 733; x_wconf 86' lang='lat' dir='ltr'>etiam</span> 
     </span>
     <span class='ocr_line' id='line_1_12' title="bbox 330 753 1065 798; baseline -0.008 -7"><span class='ocrx_word' id='word_1_58' title='bbox 330 757 498 791; x_wconf 84' lang='lat' dir='ltr'>donaverit</span> <span class='ocrx_word' id='word_1_59' title='bbox 511 762 543 789; x_wconf 88' lang='lat' dir='ltr'>et</span> <span class='ocrx_word' id='word_1_60' title='bbox 556 753 778 795; x_wconf 48' lang='lat' dir='ltr'>concesserit&amp;</span> <span class='ocrx_word' id='word_1_61' title='bbox 793 761 889 798; x_wconf 88' lang='lat' dir='ltr'>prout</span> <span class='ocrx_word' id='word_1_62' title='bbox 901 754 934 786; x_wconf 92' lang='lat' dir='ltr'>in</span> <span class='ocrx_word' id='word_1_63' title='bbox 948 754 1065 786; x_wconf 89' lang='lat' dir='ltr'>instru-</span> 
     </span>
     <span class='ocr_line' id='line_1_13' title="bbox 329 806 1064 853; baseline -0.008 -9"><span class='ocrx_word' id='word_1_64' title='bbox 329 810 447 844; x_wconf 83' lang='lat' dir='ltr'>mentis</span> <span class='ocrx_word' id='word_1_65' title='bbox 471 820 526 843; x_wconf 91' lang='lat' dir='ltr'>seu</span> <span class='ocrx_word' id='word_1_66' title='bbox 552 809 717 853; x_wconf 87' lang='lat' dir='ltr'>scripturis</span> <span class='ocrx_word' id='word_1_67' title='bbox 747 809 885 852; x_wconf 75' lang='lat' dir='ltr'>desuper</span> <span class='ocrx_word' id='word_1_68' title='bbox 909 806 1064 840; x_wconf 84' lang='lat' dir='ltr'>consectis</span> 
     </span>
     <span class='ocr_line' id='line_1_14' title="bbox 329 860 1065 902; baseline -0.005 -6"><span class='ocrx_word' id='word_1_69' title='bbox 329 864 423 897; x_wconf 87' lang='lat' dir='ltr'>latius</span> <span class='ocrx_word' id='word_1_70' title='bbox 448 863 565 896; x_wconf 89' lang='lat' dir='ltr'>dicitur</span> <span class='ocrx_word' id='word_1_71' title='bbox 594 862 765 902; x_wconf 80' lang='lat' dir='ltr'>contineri,</span> <span class='ocrx_word' id='word_1_72' title='bbox 786 866 817 894; x_wconf 90' lang='lat' dir='ltr'>et</span> <span class='ocrx_word' id='word_1_73' title='bbox 841 861 943 894; x_wconf 87' lang='lat' dir='ltr'>dictae</span> <span class='ocrx_word' id='word_1_74' title='bbox 967 860 1065 902; x_wconf 77' lang='lat' dir='ltr'>virgi-</span> 
     </span>
     <span class='ocr_line' id='line_1_15' title="bbox 329 912 1064 958; baseline -0.007 -9"><span class='ocrx_word' id='word_1_75' title='bbox 329 927 396 957; x_wconf 90' lang='lat' dir='ltr'>nes,</span> <span class='ocrx_word' id='word_1_76' title='bbox 422 926 476 948; x_wconf 90' lang='lat' dir='ltr'>seu</span> <span class='ocrx_word' id='word_1_77' title='bbox 504 926 614 949; x_wconf 83' lang='lat' dir='ltr'>earum</span> <span class='ocrx_word' id='word_1_78' title='bbox 640 915 755 958; x_wconf 86' lang='lat' dir='ltr'>aliqua,</span> <span class='ocrx_word' id='word_1_79' title='bbox 780 918 815 946; x_wconf 89' lang='lat' dir='ltr'>ut</span> <span class='ocrx_word' id='word_1_80' title='bbox 840 914 911 946; x_wconf 89' lang='lat' dir='ltr'>lesu</span> <span class='ocrx_word' id='word_1_81' title='bbox 937 912 1064 946; x_wconf 88' lang='lat' dir='ltr'>Christo</span> 
     </span>
     <span class='ocr_line' id='line_1_16' title="bbox 330 965 1066 1010; baseline -0.007 -8"><span class='ocrx_word' id='word_1_82' title='bbox 330 968 388 1002; x_wconf 90' lang='lat' dir='ltr'>Dei</span> <span class='ocrx_word' id='word_1_83' title='bbox 406 969 487 1002; x_wconf 87' lang='lat' dir='ltr'>Filio</span> <span class='ocrx_word' id='word_1_84' title='bbox 504 978 611 1001; x_wconf 88' lang='lat' dir='ltr'>earum</span> <span class='ocrx_word' id='word_1_85' title='bbox 636 978 767 1010; x_wconf 88' lang='lat' dir='ltr'>sponso,</span> <span class='ocrx_word' id='word_1_86' title='bbox 790 966 844 1010; x_wconf 85' lang='lat' dir='ltr'>qui</span> <span class='ocrx_word' id='word_1_87' title='bbox 871 970 919 998; x_wconf 89' lang='lat' dir='ltr'>est</span> <span class='ocrx_word' id='word_1_88' title='bbox 942 965 1066 1009; x_wconf 88' lang='lat' dir='ltr'>specio-</span> 
     </span>
     <span class='ocr_line' id='line_1_17' title="bbox 331 1017 1066 1064; baseline -0.008 -9"><span class='ocrx_word' id='word_1_89' title='bbox 331 1032 383 1055; x_wconf 88' lang='lat' dir='ltr'>sus</span> <span class='ocrx_word' id='word_1_90' title='bbox 408 1022 509 1055; x_wconf 77' lang='lat' dir='ltr'>forma</span> <span class='ocrx_word' id='word_1_91' title='bbox 545 1031 619 1064; x_wconf 87' lang='lat' dir='ltr'>prae</span> <span class='ocrx_word' id='word_1_92' title='bbox 644 1019 718 1053; x_wconf 84' lang='lat' dir='ltr'>filiis</span> <span class='ocrx_word' id='word_1_93' title='bbox 742 1019 931 1058; x_wconf 87' lang='lat' dir='ltr'>hominum,</span> <span class='ocrx_word' id='word_1_94' title='bbox 964 1017 1066 1060; x_wconf 74' lang='lat' dir='ltr'>magis</span> 
     </span>
     <span class='ocr_line' id='line_1_18' title="bbox 330 1071 1067 1119; baseline -0.008 -11"><span class='ocrx_word' id='word_1_95' title='bbox 330 1076 471 1119; x_wconf 85' lang='lat' dir='ltr'>placere,</span> <span class='ocrx_word' id='word_1_96' title='bbox 498 1079 530 1106; x_wconf 87' lang='lat' dir='ltr'>et</span> <span class='ocrx_word' id='word_1_97' title='bbox 553 1073 715 1106; x_wconf 90' lang='lat' dir='ltr'>Altissimo</span> <span class='ocrx_word' id='word_1_98' title='bbox 736 1073 846 1116; x_wconf 87' lang='lat' dir='ltr'>purius</span> <span class='ocrx_word' id='word_1_99' title='bbox 864 1077 896 1104; x_wconf 86' lang='lat' dir='ltr'>et</span> <span class='ocrx_word' id='word_1_100' title='bbox 911 1071 1067 1104; x_wconf 78' lang='lat' dir='ltr'>sincerius</span> 
     </span>
     <span class='ocr_line' id='line_1_19' title="bbox 332 1125 1065 1170; baseline -0.007 -10"><span class='ocrx_word' id='word_1_101' title='bbox 332 1127 478 1161; x_wconf 84' lang='lat' dir='ltr'>famulari</span> <span class='ocrx_word' id='word_1_102' title='bbox 504 1131 646 1170; x_wconf 75' lang='lat' dir='ltr'>possent,</span> <span class='ocrx_word' id='word_1_103' title='bbox 666 1126 698 1158; x_wconf 88' lang='lat' dir='ltr'>in</span> <span class='ocrx_word' id='word_1_104' title='bbox 717 1125 829 1158; x_wconf 73' lang='lat' dir='ltr'>eadem</span> <span class='ocrx_word' id='word_1_105' title='bbox 848 1125 946 1158; x_wconf 90' lang='lat' dir='ltr'>domo</span> <span class='ocrx_word' id='word_1_106' title='bbox 966 1134 1065 1156; x_wconf 84' lang='lat' dir='ltr'>unum</span> 
     </span>
     <span class='ocr_line' id='line_1_20' title="bbox 332 1177 1069 1221; baseline -0.007 -7"><span class='ocrx_word' id='word_1_107' title='bbox 332 1180 562 1214; x_wconf 84' lang='lat' dir='ltr'>monasterium</span> <span class='ocrx_word' id='word_1_108' title='bbox 584 1179 743 1221; x_wconf 84' lang='lat' dir='ltr'>virginum</span> <span class='ocrx_word' id='word_1_109' title='bbox 760 1178 996 1221; x_wconf 73' lang='lat' dir='ltr'>neophytarum</span> <span class='ocrx_word' id='word_1_110' title='bbox 1013 1177 1069 1209; x_wconf 91' lang='lat' dir='ltr'>Or-</span> 
     </span>
     <span class='ocr_line' id='line_1_21' title="bbox 334 1229 1067 1266; baseline -0.005 -1"><span class='ocrx_word' id='word_1_111' title='bbox 334 1233 417 1266; x_wconf 86' lang='lat' dir='ltr'>dinis</span> <span class='ocrx_word' id='word_1_112' title='bbox 434 1232 694 1265; x_wconf 85' lang='lat' dir='ltr'>Praedicatorum</span> <span class='ocrx_word' id='word_1_113' title='bbox 712 1231 810 1263; x_wconf 89' lang='lat' dir='ltr'>sancti</span> <span class='ocrx_word' id='word_1_114' title='bbox 836 1229 992 1264; x_wconf 85' lang='lat' dir='ltr'>Dominici</span> <span class='ocrx_word' id='word_1_115' title='bbox 1010 1229 1067 1261; x_wconf 92' lang='lat' dir='ltr'>sub</span> 
     </span>
     <span class='ocr_line' id='line_1_22' title="bbox 333 1283 1070 1329; baseline -0.007 -10"><span class='ocrx_word' id='word_1_116' title='bbox 333 1287 444 1329; x_wconf 80' lang='lat' dir='ltr'>regula</span> <span class='ocrx_word' id='word_1_117' title='bbox 457 1285 556 1318; x_wconf 82' lang='lat' dir='ltr'>sancti</span> <span class='ocrx_word' id='word_1_118' title='bbox 572 1285 737 1327; x_wconf 77' lang='lat' dir='ltr'>Augustini</span> <span class='ocrx_word' id='word_1_119' title='bbox 753 1284 894 1317; x_wconf 87' lang='lat' dir='ltr'>construi</span> <span class='ocrx_word' id='word_1_120' title='bbox 910 1283 1024 1322; x_wconf 81' lang='lat' dir='ltr'>facere,</span> <span class='ocrx_word' id='word_1_121' title='bbox 1039 1287 1070 1314; x_wconf 91' lang='lat' dir='ltr'>et</span> 
     </span>
    </p>
   </div>
   <div class='ocr_carea' id='block_1_5' title="bbox 279 1335 1069 1381">
    <p class='ocr_par' dir='ltr' id='par_1_5' title="bbox 279 1335 1069 1381">
     <span class='ocr_line' id='line_1_23' title="bbox 279 1335 1069 1381; baseline -0.006 -9"><span class='ocrx_word' id='word_1_122' title='bbox 279 1378 283 1381; x_wconf 23' lang='lat'><em>⁶</em></span> <span class='ocrx_word' id='word_1_123' title='bbox 334 1340 392 1372; x_wconf 88' lang='lat' dir='ltr'>sub</span> <span class='ocrx_word' id='word_1_124' title='bbox 418 1339 562 1371; x_wconf 83' lang='lat' dir='ltr'>ciusdem</span> <span class='ocrx_word' id='word_1_125' title='bbox 597 1337 861 1370; x_wconf 84' lang='lat' dir='ltr'>Annunciationis</span> <span class='ocrx_word' id='word_1_126' title='bbox 890 1336 924 1369; x_wconf 91' lang='lat' dir='ltr'>B.</span> <span class='ocrx_word' id='word_1_127' title='bbox 953 1335 1069 1368; x_wconf 88' lang='lat' dir='ltr'>Mariae</span> 
     </span>
    </p>
   </div>
   <div class='ocr_carea' id='block_1_6' title="bbox 334 1389 1090 2229">
    <p class='ocr_par' dir='ltr' id='par_1_6' title="bbox 334 1389 1090 2229">
     <span class='ocr_line' id='line_1_24' title="bbox 334 1389 1085 1435; baseline -0.008 -10"><span class='ocrx_word' id='word_1_128' title='bbox 334 1392 472 1435; x_wconf 71' lang='lat' dir='ltr'>Virginis</span> <span class='ocrx_word' id='word_1_129' title='bbox 496 1392 700 1425; x_wconf 85' lang='lat' dir='ltr'>invocatione</span> <span class='ocrx_word' id='word_1_130' title='bbox 732 1402 790 1434; x_wconf 87' lang='lat' dir='ltr'>per</span> <span class='ocrx_word' id='word_1_131' title='bbox 822 1401 881 1423; x_wconf 90' lang='lat' dir='ltr'>nos</span> <span class='ocrx_word' id='word_1_132' title='bbox 912 1389 992 1431; x_wconf 78' lang='lat' dir='ltr'>erigi</span> <span class='ocrx_word' id='word_1_133' title='bbox 1018 1390 1085 1421; x_wconf 63' lang='lat' dir='ltr'>‹ie-2</span> 
     </span>
     <span class='ocr_line' id='line_1_25' title="bbox 336 1442 1070 1486; baseline -0.005 -8"><span class='ocrx_word' id='word_1_134' title='bbox 336 1446 500 1478; x_wconf 81' lang='lat' dir='ltr'>siderent:</span> <span class='ocrx_word' id='word_1_135' title='bbox 523 1444 617 1477; x_wconf 90' lang='lat' dir='ltr'>nobis</span> <span class='ocrx_word' id='word_1_136' title='bbox 642 1444 809 1476; x_wconf 84' lang='lat' dir='ltr'>humiliter</span> <span class='ocrx_word' id='word_1_137' title='bbox 833 1442 1005 1486; x_wconf 86' lang='lat' dir='ltr'>supplicari</span> <span class='ocrx_word' id='word_1_138' title='bbox 1027 1442 1070 1474; x_wconf 79' lang='lat' dir='ltr'>se-</span> 
     </span>
     <span class='ocr_line' id='line_1_26' title="bbox 337 1494 1086 1537; baseline -0.005 -6"><span class='ocrx_word' id='word_1_139' title='bbox 337 1498 470 1537; x_wconf 65' lang='lat' dir='ltr'>cerunff’,</span> <span class='ocrx_word' id='word_1_140' title='bbox 489 1504 525 1530; x_wconf 90' lang='lat' dir='ltr'>ut</span> <span class='ocrx_word' id='word_1_141' title='bbox 543 1497 617 1530; x_wconf 89' lang='lat' dir='ltr'>huic</span> <span class='ocrx_word' id='word_1_142' title='bbox 635 1498 774 1530; x_wconf 85' lang='lat' dir='ltr'>honesto</span> <span class='ocrx_word' id='word_1_143' title='bbox 794 1496 926 1529; x_wconf 78' lang='lat' dir='ltr'>eorum‘²</span> <span class='ocrx_word' id='word_1_144' title='bbox 944 1494 1086 1528; x_wconf 66' lang='lat' dir='ltr'>deside-3</span> 
     </span>
     <span class='ocr_line' id='line_1_27' title="bbox 336 1547 1070 1593; baseline -0.005 -10"><span class='ocrx_word' id='word_1_145' title='bbox 336 1551 385 1584; x_wconf 85' lang='lat' dir='ltr'>rio</span> <span class='ocrx_word' id='word_1_146' title='bbox 411 1551 617 1590; x_wconf 80' lang='lat' dir='ltr'>satisfacere,</span> <span class='ocrx_word' id='word_1_147' title='bbox 650 1549 791 1593; x_wconf 65' lang='lat' dir='ltr'>aliasque</span> <span class='ocrx_word' id='word_1_148' title='bbox 827 1550 859 1581; x_wconf 92' lang='lat' dir='ltr'>in</span> <span class='ocrx_word' id='word_1_149' title='bbox 884 1547 1070 1592; x_wconf 74' lang='lat' dir='ltr'>praemissis</span> 
     </span>
     <span class='ocr_line' id='line_1_28' title="bbox 339 1600 1087 1647; baseline -0.007 -9"><span class='ocrx_word' id='word_1_150' title='bbox 339 1610 521 1647; x_wconf 82' lang='lat' dir='ltr'>opportune</span> <span class='ocrx_word' id='word_1_151' title='bbox 536 1603 706 1647; x_wconf 73' lang='lat' dir='ltr'>providere</span> <span class='ocrx_word' id='word_1_152' title='bbox 725 1604 763 1636; x_wconf 90' lang='lat' dir='ltr'>de</span> <span class='ocrx_word' id='word_1_153' title='bbox 779 1602 978 1645; x_wconf 75' lang='lat' dir='ltr'>benignitate</span> <span class='ocrx_word' id='word_1_154' title='bbox 997 1600 1087 1644; x_wconf 85' lang='lat' dir='ltr'>apo-¹</span> 
     </span>
     <span class='ocr_line' id='line_1_29' title="bbox 339 1655 1088 1699; baseline -0.005 -9"><span class='ocrx_word' id='word_1_155' title='bbox 339 1656 453 1690; x_wconf 75' lang='lat' dir='ltr'>stolica</span> <span class='ocrx_word' id='word_1_156' title='bbox 489 1656 706 1699; x_wconf 76' lang='lat' dir='ltr'>dignaremur.</span> <span class='ocrx_word' id='word_1_157' title='bbox 745 1655 831 1695; x_wconf 86' lang='lat' dir='ltr'>Nos,</span> <span class='ocrx_word' id='word_1_158' title='bbox 867 1655 1088 1688; x_wconf 59' lang='lat' dir='ltr'>attendentes</span> 
     </span>
     <span class='ocr_line' id='line_1_30' title="bbox 338 1707 1088 1753; baseline -0.007 -10"><span class='ocrx_word' id='word_1_159' title='bbox 338 1709 518 1753; x_wconf 83' lang='lat' dir='ltr'>praemissa</span> <span class='ocrx_word' id='word_1_160' title='bbox 543 1709 651 1742; x_wconf 85' lang='lat' dir='ltr'>omnia</span> <span class='ocrx_word' id='word_1_161' title='bbox 674 1708 707 1741; x_wconf 89' lang='lat' dir='ltr'>in</span> <span class='ocrx_word' id='word_1_162' title='bbox 724 1708 858 1752; x_wconf 82' lang='lat' dir='ltr'>praefati</span> <span class='ocrx_word' id='word_1_163' title='bbox 876 1707 963 1740; x_wconf 78' lang='lat' dir='ltr'>Pauli</span> <span class='ocrx_word' id='word_1_164' title='bbox 981 1717 1088 1750; x_wconf 68' lang='lat' dir='ltr'>prae-;</span> 
     </span>
     <span class='ocr_line' id='line_1_31' title="bbox 340 1761 1073 1796; baseline -0.007 0"><span class='ocrx_word' id='word_1_165' title='bbox 340 1762 518 1796; x_wconf 80' lang='lat' dir='ltr'>decessoris</span> <span class='ocrx_word' id='word_1_166' title='bbox 549 1767 581 1795; x_wconf 89' lang='lat' dir='ltr'>ct</span> <span class='ocrx_word' id='word_1_167' title='bbox 612 1767 740 1794; x_wconf 83' lang='lat' dir='ltr'>nostrae</span> <span class='ocrx_word' id='word_1_168' title='bbox 774 1761 963 1794; x_wconf 89' lang='lat' dir='ltr'>intentionis</span> <span class='ocrx_word' id='word_1_169' title='bbox 999 1770 1073 1793; x_wconf 83' lang='lat' dir='ltr'>exe-</span> 
     </span>
     <span class='ocr_line' id='line_1_32' title="bbox 342 1813 1074 1860; baseline -0.004 -12"><span class='ocrx_word' id='word_1_170' title='bbox 342 1815 530 1860; x_wconf 86' lang='lat' dir='ltr'>quutionem</span> <span class='ocrx_word' id='word_1_171' title='bbox 555 1815 700 1854; x_wconf 88' lang='lat' dir='ltr'>tendere,</span> <span class='ocrx_word' id='word_1_172' title='bbox 732 1824 835 1857; x_wconf 86' lang='lat' dir='ltr'>eoque</span> <span class='ocrx_word' id='word_1_173' title='bbox 860 1813 993 1846; x_wconf 80' lang='lat' dir='ltr'>firmiori</span> <span class='ocrx_word' id='word_1_174' title='bbox 1023 1823 1074 1845; x_wconf 87' lang='lat' dir='ltr'>ro-</span> 
     </span>
     <span class='ocr_line' id='line_1_33' title="bbox 341 1866 1090 1910; baseline -0.007 -8"><span class='ocrx_word' id='word_1_175' title='bbox 341 1870 421 1902; x_wconf 83' lang='lat' dir='ltr'>bore</span> <span class='ocrx_word' id='word_1_176' title='bbox 447 1873 479 1900; x_wconf 87' lang='lat' dir='ltr'>et</span> <span class='ocrx_word' id='word_1_177' title='bbox 502 1867 640 1910; x_wconf 86' lang='lat' dir='ltr'>pleniori</span> <span class='ocrx_word' id='word_1_178' title='bbox 666 1867 767 1909; x_wconf 74' lang='lat' dir='ltr'>gratia</span> <span class='ocrx_word' id='word_1_179' title='bbox 787 1867 927 1909; x_wconf 77' lang='lat' dir='ltr'>gaudere</span> <span class='ocrx_word' id='word_1_180' title='bbox 952 1876 988 1898; x_wconf 89' lang='lat' dir='ltr'>ac</span> <span class='ocrx_word' id='word_1_181' title='bbox 1013 1866 1090 1898; x_wconf 46' lang='lat' dir='ltr'>frui¹</span> 
     </span>
     <span class='ocr_line' id='line_1_34' title="bbox 343 1919 1075 1963; baseline -0.005 -9"><span class='ocrx_word' id='word_1_182' title='bbox 343 1921 462 1954; x_wconf 87' lang='lat' dir='ltr'>debere</span> <span class='ocrx_word' id='word_1_183' title='bbox 496 1930 558 1963; x_wconf 87' lang='lat' dir='ltr'>quo</span> <span class='ocrx_word' id='word_1_184' title='bbox 592 1919 695 1952; x_wconf 85' lang='lat' dir='ltr'>maior</span> <span class='ocrx_word' id='word_1_185' title='bbox 729 1924 760 1952; x_wconf 89' lang='lat' dir='ltr'>et</span> <span class='ocrx_word' id='word_1_186' title='bbox 795 1919 926 1951; x_wconf 87' lang='lat' dir='ltr'>uberior</span> <span class='ocrx_word' id='word_1_187' title='bbox 958 1920 1075 1951; x_wconf 84' lang='lat' dir='ltr'>fructus</span> 
     </span>
     <span class='ocr_line' id='line_1_35' title="bbox 343 1972 1075 2016; baseline -0.004 -9"><span class='ocrx_word' id='word_1_188' title='bbox 343 1985 380 2007; x_wconf 81' lang='lat' dir='ltr'>ex</span> <span class='ocrx_word' id='word_1_189' title='bbox 404 1974 469 2006; x_wconf 87' lang='lat' dir='ltr'>illis</span> <span class='ocrx_word' id='word_1_190' title='bbox 494 1974 653 2016; x_wconf 86' lang='lat' dir='ltr'>provenit,</span> <span class='ocrx_word' id='word_1_191' title='bbox 678 1972 765 2016; x_wconf 88' lang='lat' dir='ltr'>pium</span> <span class='ocrx_word' id='word_1_192' title='bbox 784 1972 969 2005; x_wconf 87' lang='lat' dir='ltr'>huiusmodi</span> <span class='ocrx_word' id='word_1_193' title='bbox 996 1983 1075 2015; x_wconf 84' lang='lat' dir='ltr'>opus</span> 
     </span>
     <span class='ocr_line' id='line_1_36' title="bbox 343 2025 1075 2067; baseline -0.004 -8"><span class='ocrx_word' id='word_1_194' title='bbox 343 2026 527 2065; x_wconf 82' lang='lat' dir='ltr'>confovere,</span> <span class='ocrx_word' id='word_1_195' title='bbox 541 2030 573 2058; x_wconf 87' lang='lat' dir='ltr'>et</span> <span class='ocrx_word' id='word_1_196' title='bbox 591 2026 714 2058; x_wconf 85' lang='lat' dir='ltr'>eisdem</span> <span class='ocrx_word' id='word_1_197' title='bbox 727 2025 903 2067; x_wconf 74' lang='lat' dir='ltr'>virginibus</span> <span class='ocrx_word' id='word_1_198' title='bbox 916 2025 949 2057; x_wconf 91' lang='lat' dir='ltr'>in</span> <span class='ocrx_word' id='word_1_199' title='bbox 964 2030 1075 2057; x_wconf 87' lang='lat' dir='ltr'>sancto</span> 
     </span>
     <span class='ocr_line' id='line_1_37' title="bbox 344 2078 1078 2122; baseline -0.003 -9"><span class='ocrx_word' id='word_1_200' title='bbox 344 2079 476 2113; x_wconf 81' lang='lat' dir='ltr'>eorum⁵</span> <span class='ocrx_word' id='word_1_201' title='bbox 505 2078 666 2112; x_wconf 78' lang='lat' dir='ltr'>desiderio</span> <span class='ocrx_word' id='word_1_202' title='bbox 697 2084 832 2122; x_wconf 82' lang='lat' dir='ltr'>paterno</span> <span class='ocrx_word' id='word_1_203' title='bbox 862 2078 975 2110; x_wconf 77' lang='lat' dir='ltr'>affectu</span> <span class='ocrx_word' id='word_1_204' title='bbox 1004 2089 1078 2121; x_wconf 90' lang='lat' dir='ltr'>pro-</span> 
     </span>
     <span class='ocr_line' id='line_1_38' title="bbox 344 2131 1077 2174; baseline -0.003 -9"><span class='ocrx_word' id='word_1_205' title='bbox 344 2133 469 2172; x_wconf 86' lang='lat' dir='ltr'>videre,</span> <span class='ocrx_word' id='word_1_206' title='bbox 501 2142 536 2164; x_wconf 84' lang='lat' dir='ltr'>ac</span> <span class='ocrx_word' id='word_1_207' title='bbox 561 2142 615 2164; x_wconf 87' lang='lat' dir='ltr'>eas</span> <span class='ocrx_word' id='word_1_208' title='bbox 640 2131 798 2174; x_wconf 86' lang='lat' dir='ltr'>spirituali</span> <span class='ocrx_word' id='word_1_209' title='bbox 824 2131 944 2174; x_wconf 78' lang='lat' dir='ltr'>gratiae</span> <span class='ocrx_word' id='word_1_210' title='bbox 970 2131 1077 2163; x_wconf 85' lang='lat' dir='ltr'>favore</span> 
     </span>
     <span class='ocr_line' id='line_1_39' title="bbox 345 2185 1080 2229; baseline -0.003 -11"><span class='ocrx_word' id='word_1_211' title='bbox 345 2186 500 2229; x_wconf 86' lang='lat' dir='ltr'>prosequi</span> <span class='ocrx_word' id='word_1_212' title='bbox 524 2187 691 2225; x_wconf 88' lang='lat' dir='ltr'>volentes,</span> <span class='ocrx_word' id='word_1_213' title='bbox 716 2195 752 2217; x_wconf 86' lang='lat' dir='ltr'>ac</span> <span class='ocrx_word' id='word_1_214' title='bbox 776 2185 878 2218; x_wconf 82' lang='lat' dir='ltr'>dictae</span> <span class='ocrx_word' id='word_1_215' title='bbox 904 2185 1080 2218; x_wconf 84' lang='lat' dir='ltr'>confrater-</span> 
     </span>
    </p>
   </div>
   <div class='ocr_carea' id='block_1_7' title="bbox 1075 307 1097 2260">
    <p class='ocr_par' dir='ltr' id='par_1_7' title="bbox 1075 307 1097 2260">
     <span class='ocr_line' id='line_1_40' title="bbox 1075 307 1097 2260; baseline 0 0"><span class='ocrx_word' id='word_1_216' title='bbox 1075 307 1097 2260; x_wconf 95' lang='lat' dir='ltr'> </span> 
     </span>
    </p>
   </div>
   <div class='ocr_carea' id='block_1_8' title="bbox 346 2237 1079 2280">
    <p class='ocr_par' dir='ltr' id='par_1_8' title="bbox 346 2237 1079 2280">
     <span class='ocr_line' id='line_1_41' title="bbox 346 2237 1079 2280; baseline 0 -10"><span class='ocrx_word' id='word_1_217' title='bbox 346 2237 454 2270; x_wconf 79' lang='lat' dir='ltr'>nitatis</span> <span class='ocrx_word' id='word_1_218' title='bbox 475 2237 657 2271; x_wconf 85' lang='lat' dir='ltr'>huiusmodi</span> <span class='ocrx_word' id='word_1_219' title='bbox 682 2238 860 2280; x_wconf 78' lang='lat' dir='ltr'>singulares</span> <span class='ocrx_word' id='word_1_220' title='bbox 884 2248 1040 2280; x_wconf 79' lang='lat' dir='ltr'>personas</span> <span class='ocrx_word' id='word_1_221' title='bbox 1062 2249 1079 2270; x_wconf 92' lang='lat' dir='ltr'>a</span> 
     </span>
    </p>
   </div>
   <div class='ocr_carea' id='block_1_9' title="bbox 347 2308 1081 2475">
    <p class='ocr_par' dir='ltr' id='par_1_9' title="bbox 383 2308 1008 2344">
     <span class='ocr_line' id='line_1_42' title="bbox 383 2308 1008 2344; baseline 0.005 -10"><span class='ocrx_word' id='word_1_222' title='bbox 383 2309 393 2334; x_wconf 84' lang='lat'><strong>1</strong></span> <span class='ocrx_word' id='word_1_223' title='bbox 413 2308 482 2334; x_wconf 89' lang='lat' dir='ltr'>Male</span> <span class='ocrx_word' id='word_1_224' title='bbox 497 2308 560 2335; x_wconf 62' lang='lat' dir='ltr'>edit⁴</span> <span class='ocrx_word' id='word_1_225' title='bbox 578 2308 656 2334; x_wconf 87' lang='lat' dir='ltr'>Main.</span> <span class='ocrx_word' id='word_1_226' title='bbox 673 2308 737 2343; x_wconf 81' lang='lat' dir='ltr'>legit</span> <span class='ocrx_word' id='word_1_227' title='bbox 750 2309 885 2336; x_wconf 51' lang='lat' dir='ltr'>*instituta</span> <span class='ocrx_word' id='word_1_228' title='bbox 904 2309 942 2344; x_wconf 81' lang='lat' dir='ltr'>(n.</span> <span class='ocrx_word' id='word_1_229' title='bbox 960 2311 1008 2337; x_wconf 81' lang='lat' dir='ltr'>T.l.</span> 
     </span>
    </p>

    <p class='ocr_par' dir='ltr' id='par_1_10' title="bbox 347 2351 1081 2475">
     <span class='ocr_line' id='line_1_43' title="bbox 381 2351 1080 2386; baseline 0.004 -8"><span class='ocrx_word' id='word_1_230' title='bbox 381 2352 397 2378; x_wconf 75' lang='lat'><strong>2</strong></span> <span class='ocrx_word' id='word_1_231' title='bbox 417 2351 524 2378; x_wconf 86' lang='lat' dir='ltr'>Videtur</span> <span class='ocrx_word' id='word_1_232' title='bbox 543 2352 684 2386; x_wconf 86' lang='lat' dir='ltr'>legendum</span> <span class='ocrx_word' id='word_1_233' title='bbox 709 2353 879 2380; x_wconf 75' lang='lat' dir='ltr'>donaverint</span> <span class='ocrx_word' id='word_1_234' title='bbox 898 2356 924 2381; x_wconf 79' lang='lat' dir='ltr'>el</span> <span class='ocrx_word' id='word_1_235' title='bbox 943 2362 1080 2381; x_wconf 80' lang='lat' dir='ltr'>concesse-</span> 
     </span>
     <span class='ocr_line' id='line_1_44' title="bbox 347 2395 1081 2431; baseline 0.005 -9"><span class='ocrx_word' id='word_1_236' title='bbox 347 2397 425 2429; x_wconf 57' lang='grc' dir='ltr'>τίνα,-</span> <span class='ocrx_word' id='word_1_237' title='bbox 445 2400 563 2423; x_wconf 86' lang='lat' dir='ltr'>ceterum</span> <span class='ocrx_word' id='word_1_238' title='bbox 579 2395 645 2423; x_wconf 89' lang='lat' dir='ltr'>adeo</span> <span class='ocrx_word' id='word_1_239' title='bbox 660 2398 775 2431; x_wconf 77' lang='lat' dir='ltr'>syntaxis</span> <span class='ocrx_word' id='word_1_240' title='bbox 790 2397 895 2424; x_wconf 87' lang='lat' dir='ltr'>turbata</span> <span class='ocrx_word' id='word_1_241' title='bbox 911 2402 951 2425; x_wconf 87' lang='lat' dir='ltr'>est</span> <span class='ocrx_word' id='word_1_242' title='bbox 965 2402 993 2425; x_wconf 86' lang='lat' dir='ltr'>ut</span> <span class='ocrx_word' id='word_1_243' title='bbox 1008 2398 1081 2426; x_wconf 89' lang='lat' dir='ltr'>illam</span> 
     </span>
     <span class='ocr_line' id='line_1_45' title="bbox 348 2439 923 2475; baseline 0.003 -9"><span class='ocrx_word' id='word_1_244' title='bbox 348 2439 504 2466; x_wconf 82' lang='lat' dir='ltr'>reordinare</span> <span class='ocrx_word' id='word_1_245' title='bbox 519 2448 628 2475; x_wconf 89' lang='lat' dir='ltr'>prorsus</span> <span class='ocrx_word' id='word_1_246' title='bbox 644 2440 808 2474; x_wconf 86' lang='lat' dir='ltr'>impossibile</span> <span class='ocrx_word' id='word_1_247' title='bbox 823 2444 859 2475; x_wconf 74' lang='lat' dir='ltr'>(n.</span> <span class='ocrx_word' id='word_1_248' title='bbox 876 2444 923 2475; x_wconf 84' lang='lat' dir='ltr'>T.).</span> 
     </span>
    </p>
   </div>
   <div class='ocr_carea' id='block_1_10' title="bbox 349 2483 1082 2564">
    <p class='ocr_par' dir='ltr' id='par_1_11' title="bbox 349 2483 1082 2564">
     <span class='ocr_line' id='line_1_46' title="bbox 383 2483 1082 2522; baseline 0.004 -12"><span class='ocrx_word' id='word_1_249' title='bbox 383 2483 399 2510; x_wconf 89' lang='lat'><strong>3</strong></span> <span class='ocrx_word' id='word_1_250' title='bbox 414 2483 525 2520; x_wconf 87' lang='lat' dir='ltr'>Nempe,</span> <span class='ocrx_word' id='word_1_251' title='bbox 537 2488 566 2511; x_wconf 87' lang='lat' dir='ltr'>ut</span> <span class='ocrx_word' id='word_1_252' title='bbox 577 2484 690 2518; x_wconf 85' lang='lat' dir='ltr'>videtur,</span> <span class='ocrx_word' id='word_1_253' title='bbox 702 2484 780 2520; x_wconf 87' lang='lat' dir='ltr'>primi</span> <span class='ocrx_word' id='word_1_254' title='bbox 792 2489 965 2520; x_wconf 80' lang='lat' dir='ltr'>exponentes,</span> <span class='ocrx_word' id='word_1_255' title='bbox 978 2485 1012 2513; x_wconf 81' lang='lat' dir='ltr'>de</span> <span class='ocrx_word' id='word_1_256' title='bbox 1022 2486 1082 2522; x_wconf 89' lang='lat' dir='ltr'>qui-</span> 
     </span>
     <span class='ocr_line' id='line_1_47' title="bbox 349 2527 650 2564; baseline 0 -9"><span class='ocrx_word' id='word_1_257' title='bbox 349 2527 400 2555; x_wconf 90' lang='lat' dir='ltr'>bus</span> <span class='ocrx_word' id='word_1_258' title='bbox 413 2536 472 2564; x_wconf 89' lang='lat' dir='ltr'>sup.</span> <span class='ocrx_word' id='word_1_259' title='bbox 487 2528 501 2564; x_wconf 68' lang='grc' dir='ltr'><strong>ἓ</strong></span> <span class='ocrx_word' id='word_1_260' title='bbox 516 2529 531 2555; x_wconf 72' lang='lat'><strong>2</strong></span> <span class='ocrx_word' id='word_1_261' title='bbox 546 2529 586 2563; x_wconf 71' lang='lat' dir='ltr'>(a.</span> <span class='ocrx_word' id='word_1_262' title='bbox 602 2529 650 2562; x_wconf 83' lang='lat' dir='ltr'>T.).</span> 
     </span>
    </p>
   </div>
   <div class='ocr_carea' id='block_1_11' title="bbox 1092 335 1838 1435">
    <p class='ocr_par' dir='ltr' id='par_1_12' title="bbox 1092 335 1838 1435">
     <span class='ocr_line' id='line_1_48' title="bbox 1094 335 1830 380; baseline 0.004 -13"><span class='ocrx_word' id='word_1_263' title='bbox 1094 335 1195 367; x_wconf 85' lang='lat' dir='ltr'>sionis</span> <span class='ocrx_word' id='word_1_264' title='bbox 1221 340 1252 367; x_wconf 88' lang='lat' dir='ltr'>et</span> <span class='ocrx_word' id='word_1_265' title='bbox 1276 335 1459 375; x_wconf 76' lang='lat' dir='ltr'>interdicti,</span> <span class='ocrx_word' id='word_1_266' title='bbox 1479 337 1614 380; x_wconf 88' lang='lat' dir='ltr'>aliisque</span> <span class='ocrx_word' id='word_1_267' title='bbox 1640 337 1830 370; x_wconf 83' lang='lat' dir='ltr'>ecclesiasti-</span> 
     </span>
     <span class='ocr_line' id='line_1_49' title="bbox 1093 386 1829 433; baseline 0.005 -14"><span class='ocrx_word' id='word_1_268' title='bbox 1093 386 1137 419; x_wconf 87' lang='lat' dir='ltr'>cis</span> <span class='ocrx_word' id='word_1_269' title='bbox 1163 389 1343 428; x_wconf 80' lang='lat' dir='ltr'>sententiis,</span> <span class='ocrx_word' id='word_1_270' title='bbox 1368 389 1510 421; x_wconf 82' lang='lat' dir='ltr'>censuris</span> <span class='ocrx_word' id='word_1_271' title='bbox 1529 396 1560 422; x_wconf 88' lang='lat' dir='ltr'>et</span> <span class='ocrx_word' id='word_1_272' title='bbox 1584 390 1706 433; x_wconf 83' lang='lat' dir='ltr'>poenis,</span> <span class='ocrx_word' id='word_1_273' title='bbox 1725 402 1742 423; x_wconf 88' lang='lat' dir='ltr'>a</span> <span class='ocrx_word' id='word_1_274' title='bbox 1759 390 1829 423; x_wconf 92' lang='lat' dir='ltr'>iure</span> 
     </span>
     <span class='ocr_line' id='line_1_50' title="bbox 1092 441 1830 484; baseline 0.005 -12"><span class='ocrx_word' id='word_1_275' title='bbox 1092 441 1141 472; x_wconf 83' lang='lat' dir='ltr'>vel</span> <span class='ocrx_word' id='word_1_276' title='bbox 1173 441 1212 473; x_wconf 81' lang='lat' dir='ltr'>ab</span> <span class='ocrx_word' id='word_1_277' title='bbox 1246 441 1401 481; x_wconf 86' lang='lat' dir='ltr'>homine,</span> <span class='ocrx_word' id='word_1_278' title='bbox 1435 442 1545 484; x_wconf 83' lang='lat' dir='ltr'>quavis</span> <span class='ocrx_word' id='word_1_279' title='bbox 1580 443 1749 476; x_wconf 84' lang='lat' dir='ltr'>occasione</span> <span class='ocrx_word' id='word_1_280' title='bbox 1781 444 1830 476; x_wconf 88' lang='lat' dir='ltr'>vel</span> 
     </span>
     <span class='ocr_line' id='line_1_51' title="bbox 1094 493 1831 537; baseline 0.005 -13"><span class='ocrx_word' id='word_1_281' title='bbox 1094 494 1191 524; x_wconf 77' lang='lat' dir='ltr'>causa</span> <span class='ocrx_word' id='word_1_282' title='bbox 1214 493 1299 532; x_wconf 85' lang='lat' dir='ltr'>latis,</span> <span class='ocrx_word' id='word_1_283' title='bbox 1325 493 1350 525; x_wconf 90' lang='lat' dir='ltr'>si</span> <span class='ocrx_word' id='word_1_284' title='bbox 1377 494 1492 536; x_wconf 90' lang='lat' dir='ltr'>quibus</span> <span class='ocrx_word' id='word_1_285' title='bbox 1519 496 1767 537; x_wconf 85' lang='lat' dir='ltr'>quomodolibet</span> <span class='ocrx_word' id='word_1_286' title='bbox 1783 496 1831 528; x_wconf 94' lang='lat' dir='ltr'>in-</span> 
     </span>
     <span class='ocr_line' id='line_1_52' title="bbox 1094 546 1832 591; baseline 0.005 -15"><span class='ocrx_word' id='word_1_287' title='bbox 1094 546 1230 577; x_wconf 85' lang='lat' dir='ltr'>nodatae</span> <span class='ocrx_word' id='word_1_288' title='bbox 1257 546 1407 585; x_wconf 78' lang='lat' dir='ltr'>existunt,</span> <span class='ocrx_word' id='word_1_289' title='bbox 1432 547 1471 579; x_wconf 89' lang='lat' dir='ltr'>ad</span> <span class='ocrx_word' id='word_1_290' title='bbox 1497 546 1646 579; x_wconf 73' lang='lat' dir='ltr'>effectum</span> <span class='ocrx_word' id='word_1_291' title='bbox 1680 559 1832 591; x_wconf 86' lang='lat' dir='ltr'>praescn-</span> 
     </span>
     <span class='ocr_line' id='line_1_53' title="bbox 1095 598 1831 642; baseline 0.004 -12"><span class='ocrx_word' id='word_1_292' title='bbox 1095 598 1175 630; x_wconf 89' lang='lat' dir='ltr'>tium</span> <span class='ocrx_word' id='word_1_293' title='bbox 1207 598 1369 631; x_wconf 81' lang='lat' dir='ltr'>dumtaxat</span> <span class='ocrx_word' id='word_1_294' title='bbox 1402 600 1682 642; x_wconf 89' lang='lat' dir='ltr'>consequendum,</span> <span class='ocrx_word' id='word_1_295' title='bbox 1716 601 1831 633; x_wconf 87' lang='lat' dir='ltr'>harum</span> 
     </span>
     <span class='ocr_line' id='line_1_54' title="bbox 1095 650 1833 686; baseline 0.003 -3"><span class='ocrx_word' id='word_1_296' title='bbox 1095 650 1178 684; x_wconf 84' lang='lat' dir='ltr'>serie</span> <span class='ocrx_word' id='word_1_297' title='bbox 1203 652 1407 684; x_wconf 84' lang='lat' dir='ltr'>absolventes</span> <span class='ocrx_word' id='word_1_298' title='bbox 1433 657 1464 685; x_wconf 90' lang='lat' dir='ltr'>et</span> <span class='ocrx_word' id='word_1_299' title='bbox 1489 654 1654 685; x_wconf 88' lang='lat' dir='ltr'>absolutas</span> <span class='ocrx_word' id='word_1_300' title='bbox 1673 653 1739 685; x_wconf 86' lang='lat' dir='ltr'>sore</span> <span class='ocrx_word' id='word_1_301' title='bbox 1759 664 1833 686; x_wconf 90' lang='lat' dir='ltr'>ccn-</span> 
     </span>
     <span class='ocr_line' id='line_1_55' title="bbox 1095 704 1832 748; baseline 0.003 -12"><span class='ocrx_word' id='word_1_302' title='bbox 1095 709 1221 744; x_wconf 86' lang='lat' dir='ltr'>sentes,</span> <span class='ocrx_word' id='word_1_303' title='bbox 1248 714 1377 737; x_wconf 86' lang='lat' dir='ltr'>necnon</span> <span class='ocrx_word' id='word_1_304' title='bbox 1408 704 1588 737; x_wconf 84' lang='lat' dir='ltr'>litterarum</span> <span class='ocrx_word' id='word_1_305' title='bbox 1617 705 1718 748; x_wconf 89' lang='lat' dir='ltr'>ipsius</span> <span class='ocrx_word' id='word_1_306' title='bbox 1743 705 1832 738; x_wconf 87' lang='lat' dir='ltr'>Pauli</span> 
     </span>
     <span class='ocr_line' id='line_1_56' title="bbox 1095 757 1835 800; baseline 0.001 -11"><span class='ocrx_word' id='word_1_307' title='bbox 1095 757 1358 800; x_wconf 83' lang='lat' dir='ltr'>praedecessoris</span> <span class='ocrx_word' id='word_1_308' title='bbox 1399 767 1435 789; x_wconf 88' lang='lat' dir='ltr'>ac</span> <span class='ocrx_word' id='word_1_309' title='bbox 1474 757 1763 790; x_wconf 86' lang='lat' dir='ltr'>instrumentorum</span> <span class='ocrx_word' id='word_1_310' title='bbox 1803 763 1835 790; x_wconf 88' lang='lat' dir='ltr'>et</span> 
     </span>
     <span class='ocr_line' id='line_1_57' title="bbox 1096 809 1834 852; baseline 0.001 -11"><span class='ocrx_word' id='word_1_311' title='bbox 1096 809 1326 852; x_wconf 86' lang='lat' dir='ltr'>scripturarum</span> <span class='ocrx_word' id='word_1_312' title='bbox 1345 809 1533 843; x_wconf 87' lang='lat' dir='ltr'>huiusmodi</span> <span class='ocrx_word' id='word_1_313' title='bbox 1551 810 1720 843; x_wconf 85' lang='lat' dir='ltr'>uberiores</span> <span class='ocrx_word' id='word_1_314' title='bbox 1743 815 1834 843; x_wconf 89' lang='lat' dir='ltr'>teno-</span> 
     </span>
     <span class='ocr_line' id='line_1_58' title="bbox 1095 863 1834 906; baseline 0 -11"><span class='ocrx_word' id='word_1_315' title='bbox 1095 873 1148 895; x_wconf 89' lang='lat' dir='ltr'>res</span> <span class='ocrx_word' id='word_1_316' title='bbox 1173 863 1401 906; x_wconf 87' lang='lat' dir='ltr'>praesentibus</span> <span class='ocrx_word' id='word_1_317' title='bbox 1435 873 1493 906; x_wconf 92' lang='lat' dir='ltr'>pro</span> <span class='ocrx_word' id='word_1_318' title='bbox 1524 863 1686 906; x_wconf 88' lang='lat' dir='ltr'>expressis</span> <span class='ocrx_word' id='word_1_319' title='bbox 1712 863 1834 896; x_wconf 84' lang='lat' dir='ltr'>haben-</span> 
     </span>
     <span class='ocr_line' id='line_1_59' title="bbox 1098 915 1835 954; baseline 0.001 -7"><span class='ocrx_word' id='word_1_320' title='bbox 1098 919 1160 954; x_wconf 89' lang='lat' dir='ltr'>tes,</span> <span class='ocrx_word' id='word_1_321' title='bbox 1193 915 1340 948; x_wconf 89' lang='lat' dir='ltr'>eiusdem</span> <span class='ocrx_word' id='word_1_322' title='bbox 1372 915 1738 949; x_wconf 81' lang='lat' dir='ltr'>archiconsraternitatis</span> <span class='ocrx_word' id='word_1_323' title='bbox 1764 926 1835 948; x_wconf 85' lang='lat' dir='ltr'>con-</span> 
     </span>
     <span class='ocr_line' id='line_1_60' title="bbox 1098 968 1837 1007; baseline 0.001 -7"><span class='ocrx_word' id='word_1_324' title='bbox 1098 968 1261 1007; x_wconf 78' lang='lat' dir='ltr'>fratribus,</span> <span class='ocrx_word' id='word_1_325' title='bbox 1285 973 1320 1000; x_wconf 88' lang='lat' dir='ltr'>ut</span> <span class='ocrx_word' id='word_1_326' title='bbox 1343 968 1377 1001; x_wconf 89' lang='lat' dir='ltr'>in</span> <span class='ocrx_word' id='word_1_327' title='bbox 1403 969 1514 1002; x_wconf 74' lang='lat' dir='ltr'>eadem</span> <span class='ocrx_word' id='word_1_328' title='bbox 1541 970 1637 1002; x_wconf 90' lang='lat' dir='ltr'>domo</span> <span class='ocrx_word' id='word_1_329' title='bbox 1654 979 1755 1001; x_wconf 91' lang='lat' dir='ltr'>unum</span> <span class='ocrx_word' id='word_1_330' title='bbox 1780 968 1837 1002; x_wconf 89' lang='lat' dir='ltr'>Or-</span> 
     </span>
     <span class='ocr_line' id='line_1_61' title="bbox 1099 1020 1835 1064; baseline 0.003 -12"><span class='ocrx_word' id='word_1_331' title='bbox 1099 1021 1183 1053; x_wconf 89' lang='lat' dir='ltr'>dinis</span> <span class='ocrx_word' id='word_1_332' title='bbox 1219 1020 1374 1064; x_wconf 81' lang='lat' dir='ltr'>praedicti</span> <span class='ocrx_word' id='word_1_333' title='bbox 1414 1022 1648 1054; x_wconf 89' lang='lat' dir='ltr'>monasterium</span> <span class='ocrx_word' id='word_1_334' title='bbox 1681 1032 1753 1054; x_wconf 91' lang='lat' dir='ltr'>cum</span> <span class='ocrx_word' id='word_1_335' title='bbox 1786 1031 1835 1054; x_wconf 88' lang='lat' dir='ltr'>ec-</span> 
     </span>
     <span class='ocr_line' id='line_1_62' title="bbox 1099 1073 1834 1117; baseline 0 -11"><span class='ocrx_word' id='word_1_336' title='bbox 1099 1073 1204 1113; x_wconf 78' lang='lat' dir='ltr'>clesia,</span> <span class='ocrx_word' id='word_1_337' title='bbox 1230 1073 1445 1116; x_wconf 81' lang='lat' dir='ltr'>campanilis¹,</span> <span class='ocrx_word' id='word_1_338' title='bbox 1472 1074 1636 1117; x_wconf 83' lang='lat' dir='ltr'>cymbalis,</span> <span class='ocrx_word' id='word_1_339' title='bbox 1659 1073 1834 1117; x_wconf 84' lang='lat' dir='ltr'>campanis,</span> 
     </span>
     <span class='ocr_line' id='line_1_63' title="bbox 1099 1127 1836 1167; baseline 0.001 -8"><span class='ocrx_word' id='word_1_340' title='bbox 1099 1127 1305 1166; x_wconf 88' lang='lat' dir='ltr'>coemeterio,</span> <span class='ocrx_word' id='word_1_341' title='bbox 1324 1128 1525 1167; x_wconf 90' lang='lat' dir='ltr'>dormitorio,</span> <span class='ocrx_word' id='word_1_342' title='bbox 1543 1127 1726 1167; x_wconf 78' lang='lat' dir='ltr'>refectorio,</span> <span class='ocrx_word' id='word_1_343' title='bbox 1752 1128 1836 1160; x_wconf 87' lang='lat' dir='ltr'>clau-</span> 
     </span>
     <span class='ocr_line' id='line_1_64' title="bbox 1100 1179 1837 1220; baseline 0 -8"><span class='ocrx_word' id='word_1_344' title='bbox 1100 1186 1177 1220; x_wconf 88' lang='lat' dir='ltr'>stro,</span> <span class='ocrx_word' id='word_1_345' title='bbox 1196 1180 1310 1220; x_wconf 89' lang='lat' dir='ltr'>hortis,</span> <span class='ocrx_word' id='word_1_346' title='bbox 1330 1180 1503 1213; x_wconf 87' lang='lat' dir='ltr'>hortalitiis</span> <span class='ocrx_word' id='word_1_347' title='bbox 1521 1185 1552 1213; x_wconf 90' lang='lat' dir='ltr'>et</span> <span class='ocrx_word' id='word_1_348' title='bbox 1577 1179 1725 1217; x_wconf 77' lang='lat' dir='ltr'>officinis,</span> <span class='ocrx_word' id='word_1_349' title='bbox 1750 1180 1837 1212; x_wconf 87' lang='lat' dir='ltr'>aliis-</span> 
     </span>
     <span class='ocr_line' id='line_1_65' title="bbox 1101 1232 1835 1276; baseline -0.001 -11"><span class='ocrx_word' id='word_1_350' title='bbox 1101 1243 1161 1276; x_wconf 88' lang='lat' dir='ltr'>que</span> <span class='ocrx_word' id='word_1_351' title='bbox 1179 1233 1382 1273; x_wconf 86' lang='lat' dir='ltr'>necessariis,</span> <span class='ocrx_word' id='word_1_352' title='bbox 1401 1233 1580 1276; x_wconf 89' lang='lat' dir='ltr'>superioris</span> <span class='ocrx_word' id='word_1_353' title='bbox 1606 1232 1681 1265; x_wconf 88' lang='lat' dir='ltr'>dicti</span> <span class='ocrx_word' id='word_1_354' title='bbox 1707 1232 1835 1265; x_wconf 90' lang='lat' dir='ltr'>Ordinis</span> 
     </span>
     <span class='ocr_line' id='line_1_66' title="bbox 1099 1284 1836 1318; baseline -0.003 0"><span class='ocrx_word' id='word_1_355' title='bbox 1099 1287 1149 1318; x_wconf 87' lang='lat' dir='ltr'>vel</span> <span class='ocrx_word' id='word_1_356' title='bbox 1189 1285 1329 1318; x_wconf 87' lang='lat' dir='ltr'>cuiusvis</span> <span class='ocrx_word' id='word_1_357' title='bbox 1366 1285 1499 1318; x_wconf 88' lang='lat' dir='ltr'>alterius</span> <span class='ocrx_word' id='word_1_358' title='bbox 1535 1285 1667 1318; x_wconf 80' lang='lat' dir='ltr'>licentia</span> <span class='ocrx_word' id='word_1_359' title='bbox 1702 1284 1836 1317; x_wconf 85' lang='lat' dir='ltr'>minime</span> 
     </span>
     <span class='ocr_line' id='line_1_67' title="bbox 1100 1337 1837 1382; baseline -0.003 -11"><span class='ocrx_word' id='word_1_360' title='bbox 1100 1339 1272 1382; x_wconf 76' lang='lat' dir='ltr'>requisita,</span> <span class='ocrx_word' id='word_1_361' title='bbox 1299 1338 1452 1371; x_wconf 75' lang='lat' dir='ltr'>constitui</span> <span class='ocrx_word' id='word_1_362' title='bbox 1478 1344 1510 1371; x_wconf 89' lang='lat' dir='ltr'>et</span> <span class='ocrx_word' id='word_1_363' title='bbox 1539 1337 1701 1371; x_wconf 69' lang='lat' dir='ltr'>aedificari</span> <span class='ocrx_word' id='word_1_364' title='bbox 1733 1338 1837 1370; x_wconf 81' lang='lat' dir='ltr'>facere</span> 
     </span>
     <span class='ocr_line' id='line_1_68' title="bbox 1102 1391 1838 1435; baseline -0.001 -10"><span class='ocrx_word' id='word_1_365' title='bbox 1102 1393 1202 1426; x_wconf 87' lang='lat' dir='ltr'>libere</span> <span class='ocrx_word' id='word_1_366' title='bbox 1228 1397 1260 1424; x_wconf 87' lang='lat' dir='ltr'>et</span> <span class='ocrx_word' id='word_1_367' title='bbox 1283 1392 1368 1424; x_wconf 89' lang='lat' dir='ltr'>licite</span> <span class='ocrx_word' id='word_1_368' title='bbox 1392 1392 1520 1435; x_wconf 91' lang='lat' dir='ltr'>possint</span> <span class='ocrx_word' id='word_1_369' title='bbox 1549 1397 1580 1425; x_wconf 90' lang='lat' dir='ltr'>et</span> <span class='ocrx_word' id='word_1_370' title='bbox 1599 1391 1736 1431; x_wconf 86' lang='lat' dir='ltr'>valeant,</span> <span class='ocrx_word' id='word_1_371' title='bbox 1762 1401 1838 1434; x_wconf 85' lang='lat' dir='ltr'>apo·</span> 
     </span>
    </p>
   </div>
   <div class='ocr_carea' id='block_1_12' title="bbox 1084 1445 1837 1488">
    <p class='ocr_par' dir='ltr' id='par_1_13' title="bbox 1084 1445 1837 1488">
     <span class='ocr_line' id='line_1_69' title="bbox 1084 1445 1837 1488; baseline -0.001 -10"><span class='ocrx_word' id='word_1_372' title='bbox 1084 1446 1215 1484; x_wconf 55' lang='lat' dir='ltr'>2stolica</span> <span class='ocrx_word' id='word_1_373' title='bbox 1240 1445 1443 1484; x_wconf 83' lang='lat' dir='ltr'>auctoritate,</span> <span class='ocrx_word' id='word_1_374' title='bbox 1468 1451 1581 1477; x_wconf 88' lang='lat' dir='ltr'>tenore</span> <span class='ocrx_word' id='word_1_375' title='bbox 1602 1445 1837 1488; x_wconf 85' lang='lat' dir='ltr'>praesentium,</span> 
     </span>
    </p>
   </div>
   <div class='ocr_carea' id='block_1_13' title="bbox 1102 1497 1839 1541">
    <p class='ocr_par' dir='ltr' id='par_1_14' title="bbox 1102 1497 1839 1541">
     <span class='ocr_line' id='line_1_70' title="bbox 1102 1497 1839 1541; baseline 0 -11"><span class='ocrx_word' id='word_1_376' title='bbox 1102 1498 1322 1541; x_wconf 81' lang='lat' dir='ltr'>indulgemus.</span> <span class='ocrx_word' id='word_1_377' title='bbox 1347 1498 1401 1537; x_wconf 88' lang='lat' dir='ltr'>Et,</span> <span class='ocrx_word' id='word_1_378' title='bbox 1429 1502 1604 1540; x_wconf 85' lang='lat' dir='ltr'>postquam</span> <span class='ocrx_word' id='word_1_379' title='bbox 1630 1497 1839 1530; x_wconf 84' lang='lat' dir='ltr'>convenienti</span> 
     </span>
    </p>
   </div>
   <div class='ocr_carea' id='block_1_14' title="bbox 1085 1550 1841 1597">
    <p class='ocr_par' dir='ltr' id='par_1_15' title="bbox 1085 1550 1841 1597">
     <span class='ocr_line' id='line_1_71' title="bbox 1085 1550 1841 1597; baseline -0.003 -13"><span class='ocrx_word' id='word_1_380' title='bbox 1085 1552 1253 1597; x_wconf 68' lang='lat' dir='ltr'>¹clausura</span> <span class='ocrx_word' id='word_1_381' title='bbox 1277 1551 1439 1583; x_wconf 85' lang='lat' dir='ltr'>munitum</span> <span class='ocrx_word' id='word_1_382' title='bbox 1465 1550 1578 1589; x_wconf 84' lang='lat' dir='ltr'>suerit,</span> <span class='ocrx_word' id='word_1_383' title='bbox 1605 1550 1841 1583; x_wconf 89' lang='lat' dir='ltr'>monasterium</span> 
     </span>
    </p>
   </div>
   <div class='ocr_carea' id='block_1_15' title="bbox 1103 1602 1850 2548">
    <p class='ocr_par' dir='ltr' id='par_1_16' title="bbox 1103 1602 1850 2548">
     <span class='ocr_line' id='line_1_72' title="bbox 1103 1602 1842 1637; baseline -0.003 -1"><span class='ocrx_word' id='word_1_384' title='bbox 1103 1603 1183 1636; x_wconf 88' lang='lat' dir='ltr'>illud</span> <span class='ocrx_word' id='word_1_385' title='bbox 1209 1604 1269 1636; x_wconf 90' lang='lat' dir='ltr'>sub</span> <span class='ocrx_word' id='word_1_386' title='bbox 1303 1602 1507 1635; x_wconf 86' lang='lat' dir='ltr'>invocatione</span> <span class='ocrx_word' id='word_1_387' title='bbox 1540 1602 1686 1635; x_wconf 88' lang='lat' dir='ltr'>eiusdem</span> <span class='ocrx_word' id='word_1_388' title='bbox 1712 1603 1842 1637; x_wconf 77' lang='lat' dir='ltr'>Annun-</span> 
     </span>
     <span class='ocr_line' id='line_1_73' title="bbox 1104 1655 1841 1699; baseline -0.001 -9"><span class='ocrx_word' id='word_1_389' title='bbox 1104 1657 1252 1690; x_wconf 86' lang='lat' dir='ltr'>ciationis</span> <span class='ocrx_word' id='word_1_390' title='bbox 1289 1657 1406 1689; x_wconf 82' lang='lat' dir='ltr'>Beatae</span> <span class='ocrx_word' id='word_1_391' title='bbox 1443 1655 1559 1688; x_wconf 74' lang='lat' dir='ltr'>Mariae</span> <span class='ocrx_word' id='word_1_392' title='bbox 1596 1655 1735 1698; x_wconf 80' lang='lat' dir='ltr'>Virginis</span> <span class='ocrx_word' id='word_1_393' title='bbox 1762 1657 1841 1699; x_wconf 86' lang='lat' dir='ltr'>(pro</span> 
     </span>
     <span class='ocr_line' id='line_1_74' title="bbox 1104 1708 1841 1754; baseline -0.003 -11"><span class='ocrx_word' id='word_1_394' title='bbox 1104 1709 1271 1754; x_wconf 89' lang='lat' dir='ltr'>perpetuis</span> <span class='ocrx_word' id='word_1_395' title='bbox 1296 1721 1356 1743; x_wconf 90' lang='lat' dir='ltr'>usu</span> <span class='ocrx_word' id='word_1_396' title='bbox 1381 1714 1414 1742; x_wconf 91' lang='lat' dir='ltr'>et</span> <span class='ocrx_word' id='word_1_397' title='bbox 1438 1709 1638 1742; x_wconf 86' lang='lat' dir='ltr'>habitatione</span> <span class='ocrx_word' id='word_1_398' title='bbox 1664 1708 1841 1752; x_wconf 85' lang='lat' dir='ltr'>priorissae</span> 
     </span>
     <span class='ocr_line' id='line_1_75' title="bbox 1106 1762 1843 1805; baseline -0.004 -8"><span class='ocrx_word' id='word_1_399' title='bbox 1106 1769 1138 1798; x_wconf 84' lang='lat' dir='ltr'>et</span> <span class='ocrx_word' id='word_1_400' title='bbox 1161 1763 1352 1797; x_wconf 87' lang='lat' dir='ltr'>monialium</span> <span class='ocrx_word' id='word_1_401' title='bbox 1377 1773 1436 1796; x_wconf 90' lang='lat' dir='ltr'>seu</span> <span class='ocrx_word' id='word_1_402' title='bbox 1471 1762 1631 1805; x_wconf 75' lang='lat' dir='ltr'>virginum</span> <span class='ocrx_word' id='word_1_403' title='bbox 1664 1762 1843 1805; x_wconf 85' lang='lat' dir='ltr'>neophyta-</span> 
     </span>
     <span class='ocr_line' id='line_1_76' title="bbox 1106 1814 1843 1860; baseline -0.003 -10"><span class='ocrx_word' id='word_1_404' title='bbox 1106 1828 1177 1850; x_wconf 87' lang='lat' dir='ltr'>rurn</span> <span class='ocrx_word' id='word_1_405' title='bbox 1208 1816 1362 1850; x_wconf 88' lang='lat' dir='ltr'>Ordinem</span> <span class='ocrx_word' id='word_1_406' title='bbox 1395 1817 1576 1860; x_wconf 73' lang='lat' dir='ltr'>praefatum</span> <span class='ocrx_word' id='word_1_407' title='bbox 1608 1814 1756 1859; x_wconf 75' lang='lat' dir='ltr'>profiteri</span> <span class='ocrx_word' id='word_1_408' title='bbox 1790 1825 1843 1848; x_wconf 92' lang='lat' dir='ltr'>vo-</span> 
     </span>
     <span class='ocr_line' id='line_1_77' title="bbox 1106 1868 1843 1911; baseline -0.004 -8"><span class='ocrx_word' id='word_1_409' title='bbox 1106 1871 1250 1911; x_wconf 90' lang='lat' dir='ltr'>lentium,</span> <span class='ocrx_word' id='word_1_410' title='bbox 1266 1871 1305 1903; x_wconf 90' lang='lat' dir='ltr'>ad</span> <span class='ocrx_word' id='word_1_411' title='bbox 1323 1870 1520 1903; x_wconf 86' lang='lat' dir='ltr'>electionem</span> <span class='ocrx_word' id='word_1_412' title='bbox 1538 1869 1648 1902; x_wconf 86' lang='lat' dir='ltr'>dilecti</span> <span class='ocrx_word' id='word_1_413' title='bbox 1663 1868 1719 1901; x_wconf 80' lang='lat' dir='ltr'>filii</span> <span class='ocrx_word' id='word_1_414' title='bbox 1740 1868 1843 1909; x_wconf 84' lang='lat' dir='ltr'>nostri</span> 
     </span>
     <span class='ocr_line' id='line_1_78' title="bbox 1107 1921 1843 1955; baseline -0.003 0"><span class='ocrx_word' id='word_1_415' title='bbox 1107 1922 1235 1955; x_wconf 82' lang='lat' dir='ltr'>Ioannis</span> <span class='ocrx_word' id='word_1_416' title='bbox 1271 1922 1434 1955; x_wconf 69' lang='lat' dir='ltr'>Michaelis</span> <span class='ocrx_word' id='word_1_417' title='bbox 1470 1922 1552 1954; x_wconf 87' lang='lat' dir='ltr'>tituli</span> <span class='ocrx_word' id='word_1_418' title='bbox 1588 1921 1618 1954; x_wconf 79' lang='lat' dir='ltr'>S.</span> <span class='ocrx_word' id='word_1_419' title='bbox 1655 1921 1843 1954; x_wconf 86' lang='lat' dir='ltr'>Anastasiae</span> 
     </span>
     <span class='ocr_line' id='line_1_79' title="bbox 1108 1973 1844 2018; baseline -0.003 -10"><span class='ocrx_word' id='word_1_420' title='bbox 1108 1980 1237 2008; x_wconf 86' lang='lat' dir='ltr'>sanctae</span> <span class='ocrx_word' id='word_1_421' title='bbox 1270 1975 1434 2007; x_wconf 82' lang='lat' dir='ltr'>Romanae</span> <span class='ocrx_word' id='word_1_422' title='bbox 1462 1974 1627 2007; x_wconf 82' lang='lat' dir='ltr'>Ecclesiae</span> <span class='ocrx_word' id='word_1_423' title='bbox 1659 1973 1844 2018; x_wconf 74' lang='lat' dir='ltr'>presbyteri</span> 
     </span>
     <span class='ocr_line' id='line_1_80' title="bbox 1110 2027 1845 2071; baseline -0.004 -9"><span class='ocrx_word' id='word_1_424' title='bbox 1110 2029 1282 2062; x_wconf 87' lang='lat' dir='ltr'>cardinalis</span> <span class='ocrx_word' id='word_1_425' title='bbox 1308 2028 1459 2061; x_wconf 83' lang='lat' dir='ltr'>Saraceni</span> <span class='ocrx_word' id='word_1_426' title='bbox 1484 2028 1668 2071; x_wconf 86' lang='lat' dir='ltr'>nuncupati,</span> <span class='ocrx_word' id='word_1_427' title='bbox 1694 2027 1845 2059; x_wconf 88' lang='lat' dir='ltr'>moderni</span> 
     </span>
     <span class='ocr_line' id='line_1_81' title="bbox 1111 2080 1846 2125; baseline -0.003 -11"><span class='ocrx_word' id='word_1_428' title='bbox 1111 2087 1142 2114; x_wconf 88' lang='lat' dir='ltr'>et</span> <span class='ocrx_word' id='word_1_429' title='bbox 1165 2092 1225 2125; x_wconf 90' lang='lat' dir='ltr'>pro</span> <span class='ocrx_word' id='word_1_430' title='bbox 1251 2088 1398 2124; x_wconf 86' lang='lat' dir='ltr'>tempore</span> <span class='ocrx_word' id='word_1_431' title='bbox 1417 2081 1585 2113; x_wconf 87' lang='lat' dir='ltr'>existentis</span> <span class='ocrx_word' id='word_1_432' title='bbox 1612 2080 1776 2113; x_wconf 83' lang='lat' dir='ltr'>societatis</span> <span class='ocrx_word' id='word_1_433' title='bbox 1796 2091 1846 2113; x_wconf 86' lang='lat' dir='ltr'>ca-</span> 
     </span>
     <span class='ocr_line' id='line_1_82' title="bbox 1111 2132 1846 2177; baseline 0 -11"><span class='ocrx_word' id='word_1_434' title='bbox 1111 2135 1386 2167; x_wconf 86' lang='lat' dir='ltr'>thecumenorum</span> <span class='ocrx_word' id='word_1_435' title='bbox 1417 2139 1449 2166; x_wconf 87' lang='lat' dir='ltr'>et</span> <span class='ocrx_word' id='word_1_436' title='bbox 1473 2134 1715 2177; x_wconf 81' lang='lat' dir='ltr'>neophytorum</span> <span class='ocrx_word' id='word_1_437' title='bbox 1742 2138 1775 2166; x_wconf 88' lang='lat' dir='ltr'>et</span> <span class='ocrx_word' id='word_1_438' title='bbox 1806 2132 1846 2166; x_wconf 84' lang='lat' dir='ltr'>ad</span> 
     </span>
     <span class='ocr_line' id='line_1_83' title="bbox 1111 2186 1844 2229; baseline -0.003 -9"><span class='ocrx_word' id='word_1_439' title='bbox 1111 2187 1206 2220; x_wconf 83' lang='lat' dir='ltr'>fidem</span> <span class='ocrx_word' id='word_1_440' title='bbox 1231 2187 1349 2220; x_wconf 84' lang='lat' dir='ltr'>Christi</span> <span class='ocrx_word' id='word_1_441' title='bbox 1375 2197 1609 2219; x_wconf 85' lang='lat' dir='ltr'>conversorum</span> <span class='ocrx_word' id='word_1_442' title='bbox 1638 2186 1844 2229; x_wconf 87' lang='lat' dir='ltr'>protectoris,</span> 
     </span>
     <span class='ocr_line' id='line_1_84' title="bbox 1111 2239 1847 2284; baseline -0.003 -11"><span class='ocrx_word' id='word_1_443' title='bbox 1111 2246 1271 2284; x_wconf 82' lang='lat' dir='ltr'>perpetuo</span> <span class='ocrx_word' id='word_1_444' title='bbox 1296 2240 1608 2272; x_wconf 86' lang='lat' dir='ltr'>introducendarum</span> <span class='ocrx_word' id='word_1_445' title='bbox 1628 2244 1660 2272; x_wconf 91' lang='lat' dir='ltr'>et</span> <span class='ocrx_word' id='word_1_446' title='bbox 1687 2239 1774 2271; x_wconf 85' lang='lat' dir='ltr'>iuxta</span> <span class='ocrx_word' id='word_1_447' title='bbox 1798 2249 1847 2271; x_wconf 86' lang='lat' dir='ltr'>re-</span> 
     </span>
     <span class='ocr_line' id='line_1_85' title="bbox 1113 2292 1848 2335; baseline 0.001 -11"><span class='ocrx_word' id='word_1_448' title='bbox 1113 2292 1235 2335; x_wconf 80' lang='lat' dir='ltr'>gularia</span> <span class='ocrx_word' id='word_1_449' title='bbox 1259 2292 1335 2325; x_wconf 88' lang='lat' dir='ltr'>dicti</span> <span class='ocrx_word' id='word_1_450' title='bbox 1360 2292 1487 2324; x_wconf 88' lang='lat' dir='ltr'>Ordinis</span> <span class='ocrx_word' id='word_1_451' title='bbox 1520 2292 1667 2325; x_wconf 82' lang='lat' dir='ltr'>instituta</span> <span class='ocrx_word' id='word_1_452' title='bbox 1691 2292 1848 2335; x_wconf 88' lang='lat' dir='ltr'>recipien-</span> 
     </span>
     <span class='ocr_line' id='line_1_86' title="bbox 1115 2345 1849 2388; baseline -0.001 -10"><span class='ocrx_word' id='word_1_453' title='bbox 1115 2347 1241 2385; x_wconf 84' lang='lat' dir='ltr'>darum,</span> <span class='ocrx_word' id='word_1_454' title='bbox 1269 2356 1351 2388; x_wconf 86' lang='lat' dir='ltr'>quae</span> <span class='ocrx_word' id='word_1_455' title='bbox 1376 2345 1464 2385; x_wconf 88' lang='lat' dir='ltr'>inibi,</span> <span class='ocrx_word' id='word_1_456' title='bbox 1487 2346 1545 2377; x_wconf 89' lang='lat' dir='ltr'>sub</span> <span class='ocrx_word' id='word_1_457' title='bbox 1570 2345 1710 2388; x_wconf 78' lang='lat' dir='ltr'>regulari</span> <span class='ocrx_word' id='word_1_458' title='bbox 1737 2346 1849 2378; x_wconf 83' lang='lat' dir='ltr'>obser-</span> 
     </span>
     <span class='ocr_line' id='line_1_87' title="bbox 1115 2398 1848 2441; baseline -0.001 -11"><span class='ocrx_word' id='word_1_459' title='bbox 1115 2398 1220 2431; x_wconf 70' lang='lat' dir='ltr'>vantia</span> <span class='ocrx_word' id='word_1_460' title='bbox 1237 2403 1269 2430; x_wconf 90' lang='lat' dir='ltr'>et</span> <span class='ocrx_word' id='word_1_461' title='bbox 1288 2401 1444 2441; x_wconf 75' lang='lat' dir='ltr'>perpetua</span> <span class='ocrx_word' id='word_1_462' title='bbox 1461 2399 1617 2438; x_wconf 78' lang='lat' dir='ltr'>clausura,</span> <span class='ocrx_word' id='word_1_463' title='bbox 1637 2404 1668 2430; x_wconf 87' lang='lat' dir='ltr'>et</span> <span class='ocrx_word' id='word_1_464' title='bbox 1685 2399 1744 2431; x_wconf 84' lang='lat' dir='ltr'>sub</span> <span class='ocrx_word' id='word_1_465' title='bbox 1762 2400 1848 2438; x_wconf 72' lang='lat' dir='ltr'>cura,</span> 
     </span>
     <span class='ocr_line' id='line_1_88' title="bbox 1114 2450 1846 2491; baseline -0.001 -7"><span class='ocrx_word' id='word_1_466' title='bbox 1114 2451 1306 2491; x_wconf 80' lang='lat' dir='ltr'>visitatione,</span> <span class='ocrx_word' id='word_1_467' title='bbox 1329 2451 1539 2491; x_wconf 83' lang='lat' dir='ltr'>correctione,</span> <span class='ocrx_word' id='word_1_468' title='bbox 1557 2450 1846 2491; x_wconf 84' lang='lat' dir='ltr'>administratione,</span> 
     </span>
     <span class='ocr_line' id='line_1_89' title="bbox 1117 2504 1850 2548; baseline -0.001 -12"><span class='ocrx_word' id='word_1_469' title='bbox 1117 2504 1361 2548; x_wconf 83' lang='lat' dir='ltr'>superioritate,</span> <span class='ocrx_word' id='word_1_470' title='bbox 1395 2515 1431 2537; x_wconf 89' lang='lat' dir='ltr'>ac</span> <span class='ocrx_word' id='word_1_471' title='bbox 1462 2504 1703 2545; x_wconf 77' lang='lat' dir='ltr'>iurisdictione,</span> <span class='ocrx_word' id='word_1_472' title='bbox 1729 2510 1793 2537; x_wconf 87' lang='lat' dir='ltr'>tam</span> <span class='ocrx_word' id='word_1_473' title='bbox 1817 2504 1850 2535; x_wconf 91' lang='lat' dir='ltr'>in</span> 
     </span>
    </p>
   </div>
   <div class='ocr_carea' id='block_1_16' title="bbox 383 2556 1851 2609">
    <p class='ocr_par' dir='ltr' id='par_1_17' title="bbox 383 2556 1851 2609">
     <span class='ocr_line' id='line_1_90' title="bbox 383 2556 1851 2609; baseline 0.001 -10"><span class='ocrx_word' id='word_1_474' title='bbox 383 2573 400 2599; x_wconf 72' lang='lat'>4</span> <span class='ocrx_word' id='word_1_475' title='bbox 419 2572 483 2600; x_wconf 86' lang='lat' dir='ltr'>Vide</span> <span class='ocrx_word' id='word_1_476' title='bbox 498 2581 586 2600; x_wconf 90' lang='lat' dir='ltr'>annon</span> <span class='ocrx_word' id='word_1_477' title='bbox 602 2574 691 2608; x_wconf 87' lang='lat' dir='ltr'>potius</span> <span class='ocrx_word' id='word_1_478' title='bbox 706 2581 808 2600; x_wconf 75' lang='lat' dir='ltr'>earum</span> <span class='ocrx_word' id='word_1_479' title='bbox 823 2575 858 2600; x_wconf 88' lang='lat' dir='ltr'>sit</span> <span class='ocrx_word' id='word_1_480' title='bbox 871 2574 978 2609; x_wconf 69' lang='lat' dir='ltr'>legend.</span> <span class='ocrx_word' id='word_1_481' title='bbox 990 2574 1081 2609; x_wconf 56' lang='lat' dir='ltr'>(nau).</span> <span class='ocrx_word' id='word_1_482' title='bbox 1117 2556 1340 2600; x_wconf 62' lang='lat' dir='ltr'>spiritualibus</span> <span class='ocrx_word' id='word_1_483' title='bbox 1355 2567 1451 2600; x_wconf 66' lang='lat' dir='ltr'>quam</span> <span class='ocrx_word' id='word_1_484' title='bbox 1464 2556 1497 2589; x_wconf 68' lang='lat' dir='ltr'>in</span> <span class='ocrx_word' id='word_1_485' title='bbox 1511 2557 1754 2600; x_wconf 62' lang='lat' dir='ltr'>oefflP01&#39;3libUS7</span> <span class='ocrx_word' id='word_1_486' title='bbox 1771 2556 1851 2589; x_wconf 63' lang='lat' dir='ltr'>eius&#39;</span> 
     </span>
    </p>
   </div>
   <div class='ocr_carea' id='block_1_17' title="bbox 384 2615 949 2654">
    <p class='ocr_par' dir='ltr' id='par_1_18' title="bbox 384 2615 949 2654">
     <span class='ocr_line' id='line_1_91' title="bbox 384 2615 949 2654; baseline 0.002 -10"><span class='ocrx_word' id='word_1_487' title='bbox 384 2617 402 2645; x_wconf 83' lang='lat'>5</span> <span class='ocrx_word' id='word_1_488' title='bbox 417 2615 481 2644; x_wconf 85' lang='lat' dir='ltr'>Heic</span> <span class='ocrx_word' id='word_1_489' title='bbox 497 2622 569 2645; x_wconf 84' lang='lat' dir='ltr'>certe</span> <span class='ocrx_word' id='word_1_490' title='bbox 584 2626 685 2645; x_wconf 67' lang='lat' dir='ltr'>aarum</span> <span class='ocrx_word' id='word_1_491' title='bbox 702 2617 843 2653; x_wconf 81' lang='lat' dir='ltr'>tegendum</span> <span class='ocrx_word' id='word_1_492' title='bbox 857 2618 895 2653; x_wconf 73' lang='lat' dir='ltr'>(R.</span> <span class='ocrx_word' id='word_1_493' title='bbox 910 2618 949 2654; x_wconf 84' lang='lat' dir='ltr'>T.)</span> 
     </span>
    </p>
   </div>
   <div class='ocr_carea' id='block_1_18' title="bbox 1152 2618 1640 2655">
    <p class='ocr_par' dir='ltr' id='par_1_19' title="bbox 1152 2618 1640 2655">
     <span class='ocr_line' id='line_1_92' title="bbox 1152 2618 1640 2655; baseline 0 -10"><span class='ocrx_word' id='word_1_494' title='bbox 1152 2620 1163 2645; x_wconf 83' lang='lat'>1</span> <span class='ocrx_word' id='word_1_495' title='bbox 1188 2618 1340 2654; x_wconf 82' lang='lat' dir='ltr'>Legendum</span> <span class='ocrx_word' id='word_1_496' title='bbox 1359 2619 1519 2654; x_wconf 78' lang='lat' dir='ltr'>campanili</span> <span class='ocrx_word' id='word_1_497' title='bbox 1537 2621 1577 2655; x_wconf 78' lang='lat' dir='ltr'>(n.</span> <span class='ocrx_word' id='word_1_498' title='bbox 1593 2620 1640 2654; x_wconf 89' lang='lat' dir='ltr'>T.).</span> 
     </span>
    </p>
   </div>
   <div class='ocr_carea' id='block_1_19' title="bbox 1734 226 2028 264">
    <p class='ocr_par' dir='ltr' id='par_1_20' title="bbox 1734 226 2028 264">
     <span class='ocr_line' id='line_1_93' title="bbox 1734 226 2028 264; baseline 0.014 -5"><span class='ocrx_word' id='word_1_499' title='bbox 1734 226 1797 260; x_wconf 79' lang='lat'>139</span> <span class='ocrx_word' id='word_1_500' title='bbox 1844 236 1893 264; x_wconf 72' lang='lat' dir='ltr'>An.</span> <span class='ocrx_word' id='word_1_501' title='bbox 1914 235 1942 263; x_wconf 87' lang='lat' dir='ltr'>c.</span> <span class='ocrx_word' id='word_1_502' title='bbox 1961 234 2028 263; x_wconf 78' lang='lat'>¹663</span> 
     </span>
    </p>
   </div>
  </div>
 </body>
</html>
