2247 3208
123 245 174 272 An.
191 246 219 271 (L,
246 244 311 271 tCGO

942 245 1084 269 CLEMENS

317 298 375 333 tes,
400 294 452 337 qui
471 294 564 331 alias,
584 294 692 337 rigore
711 293 826 326 indulti
845 298 876 326 ct
894 293 1053 326 facultatis

317 345 403 378 dicto
429 346 568 388 collegio
593 357 763 379 concessae
790 357 849 389 per
877 345 980 379 felicis
1005 356 1055 378 re-

316 399 517 432 cordationis
543 400 662 432 Sixtum
681 400 799 442 Papam
824 399 845 431 V
866 400 925 432 sul)
943 400 1054 431 datum

317 451 368 484 die
391 462 452 485 xvii
472 451 623 484 februarii
642 462 812 491 nutxxxvi,
833 456 1005 485 erexerunt
1023 456 1055 483 et

317 504 558 537 constituerunt
582 516 680 537 unum
697 505 838 537 Mentem
853 503 1055 546 vigintiquin-

317 568 378 600 qu«¹
399 557 534 590 millium
555 563 721 590 scutorum
738 557 807 590 auri
833 558 865 589 in
890 568 968 589 auro
994 567 1053 599 pro

316 610 506 643 reliabendo
524 615 556 642 et
586 610 811 653 recuperando
838 609 979 642 officium
1005 620 1055 642 se-

318 663 508 696 cretariatus
525 663 704 706 apostolici,
726 669 756 696 et
777 662 925 701 subinde,
945 663 1054 705 vigore

317 716 460 748 alteriusv
489 716 646 749 facultatis
684 721 715 748 et
755 716 870 749 indulti
910 716 1054 748 ciusdem

320 768 421 801 seticis
447 769 682 802 recordationis
707 768 797 807 sixti,
824 768 943 801 dictum
969 769 1056 801 Mon-

319 827 381 854 tcm
407 827 566 854 auxerunt
591 821 623 854 in
649 821 719 854 aliis
745 821 844 854 scutis
883 821 1055 854 duodecim

316 874 459 907 millibus
486 874 645 906 similibus
660 885 719 917 pro
739 874 927 907 rehabendo
950 880 981 907 et
1006 885 1055 907 re-

316 926 503 970 cuperando
543 926 684 959 officium
721 927 853 960 alterius
890 927 1054 960 secretarii

317 979 487 1012 domestici
532 979 677 1013 Brevium
729 991 810 1023 quae
854 980 1054 1023 principibus

317 1032 514 1073 scribuntur,
542 1038 617 1076 post
643 1033 837 1066 rehabuissc
863 1039 896 1065 et
920 1044 1055 1076 recupe-

318 1096 406 1118 rasse
432 1092 652 1127 asseruerunt,
668 1091 699 1119 et
716 1086 823 1123 latius,
844 1092 940 1130 prout
957 1086 989 1118 in
1009 1086 1056 1118 in-

318 1144 510 1179 strumento,
527 1140 560 1172 in
579 1140 657 1172 actis
676 1139 750 1180 mei,
770 1145 842 1179 etc.²
862 1140 912 1172 die
938 1150 947 1173 1
973 1150 1056 1171 mar-

320 1193 353 1225 tii
380 1192 570 1233 iintxxxx·1¹,
605 1204 660 1226 seu
686 1199 769 1233 etc.‚
797 1193 983 1233 celebrato,
1016 1193 1055 1225 ad

319 1247 418 1289 quod,
432 1251 492 1279 etc.
510 1245 543 1278 In
558 1246 783 1279 executionem
799 1252 830 1279 et
847 1246 956 1288 vigore
971 1245 1057 1278 litte-

318 1310 423 1332 rarum
442 1299 695 1342 apostolicarum
716 1298 909 1331 sanctissimi
935 1297 1056 1331 domini

319 1352 422 1384 nostri
448 1351 621 1385 Clementis
647 1351 754 1384 divina
772 1351 976 1395 providentia
1002 1351 1058 1383 Pa-

318 1415 379 1448 pae
405 1405 443 1437 tx
470 1405 502 1437 in
527 1404 627 1437 forma
652 1404 760 1436 Brevis
785 1405 845 1437 sub
866 1405 972 1437 datum
995 1403 1057 1437 Ro-

319 1469 389 1491 mae
406 1458 502 1492 die1v
517 1458 653 1491 ianuarii
670 1468 806 1491 iinctxix
819 1458 956 1501 proximi
970 1468 1057 1500 prae—

321 1511 405 1544 teriti
431 1511 674 1555 expeditarum,
703 1522 782 1554 quas
807 1521 883 1554 prae
909 1511 1057 1543 manibus

322 1566 445 1597 habens
478 1565 562 1598 idem
594 1565 829 1598 illustrissimus
855 1569 886 1598 et
910 1575 1058 1598 reveren-

321 1618 473 1650 dissimus
508 1617 544 1651 D.
572 1617 760 1660 Costagutus
793 1618 946 1651 defensor
976 1617 1057 1650 mihi

321 1670 544 1713 consignavit,
569 1671 608 1704 ad
642 1671 790 1703 ellectum
822 1671 985 1714 praesenti
1010 1670 1059 1702 in-

321 1729 499 1756 strumento
525 1724 706 1763 inserendi,
735 1723 855 1757 tenoris
880 1723 1057 1766 sequentis,

321 1777 472 1810 videlicet
488 1788 494 1809 z

368 1830 511 1863 Clemens
536 1831 647 1873 Papae
672 1830 740 1870 IX,
766 1829 808 1862 ad
840 1830 988 1873 futuram
1012 1829 1061 1862 rei

324 1884 527 1916 memoriam.
556 1883 693 1923 Dudum,
722 1894 792 1915 cum
824 1883 926 1916 felicis
951 1892 1061 1915 recor-

323 1936 461 1969 dationis
487 1936 593 1969 Sixtus
612 1936 697 1979 Papa
714 1936 737 1968 V
754 1936 988 1979 praedecessor
1009 1946 1061 1968 no-

323 1994 390 2021 ster
415 1989 556 2022 officium
581 1989 746 2023 secretarii
766 1988 946 2028 domestici,
975 1989 1060 2032 quod

323 2046 399 2074 tunc
425 2042 458 2074 in
480 2041 627 2074 humanis
645 2053 744 2085 agens
760 2042 896 2074 loannes
918 2042 1062 2085 Baptista

323 2093 481 2127 Canobius
508 2094 692 2135 exercebat,
717 2095 936 2138 supprimere,
963 2106 998 2127 ac
1025 2095 1063 2127 it-

323 2147 384 2180 lius
402 2147 603 2187 exercitium,
619 2158 691 2180 cum
708 2148 859 2180 omnibus
877 2153 908 2180 et
924 2147 1061 2190 singulis

325 2200 389 2233 suis
416 2200 597 2234 honoribus
626 2206 658 2233 et
689 2200 842 2234 oneribus
876 2211 912 2233 ac
940 2202 1064 2234 emolu-

325 2254 454 2294 mentis,
482 2254 621 2296 collegio
643 2254 890 2286 secretariomm
909 2255 1064 2297 apostoli—

325 2316 438 2339 corum
463 2307 644 2347 restituere,
666 2318 722 2339 scu
742 2307 805 2340 illis
828 2310 866 2340 de
887 2318 971 2340 novo
990 2318 1065 2340 con-

325 2360 442 2392 cedere
468 2365 500 2392 et
526 2360 691 2402 assignare
718 2360 920 2400 intenderet,
946 2365 978 2392 et
1002 2361 1066 2393 col-

326 2412 445 2455 legium
473 2413 683 2456 praedictum,
704 2424 764 2457 pro
787 2413 989 2446 restitutione
1009 2424 1063 2446 seu

327 2466 541 2499 concessione
563 2465 748 2498 huiusmodi
769 2465 907 2509 aliisque
933 2466 971 2499 de
997 2477 1066 2499 cau-

328 2519 383 2559 sis,
398 2529 554 2551 summam
570 2518 828 2562 rigintiquinque
843 2519 980 2551 millium
996 2530 1066 2551 scu-

327 2577 434 2605 torum
459 2572 525 2604 auri
552 2572 585 2605 in
610 2582 687 2604 auro
705 2599 712 2612 ,
740 2582 797 2605 seu
823 2572 954 2604 illorum
980 2573 1066 2605 valo-

364 2635 375 2660 1
396 2635 434 2661 An
450 2634 555 2670 legend.
574 2634 650 2662 1629
667 2634 766 2661 iudicet
780 2634 864 2662 lector
878 2634 949 2662 scius
962 2635 1002 2669 (n.
1015 2635 1065 2668 T.).

435 2691 512 2716 cuti.
527 2690 611 2716 Rom.
626 2704 655 2708 -—
680 2689 737 2716 t'uc.
756 2689 847 2715 XVII.
1013 2688 1061 2715 105

1734 231 1797 266 8:13

1109 246 1138 268 tx
1164 246 1211 269 PF.

1075 305 1077 309 ·
1098 303 1173 329 rcm,
1186 292 1247 336 ipsi
1260 292 1348 326 Sixto
1362 293 1531 336 praedicto
1547 291 1734 325 obtulisset:
1750 290 1837 322 idem

1097 345 1204 378 sixtus
1237 346 1424 389 praedictus
1458 345 1544 378 dicto
1581 343 1744 386 collegio,
1771 353 1836 386 quo

1097 398 1299 431 commodius
1326 404 1358 432 et
1388 398 1507 431 minori
1543 396 1716 441 dispendio
1754 406 1838 429 sum-

1096 462 1181 484 mam
1206 452 1406 494 praedictam
1431 461 1611 492 congerere
1636 451 1776 486 valeret.
1803 456 1837 482 ut

1097 514 1198 536 unum
1223 504 1364 536 Mentem
1382 515 1399 537 a
1414 504 1577 547 quibusvis
1596 503 1836 545 gravaminibus

1097 556 1230 589 omnino
1246 557 1392 596 liberum,
1404 557 1581 590 immunem
1595 562 1627 588 ct
1640 560 1834 598 exemptum,

1099 609 1217 641 dictam
1237 620 1392 641 summam
1419 609 1678 652 vigintiquinque
1700 607 1837 640 millium

1097 667 1262 695 scutorum
1275 672 1341 694 non
1357 663 1579 701 excedentem,
1596 661 1687 693 cuius
1705 662 1774 694 loca
1789 672 1837 693 va-

1097 714 1213 747 cabilia
1238 725 1303 747 non
1330 720 1447 753 essent,
1469 725 1566 757 super
1584 715 1782 757 proprietati:
1805 719 1836 747 et

1098 770 1211 809 grossa
1240 778 1296 800 seu
1330 770 1434 800 massa
1463 767 1538 800 dicti
1571 767 1698 809 collegii
1723 767 1762 799 ad
1789 778 1837 799 ra-

1099 821 1219 853 tionem
1246 821 1407 853 fructuum
1434 820 1658 864 reperibilium
1677 830 1736 863 pro
1762 830 1837 862 quo·

1097 873 1179 906 libet
1203 872 1393 906 centenario
1419 873 1456 905 ad
1484 873 1583 905 instar
1604 873 1718 905 Montis
1737 872 1834 911 Pacis,

1098 932 1130 959 et
1154 925 1291 959 aliorum
1328 926 1488 959 montium
1524 925 1771 969 provincialium
1797 926 1836 958 ab

1097 979 1167 1022 ipso
1182 979 1269 1012 Sixto
1283 979 1449 1022 praedicto
1465 980 1542 1012 alias
1560 985 1753 1017 erectorum,
1765 989 1837 1010 cum

1098 1032 1250 1065 omnibus
1276 1038 1307 1065 et
1331 1032 1468 1075 singulis
1495 1032 1711 1069 facultatibus
1733 1032 1838 1064 indul-

1099 1085 1148 1123 tis,
1173 1085 1352 1128 pririlegiis
1386 1090 1418 1118 et
1451 1084 1604 1118 clausulis
1630 1085 1663 1117 in
1689 1083 1753 1116 illis
1785 1094 1838 1116 ex-

1098 1137 1231 1180 pressis,
1246 1138 1370 1180 erigere
1384 1142 1415 1170 et
1429 1137 1610 1177 instituere,
1626 1146 1765 1176 necnon,
1777 1147 1837 1180 pro

1098 1191 1270 1224 securitate
1296 1196 1328 1223 et
1351 1190 1565 1224 indemnitate
1591 1194 1775 1233 emptorum
1792 1189 1838 1222 di-

1099 1249 1224 1277 ctorum
1248 1244 1405 1284 locorum,
1431 1244 1539 1276 omnia
1560 1248 1593 1275 et
1612 1243 1741 1285 singula
1762 1242 1837 1274 dicti

1099 1297 1227 1339 collegii
1262 1297 1348 1330 bona
1372 1297 1405 1329 in
1430 1296 1578 1339 ampliori
1608 1296 1710 1328 forma
1734 1305 1840 1328 came-

1098 1361 1151 1383 rae
1178 1350 1374 1393 apostolicae
1402 1350 1548 1392 obligare
1579 1354 1610 1382 et
1642 1349 1841 1392 hypotheca-

1099 1415 1151 1443 re,
1179 1402 1459 1446 obligationesque
1485 1408 1517 1435 et
1540 1402 1741 1446 hypothecas
1767 1412 1840 1433 cum

1100 1457 1262 1501 quibusvis
1298 1456 1588 1500 promissionibus,
1625 1455 1841 1488 fideiussioni-

1101 1510 1171 1549 bus,
1198 1509 1410 1549 cautionibus
1437 1509 1589 1548 cautelis,
1616 1508 1841 1544 conventioni·

1101 1565 1170 1602 bus,
1196 1563 1348 1597 clausulis
1375 1568 1406 1596 et
1431 1563 1574 1596 decretis
1601 1562 1751 1595 omuibus
1769 1571 1841 1594 con-

1101 1617 1199 1649 suetis
1214 1643 1221 1656 ‚
1246 1616 1442 1649 necessariis
1465 1621 1498 1648 et
1521 1615 1715 1659 opportunis
1747 1625 1841 1658 prae-

1101 1676 1184 1702 stare
1200 1697 1207 1709 ,
1235 1675 1411 1711 ceteraque
1438 1669 1477 1701 ad
1503 1669 1567 1701 hoc
1590 1668 1773 1701 necessaria
1800 1668 1842 1700 sa-

1102 1733 1175 1755 cere
1201 1722 1302 1755 libere
1324 1727 1356 1754 et
1379 1721 1466 1754 licite
1483 1722 1614 1761 valeret,
1630 1720 1793 1754 licentiam
1811 1725 1844 1752 et

1103 1776 1289 1808 facultatem
1326 1775 1509 1814 concessit,
1545 1779 1641 1817 prout
1674 1773 1706 1806 in
1742 1773 1843 1816 ipsius

1103 1829 1180 1862 Sixti
1206 1827 1360 1872 praedicti
1386 1827 1502 1861 litteris
1525 1827 1668 1870 desuper
1694 1826 1725 1859 in
1747 1826 1844 1859 simili

1105 1883 1205 1915 forma
1230 1881 1338 1914 Brevis
1361 1881 1413 1913 die
1431 1891 1496 1914 xvn
1514 1880 1665 1913 februarii
1686 1889 1844 1913 ‚untxxxvi

1105 1934 1263 1978 expeditis
1288 1933 1383 1966 latius
1409 1933 1607 1966 continetur.
1635 1932 1672 1965 Et
1693 1932 1842 1971 subinde,

1105 1994 1273 2032 postquam
1300 1987 1553 2020 instrumentum
1572 1986 1748 2019 erectionis
1770 1985 1846 2018 dicti

1106 2041 1220 2076 Montis
1266 2041 1400 2083 eiusque
1444 2037 1626 2072 distributio
1669 2039 1846 2071 subsecuta

1107 2096 1249 2134 fuerant,
1285 2104 1356 2126 cum
1389 2093 1492 2126 dictus
1528 2092 1633 2125 Sixtus
1663 2091 1847 2134 praedictus

1107 2147 1245 2180 officium
1262 2146 1394 2180 alterius
1409 2145 1574 2178 secretarii
1592 2144 1759 2178 domestici
1775 2144 1848 2176 Bre-

1843 241 1891 266 Λιι.
1913 238 1941 264 C.
1962 236 2026 263 ¹³69

1106 2201 1189 2234 vium
1214 2211 1294 2244 quae
1312 2199 1513 2243 principibus
1539 2198 1734 2236 scribuntur,
1761 2197 1847 2239 quod
1889 2230 1892 2232 ,

1107 2254 1271 2297 quondam
1296 2251 1455 2285 Antonius
1479 2249 1735 2294 Buccapadulius
1761 2254 1849 2282 eate-

1108 2318 1167 2340 nus
1192 2311 1390 2346 exercueiat,
1418 2304 1538 2348 pariter
1562 2303 1786 2347 supprimere,
1811 2302 1849 2336 il·

1109 2361 1235 2404 liusque
1261 2358 1462 2398 exercitium,
1481 2368 1554 2390 cum
1572 2356 1722 2390 omnibus
1740 2361 1771 2389 et
1787 2355 1849 2389 sin-

1109 2414 1190 2457 gulis
1215 2413 1302 2446 illius
1328 2411 1520 2452 honoribus,
1541 2410 1694 2444 oneribus
1713 2414 1746 2442 et
1762 2420 1850 2442 emo-

1109 2466 1272 2506 lumentis,
1306 2465 1413 2498 eidem
1445 2464 1584 2506 collegio
1610 2463 1792 2496 concedere
1819 2467 1851 2495 et

1109 2520 1273 2562 assignare
1290 2515 1504 2557 intenderet¹,
1521 2517 1643 2550 dictum
1661 2526 1738 2548 vero
1757 2515 1850 2547 colle-

1110 2572 1205 2614 gium,
1221 2581 1279 2615 pro
1293 2570 1503 2603 concessione
1518 2574 1550 2602 et
1565 2567 1782 2611 assignatione
1796 2567 1851 2598 hu-

1148 2636 1156 2661 l
1180 2633 1246 2660 Male
1262 2632 1317 2658 edit
1346 2632 1424 2659 Mam.
1444 2631 1507 2668 legit
1523 2631 1690 2659 *intenderat
1705 2630 1742 2661 (R.
1759 2629 1796 2660 τ).
