2247 3208
140 206 189 233 An⁴
206 205 233 232 C.
259 204 323 233 1667

959 207 1101 231 eLEiitzxs

335 254 385 286 vel
413 253 536 297 pluries
554 255 728 286 translatae
755 265 810 287 seu
836 255 981 287 translati
1013 256 1077 287 sue-

335 307 529 349 rin13usque
555 307 594 339 ad
616 318 772 341 summam
794 314 921 341 centum
948 309 1077 341 ducato-

335 370 405 392 rum
432 360 501 392 auri
526 360 564 392 de
591 364 718 394 camera
750 362 922 400 similium,
948 361 979 393 in
1007 367 1075 394 toto

335 414 385 445 vel
410 413 441 445 in
467 418 580 456 parte,
603 425 639 446 ac
677 414 708 446 in
735 417 798 446 una
834 426 890 447 sen
925 415 1074 457 pluribus

336 465 471 505 vicibus,
494 477 529 498 ac
548 466 644 498 etiam
663 466 695 498 in
715 467 825 499 mortis
844 466 991 505 articulo,
1007 476 1076 498 cas-

334 528 405 551 sare
424 524 456 551 et
475 518 674 561 extinguere,
689 525 728 557 et,
747 525 917 562 postquam
930 525 1073 551 cassatae

335 577 366 605 et
392 572 551 605 extinctae
585 572 716 611 suerint,
749 573 827 604 alias
854 572 975 604 similes
992 582 1095 615 pen-¹

334 625 440 658 siones
466 635 598 662 annuas,
625 634 682 656 seu
708 625 838 663 fructus,
872 624 1016 656 redditus
1043 629 1075 656 ct

334 670 512 721 proventus
528 676 713 710 huiusmodi
731 687 834 719 usque
856 677 895 710 ad
916 688 1072 709 summam

334 732 544 775 praedictam,
569 731 623 763 uni
649 732 700 763 vel
725 731 874 774 pluribus
901 731 972 764 aliis
1002 741 1074 774 per-

333 784 422 817 sonis
448 784 693 824 ecclesiasticis,
719 785 769 816 vel
802 784 898 817 etiam
931 784 1072 817 clericali

333 838 520 871 charactere
545 843 621 870 tunc
646 837 801 880 temporis
828 838 973 870 nondum
996 838 1073 870 insi-

332 891 441 934 gnitis,
453 902 526 924 cuin
541 891 685 923 clausula
703 896 810 923 tamen
830 888 866 924 ei}
885 897 961 923 tunc
977 897 1074 934 prout

331 950 503 989 postquam
529 944 615 976 dicto
641 944 832 976 charactere
851 943 911 976 rite
926 944 1073 986 insigniti

332 997 459 1038 suerint,
485 1007 546 1041 per
571 997 704 1030 eosdem
729 997 940 1030 conclavistas
966 1002 997 1029 et
1022 1008 1074 1030 eo-

332 1061 403 1084 rum
429 1051 574 1093 singulos
600 1050 824 1087 nominandis,
856 1050 953 1082 etiam
979 1041 1074 1093 qua'e-

332 1114 493 1147 cumque,
525 1108 737 1146 quotcumque
769 1108 800 1135 et
825 1103 1072 1146 qualiacumque

331 1155 490 1189 beneficia
527 1156 745 1189 ecclesiastica
786 1156 1009 1188 obtinentibus
1043 1162 1073 1188 et

333 1210 600 1254 expectantibus,
630 1209 708 1242 alias
744 1214 850 1242 tamen
876 1209 1072 1252 pensionum

332 1263 521 1306 capacibus,
544 1262 696 1295 similiter
721 1262 765 1294 eis
791 1262 897 1304 quoad
923 1262 1094 1311 νίκθνίῑιῐ,ἰ

330 1317 381 1349 vel
406 1326 516 1349 eorum
540 1315 808 1358 procuratorilms
830 1314 995 1357 legitimis,
1014 1313 1094 1347 eis-¹

331 1369 405 1402 dem
421 1368 520 1402 modo
545 1372 577 1400 et
590 1368 701 1408 forma,
721 1368 837 1411 quibus
855 1367 976 1400 eisdem
996 1379 1073 1401 con-

331 1422 472 1455 clavistis
497 1426 678 1454 reservatae
695 1432 751 1454 seu
776 1422 931 1454 reservati
958 1426 1049 1454 erant
1065 1449 1072 1461 ,

330 1475 427 1508 etiam
444 1475 566 1518 absque
584 1474 741 1507 beneficia
759 1474 830 1518 ipsa
855 1474 1071 1507 obtinentium

330 1538 503 1568 consensu,
529 1527 657 1569 integre
684 1527 932 1570 persolvendas,
953 1537 988 1559 ac
1014 1537 1072 1570 per

331 1591 386 1614 eos
422 1580 555 1624 propria
590 1580 780 1613 auctoritate
816 1580 1070 1623 percipiendas,

330 1634 505 1676 exigendas
523 1638 555 1666 et
574 1633 738 1671 levandas,
758 1639 811 1665 aut.
830 1633 1069 1676 percipiendos

330 1686 509 1729 exigendos
536 1691 567 1718 et
591 1686 760 1723 levandos,
787 1695 965 1725 reservare,
996 1695 1071 1718 con-

329 1739 474 1780 stituere,
497 1740 676 1772 concedere
698 1745 730 1771 et
747 1739 909 1782 assignare
931 1739 1068 1778 valeant,

329 1792 533 1836 praefatique
559 1791 755 1825 translatarii
777 1792 808 1824 in
826 1792 915 1834 quasi
942 1802 1071 1834 posses-

329 1845 421 1879 sione
446 1845 547 1878 dictas
573 1844 747 1887 pensiones
773 1845 933 1887 exigendi,
953 1845 985 1876 in
1006 1855 1070 1888 qua

328 1899 389 1942 ipsi
421 1897 637 1931 conclavistae
672 1903 816 1940 tempore
849 1898 1070 1931 translationi:

328 1962 390 1996 per
414 1962 470 1984 eos
501 1951 724 1994 praesentium
759 1951 871 1993 vigore
902 1951 1093 1984 faciendae-1

329 2005 522 2044 existebant,
538 2004 571 2036 in
590 2004 742 2036 omnibus
755 2009 785 2037 et
798 2015 857 2048 per
874 2004 982 2036 onmia
998 2005 1070 2036 sub-

328 2058 432 2100 rogati
458 2068 529 2091 esse
555 2062 758 2097 censeantur,
795 2058 893 2090 etiam
919 2048 1092 2091 concedi-l

329 2121 400 2143 mus
419 2116 541 2154 pariter
555 2116 584 2143 et
598 2111 820 2153 indulgemus:
837 2111 963 2143 etiamsi
983 2110 1070 2143 simi-
1087 2084 1091 2130 l

330 2165 394 2197 lem
427 2169 561 2206 gratiam
581 2164 920 2206 apraedecessoribus
947 2163 1068 2196 nostris

330 2217 410 2250 alias
447 2218 555 2250 forsan
591 2217 807 2257 obtinuerint,
841 2228 898 2250 seu
930 2218 1069 2260 quilibet

330 2281 441 2303 eorum
470 2270 665 2310 obtinuerit,
694 2275 757 2302 tam
789 2270 899 2312 vigore
933 2271 1069 2303 aliorum

329 2323 574 2366 privilegiorum
599 2323 882 2364 conclavistarum,
910 2334 1005 2367 quam
1031 2335 1068 2357 ex

330 2388 538 2420 quocumque
572 2377 635 2410 alio
665 2377 792 2410 indulto
818 2383 850 2410 et
874 2378 1044 2421 privilegio
1060 2405 1067 2418 ,

330 2440 469 2473 quorum
493 2429 644 2462 effectum
669 2440 729 2472 per
754 2430 837 2462 hanc
861 2441 976 2463 novam
998 2441 1069 2473 gra-

328 2482 406 2515 tiam
438 2487 470 2515 et
500 2483 746 2515 concessionem
779 2482 938 2526 impedire
974 2485 1068 2517 nolu-

328 2546 413 2576 mus,
432 2536 490 2568 sed
507 2536 699 2569 cumulative
725 2547 915 2570 concessam
931 2539 980 2570 vel
998 2547 1069 2570 con-

328 2598 435 2621 cessas
463 2598 534 2621 esse
561 2590 721 2628 volumus,
740 2589 781 2622 ita
800 2595 835 2622 ut
853 2590 990 2633 quilibet
1015 2601 1069 2623 co-

397 2650 478 2680 Ball.
494 2651 575 2679 Rom.
592 2666 623 2670 —
644 2651 702 2678 Vol.
719 2652 812 2680 XVII.
958 2651 991 2679 66

1125 209 1154 232 ix
1180 209 1227 232 1³1³.
1757 202 1813 234 32³1

1120 267 1189 289 rum
1208 257 1401 289 cumulative
1424 263 1451 289 ct
1473 257 1657 301 ampliative
1680 259 1853 301 praedis-tis

1119 309 1325 342 facultatibus
1349 311 1585 353 praesentibus,
1614 318 1641 343 et
1670 313 1854 354 praeteritis

1118 361 1295 404 privilegiis
1322 363 1382 395 liae
1407 363 1438 395 in
1466 374 1500 395 re
1526 365 1689 396 concessis
1717 365 1771 405 uti,
1795 365 1854 396 frui

1118 420 1147 446 et
1163 415 1261 457 potiri
1280 415 1418 458 possint:
1431 416 1643 449 decernentes
1659 417 1745 460 ipsas
1758 423 1856 450 trans-

1117 467 1255 500 ]ationes
1282 473 1312 499 et,
1335 478 1434 500 novas
1460 470 1707 508 teservati01ms,
1742 471 1855 503 consti-

1117 519 1257 551 tutiones
1276 526 1304 552 et
1320 520 1556 562 assignationes
1576 523 1777 564 pensionum,
1798 535 1853 555 seu

1116 572 1290 610 fructuum,
1307 573 1489 605 reddituum
1507 579 1537 605 ct
1562 580 1777 616 proventuum
1798 576 1855 607 liu-

1115 623 1278 663 iusmodi,
1313 630 1348 657 nt
1383 626 1587 668 praefertur,
1616 627 1788 666 faciendas,
1816 640 1852 659 ax

1115 686 1200 709 nunc
1213 682 1313 719 prout
1330 683 1501 720 postquam
1525 679 1624 722 sactae
1648 680 1775 718 tuerint,
1790 682 1855 723 pli>-

1115 740 1187 762 nam
1205 730 1334 762 roboris
1358 730 1544 764 firmitatem
1571 732 1732 773 obtinere,
1753 734 1855 776 ipsos-

1115 793 1177 826 que
1203 784 1372 822 beneticia,
1400 795 1499 827 super
1518 796 1655 827 quorum
1676 786 1854 825 fructibus,

1114 837 1304 876 redditibus,
1333 838 1551 880 proventibus,
1582 839 1718 881 aliisque
1744 839 1855 871 liuius-

1113 889 1199 922 modi
1225 895 1407 923 reservatae
1434 891 1572 930 suerint,
1599 891 1783 924 obtinentes
1815 893 1853 924 ad

1115 942 1186 976 illas
1217 944 1447 986 persolvendas
1481 944 1656 977 efficaciter
1691 944 1852 987 obligaqu

1115 997 1194 1029 sore.

1865 212 1912 237 Aa.
1931 212 1957 238 (ἶ.
1982 211 2046 238 toffl

1159 1049 1250 1092 §10-
1286 1051 1328 1082 AC
1362 1061 1432 1083 CUH]
1467 1051 1590 1084 OiSdssll]
1624 1052 1852 1091 COsst'lRVlSliS,
1891 1061 2047 1087 lM-pcnmtsn·

1116 1103 1212 1146 quod,
1227 1104 1352 1137 ratione
1368 1115 1641 1148 quarumcumque
1657 1106 1852 1148 pensionum
1864 1094 1937 1160 ἷΪῙ-ξιιιω

1865 1147 1889 1161 t'i'-
1910 1147 1925 1161 5.

1115 1166 1295 1188 annuarum
1320 1157 1365 1189 eis
1395 1163 1426 1189 et
1461 1168 1571 1190 eorum
1599 1158 1728 1190 cuilibet
1755 1169 1854 1201 super

1116 1209 1372 1252 quibuscumque
1404 1210 1572 1243 beneficiis
1606 1211 1851 1250 ecclesiasticis,

1116 1261 1212 1293 ctiam
1238 1261 1269 1293 in
1290 1263 1541 1302 cathedralilms,
1563 1267 1595 1296 et
1612 1263 1681 1295 aliis
1708 1264 1854 1296 ecclesiis

1116 1325 1174 1346 seu
1185 1315 1399 1355 monasteriis,
1411 1315 1506 1348 etiam
1518 1328 1534 1348 a
1546 1316 1719 1358 praedictis
1730 1316 1758 1348 S
1772 1316 1806 1348 R.
1821 1316 1853 1348 F„

1115 1368 1335 1401 cardinalibus
1360 1369 1517 1409 obtentis,
1545 1375 1575 1401 et
1600 1374 1634 1400 ut
1669 1370 1856 1412 praefertur

1116 1421 1311 1458 obtinendis.
1334 1423 1383 1454 vel
1405 1422 1483 1454 alias
1511 1422 1761 1465 quomodolibet
1777 1433 1855 1464 qua-

1115 1473 1253 1514 liat-atis,
1283 1485 1347 1507 non
1376 1481 1480 1508 tamen
1506 1476 1590 1508 ultra
1615 1485 1773 1507 summam
1799 1475 1855 1507 du-

1115 1533 1258 1560 catorum
1281 1528 1492 1561 ducentorum
1518 1528 1645 1571 parium
1670 1538 1728 1571 pro
1755 1527 1855 1570 quoli-

1114 1581 1179 1620 bet,
1201 1592 1286 1614 nunc
1304 1587 1336 1614 et.
1355 1592 1414 1625 pro
1439 1587 1586 1624 tempore
1613 1586 1854 1614 reservatarun'i

1114 1640 1144 1666 et
1168 1634 1446 1675 reservandarum,
1473 1634 1619 1666 habitum
1637 1640 1668 1666 ct
1685 1639 1853 1667 tonsuram

1113 1687 1278 1720 clericales
1305 1692 1442 1730 gestare,
1465 1692 1496 1719 et
1520 1687 1552 1719 in
1578 1687 1652 1725 illis,
1679 1688 1854 1720 dummodo

1113 1741 1191 1773 alias
1216 1741 1278 1784 ipsi
1312 1740 1458 1773 habitum
1489 1740 1659 1773 decentem
1696 1745 1724 1772 et
1752 1741 1855 1773 hone-

1113 1799 1195 1825 stum
1211 1793 1368 1832 deferant,
1385 1793 1537 1826 incedere
1556 1793 1689 1825 minime
1703 1792 1853 1832 debeant,

1112 1857 1172 1879 nec
1197 1847 1236 1879 ad
1263 1847 1294 1879 id
1320 1858 1335 1879 a
1363 1857 1525 1890 quoquam
1544 1847 1687 1889 desuper
1705 1846 1777 1888 cogi
1796 1856 1852 1878 seu

1113 1900 1282 1943 compelli,
1304 1901 1478 1942 minusque
1504 1899 1628 1942 aliquas
1654 1899 1851 1935 sententias,

1112 1963 1265 1985 censuras
1297 1963 1331 1985 ac
1357 1952 1453 1985 etiam
1479 1952 1671 1995 privationis
1697 1962 1753 1983 seu
1786 1961 1854 1983 ces-

1112 2005 1245 2038 sationis
1273 2006 1416 2049 ipsarum
1442 2005 1636 2048 pensionum
1662 2014 1784 2047 poenas
1804 2015 1855 2036 oe-

1112 2059 1243 2092 oasione
1262 2058 1512 2102 praemissorum
1528 2058 1696 2090 incurrere
1715 2064 1854 2099 possint,

1111 2112 1167 2145 sed
1201 2112 1332 2144 casdem
1366 2111 1542 2154 pensiones
1579 2110 1618 2142 ad
1653 2109 1855 2152 praedictam

1111 2175 1270 2197 summam
1295 2166 1509 2196 ducentorum
1530 2163 1722 2195 ducatorum
1748 2172 1855 2195 ascen-

1112 2219 1226 2251 dentes
1247 2245 1253 2257 ,
1279 2223 1310 2250 et
1334 2222 1515 2249 reservatas
1533 2243 1540 2255 ,
1575 2221 1610 2247 ut
1641 2215 1826 2258 praefertur
1844 2242 1851 2256 ,

1112 2270 1237 2304 etiamsi
1262 2270 1503 2303 matrimonium
1528 2270 1591 2302 iam
1617 2268 1850 2307 contraxerint,

1110 2325 1161 2357 vel
1187 2324 1324 2367 posthac
1351 2323 1547 2356 contrahere
1572 2321 1750 2359 voluerint,
1780 2331 1853 2353 cum

1111 2378 1204 2410 unica
1231 2382 1336 2409 tamen
1362 2382 1393 2409 et
1417 2376 1555 2419 virgine,
1582 2375 1728 2418 recipere
1755 2380 1787 2407 et
1816 2374 1854 2407 li-

1110 2433 1187 2464 bere
1214 2431 1366 2463 retinere.

1942 1088 2047 1108 tlt-tatium

1988 1115 2046 1135 cleti*

1154 2485 1168 2527 ἓ
1194 2484 1245 2516 Μ.
1273 2484 1448 2522 Postremo,
1469 2483 1555 2526 quod
1576 2483 1661 2516 bona
1681 2491 1854 2525 quaecum·
1879 2487 2053 2515 Stwhaacipso·

1867 2520 1909 2533 rum

1928 2515 1988 2536 tinnis
2005 2516 2051 2537 fieri

1111 2548 1172 2581 que
1210 2538 1249 2570 ad
1285 2537 1388 2570 dictos
1426 2536 1637 2569 conclavistas
1677 2541 1709 2568 et
1740 2541 1973 2567 eorunm-rohtbe-

1112 2591 1292 2635 quemlibet
1317 2590 1508 2634 spectantia,
1531 2595 1562 2623 et
1587 2600 1646 2633 per
1669 2599 1725 2621 eos
1757 2588 1853 2622 etiam
