2247 3208
234 220 283 246 An.
301 219 328 246 C.
353 219 417 247 1667
464 210 529 243 544

231 1207 261 1222 [111

259 1177 369 1196 Decretum
388 1177 414 1197 ir-

266 1210 303 1224 11111

413 1444 495 1465 rum
521 1431 789 1470 revocationibus,
816 1430 1073 1470 liniitationibus,
1095 1441 1161 1462 sus-

427 278 563 310 cumque
589 277 625 297 ex
652 265 697 297 eis
716 269 918 307 proventura,
933 268 1102 306 postquam
1117 268 1160 295 ta-
1180 265 1182 279 ³

426 331 499 354 men
521 319 707 356 triennium,
727 318 763 350 ad
784 318 869 360 quod
891 318 1022 350 eosdem
1042 317 1160 349 fructus

424 386 441 407 a
465 377 641 406 memorato
667 371 854 414 Marquardo
880 370 1034 413 episcopo
1060 370 1158 413 accipi

421 427 591 465 voluimus⁷
618 430 652 457 ut
676 424 868 467 praefertur,
885 424 1028 466 elapsum
1053 423 1158 463 suerit,

423 480 614 523 percipere,
642 478 782 519 exigere,
809 478 939 516 levare,
967 487 1003 509 ac
1027 476 1059 508 in
1085 486 1160 509 suos

422 541 610 565 communes
623 535 654 563 et
667 530 742 562 dicti
756 528 943 562 monasterii
958 539 1042 568 usus,
1053 539 1161 561 110005-

422 585 532 618 sitates
558 589 589 616 et
608 583 779 615 utilitatem
806 588 1005 621 convertere,
1035 581 1161 614 dioece-

424 636 491 670 sani
509 636 571 669 loci
585 647 639 669 sen
658 635 794 667 cuiusvis
815 635 948 667 alterius
967 634 1098 667 licenti-:1
1112 635 1161 667 110-

425 700 522 734 super
540 690 671 722 minime
692 688 855 732 requisita,
877 688 972 721 etiam
991 693 1159 731 perpetuo,

426 743 508 776 dicta
523 741 722 781 animositate,
741 741 951 780 concedendi,
966 741 1159 783 applicandi,

426 796 658 840 appropriandi
692 801 723 828 et
754 794 962 836 assignandi,
989 799 1160 836 ceteraque

424 850 563 892 desuper
586 848 766 881 necessaria
786 852 818 879 et
841 846 1088 890 quomodolibet
1105 856 1161 888 op-

422 908 562 946 portuna
588 901 734 939 faciendi,
760 899 893 942 gerendi
914 904 945 931 et
969 898 1160 941 exequendi,

424 964 662 999 quamcumque
694 953 910 986 necessariam
943 957 974 984 et
1005 956 1161 994 opportu-

424 1020 497 1042 nam
523 1009 704 1041 facultatem
723 1011 755 1040 et
775 1006 1009 1045 auctoritatem,
1037 1015 1162 1036 earum-

425 1063 497 1095 dem
524 1068 635 1093 tenore
664 1059 898 1102 praesentium,
936 1057 1105 1090 tribuimus
1130 1062 1162 1089 01

424 1114 639 1157 impartimur.

469 1168 483 1210 ξ
507 1166 538 1199 3.
566 1167 786 1199 Deeernentes
801 1164 885 1207 ipsas
900 1169 1090 1207 praesentes
1109 1163 1157 1196 lit-

425 1225 520 1259 teras,
540 1225 572 1252 et
596 1219 626 1251 in
653 1219 698 1251 cis
724 1222 884 1256 contenta,
911 1228 947 1249 ac
971 1217 1046 1249 inde
1072 1216 1160 1249 iuxta

425 1284 534 1306 01111111]
548 1273 680 1305 sormam
694 1276 726 1304 et
740 1276 886 1303 tenorem
902 1276 1052 1302 secutura
1066 1281 1160 1313 quae-

425 1337 574 1369 cumque,
590 1326 678 1358 nullo
695 1335 837 1367 unquam
856 1328 1000 1366 tempore
1018 1324 1076 1355 sub
1094 1324 1160 1366 qui-

424 1379 530 1412 busvis
555 1378 707 1411 similium
732 1379 782 1410 vel
816 1376 1019 1409 dissimilium
1045 1377 1160 1419 gratia-

425 1485 647 1529 pensionibus,
674 1484 806 1527 aliisque
831 1483 1001 1516 contrariis
1027 1483 1162 1526 disposi-

426 1538 567 1571 tionibus
594 1537 688 1569 etiam
713 1547 772 1580 per
804 1546 862 1568 nos
892 1541 923 1568 et
957 1546 1161 1568 successores

426 1597 552 1624 nostros
572 1591 735 1623 Romanos
755 1586 939 1627 Pontifices,
956 1589 1014 1621 sub
1032 1589 1162 1632 quibus-

426 1654 562 1687 cumque
589 1644 761 1676 verborum
787 1642 953 1675 tenoribus
980 1646 1012 1674 01
1035 1641 1158 1681 formis,

427 1697 522 1730 ctiam
558 1702 645 1729 motu
677 1696 808 1738 proprio
840 1701 871 1728 et
902 1696 940 1728 de
966 1694 1162 1738 apostolicae

427 1750 597 1793 potestatis
623 1749 836 1792 plenitudine,
864 1759 922 1791 pro
948 1754 1094 1791 tempore
1120 1748 1163 1780 sa-

427 1803 550 1836 ciendis
575 1802 809 1845 comprehendi
847 1803 895 1834 vel
928 1802 1163 1844 comprehensa

427 1855 1163 1899 1005011501]111511511111051·11105111101·115,1111ι]-

428 1921 525 1952 quain
550 1910 589 1941 1111
616 1909 714 1941 divini
736 1909 840 1941 cultus
859 1919 894 1939 ac
918 1908 1084 1950 religionis
1109 1908 1165 1940 bo-

429 1973 609 2005 norumque
633 1967 664 1994 et
688 1961 814 2004 piorum
833 1971 968 2003 operum
985 1961 1166 1993 incremen-

429 2021 494 2047 111111
513 2025 690 2053 concessas,
717 2024 847 2056 semper
865 2013 903 2044 ab
923 2013 985 2045 illis
1007 2012 1118 2055 excipi,
1135 2018 1166 2044 et

430 2073 593 2109 exceptas,
617 2076 660 2105 ac,
684 2065 809 2108 quoties
835 2065 909 2098 illae
936 2065 1164 2104 emanaverint,

431 2121 525 2153 toties
550 2120 580 2151 in
608 2119 779 2162 pristinum
802 2124 831 2151 et
856 2118 1090 2151 validissimum
1108 2123 1167 2150 sta-

432 2179 496 2205 tum
513 2172 686 2210 restitutas,
706 2171 863 2214 repositas
875 2176 905 2203 et
920 2171 1065 2214 plenarie
1083 2171 1168 2203 rein-

432 2230 589 2267 tegratas,
617 2235 650 2256 ac
676 2225 713 2256 de
738 2234 820 2256 novo
846 2224 941 2256 etiam
974 2224 1033 2255 sub
1063 2229 1167 2266 poste-

432 2278 511 2310 riori
537 2279 609 2310 data
634 2288 693 2320 per
718 2288 792 2315 eos,
819 2278 856 2309 ad
883 2288 963 2320 quos
998 2288 1057 2320 pro
1092 2282 1169 2309 tein-

432 2342 511 2374 pore
537 2330 704 2372 spectabit,
724 2331 992 2373 quandocumque
1019 2330 1168 2372 eligenda

433 2394 598 2416 concessas
624 2383 774 2426 intelligi,
789 2383 976 2426 firmasque,
998 2383 1119 2415 validas
1138 2389 1169 2415 et

433 2435 578 2468 efficaces
596 2437 731 2468 existere
750 2441 781 2469 et
795 2436 876 2476 sore,
899 2446 1040 2479 suosque
1058 2436 1170 2479 plena-

432 2488 497 2522 rios
514 2494 545 2521 et.
569 2489 712 2531 integros
740 2489 873 2522 etl'ectus
899 2489 1006 2522 sortiri
1032 2494 1063 2521 et
1089 2489 1169 2521 obti-

432 2552 522 2581 nere‚
548 2553 583 2574 ac
608 2541 682 2581 illis,
709 2542 747 2574 ad
774 2554 853 2585 quus
889 2548 1015 2585 spectat
1046 2547 1075 2575 ct
1108 2552 1167 2585 pro

434 2601 578 2638 tempore
616 2595 798 2640 spectabit,
824 2595 857 2628 in
881 2596 1030 2629 omnibus
1057 2600 1087 2628 et
1111 2605 1169 2639 per

1006 216 1185 240 BULLAntUM
1210 216 1359 240 ROMANUM

1203 264 1309 295 01111111]
1334 265 1525 306 plenissime
1551 266 1738 309 suffragari,
1765 268 1875 311 sicque
1905 274 1936 301 et

1203 326 1267 348 non
1289 316 1381 349 aliter
1393 317 1426 349 in
1444 318 1629 360 praemissis
1643 330 1700 362 per
1715 331 1936 365 quoscumque

1203 369 1327 402 iudices
1353 370 1534 403 ordinarios
1559 377 1590 404 et
1614 373 1780 415 delegatos
1796 401 1804 414 ,
1842 375 1937 408 etiam

1203 433 1373 455 causarum
1413 424 1522 466 palatii
1556 426 1724 467 apostolici
1755 427 1936 467 auditores,

1203 485 1237 507 ae
1257 475 1400 508 eiusdem
1418 476 1448 508 S.
1469 476 1505 508 R.
1525 477 1559 510 E.
1583 477 1771 518 cardinales
1784 479 1878 512 etiam
1899 482 1938 513 de

1203 528 1304 560 latere
1329 529 1453 569 legatos
1478 540 1514 561 ac
1539 529 1642 562 dietae
1666 530 1757 563 Sedis
1782 533 1936 571 nuncios,

1203 581 1329 614 sublata
1345 581 1390 613 eis
1417 587 1449 614 et
1472 593 1583 615 eorum
1604 583 1737 616 cuilibet
1754 585 1863 627 quavis
1881 586 1938 618 ali-

1203 639 1253 666 ter
1269 634 1429 667 iudicandi
1448 640 1480 667 ct
1496 636 1729 679 interpretandi
1745 637 1893 670 facultate
1908 643 1939 670 et

1203 688 1404 728 auctoritate,
1429 689 1565 721 iudicari
1591 695 1623 722 et
1647 689 1776 722 definiri
1802 690 1938 731 debere,

1204 751 1239 772 ac
1263 741 1394 773 irritum
1419 746 1451 773 et
1475 742 1571 774 inane
1598 742 1624 774 si
1650 753 1745 775 secus
1763 754 1865 787 super
1889 744 1939 776 his

1204 804 1220 826 a
1236 804 1410 836 quoquam,
1439 795 1551 837 quavis
1573 796 1780 836 auctoritate,
1797 797 1941 830 scienter

1204 847 1253 879 vel
1271 847 1474 888 ignoranter,
1491 847 1668 890 contigerit
1681 849 1848 882 attentari.

1248 899 1262 941 ξ,
1286 899 1317 931 li.
1345 899 1415 932 Non
1441 900 1646 933 obstantibus
1664 901 1864 943 praemissis,
1891 912 1935 939 ac,

1205 955 1366 993 quatenus
1384 961 1465 994 011115
1484 951 1535 991 511,
1551 952 1669 985 11051115
1683 958 1714 986 01
1727 954 1937 987 cancellariae

1203 1004 1399 1046 apostolicae
1423 1005 1544 1046 regulis
1562 1005 1599 1037 de
1619 1005 1685 1037 iure
1707 1006 1851 1048 quaesito
1871 1018 1937 1040 non

1203 1058 1356 1098 tollendo,
1375 1068 1411 1090 ac
1429 1058 1467 1090 de
1480 1058 1663 1098 unionibus,
1680 1059 1938 1093 dismembratio-

1204 1110 1307 1150 nibus,
1322 1111 1607 1153 suppressionilms
1622 1117 1653 1143 et
1668 1112 1938 1155 applicationibus

1203 1163 1370 1206 perpetuis
1392 1163 1631 1196 committendis
1647 1165 1686 1197 ad
1707 1170 1824 1207 partes,
1845 1159 1939 1198 voca-

1205 1216 1242 1247 tis
1267 1226 1405 1258 quorum
1430 1217 1576 1257 interest,
1604 1217 1880 1260 exprimendoque
1905 1218 1937 1250 in

1204 1268 1248 1301 eis
1281 1279 1355 1301 vero
1386 1270 1517 1307 valore,
1548 1280 1677 1302 necnon
1712 1270 1936 1303 Lateranensis

1203 1321 1331 1354 concilii
1348 1322 1522 1354 novissime
1541 1322 1695 1354 celebrati
1713 1322 1850 1355 uniones
1868 1334 1939 1366 per-

1203 1380 1324 1417 petuas,
1350 1375 1411 1407 nisi
1436 1375 1468 1406 in
1494 1375 1621 1407 casibus
1641 1386 1657 1407 a
1679 1375 1749 1408 iure
1770 1375 1936 1418 permissis

1203 1427 1272 1460 fieri
1305 1428 1531 1470 prohibentis,
1564 1428 1702 1470 aliisque
1734 1428 1938 1471 apostolicis,

1203 1481 1286 1512 acin
1304 1481 1539 1513 universalibus
1566 1481 1882 1524 provincialibusque
1908 1487 1941 1514 01

1203 1534 1411 1576 synodalibus
1437 1534 1582 1567 conciliis
1608 1535 1712 1575 editis,
1732 1535 1940 1577 generalibus

1204 1588 1253 1620 vel
1271 1587 1474 1630 specialibus,
1493 1587 1778 1620 constitutionibus
1804 1593 1836 1621 et
1860 1588 1941 1621 ordi-

1205 1641 1410 1681 nationibus,
1443 1652 1479 1673 ac
1510 1641 1751 1683 praedictoiaun
1780 1646 1942 1674 monaste-

1205 1695 1326 1727 riorum
1351 1699 1382 1727 et
1402 1694 1585 1735 Δ011111111111,
1619 1693 1727 1726 111115νο
1763 1694 1940 1737 quibusvis,

1206 1748 1302 1780 etiam
1327 1747 1523 1785 iuramento,
1543 1745 1789 1779 confirmatione
1813 1752 1943 1789 aposto-

1206 1802 1277 1841 lica,
1294 1801 1342 1833 vel
1369 1799 1479 1843 quavis
1500 1799 1651 1831 firmitate
1678 1799 1740 1832 alia
1764 1799 1942 1839 roboratis,

1206 1853 1334 1886 statutis
1360 1858 1389 1885 et
1423 1852 1738 1891 consuetudinibus,
1766 1851 1861 1884 ctiam
1886 1852 1945 1885 im-

1206 1905 1483 1945 memorabilibus,
1510 1905 1690 1948 privilsxgiis
1720 1916 1862 1948 quoque,
1890 1905 1941 1938 in-

1208 1959 1307 1992 dultis
1329 1964 1361 1991 et
1380 1958 1498 1991 litteris
1528 1958 1716 2001 apostolicis
1733 1958 1828 1991 etiam
1853 1958 1946 1991 dictis

1208 2012 1380 2045 Ordinibus
1400 2017 1431 2043 et
1455 2011 1671 2050 monasteriis,
1693 2021 1872 2054 eorumque
1894 2022 1946 2043 su-

1208 2065 1392 2109 perioribus
1424 2070 1454 2096 et
1478 2064 1628 2107 personis
1664 2064 1941 2107 quibuscumque,

1209 2118 1267 2150 sub
1305 2117 1468 2160 quibusvis
1500 2117 1676 2149 verborum
1713 2116 1879 2149 tenoribus
1917 2123 1948 2149 et

1211 2170 1319 2202 formis
1333 2196 1340 2209 ,
1367 2180 1402 2201 ac
1426 2179 1497 2200 eum
1515 2168 1680 2211 quibusvis
1698 2169 1793 2201 etiam
1814 2169 1948 2211 deroga-

1211 2224 1363 2255 toriarum
1390 2222 1611 2264 derogatoriis,
1634 2221 1770 2264 aliisque
1795 2221 1948 2254 efficacio—

1210 2276 1299 2308 ribus
1324 2280 1355 2308 et
1380 2275 1516 2307 insolitis
1536 2274 1705 2315 clausulis,
1732 2273 1948 2306 irritantibus-

1211 2339 1272 2371 que
1300 2333 1330 2361 et
1357 2328 1426 2361 aliis
1456 2328 1602 2365 decretis,
1629 2327 1662 2359 in
1692 2337 1812 2370 genere
1835 2326 1886 2359 vel
1915 2326 1948 2358 in

1210 2381 1338 2424 specie,
1372 2381 1469 2413 etiam
1500 2380 1773 2413 consistorialiter
1803 2383 1835 2413 et
1869 2379 1948 2413 alias

1211 2435 1458 2478 quomodolibet
1481 2434 1513 2466 in
1539 2434 1737 2466 contrarium
1754 2431 1949 2476 praemisso-

1210 2500 1280 2522 rum
1299 2488 1475 2528 concessis,
1501 2487 1697 2521 confirmatis
1716 2491 1748 2519 ct
1764 2485 1947 2526 innovatis·,

1211 2542 1329 2585 quibus
1355 2541 1508 2574 omnibus
1524 2545 1555 2573 et
1575 2539 1723 2582 singulis,
1742 2539 1867 2571 etiamsi
1888 2548 1948 2581 pro

1211 2595 1341 2627 illorum
1374 2592 1545 2626 sufficienti
1571 2591 1781 2635 derogatione
1815 2591 1855 2625 de
1886 2590 1952 2626 illis

1944 221 1993 247 An.
2011 221 2039 247 C.
2063 221 2128 248 1067

1977 912 2134 934 Contrariorum

1948 938 2069 965 derogatio.
