2247 3208
209 210 257 236 An.
275 210 303 235 C.
327 209 391 235 1657

269 688 382 711 Durocatio

214 718 270 734 cntra
277 721 359 735 riorum.

236 1581 381 1608 ‘Fran-‘unnim-

201 1616 244 1629 ruui
260 1609 316 1630 tides.

439 199 502 231 4OE

397 267 456 299 per
480 254 587 288 omnia
605 252 791 296 plenissime
809 249 992 292 suffragari,
1020 248 1129 290 sicque

396 310 428 341 in
454 307 636 351 praemissis
669 316 728 348 per
760 313 978 348 quoscumque
1009 302 1131 335 iudices

395 362 574 396 ordinarios
592 366 623 393 et
640 361 818 402 delegatos,
841 359 937 391 etiam
961 367 1129 390 causarum

394 415 503 460 palatii
530 414 699 458 apostolici
724 413 908 451 auditores,
941 409 1074 444 iudicari
1100 413 1132 442 et

394 469 519 502 definiri
545 468 679 506 debere,
707 477 742 500 ac
766 466 892 499 irritum
917 470 949 498 et
972 464 1077 503 inane,
1105 464 1129 496 si

394 533 485 555 secus
511 532 611 565 super
631 521 681 554 his
706 531 723 553 a
747 530 909 563 quoquam
941 518 1051 562 quavis
1077 527 1131 550 au-

394 576 550 614 ctoritate,
577 575 716 607 scienter
739 574 789 606 vel
814 571 1131 616 ignoranteigconti-

394 628 477 671 gerit
502 627 663 660 attentari.

438 681 451 723 ἓ
486 680 516 712 6.
554 679 624 712 Non
661 678 866 711 obstantibus
892 676 1132 710 constitutioni-

393 734 452 766 bus
483 738 515 765 et
539 731 798 765 ordinationibus
829 730 1041 774 apostolicis„
1077 740 1128 768 ac,

394 790 555 829 quatenus
582 795 665 828 opus
692 784 743 822 sit,
760 783 931 826 utriusque
951 783 1130 825 Congrega-

392 839 488 872 tionis
516 838 715 877 huiusmodi,
731 838 827 870 etiam
848 837 1038 875 iuramento,
1055 846 1131 867 con-

391 892 573 925 firmatione
600 891 795 935 apostolica,
821 891 871 923 vel
898 890 1007 932 quavis
1031 888 1131 920 sirmi-

392 950 456 978 tatc
482 945 543 977 alia
568 944 736 983 roboratis,
752 943 878 975 statutis
904 949 935 975 et
960 947 1131 974 consuetu-

394 998 539 1036 dinibus,
564 997 741 1040 privilegiis
767 1006 916 1038 quoqne,
943 995 1075 1028 indultis
1101 1000 1129 1027 et

392 1051 507 1084 litteris
532 1049 718 1093 apostolicis
752 1049 783 1081 in
817 1049 1014 1081 contrarium
1040 1058 1131 1091 prae-

392 1103 559 1135 missorum
586 1101 832 1144 quomodolibet
861 1100 1042 1139 concessis,
1076 1111 1131 1143 ap-

391 1155 535 1198 probatis
564 1160 594 1187 et
628 1154 810 1193 innovatis;
838 1153 955 1197 quibus
981 1153 1131 1186 omnibus

390 1213 420 1241 et
446 1207 589 1250 singulis,
608 1207 736 1240 illorum
756 1212 885 1239 tenores
907 1206 1131 1249 praesentibus

390 1271 450 1304 pro
477 1261 571 1303 plene
606 1265 634 1292 ct
670 1260 869 1292 sufficienter
901 1259 1060 1302 expressis
1096 1269 1131 1291 ac

391 1314 429 1346 de
455 1314 554 1346 verbo
581 1314 618 1345 ad
645 1313 780 1345 verbum
807 1312 935 1345 insertis
961 1312 1130 1350 habentes,

389 1367 454 1399 illis
480 1367 557 1399 alias
583 1367 615 1398 in
647 1376 704 1397 suo
738 1366 853 1398 robore
890 1365 1129 1407 permansuris,

390 1419 428 1451 ad
445 1419 692 1461 praemissorum
708 1417 865 1455 effectum,
881 1417 940 1449 hac
957 1417 1023 1448 rice
1042 1417 1132 1449 dum-

391 1477 486 1511 taxat,
500 1471 684 1514 specialiter
702 1476 731 1501 et
751 1480 899 1512 expresse
923 1470 1129 1511 dcrogamus3

393 1524 571 1566 ceterisque
599 1523 767 1555 contrariis
793 1523 1061 1565 quibuscumque.

438 1579 452 1620 ξ
489 1577 518 1609 7.
558 1576 712 1609 Volumus
743 1581 849 1607 autem
879 1580 914 1606 ut
945 1574 1131 1607 earumdem

396 1630 612 1674 praesentium
634 1629 816 1662 litterarum
835 1627 1046 1670 transumptis
1076 1637 1130 1659 scu

394 1683 561 1727 exemplis,
589 1682 684 1715 etiam
708 1681 887 1724 impressis,
912 1691 1006 1713 manu
1033 1680 1132 1712 alicu-

393 1738 442 1769 ius
467 1736 583 1768 notarii
606 1734 727 1778 publici
746 1734 951 1776 subscriptis,
972 1738 1003 1765 ct
1023 1733 1131 1775 sigillo

392 1799 554 1832 personae
581 1789 613 1820 in
639 1787 861 1820 ecclesiastica
887 1786 1041 1828 dignitate
1061 1796 1133 1817 con-

394 1842 524 1874 stitutae
551 1840 703 1877 munitis,
733 1839 846 1871 eadem
882 1848 1017 1880 prorsus
1051 1837 1131 1870 tides

393 1901 459 1928 tam
485 1895 517 1926 in
543 1894 664 1926 iudicio
690 1903 784 1935 quam
807 1897 895 1924 extra
912 1891 993 1924 illud
1010 1890 1132 1933 ubique

393 1949 540 1980 locorum
574 1952 603 1978 et
635 1946 778 1987 gentium
812 1944 1023 1982 adhibeatur,
1051 1953 1131 1985 quac

394 2001 544 2043 ipsismet
579 1999 810 2043 praesentibus
848 1997 1078 2035 adhiberetur,
1107 1995 1131 2028 si

396 2053 505 2085 forent
526 2051 688 2084 exhibitae
716 2051 767 2083 vel
793 2055 958 2082 ostensae.

440 2105 550 2137 Datum
577 2104 716 2140 Romae,
742 2103 825 2145 apud
859 2101 889 2134 S.
918 2101 1047 2133 Mariam
1074 2099 1135 2132 Ma-

397 2157 518 2195 iorcm,
558 2157 615 2189 sub
652 2156 772 2188 annulo
809 2153 999 2191 Piscatoris‚
1037 2153 1087 2185 die
1115 2162 1133 2184 x

397 2210 503 2242 martii
535 2206 923 2251 MnchV11‚pontiticat11s
940 2205 1043 2238 nostri
1072 2216 1130 2237 an-

397 2272 440 2295 no
458 2272 514 2295 xn.

433 2323 489 2350 Dat.
510 2324 553 2349 die
569 2324 602 2350 10
618 2323 706 2350 martii
724 2322 801 2357 1667,
819 2321 913 2357 pontif.
930 2328 1000 2347 anno
1020 2326 1067 2347 xn.

705 2453 831 2487 CDLXI.

399 2524 597 2564 Quibusdam
626 2523 701 2555 locis
723 2522 990 2565 Conqregyati'onz's
1007 2521 1132 2553 Somas-

441 2578 518 2609 chae
542 2577 627 2618 fucta
651 2576 805 2608 concessio
830 2573 1002 2617 sepeliendi
1031 2572 1133 2604 alum-
1154 2586 1157 2609 ι

978 201 1159 225 nt'LLAntUM
1180 200 1333 224 ROMA-xm!

1217 257 1335 279 norum
1360 246 1517 280 cadavera
1546 248 1615 281 sine
1643 248 1826 280 interventu
1847 257 1908 291 pa-

1216 299 1398 332 rochorum.

1366 389 1533 415 Alexander
1553 389 1631 422 Papa
1652 391 1715 422 vu,

1298 433 1333 460 ad
1353 435 1527 466 perpetuam
1546 434 1589 460 rei
1610 433 1790 461 memoriam

1217 511 1342 544 Dudum
1360 521 1419 554 pro
1438 516 1528 554 parte
1547 517 1621 543 tunc
1639 511 1803 544 existentis
1819 523 1908 555 prae-

1172 563 1269 607 positi
1297 564 1457 606 generalis
1483 564 1750 606 Congregationis
1775 565 1909 598 clerico-

1171 626 1243 649 rum
1260 616 1456 658 regularium
1474 616 1681 656 Somaschae,
1701 617 1779 650 alias
1797 617 1828 650 S.
1846 617 1909 650 Ma-

1172 668 1227 701 ioli
1253 668 1427 711 Papiensis‚
1446 669 1546 701 felicis
1564 669 1795 702 recordationis
1810 670 1909 703 Paulo

1172 721 1257 763 Papa
1284 721 1308 752 V
1342 721 1586 764 praedecessori
1608 727 1722 755 nostro
1748 723 1907 766 exposito,

1173 774 1258 816 quod
1284 773 1369 806 inter
1394 780 1538 807 rectores
1563 775 1778 817 collegiorum
1803 787 1840 808 ac
1864 786 1911 809 se-

1171 826 1380 866 minariorum
1419 831 1450 859 et
1482 827 1716 859 academiarum
1752 837 1846 860 curae
1879 834 1911 861 et

1173 872 1443 911 administrationi
1457 879 1614 912 dictorum
1626 879 1816 912 clericorum
1829 890 1911 912 com-

1172 931 1342 964 missorum
1376 942 1411 964 ex
1444 934 1508 964 una
1544 943 1579 964 ac
1613 932 1775 974 parochos
1801 943 1837 965 ex
1864 933 1909 966 al-

1173 985 1240 1015 tera
1273 983 1418 1026 partibus
1442 985 1619 1016 nonnullae
1646 984 1717 1017 lites
1750 995 1807 1017 seu
1832 994 1909 1017 con-

1172 1036 1346 1068 troversiae
1371 1047 1468 1079 super
1501 1037 1567 1069 iure
1594 1037 1774 1080 sepeliendi
1799 1037 1831 1069 in
1857 1048 1908 1071 ec-

1172 1088 1279 1121 clesiis
1304 1089 1519 1131 collegiorum
1545 1100 1581 1121 ac
1606 1089 1853 1123 seminariorum
1877 1095 1908 1123 et

1173 1141 1410 1174 academiarum
1436 1142 1621 1175 huiusmodi
1640 1143 1795 1175 cadavera
1819 1144 1908 1176 scho-

1173 1194 1298 1233 larium,
1326 1194 1519 1227 clericorum
1545 1200 1577 1226 et
1600 1193 1826 1235 convictorum,
1853 1196 1908 1239 qui

1173 1257 1231 1288 pro
1257 1252 1402 1289 tempore
1429 1247 1460 1278 in
1487 1247 1681 1284 seminariis,
1709 1247 1854 1290 collegiis
1879 1253 1911 1280 et

1173 1299 1343 1332 academiis
1375 1300 1558 1332 huiusmodi
1591 1300 1813 1340 decedebant,
1840 1311 1910 1332 sae-

1172 1352 1243 1394 pius
1269 1352 1478 1392 oriebantur;
1514 1353 1552 1384 ad
1578 1363 1657 1395 quas
1682 1352 1813 1395 quidem
1837 1352 1910 1385 lites

1173 1415 1227 1437 seu
1253 1405 1489 1437 controversias
1526 1405 1564 1437 de
1603 1410 1710 1437 cetero
1743 1405 1908 1438 evitandas

1174 1457 1276 1489 dictus
1301 1459 1507 1501 praepositus
1540 1458 1701 1500 generalis
1734 1458 1906 1502 plurimum

1174 1509 1381 1542 desiderabat
1404 1510 1584 1542 rectoribus
1608 1516 1639 1542 et
1664 1510 1789 1543 clericis
1813 1520 1907 1553 prae-

1174 1563 1265 1596 dictis
1290 1568 1470 1606 opportune
1496 1563 1676 1606 provideri:

1217 1617 1230 1658 ξ
1256 1615 1286 1648 1.
1314 1617 1399 1649 Idem
1424 1617 1539 1649 Paulus
1564 1617 1810 1659 praedecessor,
1837 1626 1908 1659 sup-

1175 1669 1401 1711 plicationibus
1428 1670 1557 1702 illorum
1579 1670 1709 1702 nomine
1735 1669 1795 1702 sibi
1814 1679 1909 1712 super

1176 1722 1235 1754 hoc
1262 1722 1425 1755 humiliter
1441 1722 1599 1765 porrectis
1616 1722 1801 1761 inclinatus,
1821 1723 1909 1754 Ame-

1175 1774 1311 1806 rinensis
1337 1780 1369 1806 et
1394 1774 1486 1807 Gallii
1520 1774 1719 1818 nuncupati,
1745 1774 1909 1807 Comensis

1176 1832 1204 1859 vt
1229 1827 1337 1869 Burgii
1370 1827 1492 1869 Lugani
1528 1828 1693 1860 Comensis
1725 1827 1907 1866 dioecesis,

1176 1891 1301 1913 necnon
1336 1880 1447 1924 oppidi
1484 1880 1628 1913 Trivnltii
1662 1880 1910 1913 Mediolanensis

1160 1933 1331 1967 'dioecesis
1357 1934 1579 1975 collegiorum,
1598 1944 1632 1966 ac
1654 1932 1909 1966 Ravennatensis

1175 1993 1205 2019 ct
1230 1986 1451 2029 patriarchalis
1482 1986 1690 2018 Venetiarum
1723 1985 1912 2018 seminario-

1175 2050 1267 2079 rum,
1294 2049 1420 2071 necnon
1457 2044 1561 2071 terrae
1586 2037 1706 2071 Salodii
1732 2036 1910 2070 Brixiensis

1176 2092 1343 2131 dioecesis,
1365 2102 1400 2123 ac
1424 2091 1454 2123 S.
1475 2091 1612 2133 Spiritus
1639 2101 1739 2133 prope
1765 2095 1798 2121 et
1822 2095 1911 2121 extra

1176 2151 1300 2187 portam
1308 2143 1481 2176 Cumanam
1496 2142 1756 2182 Mediolanensis,
1772 2147 1804 2174 et
1815 2141 1843 2174 S.
1854 2141 1911 2173 Ma·

1176 2197 1229 2230 ioli
1262 2196 1426 2239 Papiensis
1459 2195 1694 2228 academiarum
1730 2194 1911 2227 rectoribus

1175 2250 1374 2293 respective,
1399 2254 1434 2280 ut
1458 2249 1491 2280 in
1516 2248 1546 2281 S.
1575 2247 1709 2290 Augen,
1737 2248 1767 2280 S.
1795 2247 1910 2280 Mariae

1177 2304 1215 2336 de
1241 2303 1425 2335 Rondineto
1451 2307 1662 2344 nuncupatae,
1682 2301 1712 2334 S.
1733 2300 1862 2333 Antonii
1880 2305 1912 2332 et

1175 2356 1206 2389 S.
1225 2356 1343 2394 Crucis,
1369 2365 1497 2387 necnon
1522 2354 1552 2387 S.
1578 2354 1766 2387 Catharinae
1792 2358 1824 2386 et
1854 2352 1908 2385 SS.

1175 2409 1343 2447 Trinitatis
1363 2418 1399 2440 ac
1415 2407 1445 2440 S.
1466 2407 1644 2446 Benedicti,
1670 2406 1701 2439 S.
1725 2405 1860 2448 Spiritus
1879 2409 1912 2438 et

1176 2463 1206 2495 S.
1234 2462 1348 2499 Maioli,
1375 2471 1486 2494 eorum
1524 2459 1670 2492 ecclesiis
1706 2457 1908 2500 respective,

1176 2516 1294 2558 absque
1319 2514 1535 2558 parochorum
1560 2512 1757 2549 interventu,
1784 2511 1912 2543 schola-

1175 2570 1267 2606 rium,
1297 2567 1482 2599 clericorinn
1510 2570 1538 2595 et
1566 2563 1783 2596 convictorum
1810 2571 1906 2606 prae—

1919 200 1966 225 λη.
1982 198 2012 226 C.
2036 198 2102 226 icti?

1945 520 2032 543 MntIva.

1936 1621 2002 1642 Breve
2013 1621 2072 1642 Pauli
2084 1620 2099 1641 V

1919 1651 2047 1668 run-euentus.
