2247 3208
203 197 253 227 An.
267 198 298 227 C.
319 197 387 226 ¹662
433 189 476 223 94

238 1575 380 1597 iuramentum

198 1606 210 1622 fl
221 1602 312 1627 generali
320 1607 381 1628 prae-

197 1629 302 1649 nandum.

232 1943 263 1965 De
284 1945 308 1965 δε
326 1940 381 1965 itulis

199 1971 308 1997 provincia
318 1968 370 1992 ibus.

212 2364 243 2387 De
251 2365 325 2396 litteris
334 2367 382 2387 c'ou·

199 2395 321 2414 vocatorus.

399 246 474 280 stris
514 244 804 279 constitutionibus
844 253 909 276 non
948 243 1129 283 limitatur,

400 309 576 342 curamque
601 297 811 341 praecipuam
838 297 936 330 totius
954 296 1082 329 Ordinis
1101 301 1132 329 et

398 351 714 386 administrationem
747 356 857 393 gerat,
888 351 975 383 unde
1003 361 1064 394 per
1097 361 1131 382 se

398 407 504 439 solum
530 416 599 438 eam
624 409 823 448 potestatem
853 404 886 436 in
917 408 986 436 toto
1011 403 1131 436 Ordine

398 459 518 491 habeat
546 458 578 490 in
610 458 761 491 omnibus
794 463 825 490 et
850 457 999 500 singulis,
1034 468 1130 500 quam

396 510 607 555 provincialis
633 510 665 543 in
691 512 748 543 sua
779 510 960 553 provincia,
988 514 1020 542 et
1044 520 1132 542 com-

396 564 570 597 mendator
601 564 634 596 in
666 565 723 596 sua
756 563 967 602 commenda;
995 563 1131 606 insuper

398 626 482 656 eam,
509 626 592 659 quae
622 616 661 649 ad
691 615 851 649 rationem
883 615 933 648 sui
963 614 1060 648 officii
1093 625 1129 647 ex

396 668 468 701 iure
494 668 675 709 communi,
711 679 748 701 ex
779 668 971 712 privilegio,
1005 669 1057 701 vel
1093 679 1128 701 ex

396 722 518 755 nostris
534 722 823 754 constitutionibus
842 722 880 754 ad
899 732 973 754 eum
988 725 1128 765 specta13

396 779 621 807 verumtamen
640 775 672 806 in
689 774 882 806 inferiorum
907 775 1129 818 praelatorum

396 827 581 861 ministerio
606 838 671 860 non
696 838 730 860 se
762 827 958 867 immisceat,
990 827 1053 859 nisi
1078 828 1129 859 vel

397 881 439 914 ob
464 881 653 914 eorumdem
679 880 855 921 defectum,
883 881 932 913 vel
958 891 1028 913 eum
1054 891 1130 923 pru-

397 933 518 974 dentia,
551 938 583 966 et
607 933 737 977 quando
769 932 851 965 ratio
881 933 913 966 id
944 934 1130 976 postulave-

395 986 451 1027 rit;
477 996 608 1030 semper
628 991 736 1018 tamen
756 985 926 1018 inferiores
948 985 994 1018 illi
1011 996 1128 1028 parere

396 1043 583 1079 teneantur;
603 1043 635 1071 et
652 1038 728 1071 licet
745 1038 850 1081 capite
868 1048 935 1070 xxxi
953 1037 990 1069 de
1006 1037 1129 1079 modifi-

396 1092 519 1124 catione
546 1101 725 1134 poenarum
753 1090 876 1133 primae
909 1089 1127 1123 distinctionis

395 1148 580 1176 nostrarum
598 1143 869 1177 constitutionum
885 1143 979 1176 detur
993 1142 1127 1175 facultas

396 1196 553 1239 magistro
579 1196 726 1238 generali
751 1195 963 1239 dispensandi
989 1200 1020 1228 et
1044 1195 1129 1227 miti-

397 1248 494 1291 gandi
518 1249 551 1281 in
568 1248 682 1293 poenis
701 1260 717 1281 a
735 1248 1022 1282 constitutionibus
1044 1253 1129 1280 taxa-

397 1302 454 1343 tis,
487 1307 637 1335 monetur
667 1307 776 1335 tamen
801 1312 841 1333 ne
868 1302 969 1334 libere
995 1306 1027 1333 et
1055 1312 1128 1333 cum

396 1354 551 1387 facIlitate
582 1354 766 1397 dispenset,
792 1353 854 1386 nisi
880 1356 1042 1386 transacta
1066 1353 1128 1386 iam

396 1407 509 1439 maiori
534 1412 626 1450 parte
651 1406 882 1450 poenitentiae,
901 1406 1126 1450 praevisisque

396 1459 428 1493 in
453 1460 696 1504 poenitentibus
715 1460 896 1493 manifestis
918 1466 949 1493 et
974 1460 1128 1493 evidenti-

394 1513 456 1546 bus
478 1513 578 1556 signis
597 1513 718 1546 doloris
738 1519 769 1546 et
787 1513 1012 1546 correctionis.

439 1566 473 1598 In
498 1566 693 1607 iuramento,
714 1577 730 1598 a
747 1566 891 1609 generali
913 1567 1031 1606 electo,
1054 1572 1128 1609 post

396 1618 601 1660 electionem,
616 1619 703 1651 iuxta
720 1625 848 1652 nostras
863 1619 1125 1659 constitutiones,

394 1673 601 1716 praestando,
627 1673 724 1706 debet
748 1673 832 1713 addi,
851 1679 883 1706 et
902 1673 1011 1706 iurare
1037 1679 1128 1706 tene-

396 1729 458 1765 tur,
475 1736 509 1758 se
534 1725 781 1759 observaturum
802 1725 907 1769 capita
932 1726 1126 1759 concordiae

395 1778 495 1811 initae
535 1789 608 1812 curn
646 1779 767 1811 familia
808 1779 1006 1812 Discalceata
1041 1779 1127 1812 circa

395 1832 611 1865 ministerium
639 1831 883 1875 redemptionis,
911 1837 1008 1876 prout
1033 1833 1066 1865 in
1091 1835 1126 1865 ea

396 1884 594 1917 continetur.

439 1937 561 1970 Poterit
576 1937 729 1981 magister
753 1938 916 1983 generalis
940 1938 1126 1982 praesidere

396 1990 429 2023 in
447 1990 596 2034 capitulis
614 1990 867 2033 provincialibus
885 2002 944 2035 per
960 2002 993 2024 se
1011 1992 1126 2035 ipsum,

397 2044 446 2076 vel
471 2054 530 2086 per
547 2043 702 2076 vicarium
720 2054 814 2076 suum
831 2045 986 2078 idoneum
1005 2050 1036 2078 et
1053 2056 1128 2088 pru-

397 2096 528 2129 dentem
553 2097 592 2129 ad
617 2097 680 2129 hoc
705 2097 890 2140 specialiter
914 2098 1124 2141 deputatum;

397 2154 428 2182 et
451 2149 590 2193 primam
622 2160 735 2183 vocem
768 2151 921 2191 habebit,
949 2157 1012 2184 tam
1036 2152 1126 2195 ipse,

396 2213 493 2246 quam
515 2202 582 2235 eius
598 2202 746 2244 vicarius,
773 2204 806 2236 in
827 2205 975 2237 omnibus
1001 2204 1127 2238 electio-

395 2255 500 2297 nibus,
526 2256 784 2289 ordinationibus
809 2262 841 2291 et
865 2257 1057 2292 delinitoriis
1076 2268 1127 2290 us-

397 2319 459 2352 que
484 2309 523 2342 ad
548 2309 783 2343 absolutionem
809 2310 954 2354 capituli.

440 2361 598 2405 Tempore
632 2363 799 2396 electionis
828 2364 951 2407 poterit
973 2364 1128 2407 magister

397 2415 559 2457 generalis
592 2425 770 2449 convocare
801 2417 840 2450 ad
872 2417 1127 2451 celebrationem

397 2467 528 2510 capituli
545 2468 751 2511 provincialis
769 2479 881 2503 omnes
898 2471 1025 2504 vocales
1042 2470 1128 2503 illius

397 2520 582 2563 provinciae
621 2522 737 2555 litteris
778 2524 1033 2565 convocatoriis‚
1075 2535 1128 2557 eas

397 2572 557 2607 mittendo
598 2574 781 2609 immediate
818 2576 1007 2620 provinciali
1040 2577 1127 2610 illius

968 194 1147 218 BULLARIUM
1170 193 1324 217 ROMANUM

1166 241 1373 284 provinciae,
1398 245 1433 273 ut
1457 251 1511 273 eas
1535 243 1687 275 continuo
1712 242 1900 276 manifestet

1166 298 1198 326 et
1222 299 1316 327 notas
1341 293 1437 326 faciat
1460 294 1492 326 in
1518 295 1658 338 capitulo
1691 297 1789 339 pleno
1822 307 1899 330 con-

1166 351 1288 387 ventus,
1314 346 1368 378 ubi
1400 358 1556 390 praesens
1585 348 1744 388 extiterit;
1779 349 1897 382 deinde

1166 410 1219 432 eas
1244 401 1282 433 ad
1309 411 1422 433 omncs
1446 400 1527 433 alios
1557 401 1621 433 suis
1652 402 1815 435 consuetis
1847 402 1899 435 iti-

1165 453 1302 485 nerariis
1327 454 1442 486 mittat.
1470 453 1500 486 Si
1527 459 1635 486 autem
1668 455 1820 498 magister
1844 466 1899 498 ge-

1165 506 1294 546 neralis,
1312 512 1364 539 aut
1381 507 1448 539 eius
1465 507 1614 546 vicarius,
1626 508 1723 540 fuerit
1738 508 1772 541 in
1789 509 1898 552 aliquo

1164 565 1326 592 conventu
1351 560 1436 593 illius
1460 561 1658 603 provinciae,
1682 561 1736 594 ubi
1762 563 1826 595 tale
1847 573 1899 595 ca-

1164 612 1301 654 pitulum
1326 613 1557 646 celebrandum
1582 614 1632 653 sit,
1657 614 1746 657 prius
1769 614 1899 657 praedi-

1164 670 1234 698 ctae
1259 666 1386 700 litterae
1410 667 1658 700 convocatoriae
1692 672 1788 700 notae
1820 666 1899 700 fiant

1163 719 1331 761 praedicto
1363 720 1535 752 conventui
1560 721 1593 753 in
1619 720 1762 763 capitulo
1787 721 1898 764 pleno,

1164 777 1195 804 et
1219 778 1331 815 postea
1357 784 1410 806 eas
1434 774 1540 806 niittat
1564 780 1598 806 ut
1623 774 1743 807 dictum
1769 779 1827 807 est.

1206 824 1295 863 Quod
1320 826 1344 858 si
1366 826 1519 868 magister
1534 827 1695 869 generalis
1712 826 1897 860 huiusmodi

1163 877 1288 910 litteras
1324 880 1569 912 eonvocatorias
1595 885 1779 923 opportuno
1818 885 1899 913 tem-

1161 940 1240 973 pore
1266 931 1423 973 (duobus‚
1445 931 1587 975 inquam,
1605 933 1768 965 mensibus
1785 933 1898 966 imme-

1163 982 1256 1014 diatis
1273 988 1347 1015 ante
1368 985 1640 1027 complementum
1661 985 1813 1027 triennii)
1832 996 1897 1018 non

1162 1034 1296 1075 miserit,
1321 1036 1544 1078 provincialis,
1564 1042 1594 1069 et
1619 1037 1651 1069 in
1676 1037 1743 1070 eius
1768 1038 1897 1071 defectu

1162 1087 1296 1120 vicarius
1321 1088 1536 1132 provincialis,
1554 1090 1617 1122 suis
1642 1090 1758 1123 litteris
1783 1091 1822 1123 ad
1847 1101 1897 1124 ee-

1162 1141 1376 1174 lebrationem
1394 1141 1470 1174 dicti
1491 1141 1623 1185 capituli
1647 1153 1825 1176 convocare
1843 1153 1898 1186 po-

1163 1194 1254 1227 terit:
1287 1195 1401 1227 eadem
1435 1196 1567 1229 facultas
1598 1195 1718 1228 vicario
1752 1195 1895 1239 magistri

1161 1246 1193 1278 in
1217 1247 1402 1290 praesidem
1427 1247 1558 1290 capituli
1588 1248 1755 1281 nominato
1781 1259 1898 1282 conce-

1162 1299 1256 1332 ditur.
1284 1300 1433 1343 Magister
1453 1300 1626 1343 generalis,
1646 1301 1679 1333 in
1701 1311 1897 1334 concurren-

1162 1352 1203 1384 tia
1238 1353 1453 1395 capitulorum
1488 1354 1753 1397 provincialium,
1789 1359 1897 1397 potest

1162 1405 1330 1447 quodlibet
1355 1416 1466 1438 eorum
1482 1417 1541 1449 per
1558 1406 1770 1449 quadraginta
1791 1407 1859 1439 dies
1878 1417 1897 1439 a

1162 1459 1402 1501 complemento
1427 1458 1558 1491 triennii
1584 1470 1788 1503 quocumque
1820 1458 1895 1492 anni

1162 1516 1307 1555 tempore
1328 1517 1528 1555 anteponere
1550 1514 1599 1545 vel
1618 1518 1826 1556 postponere,
1842 1510 1895 1545 ut¹

1161 1565 1216 1597 uni
1243 1570 1273 1598 et
1293 1565 1384 1598 alteri
1401 1565 1558 1598 interesse
1579 1565 1688 1609 possit,
1708 1576 1745 1598 ex
1763 1566 1895 1599 decreto

1162 1618 1358 1651 sanctissimi
1379 1618 1481 1651 felicis
1500 1618 1733 1651 recordationis
1748 1618 1896 1651 Clemen-

1162 1671 1200 1704 tis
1218 1671 1334 1712 Vlll,et
1347 1674 1429 1704 nova
1442 1671 1662 1704 declaratione
1676 1671 1707 1704 S.
1727 1671 1758 1704 C.
1779 1671 1816 1704 R.
1837 1672 1894 1704 sub

1162 1724 1212 1757 die
1230 1735 1273 1763 xii
1295 1724 1478 1758 decembris
1493 1725 1531 1757 de
1547 1735 1632 1757 anno
1649 1734 1793 1765 MDCXLV,
1812 1735 1894 1768 quae

1162 1777 1293 1810 facultas
1318 1777 1415 1810 etiam
1441 1778 1630 1810 conceditur
1654 1777 1693 1810 ab
1719 1778 1780 1810 hoc
1797 1787 1895 1820 gene-

1160 1831 1219 1863 rali
1249 1829 1449 1871 definitorio‚
1483 1831 1648 1863 decretum
1678 1830 1809 1874 capituli
1842 1841 1897 1874 ge-

1161 1884 1280 1917 neralis
1318 1884 1504 1917 Murciensis
1536 1883 1773 1924 confirmando,
1803 1894 1897 1927 prae-

1162 1937 1246 1970 dicto
1271 1937 1424 1981 magistro
1454 1937 1624 1981 generali,
1652 1936 1798 1981 quamvis
1828 1947 1894 1969 non

1161 1991 1200 2023 sit
1223 1990 1450 2024 concurrentia
1475 1990 1706 2033 capitulorum,
1740 1990 1797 2023 sed
1824 1989 1895 2022 uni-

1161 2054 1232 2076 cum
1257 2048 1380 2076 tantuin
1406 2043 1647 2083 celebrandum,
1678 2042 1703 2075 si
1733 2040 1811 2076 alias
1843 2053 1896 2076 ex-

1160 2097 1273 2140 pedire
1301 2096 1402 2130 visum
1427 2095 1533 2129 fuerit.
1721 2091 1731 2101 '

1203 2160 1303 2183 xxxxi
1332 2151 1379 2183 Ad
1393 2150 1581 2193 magistrum
1597 2149 1774 2193 pertinebit
1788 2149 1895 2193 (iuxta

1161 2202 1407 2236 constitutiones
1442 2207 1567 2235 nostras
1601 2203 1641 2236 de
1684 2202 1894 2236 instructione

1160 2255 1360 2298 officiorum)
1385 2255 1418 2287 in
1443 2254 1666 2296 electionibus,
1691 2256 1716 2288 si
1740 2265 1894 2299 praesens

1162 2308 1266 2347 fuerit,
1292 2309 1452 2341 electores
1473 2308 1624 2351 dirigere,
1641 2309 1799 2349 modeste,
1820 2308 1895 2341 cha-

1160 2361 1285 2395 ritative
1310 2366 1342 2395 et
1365 2362 1517 2405 religiose
1543 2374 1601 2396 eos
1623 2363 1799 2403 monendo,
1817 2363 1896 2395 hor-

1160 2417 1257 2450 tando
1283 2422 1315 2449 et
1338 2416 1539 2457 instruendo,
1563 2416 1626 2450 imo
1645 2417 1740 2450 etiam
1756 2416 1896 2449 suaviter

1161 2470 1326 2503 suadendo
1353 2469 1398 2502 'ad
1432 2469 1615 2512 eligendam
1645 2480 1817 2513 personam
1849 2468 1895 2501 di-

1162 2523 1309 2566 gniorem
1344 2528 1376 2555 et
1413 2522 1514 2565 magis
1549 2522 1701 2555 idoneam
1740 2521 1894 2566 capituli,

1199 2587 1208 2612 1
1232 2585 1298 2613 Male
1319 2585 1381 2613 edit.
1403 2584 1481 2612 Main.
1498 2584 1561 2620 legit
1576 2587 1602 2612 et
1618 2592 1664 2620 pro
1681 2587 1712 2613 ut
1728 2587 1762 2618 (a.
1775 2584 1823 2620 12).

1907 194 1957 222 An.
1977 194 2007 222 C.
2028 194 2096 222 1682

1935 2158 1965 2178 De
1983 2157 2093 2178 electioni·

1908 2185 1947 2206 bus
1957 2184 2082 2205 officiorum.
