2247 3208
214 207 267 234 An.
285 205 311 232 e.
337 205 403 232 ioci
450 195 515 229 ⁶270

987 200 1169 224 mmmmm!
1193 198 1345 223 ROMANUM

406 253 535 286 roboris
551 251 732 283 firmitatem
749 249 909 288 obtinere,
926 258 961 280 ac
975 247 1145 279 Franciseo
1187 257 1244 288 gro
1263 247 1481 289 praesentium
1499 252 1613 280 tenore
1631 247 1760 286 inserto,
1775 252 1827 280 aut
1845 246 1924 280 alias

409 306 480 339 duci
503 304 639 346 aliisque
661 302 775 335 suturis
799 301 945 344 patronis
969 299 1144 343 praedictis
1187 299 1434 342 quomodolibet
1462 299 1522 331 nisi
1548 300 1586 332 de
1620 310 1780 332 consensu
1815 305 1925 343 patro-

408 362 567 401 perpetuo
592 354 756 397 suffragari
776 355 909 393 debere,
936 353 968 385 in
994 352 1145 386 omnibus
1187 361 1302 384 norum
1319 351 1467 394 derogari
1485 360 1581 394 posse
1602 353 1652 384 vel
1673 353 1813 392 debere;
1836 362 1925 395 prae·

410 415 440 442 et
464 420 523 452 per
548 409 679 448 omnia,
706 412 737 440 et
772 408 895 465 absque
920 407 985 439 ulla
1009 416 1145 449 piorsus
1165 413 1166 420 ¹
1187 409 1298 437 sentes
1335 414 1463 447 quoque
1501 404 1625 437 litteras
1662 406 1751 437 nullo
1782 415 1924 448 unquam

409 461 611 501 diss'eientia,
633 461 768 504 perinde
787 471 823 492 ac
842 460 867 492 si
887 459 947 503 ipsi
974 459 1146 491 F1ancise0

409 514 481 547 duci
509 514 645 558 eiusque
670 513 865 546 haeredibus
891 518 923 545 et
947 511 1166 544 suecessoii-

408 568 470 600 bus
490 567 521 599 in
540 577 591 609 le
593 571 732 609 petuam
758 565 889 598 nomine
914 564 1145 604 veiae‚1ealis

408 619 562 659 actualis,
592 620 709 662 plenae
738 624 835 661 atque
864 618 1008 659 integrae
1038 616 1148 649 sunda-

410 673 521 712 tionis,
548 678 580 705 et
604 677 781 715 perpetuae
807 671 981 704 dotationis
1006 681 1065 713 per
1090 680 1146 702 eos

410 727 449 759 de
475 725 616 769 propriis
648 735 684 757 ac
714 735 802 757 mere
835 724 1004 756 laicalibus
1030 728 1062 755 ct
1094 734 1147 766 pa-

410 779 650 812 trimonialibus
683 788 796 810 eorum
828 776 924 809 bonis
964 777 1084 815 saetae,
1111 786 1147 807 ac

412 837 509 876 prout
531 830 732 875 principibus
770 835 801 862 et
824 829 955 871 regibus
987 834 1148 871 compete-

411 891 483 926 ret,
512 895 548 917 ac
579 888 801 921 reservatum,
828 892 1018 914 concessum
1045 886 1077 913 et
1101 890 1149 912 as-

411 939 572 980 signatum
599 941 695 973 esset,
719 940 751 966 et
769 934 914 978 proinde,
933 934 976 965 uti
997 934 1068 973 tale,
1089 934 1148 964 sub

412 999 613 1034 quacumque
635 988 859 1029 derogatione,
878 987 972 1018 etiam
992 996 1062 1018 cum
1081 985 1149 1028 qui-

411 1042 520 1075 busvis
545 1039 846 1084 praegnantissimis
865 1045 896 1071 et
920 1038 1148 1071 efficacissimis

412 1095 585 1134 clausulis,
614 1105 649 1126 ac
673 1093 891 1129 irritantibus,
918 1098 950 1125 et
981 1092 1051 1124 aliis
1088 1092 1150 1124 sor-

412 1148 550 1180 tioribus
586 1146 742 1185 decretiS,
775 1146 871 1178 etiam
906 1156 976 1177 cum
1006 1145 1149 1177 clausula

411 1211 552 1244 quorum
572 1204 704 1238 triveres,
727 1199 759 1231 in
785 1209 986 1242 quacumque
1012 1197 1151 1241 disposi-

413 1253 510 1292 tione,
530 1253 625 1285 etiam
647 1263 706 1295 per
730 1252 811 1284 viam
837 1251 1086 1290 constitutionis,
1108 1252 1151 1283 lc.-

413 1307 461 1348 gis
488 1305 650 1349 generalis
668 1333 675 1345 ,
705 1316 741 1337 ac
773 1305 903 1347 regulae
936 1303 1149 1336 cancellariae

413 1359 614 1402 praedictae,
644 1358 738 1391 etiam
764 1369 823 1401 per
847 1368 906 1390 nos
933 1363 965 1390 et
989 1357 1150 1389 Romanos

412 1411 583 1444 Pontifices
619 1422 823 1443 successores
855 1416 985 1443 nostros
1018 1410 1049 1442 in
1082 1420 1151 1441 cra-

413 1465 532 1497 stinum
568 1465 797 1508 assumptionis
830 1464 1003 1496 cuiuslibet
1039 1474 1151 1496 corum

413 1518 452 1549 ad
478 1518 595 1549 summi
614 1518 814 1560 apostolatus
840 1516 971 1559 apicem,
991 1526 1026 1548 ac
1055 1516 1150 1548 etiam

412 1576 511 1609 motu,
536 1570 669 1602 scientia
694 1576 726 1602 et
750 1570 920 1613 potestatis
947 1570 1149 1612 plenitudine

412 1623 552 1666 paribus,
568 1628 600 1656 et
616 1623 895 1661 consistorialiter,
909 1634 963 1655 scu
981 1622 1058 1655 alias
1077 1633 1150 1666 quo-

412 1674 593 1706 modolibet
617 1684 678 1716 pro
705 1679 850 1716 tempore
877 1674 966 1714 sacta,
996 1675 1150 1705 concessa

413 1733 444 1759 et
480 1729 628 1759 emanata
663 1728 849 1759 nullatenus
886 1727 1148 1770 comprehendi,

412 1790 469 1812 seu
500 1780 775 1822 comprehensum
812 1779 899 1819 dici,
926 1779 1062 1822 intelligi
1101 1781 1149 1812 vel

411 1833 583 1875 praetendi
609 1843 717 1875 posse,
736 1843 843 1875 neque
862 1833 908 1865 illi
927 1834 993 1865 ullo
1009 1844 1151 1876 unquam

412 1892 570 1928 tempore,
589 1886 650 1917 sub
671 1896 875 1928 quocumque
895 1891 1075 1928 praetextu,
1096 1892 1151 1918 aut

411 1949 448 1971 ex
467 1949 671 1982 quacumque
691 1941 796 1977 causa,
815 1939 1021 1982 quantumvis
1036 1939 1089 1982 pia
1107 1939 1150 1971 sa-

410 1991 546 2024 vorabili
573 1996 606 2023 et
630 1991 786 2033 legitima,
804 1992 900 2024 etiam
922 2002 981 2035 per
1001 2002 1070 2031 nos,
1092 2002 1149 2024 seu

411 2044 574 2077 Romanos
587 2044 759 2077 Pontifices
780 2055 988 2077 successores
1008 2050 1149 2085 nostros,

411 2103 443 2129 et
466 2096 583 2129 Sedem
611 2097 832 2140 praedictam,
864 2103 917 2130 aut
941 2098 1027 2130 illius
1053 2098 1149 2130 etiam

411 2151 449 2182 de
476 2151 576 2182 latere
602 2151 738 2193 legatos,
765 2150 860 2183 etiam
887 2156 987 2191 motu,
1013 2152 1150 2183 scientia

411 2208 443 2235 et
469 2203 641 2261 potestatis
664 2203 868 2246 plenitudine
894 2203 1064 2244 similibus,
1090 2214 1168 2248 seu⁴

1167 2280 1168 2287 1
1189 2257 1440 2291 constitutiones
1466 2256 1674 2300 apostolicas,
1695 2266 1750 2289 seu
1771 2256 1929 2288 cancella-

410 2319 631 2352 quascumque
665 2310 789 2342 litteras
822 2309 1016 2352 apostolicis
1051 2305 1168 2343 etiam¹

409 2255 549 2288 ‹uiusvis
574 2256 688 2288 intuitu
714 2262 745 2288 et
771 2257 1063 2300 contemplatione,
1089 2268 1150 2300 pei

408 2361 441 2393 iu
467 2360 565 2394 simili
593 2363 694 2394 t'··01m*1
720 2362 840 2401 Βνο1ἰ5,
872 2369 903 2395 et
927 2371 1168 2406 quascumque

409 2414 505 2447 etiam
532 2415 813 2457 (lelogatoiiaium
841 2416 1080 2458 derog1t01ias,
1112 2427 1148 2449 ac

409 2467 559 2499 fortiores
584 2473 615 2499 et
640 2467 789 2500 insolitas
815 2469 989 2507 clausulas,
1021 2465 1168 2518 necnon}

1165 606 1166 610 Ἰ
1187 568 1318 595 IlOSll'ssC

1165 442 1335 522 {tempore
1361 457 1400 489 de
1427 456 1649 500 subreptionis
1680 459 1730 490 vel
1760 458 1925 500 obieptio-

1187 509 1237 541 nis
1263 514 1317 542 aut
1341 509 1499 542 nullitatis
1525 509 1619 549 vitio,
1646 520 1703 542 seu
1734 510 1923 543 intentionis

1349 563 1399 596 ”el
1424 562 1488 596 alio
1518 573 1720 606 quocumque
1754 568 1924 606 quantum·

1187 615 1234 647 vis
1250 614 1376 648 formati
1397 621 1428 648 et
1445 615 1648 648 substantiali
1668 616 1807 655 defectu,
1827 616 1924 649 etiam

1187 679 1222 701 ex
1250 669 1400 711 eoquod
1438 669 1631 712 quicumque
1667 669 1698 700 in
1735 668 1924 711 praemissis

1188 722 1345 754 interesse
1380 721 1486 753 forsan
1520 721 1698 760 habentes,
1725 723 1774 754 vel
1800 721 1922 754 babere

1188 774 1438 816 quomodolibet
1472 774 1747 817 praetendentes,
1785 773 1924 806 cuiusvis

1187 833 1305 867 status,
1339 827 1486 867 ordinis,
1515 827 1793 870 praeeminentiae
1820 832 1851 859 et
1883 827 1925 859 di-

1188 880 1341 922 gnitatis,
1371 881 1419 912 vel
1446 880 1524 912 alias
1549 879 1679 923 speciali
1705 886 1736 912 et
1759 879 1924 912 individua

1188 932 1354 964 mentione
1382 933 1471 974 digni
1497 932 1653 970 existant,
1680 933 1718 964 ad
1744 932 1925 975 praemissa

1188 985 1299 1024 vocati,
1313 985 1398 1016 citati
1414 990 1445 1016 et
1458 985 1569 1024 auditi,
1585 995 1772 1027 causaeque,
1790 990 1925 1028 propter

1188 1048 1268 1080 quas
1299 1043 1487 1079 praesentes
1513 1043 1719 1077 emanarunt,
1746 1038 1923 1077 adductae,

1189 1090 1368 1123 verificatae
1384 1095 1415 1122 et
1428 1090 1619 1122 iustiticatae
1638 1101 1704 1123 non
1723 1090 1851 1133 suerint,
1865 1101 1925 1123 nec

1187 1143 1345 1186 praedicti
1360 1143 1514 1176 iuteresse
1529 1143 1687 1175 babentes
1703 1143 1841 1186 desuper
1854 1153 1927 1175 con-

1188 1195 1359 1236 senserint,
1377 1197 1426 1228 vel
1453 1207 1488 1229 ex
1516 1196 1625 1238 quavis
1644 1196 1704 1229 alia
1722 1196 1927 1239 quanttunvis

1189 1249 1353 1292 legitima,
1386 1249 1545 1289 inridit-a,
1572 1250 1623 1292 pia
1657 1254 1687 1281 et
1723 1249 1926 1292 privilegiata

1169 1305 1304 1341 '‹·ausa,
1329 1302 1518 1341 occasione,
1545 1308 1713 1346 praetextu
1739 1308 1771 1335 et
1802 1302 1924 1345 eapite,

1190 1355 1284 1387 etiam
1299 1355 1331 1387 iu
1349 1365 1487 1398 corpore
1507 1355 1584 1387 iuris
1601 1356 1723 1395 clauso,
1740 1355 1856 1395 notari,
1872 1355 1926 1387 im-

1190 1408 1334 1450 pugnari,
1351 1408 1510 1441 annullari
1526 1435 1532 1447 ‚
1548 1407 1726 1447 invalidari,
1746 1408 1923 1447 retractari,

1189 1461 1226 1493 ad
1254 1461 1406 1493 ternanos
1433 1461 1510 1493 iuris
1535 1461 1653 1500 reduci,
1679 1461 1710 1493 in
1737 1466 1927 1493 controver-

1189 1513 1268 1545 siam
1295 1513 1460 1553 revocari,
1493 1519 1545 1545 aut
1577 1514 1731 1546 adversus
1757 1513 1828 1546 illas
1852 1524 1928 1556 ape-

1190 1566 1315 1599 ritionis
1341 1567 1415 1606 oris,
1445 1566 1660 1598 restitutionis
1686 1566 1717 1598 in
1743 1566 1925 1609 integrum,

1189 1620 1314 1653 aliudve
1332 1622 1558 1663 quodcumque
1585 1619 1673 1660 iuris,
1694 1619 1766 1652 sacti
1785 1621 1835 1652 vel
1857 1630 1927 1662 gra-

1190 1674 1250 1706 tiae
1277 1674 1455 1706 remedium
1476 1674 1651 1716 impetrari,
1674 1679 1727 1705 aut
1744 1673 1925 1716 impetrato,

1189 1738 1243 1759 seu
1269 1727 1364 1760 etiam
1391 1733 1503 1767 motu,
1537 1727 1672 1759 scientia
1696 1732 1728 1759 et
1760 1726 1931 1770 potestatis

1190 1780 1391 1823 plenitudine
1409 1780 1541 1823 paribus
1556 1790 1723 1820 concesso,
1741 1778 1926 1823 quempiam

1190 1835 1221 1866 iu
1247 1833 1366 1867 iudicio
1403 1844 1457 1866 seu
1490 1839 1579 1866 extra
1616 1833 1696 1866 illud
1729 1833 1775 1865 uti
1807 1843 1926 1876 posse,

1191 1897 1294 1930 neque
1329 1887 1459 1919 easdem
1492 1892 1680 1929 praesentes
1716 1885 1840 1918 litteras
1870 1886 1927 1918 sub

1191 1939 1353 1983 quibusvis
1387 1939 1539 1972 similium
1564 1940 1614 1972 vel
1645 1938 1847 1972 dissimilium
1881 1949 1929 1971 re-

1189 1993 1422 2032 servationum,
1448 1992 1698 2025 concessionum
1725 1997 1757 2024 et
1780 1991 1928 2034 assigna-

1190 2047 1313 2079 tionum
1330 2073 1337 2086 ,
1364 2046 1565 2088 aliarumque
1598 2045 1772 2087 gratiarum
1797 2055 1928 2077 revoca-

1191 2099 1343 2139 tionibus,
1365 2098 1643 2141 suspensionibus,
1670 2097 1926 2136 limitationibus,

1189 2151 1463 2194 derogationibus,
1482 2157 1513 2183 et
1534 2151 1605 2183 aliis
1631 2150 1801 2183 contrariis
1819 2150 1929 2193 dispo-

1189 2204 1361 2237 sitionibus
1398 2214 1456 2247 per
1493 2214 1712 2246 quascumque
1747 2203 1872 2236 litteras
1898 2208 1930 2235 et

1190 2311 1256 2343 1iae
1281 2310 1466 2354 praedictae
1485 2311 1622 2353 regulas,
1642 2310 1701 2342 sub
1723 2309 1929 2352 quibuscum-

1190 2374 1251 2406 que
1277 2364 1451 2395 verborum
1488 2362 1656 2395 tenoribus
1680 2367 1712 2394 et
1735 2361 1846 2394 formis
1861 2388 1868 2402 ,
1893 2371 1930 2393 ac

1189 2427 1260 2448 cum
1286 2415 1451 2459 quiluisvis
1475 2416 1625 2449 clausulis
1651 2421 1683 2448 et
1704 2414 1851 2455 decretis,
1869 2425 1930 2458 per

1190 2480 1248 2501 nos
1284 2480 1338 2502 seu
1375 2480 1595 2512 quoscumque
1632 2478 1838 2501 successores
1873 2478 1930 2500 no-

408 2520 567 2553 irritantia
592 2526 621 2552 et
640 2521 702 2553 alia
721 2521 850 2553 decreta
868 2522 1031 2553 contraria
1050 2533 1147 2565 quae·
1190 2529 1272 2555 stros
1299 2522 1463 2555 Romanos
1489 2522 1673 2561 Pontifices,
1693 2521 1789 2553 etiam
1810 2521 1841 2552 in
1861 2532 1929 2553 cra-

406 2585 543 2618 cumque
569 2576 785 2615 continentes,
805 2574 902 2606 etiam
928 2580 994 2607 toto
1014 2581 1043 2607 et
1065 2576 1146 2607 inte-

1166 2604 1169 2607 ,
1189 2575 1306 2607 stinum
1334 2575 1505 2608 cuiuslibet
1531 2586 1641 2608 eoruui
1660 2575 1697 2606 ad
1717 2573 1833 2605 sumini
1855 2584 1931 2616 apo-

1927 198 1975 225 An.
1990 196 2022 225 C.
2042 197 2112 225 1661
