2247 3208
127 241 175 266 An.
197 238 226 266 C.
243 238 310 265 1669

117 1091 241 1114 Mandatum
251 1100 289 1120 pu-

102 1118 213 1140 bliciiaiis.

944 243 1087 268 Ctmtizxs
1112 244 1142 268 ix
1166 245 1214 269 Pr.

315 287 537 329 regularibus,
575 289 671 324 etiam
704 290 879 335 episcopali
912 292 962 325 vel
995 292 1055 325 alia

313 340 425 373 maiori
452 341 609 384 dignitate
634 345 802 386 praeditis,
829 345 971 388 ipsisque
997 345 1054 378 Or-

313 393 443 427 dinibus
467 400 497 427 et
524 406 635 429 eorum
662 398 885 439 monasteriis,
911 408 1053 431 conven-

312 447 397 479 tibus
423 453 455 480 et
481 448 642 490 domibus,
666 461 701 483 ac
726 451 883 494 capitulis,
902 451 1049 493 collegiis

310 500 639 543 confraternitatibus,
657 504 973 546 congregationibus,
993 503 1051 535 lio-

309 553 489 596 spitalibus,
517 556 613 588 etiam
637 556 668 589 S.
704 556 831 589 loannis
863 557 1049 599 Hierosoly-

307 605 431 645 mitani,
445 611 476 638 et
496 607 574 640 locis
594 608 663 651 piis,
683 618 809 641 necnon
827 608 930 648 laicis,
950 609 1046 640 etiam

306 658 421 700 regali,
446 659 559 699 ducali,
578 667 609 693 et
634 661 694 693 alia
719 662 880 693 mundana
906 663 1046 704 praecel-

306 711 406 743 lentia
431 712 627 754 fulgentibus
646 741 653 753 ,
689 724 747 756 per
772 724 830 746 nos
866 719 897 746 ct
928 714 1043 746 Sedent

306 764 535 806 Apostolicam,
551 776 587 798 ac
604 765 739 798 cuiusvis
755 766 884 799 concilii
903 767 1041 807 decreta,

306 818 416 858 verbe,
437 818 560 858 litteris,
578 824 633 851 aut
651 819 711 851 alia
736 830 937 863 quacumque
965 821 1042 853 scri-

303 873 406 913 ptura,
429 871 461 903 in
480 882 597 913 genere
623 873 671 905 vel
689 873 722 905 in
742 873 860 915 specie,
879 882 1042 906 concesso-

304 933 383 963 rum,
410 930 441 956 et
466 924 561 957 etiam
587 925 707 968 pluries
733 926 978 965 innovatorum,
1006 938 1041 959 ac

301 976 585 1010 concedendorum
621 984 653 1010 et
676 978 957 1019 innovandorum,
985 980 1040 1012 ab·

300 1030 379 1061 solvi
402 1031 515 1072 possit.

343 1083 358 1126 §
383 1083 414 1116 3.
441 1084 478 1116 Et
503 1085 579 1127 quia
604 1095 641 1118 eo
666 1085 770 1118 maior
802 1086 863 1118 erit
893 1086 1037 1130 ipsorum

299 1137 458 1177 confusio,
487 1148 550 1180 quo
568 1147 624 1170 sua
645 1138 741 1170 fucrit
757 1140 851 1182 culpa
864 1140 1035 1182 patentior,

299 1199 468 1232 quousque
503 1190 633 1233 dignam
663 1191 911 1225 satisfactionem
942 1203 1035 1235 prae-

297 1242 448 1282 stiterint,
474 1248 505 1275 ct
531 1243 746 1276 absdutionis
772 1244 975 1284 beneficium,
1002 1251 1035 1278 ut
1056 1279 1058 1286 ,

296 1306 401 1338 supra,
421 1307 453 1328 se
475 1296 653 1329 obtinuisse
679 1298 856 1337 docuerint,
884 1299 1034 1331 omuibus

295 1354 324 1382 et
352 1349 488 1391 singulis
514 1349 715 1392 patriarchis,
742 1350 956 1393 primatibus,
986 1362 1034 1383 ar-

293 1401 533 1444 chiepiscopis,
564 1403 724 1446 episcopis
750 1409 781 1435 et
807 1405 952 1436 locorum
977 1404 1033 1436 Or-
1054 1376 1059 1434 i

293 1455 425 1488 dinariis
448 1455 586 1488 ubilibet
611 1457 793 1489 constitutis
819 1467 878 1499 per
902 1458 1031 1490 easdem

292 1515 479 1552 praesentes
505 1509 752 1549 committimus,
791 1516 823 1542 et
854 1510 886 1542 in
905 1504 1029 1543 ⁵virtute
1051 1512 1054 1536 l

293 1567 422 1595 sanctae
448 1562 655 1595 obedientiae
669 1563 812 1597 districte
831 1564 1029 1606 praecipien-

293 1614 334 1647 do
358 1615 557 1655 mandamus,
582 1622 617 1647 ut
640 1626 698 1659 per
723 1626 756 1648 se
778 1617 826 1648 vel
852 1626 912 1659 per
932 1617 1028 1649 alium

292 1677 350 1699 seu
374 1667 453 1700 alios
479 1679 536 1711 per
561 1679 673 1701 onmes
700 1668 859 1700 civitatum
882 1675 913 1701 et
938 1669 1028 1702 dioe-

291 1730 400 1753 cesum
421 1732 548 1754 suarum
574 1722 728 1754 ecclesias
747 1721 945 1764 quibuslibet
962 1722 1028 1755 die-

290 1773 349 1806 bus
375 1774 544 1807 dominicis
575 1780 606 1807 et
637 1774 756 1807 festivis
774 1801 781 1814 ,
814 1775 890 1807 dum
923 1775 955 1808 in
981 1776 1047 1826 eis,¹

289 1826 391 1859 maior
416 1826 527 1870 populi
552 1828 725 1860 multitudo
749 1827 788 1859 ad
813 1827 921 1861 divina
952 1838 1046 1879 con-¹

289 1879 422 1919 venerit,
448 1880 581 1922 pulsatis
617 1880 783 1923 campanis
816 1886 848 1913 et
884 1881 1024 1914 candelis

289 1932 442 1973 accensis,
467 1933 649 1975 praedictos
666 1934 710 1965 sic
728 1934 1024 1966 excommunicatos

289 1992 320 2017 et
343 1986 631 2019 anathematizatos
651 1986 842 2019 solemniter
858 1986 1024 2030 publicent
1044 1989 1045 2010 ³

1044 1895 1046 1904 ι
1068 1881 1201 1921 stolicis,
1227 1891 1262 1913 ac
1282 1881 1319 1913 in
1343 1881 1594 1922 universalibus,
1622 1883 1802 1925 provincia-

288 2048 344 2070 seu
367 2039 524 2082 publicari
551 2044 667 2071 curent
691 2045 721 2072 et
742 2039 870 2072 faciant.

93 2099 277 2145 mtfiffnmronffln·
331 2092 347 2135 ἓ
370 2092 402 2124 4.
429 2092 518 2130 Quod
544 2093 569 2125 si
596 2093 676 2126 forte
704 2093 802 2136 aliqui
828 2099 941 2126 contra
979 2099 1044 2144 tes}

91 2138 401 2197 fiilijw'mss'ss'jgllnorem
433 2146 653 2189 praesentium
685 2147 803 2179 talibus
838 2155 1044 2179 &commu-⁴

91 2187 270 2249 ὶῖἐὲῗῑντωυῖυι·
289 2199 449 2232 nicatione
474 2204 505 2231 et
529 2199 734 2232 anathemate
755 2199 949 2242 illaqueatis,
973 2201 1021 2233 vel
1042 2190 1044 2221 Ῡ

288 2261 398 2283 eorum
412 2251 518 2292 alicui,
532 2252 744 2285 absolutionis
758 2252 954 2285 beneficium
968 2252 1022 2284 im·
1040 2260 1042 2291 A

285 2304 430 2347 pendere
456 2305 494 2337 de
520 2306 601 2338 facto
626 2305 927 2348 praesumpserint,
965 2298 1042 2342 eost'

285 2359 626 2392 excommunicatIOnis
636 2359 797 2392 sententia
814 2359 1017 2398 innodamus,
1039 2367 1040 2402 ᾖ

286 2410 412 2453 gravius
437 2417 552 2444 contra
577 2422 633 2445 eos
659 2413 872 2455 spiritualiter
893 2418 924 2444 et
941 2418 1019 2445 tem-
1038 2432 1039 2438 ι

282 2464 465 2507 poraliter,
498 2469 594 2507 prout
626 2465 779 2508 expedire
814 2451 1039 2506 ηοωὴιῃυε,1

283 2518 479 2560 processuri.
1037 2515 1039 2543 Ι

90 2570 274 2621 „5353‘5302251
329 2571 343 2613 ξ
367 2570 398 2602 5.
428 2570 644 2604 Decernentes
672 2577 857 2615 praesentes
882 2571 1014 2611 litteras,
1037 2582 1038 2594 ³

1739 243 1801 275 773
1849 251 1896 278 An.
1914 249 1945 279 C,
1964 253 2029 279 166¹)

1101 303 1161 335 que
1177 293 1229 326 alii
1244 293 1276 326 in
1296 294 1480 338 praemissis
1499 296 1656 330 interesse
1678 297 1836 332 habentes

1100 355 1157 377 seu
1176 345 1295 379 habere
1317 349 1561 390 quomodolibet
1585 351 1836 393 praetendentes

1096 397 1159 429 illis
1183 409 1247 431 non
1273 401 1509 441 consenserint,
1529 413 1590 435 nec
1611 404 1649 436 ad
1668 415 1704 436 ea
1721 405 1832 446 vocati,

1095 450 1183 483 citati
1210 457 1241 484 et
1265 453 1365 486 auditi
1388 454 1514 496 fuerint,
1540 457 1578 489 de
1611 457 1832 501 subreptionis

1094 507 1125 535 et
1149 504 1352 547 obreptionis
1389 513 1443 540 aut
1475 509 1632 542 nullitatis
1657 510 1746 551 vitio,
1774 522 1831 544 seu

1092 556 1282 590 intentionis
1301 565 1431 593 nostrae
1449 567 1501 593 aut
1521 562 1584 595 alio
1603 563 1716 606 quovis
1731 574 1832 607 quau-

1092 609 1208 641 tumvis
1232 611 1436 645 substantiali
1459 614 1600 654 defectu,
1627 616 1676 648 vel
1702 627 1739 648 ex
1758 627 1830 659 qua-

1090 671 1226 704 cumque
1252 663 1315 695 alia
1340 667 1448 705 causa,
1475 668 1665 708 occasione,
1700 670 1828 709 colore,

1087 719 1256 756 praetextu
1284 720 1315 748 et
1341 717 1445 759 capite
1463 745 1470 757 ,
1504 720 1598 751 ctiam
1631 720 1662 752 in
1688 716 1825 764 corpore

1085 766 1163 798 iuris
1189 769 1319 808 clauso,
1342 771 1465 810 notari,
1493 771 1687 814 impugnari,
1713 774 1825 807 invali-

1086 819 1166 859 dari,
1194 821 1345 864 redargui
1371 833 1426 854 seu
1453 824 1683 862 rescindisaut
1700 827 1739 859 ad
1760 832 1825 859 ter-

1083 871 1188 904 minos
1212 871 1291 904 iuris
1317 874 1448 914 reduci,
1480 881 1533 907 aut
1564 877 1716 909 adversus
1751 877 1822 910 illas

1083 925 1269 966 aperitionis
1287 926 1362 965 oris,
1381 927 1591 960 restitutionis
1607 929 1639 960 in
1658 929 1822 972 integrum

1084 977 1130 1009 vel
1156 978 1243 1010 aliud
1269 979 1495 1022 quodcumque
1527 980 1626 1021 iuris,
1664 982 1737 1014 facti
1770 984 1820 1016 vel

1081 1030 1202 1072 gratiae
1228 1032 1407 1065 remedium
1432 1033 1619 1076 impetrari,
1645 1041 1699 1067 aut
1723 1035 1819 1069 etiam

1080 1089 1168 1116 motu
1186 1085 1320 1127 proprio
1341 1096 1499 1120 concesso
1519 1089 1702 1131 quempiam
1721 1090 1752 1121 in
1771 1090 1819 1122 iu-

1080 1135 1163 1169 dicio
1187 1139 1235 1170 vel
1262 1143 1350 1171 extra
1375 1139 1456 1172 illud
1482 1141 1526 1173 uti
1553 1152 1608 1174 seu
1635 1152 1669 1175 se
1705 1142 1815 1176 iuvare

1079 1189 1167 1222 nullo
1193 1200 1335 1233 unquam
1353 1196 1500 1234 tempore
1518 1204 1631 1236 posse;
1651 1195 1765 1238 sicque
1784 1200 1817 1228 et

1079 1251 1142 1275 non
1163 1243 1257 1275 aliter
1281 1244 1313 1275 in
1335 1245 1526 1287 praemissis
1551 1257 1611 1290 per
1639 1258 1816 1289 quoscum-

1079 1305 1142 1337 que
1174 1295 1300 1328 iudices
1335 1297 1520 1331 ordinarios
1556 1304 1588 1330 et
1619 1299 1812 1343 delegatos,

1078 1349 1175 1381 etiam
1194 1359 1366 1382 causarum
1391 1350 1503 1393 palatii
1525 1352 1698 1394 apostolici
1723 1354 1813 1385 audi-

1077 1406 1186 1442 tores,
1213 1413 1247 1434 ac
1273 1402 1303 1435 S.
1344 1402 1380 1434 R.
1419 1403 1453 1435 E.
1488 1404 1683 1444 cardinales,
1718 1406 1812 1439 etiam

1076 1455 1114 1487 de
1139 1456 1239 1488 latere
1266 1457 1397 1498 togatos,
1426 1456 1552 1489 sublata
1569 1458 1615 1490 eis
1640 1464 1673 1491 et
1698 1469 1809 1491 eorum

1075 1508 1209 1541 cuilibet
1241 1509 1351 1551 quavis
1383 1509 1476 1542 aliter
1511 1510 1675 1544 iudicandi
1701 1517 1732 1544 et
1761 1512 1810 1544 in-

1073 1561 1272 1604 terpretandi
1301 1562 1452 1594 facultate
1478 1568 1509 1595 et
1535 1564 1735 1604 auctoritate,
1761 1565 1809 1597 iu-

1073 1614 1170 1646 dicari
1196 1619 1228 1647 et
1253 1614 1377 1647 definiri
1404 1615 1539 1656 debere,
1566 1627 1602 1648 ac
1626 1617 1751 1649 irritum
1776 1622 1807 1650 et

1072 1667 1165 1700 inane
1190 1667 1215 1700 si
1247 1678 1337 1700 secus
1365 1679 1462 1711 super
1495 1666 1546 1701 liis
1576 1680 1594 1701 a
1625 1680 1805 1713 quoquam,

1070 1722 1178 1764 quavis
1196 1721 1392 1762 auctoritate,
1422 1721 1560 1755 scienter
1583 1724 1632 1755 vel
1657 1723 1807 1766 ignoran-

1070 1780 1124 1814 ter,
1151 1774 1322 1817 contigerit
1345 1777 1507 1808 attentari.

1112 1829 1126 1872 ξ
1161 1828 1192 1861 6.
1219 1827 1288 1861 Non
1306 1829 1509 1861 obstantibus
1540 1830 1707 1872 quibusvis
1726 1840 1803 1874 apo-

1885 1842 2000 1865 humatio

1814 1873 1977 1891 conti-ariolum.

1067 1934 1215 1976 libusque
1240 1939 1271 1967 et
1295 1935 1503 1978 synodalibus
1526 1936 1672 1968 conciliis
1696 1937 1800 1977 editis,

1067 1987 1272 2030 generalibus
1296 1989 1346 2020 vel
1376 1988 1580 2030 specialibus,
1599 1989 1815 2022 constitutio-v

1066 2040 1159 2072 nibus
1193 2045 1225 2072 et
1259 2039 1534 2080 ordinationibus,
1573 2051 1701 2073 necnon
1731 2043 1801 2084 qni-

1065 2094 1274 2135 buscumque,
1296 2092 1392 2125 etiam
1410 2092 1602 2132 iuramento,
1628 2094 1801 2126 confirmaa

1067 2146 1152 2178 tione
1168 2145 1358 2188 apostolica,
1374 2147 1423 2178 vel
1443 2145 1553 2188 quavis
1572 2145 1722 2178 firmitate
1737 2147 1799 2178 alia

1066 2199 1248 2238 roboratis,
1279 2198 1405 2231 statutis
1431 2204 1463 2231 et
1487 2200 1795 2239 consuetudinibus,

1064 2262 1100 2283 ac
1146 2251 1455 2294 praescriptionilms
1501 2257 1796 2295 quantumcumque

1064 2304 1260 2346 longissimis
1278 2309 1309 2337 et
1322 2304 1642 2344 immemorabilibus,
1666 2305 1797 2348 privile-

1063 2357 1121 2400 giis
1148 2368 1286 2400 quoque,
1312 2357 1442 2389 indultis
1468 2363 1501 2389 et
1531 2357 1645 2390 litteris
1669 2364 1798 2401 aposto·

1061 2411 1143 2451 licis,
1168 2410 1373 2453 generalibus
1390 2411 1440 2443 vel
1465 2410 1667 2453 specialibus,
1686 2422 1798 2454 supra-

1062 2464 1166 2505 dictis,
1193 2465 1243 2496 vel
1269 2474 1381 2497 eorum
1407 2464 1513 2504 alicui,
1539 2476 1596 2497 seu
1627 2466 1796 2508 quibusvis

1060 2517 1140 2557 aliis,
1167 2517 1400 2560 cuiuscumque
1426 2517 1560 2557 ordinis,
1588 2523 1701 2558 status,
1728 2529 1796 2560 gra-

1061 2571 1130 2611 dus,
1157 2569 1364 2611 conditionis,
1391 2570 1556 2613 dignitatis
1578 2577 1610 2604 et
1634 2572 1795 2614 praeemi-
1817 2582 1821 2583 ⁷

91 2617 239 2648 memb-'uca-
288 2623 383 2655 ctiam
407 2634 443 2655 ex
469 2635 507 2657 eo
532 2626 619 2661 quod
645 2625 797 2663 praedicti
822 2630 852 2658 et
876 2625 1018 2665 quicum·
1037 2609 1039 2648 i
1061 2624 1189 2657 nentiae
1215 2624 1342 2666 fuerint,
1369 2625 1501 2666 etiamsi,
1515 2630 1551 2657 ut
1562 2627 1792 2669 praemittitur,
