2247 3208
198 258 246 285 An.
265 258 294 284 c.
319 257 384 286 ¹668
430 249 494 283 746

395 306 562 350 pressione
596 304 658 337 diei
696 314 732 336 ac
766 303 829 336 loci
854 303 891 336 ad
923 312 1017 345 quem
1043 302 1122 335 diri-

395 363 523 401 guntur.

439 410 477 442 Ut
501 406 605 442 autem
633 408 728 440 huius
753 407 880 441 Ordinis
901 407 1048 449 religiosi
1069 407 1126 439 ali-

394 474 456 506 quo
472 463 566 495 etiam
584 461 755 504 temporali
770 460 913 503 praemio
930 460 1122 500 alliciantur,

393 515 581 556 animosque
614 513 729 545 fortius
762 513 932 546 intendant
959 514 999 546 ad
1023 513 1127 546 liben-

394 569 454 601 tius
480 567 673 610 semetipsos
700 566 855 599 dicandos
881 576 974 598 sacro
1005 565 1125 599 missio-

392 632 467 654 num
492 619 678 658 ministerio,
704 624 736 651 et
765 623 1004 661 consequenter
1029 618 1125 651 etiam

391 673 498 708 studio
535 672 718 714 praedicto,
747 671 843 703 veluti
875 671 914 703 ad
952 670 1124 703 missiones

390 726 476 768 ipsas
502 725 634 763 directo,
658 723 866 763 missionarii,
889 734 924 756 ac
948 722 1125 766 respective

390 779 566 817 studentes,
586 777 633 817 iis,
653 787 734 819 quae
752 781 944 819 sequuntur,
960 776 1125 819 potiantur

390 830 583 873 privilegiis:

433 882 543 915 Studio
568 882 716 914 arabicae
751 881 880 924 linguae
918 885 1072 924 peraeto,
1098 881 1123 913 si

362 934 363 937 ’
389 933 564 971 studenteS,
583 933 737 965 lectorum
762 942 893 965 suorum
919 931 1122 974 aliorumque

389 988 479 1019 sacra
504 985 755 1027 congregatione
787 985 1048 1028 deputandorum
1077 983 1124 1015 iu-

389 1039 484 1079 dicio,
506 1038 682 1081 profecisse
702 1042 904 1080 compertum
931 1037 1037 1076 fuerit,
1063 1046 1123 1069 nec

389 1097 465 1124 tune
492 1091 647 1134 temporis
667 1101 726 1133 pro
745 1091 790 1123 eis
810 1090 972 1123 missionis
995 1089 1122 1122 occasio

389 1155 461 1177 sese
487 1134 651 1183 obtulerit,
675 1147 730 1175 aut
745 1143 785 1175 ob
805 1143 944 1186 aliquam
967 1141 1122 1174 momenti

388 1208 519 1230 causam
541 1197 624 1229 Loca
645 1196 760 1228 Sancta
776 1201 888 1238 petere
906 1194 1122 1238 nequiverint,

389 1250 428 1282 ad
452 1249 599 1292 proprias
617 1248 781 1281 remeant¹
800 1247 992 1291 provincias,
1012 1247 1122 1290 ibique

388 1308 568 1341 morentur,
596 1302 699 1334 donec
723 1312 831 1334 sacrae
857 1301 1121 1343 congreg-tionis

388 1355 517 1388 servitio
536 1355 759 1393 adhibeantur,
779 1359 810 1387 et
827 1354 955 1386 interim
974 1353 1123 1385 minister

389 1408 596 1452 provincialis
628 1418 684 1440 eos
716 1407 856 1440 collocet
886 1407 918 1439 in
950 1406 1122 1449 principali

388 1463 496 1505 aliquo
510 1461 692 1504 provinciae
707 1465 867 1493 conventu
882 1460 1005 1492 eisdem
1020 1463 1120 1501 grato,

389 1526 426 1548 ex
452 1526 527 1558 quo,
549 1515 620 1557 ipso
642 1513 784 1556 generali
806 1513 1001 1553 inconsulto,
1022 1512 1122 1545 dimo-

388 1568 454 1601 veri
480 1572 660 1610 nequeant;

432 1620 522 1658 Quod
558 1620 582 1652 si
620 1620 749 1652 interim
780 1630 797 1651 a
829 1620 918 1651 sacra
949 1629 1123 1661 congrega-

389 1674 476 1707 tione
502 1673 647 1706 missioni
674 1672 767 1705 alicui
801 1671 953 1705 destinati
978 1671 1119 1713 fuerint,

388 1728 437 1760 vel
463 1737 479 1759 a
505 1725 674 1769 superiore
700 1725 843 1768 generali
868 1724 955 1757 missi
982 1724 1019 1756 ad
1040 1724 1123 1756 Loca

389 1780 523 1819 Sancta,
550 1779 636 1812 illico
662 1779 773 1821 vigore
798 1777 968 1811 iuramenti
1006 1787 1121 1820 parere

389 1838 578 1872 teneantur3
606 1832 684 1864 alias
710 1833 890 1875 plectamur
915 1831 1048 1863 arbitrio
1076 1841 1123 1863 sa-

390 1896 463 1918 crae
489 1885 764 1927 congregationis.

433 1938 472 1971 Iis
498 1949 582 1979 vero,
609 1938 663 1981 qui
688 1938 721 1970 in
738 1937 894 1970 missione
912 1935 1017 1981 aliqua
1035 1947 1123 1981 prae-

389 1991 461 2024 fecti
480 2001 613 2023 munere
631 2002 690 2033 per
709 1991 897 2023 sexennium
917 1990 1124 2023 laudabiliter

389 2043 549 2087 perfuncti
587 2042 723 2083 fuerint,
750 2043 846 2076 liceat
869 2043 902 2075 in
926 2043 1032 2078 reditu
1067 2043 1124 2076 ali-

391 2108 486 2140 quem
512 2108 548 2129 ex
574 2096 808 2140 principalibus
826 2097 979 2140 propriae
997 2097 1124 2140 provin-

391 2150 457 2182 ciae
483 2149 691 2182 conventibus
718 2149 776 2181 sibi
803 2150 956 2192 deligere,
983 2160 1017 2181 ac:
1039 2150 1124 2183 inter

391 2203 645 2245 exprovinciales
682 2203 945 2246 praecedentiam
981 2204 1121 2245 habere,

392 2256 576 2295 dummodo,
595 2257 707 2289 saltem
728 2267 786 2300 per
810 2257 889 2289 duos
915 2268 1017 2290 annos
1039 2263 1122 2299 ante,

392 2309 441 2340 vel
465 2308 497 2340 in
523 2310 634 2341 eadem
659 2310 830 2350 missione,
857 2311 907 2343 vel
928 2310 959 2342 in
985 2311 1065 2351 alia,
1091 2311 1123 2343 in

392 2365 476 2392 statu
497 2360 652 2403 simplicis
677 2361 873 2394 missionarii
903 2362 1120 2396 inservierint.

436 2411 543 2444 Liceat
566 2413 688 2455 pariter
711 2414 758 2453 iis,
784 2415 838 2457 qui
860 2414 1123 2449 commendabili-

393 2470 442 2497 ter
478 2465 646 2498 duodecim
681 2477 839 2502 annorum
871 2468 974 2510 spatio
1012 2479 1123 2501 sacrae

392 2517 635 2560 congregationi
669 2518 702 2551 in
734 2519 940 2553 missionibus
972 2520 1123 2555 inservie-

428 2632 438 2659 1
463 2631 555 2668 Aptius
574 2631 632 2668 lege
652 2635 779 2661 remeent
798 2635 838 2668 (R.
854 2633 902 2669 τ,).

958 254 1138 280 BULLARIUM
1162 255 1313 280 ROMANUM

1168 303 1240 343 rint,
1266 308 1342 346 post
1366 303 1518 344 reditum,
1540 315 1638 338 unum
1660 316 1696 339 ex
1714 305 1903 349 principali-

1168 356 1228 388 bus
1245 357 1393 399 propriae
1408 357 1593 399 provinciae
1611 359 1821 391 conventibus
1839 359 1901 391 sibi

1170 408 1325 450 deligere,
1354 419 1530 452 eorumque
1555 410 1644 442 locus
1669 410 1708 443 sit
1732 416 1808 454 post
1832 412 1903 444 ulti-

1170 470 1257 492 mum
1298 459 1502 493 definitorem
1541 466 1732 505 ceterosque
1772 459 1820 505 (si
1856 464 1900 496 ibi

1169 512 1351 556 adfuerint)
1377 513 1431 556 qui
1457 513 1535 546 alias
1573 514 1735 547 missionis
1766 515 1902 549 alicuius

1169 564 1324 606 praefecti
1350 565 1525 598 extiterint.

1212 617 1372 650 Facultate
1399 618 1529 650 demum
1562 618 1703 661 eligendi
1739 618 1800 652 sibi
1826 630 1902 652 con-

1169 674 1298 702 ventum
1322 669 1354 702 in
1380 670 1483 702 reditu
1510 671 1672 712 gaudeant
1689 671 1822 715 insuper
1840 672 1902 705 fra-

1169 726 1234 754 tres
1253 721 1286 763 ii,
1307 723 1360 765 qui
1386 733 1444 765 per
1461 733 1562 756 annos
1582 723 1766 766 quindecim
1784 724 1899 757 Terrae

1168 773 1302 806 Sanctae
1327 775 1541 808 inservierint.

1211 826 1401 859 Missionarii
1438 833 1543 860 autem
1579 828 1723 861 eiusdem
1748 829 1899 871 Ordinis,

1169 879 1232 922 qui,
1259 890 1330 912 eum
1355 879 1485 912 licentia
1509 890 1617 913 sacrae
1638 882 1901 924 congregationis

1167 932 1217 964 vel
1242 932 1406 974 praefecti,
1429 943 1464 965 ex
1483 933 1561 966 locis
1587 933 1777 966 missionum
1803 934 1899 967 disce·

1168 984 1294 1025 dentes,
1312 986 1351 1018 ad
1369 985 1488 1018 Urbem
1509 996 1543 1018 se
1568 987 1740 1019 conferunt
1764 992 1901 1031 propter

1168 1038 1304 1079 negocia
1336 1038 1520 1070 earumdem
1551 1039 1756 1079 missionum,
1789 1051 1896 1073 rema-

1167 1094 1265 1122 neant
1293 1090 1326 1122 in
1358 1096 1518 1123 conventu
1554 1091 1584 1124 S.
1612 1092 1697 1124 Petri
1729 1092 1760 1124 in
1793 1092 1900 1126 Monte

1166 1144 1290 1183 Aureo,
1315 1142 1347 1175 in
1381 1153 1444 1186 quo
1476 1144 1656 1176 habeantur
1688 1149 1848 1188 tamquam
1873 1146 1899 1180 si

1166 1201 1274 1227 essent
1287 1196 1399 1228 fratres
1415 1196 1452 1228 de
1471 1196 1600 1236 familia,
1616 1198 1825 1241 quoadusque
1839 1209 1900 1241 per

1165 1258 1289 1281 sacram
1307 1249 1594 1291 congregationem
1612 1250 1751 1293 expediti
1771 1251 1898 1291 fuerint,

1166 1302 1251 1344 quod
1276 1302 1515 1345 quamprimum
1535 1302 1604 1334 fieri
1630 1303 1764 1336 curabit.

1209 1354 1242 1386 In
1268 1355 1381 1388 eodem
1405 1361 1565 1388 conventu
1590 1363 1807 1390 commoretur
1824 1368 1899 1400 pro-

1165 1413 1294 1440 curator
1318 1407 1507 1441 missionum
1532 1409 1667 1442 durante
1689 1410 1756 1442 eius
1781 1410 1896 1451 officio,

1166 1460 1219 1503 qui
1244 1461 1363 1493 babeat
1386 1461 1466 1493 duos
1491 1461 1598 1494 socios
1624 1462 1683 1494 sibi
1709 1467 1837 1505 gratos,
1865 1468 1899 1496 ut

1165 1523 1238 1545 eum
1263 1513 1414 1546 adiuvent
1433 1514 1465 1546 in
1491 1515 1642 1556 gerendis
1659 1516 1805 1557 negociis
1824 1516 1899 1548 mis-

1165 1565 1300 1605 sionum,
1320 1577 1391 1598 cum
1412 1566 1560 1600 facultate
1586 1567 1658 1600 illos
1679 1567 1829 1600 mittendi
1848 1578 1899 1601 ex-

1167 1624 1212 1651 tra
1237 1624 1433 1652 conventum
1457 1625 1593 1663 propter
1613 1621 1755 1663 ipsarum
1775 1621 1899 1654 missio-

1165 1683 1241 1707 num
1266 1673 1415 1715 negocia,
1442 1673 1542 1716 petita
1567 1673 1657 1717 prius
1682 1674 1775 1709 solita
1800 1675 1899 1707 bene-

1165 1725 1306 1759 dictione
1332 1737 1349 1759 a
1373 1727 1542 1769 superiore
1568 1727 1676 1760 locali.

1208 1779 1255 1811 Ad
1280 1788 1397 1811 munus
1416 1784 1524 1812 autem
1542 1779 1760 1822 procuratoris
1774 1779 1900 1813 missio-

1166 1841 1243 1864 num
1273 1832 1483 1874 imposterum
1516 1842 1612 1864 nemo
1637 1832 1808 1875 eligatur¹‚
1835 1832 1896 1865 nisi

1165 1884 1254 1927 prius
1280 1884 1313 1916 in
1338 1884 1459 1918 eisdem
1490 1884 1697 1917 missionibus
1729 1882 1899 1918 laudabili-

1167 1942 1214 1970 ter
1230 1937 1414 1970 inservierit
1426 1948 1483 1981 per
1497 1938 1687 1971 sexennium
1702 1939 1899 1981 completum

1166 1999 1237 2022 cum
1261 1989 1353 2024 titulo
1378 1990 1544 2033 praefecti,
1558 1991 1607 2023 vel
1625 2001 1684 2034 per
1704 1990 1898 2023 decennium

1166 2052 1237 2074 cum
1263 2043 1355 2076 titulo
1379 2043 1583 2077 missionarii.

1209 2095 1326 2134 Quibus
1340 2097 1498 2137 omnihus,
1514 2107 1621 2129 sacrae
1640 2096 1900 2138 congregationis

1166 2149 1268 2189 iussu,
1303 2149 1505 2183 sanctissimo
1539 2149 1668 2182 domino
1694 2154 1805 2181 nostro
1841 2159 1900 2192 per

1167 2202 1312 2235 eiusdem
1347 2202 1556 2235 secretarium
1587 2202 1716 2241 relatis,
1742 2200 1900 2235 Sanctitas

1165 2255 1237 2297 Sua,
1255 2256 1294 2288 ad
1312 2255 1440 2288 maioris
1458 2254 1616 2287 firmitatis
1634 2254 1731 2287 robur
1748 2253 1900 2287 adiicien-

1166 2308 1252 2348 dum,
1279 2308 1377 2340 Breve
1404 2307 1543 2351 desuper
1568 2307 1711 2351 expediri
1736 2307 1900 2339 mandavit

1165 2361 1197 2393 in
1223 2360 1383 2394 audientia
1400 2360 1457 2392 sub
1476 2361 1526 2393 die
1544 2370 1575 2393 1x
1588 2360 1666 2393 iunii
1683 2369 1850 2394 iinctxvm
1865 2371 1895 2391 η.

1209 2415 1366 2448 Formula
1389 2414 1570 2447 iuramenti
1595 2413 1787 2457 praestandi
1806 2413 1845 2445 ab
1868 2422 1900 2444 α·

1167 2468 1289 2501 lamnis
1313 2467 1458 2510 linquam
1476 2467 1644 2499 arabicam
1662 2465 1900 2498 addiscentibus

1165 2522 1200 2554 in
1232 2525 1389 2554 conventu
1420 2520 1451 2554 S.
1479 2519 1567 2553 Petri
1598 2520 1634 2552 in
1668 2519 1772 2552 Monte
1796 2518 1900 2551 Aureo

1202 2637 1213 2662 1
1236 2635 1308 2663 Edit.
1325 2635 1404 2663 Main.
1422 2635 1486 2671 legit
1500 2635 1630 2671 aliyatur
1645 2635 1683 2669 (n.
1698 2633 1746 2668 T.).

1914 255 1964 283 An.
1981 254 2010 283 C.
2032 254 2100 283 ¹668
