2247 3208
159 211 210 238 An.
231 209 260 238 C.
277 210 344 238 1664

154 271 271 297 praedictis
286 273 308 292 ut
319 271 338 291 m
349 258 425 297 nati,
439 257 478 290 de
492 255 725 290 venerabilium
750 256 882 289 fratrum
902 261 1085 288 nostrorum

153 298 248 318 ‘mm'
349 311 380 344 S.
400 311 438 343 R.
458 310 492 343 E.
512 309 724 343 cardinalium
747 309 845 342 sacris
862 309 976 341 ritibus
994 319 1086 352 prae-

348 364 530 407 positorum
555 363 704 404 consilio,
722 363 912 396 auctoritate
933 362 1086 405 apostoli-

347 420 393 457 ca,
419 422 533 450 tenore
558 416 792 460 praesentium,
812 417 1021 455 declaramus,
1045 415 1085 448 ad

349 472 488 504 savorem
502 471 694 504 dilectorum
706 470 846 504 filiorum
861 470 993 502 fratrum
1008 467 1083 501 dicti

347 524 476 558 Ordinis
500 523 761 556 Praedicatorum
781 522 915 556 Tolosae
941 531 1084 554 commo-

348 577 500 618 rantium,
520 587 586 610 non
604 577 702 610 licere
729 576 853 609 dilectis
871 575 994 618 pariter
1010 573 1083 606 filiis

346 631 497 664 fratribus
522 629 650 664 Ordinis
675 629 834 662 Minorum
860 628 960 662 sancti
984 628 1083 660 Fran-

344 684 420 717 cisci
445 685 491 718 de
508 683 716 717 Observantia
733 687 1006 726 nuncupatorum,
1024 681 1083 716 mi-

344 746 467 780 nusque
492 736 747 770 confraternitati
765 735 797 768 in
816 746 928 768 eorum
947 734 1083 767 ecclesia

343 790 452 832 magni
477 794 650 823 conventus
676 794 800 821 erectae
815 788 873 821 sub
891 788 984 821 titulo
1001 787 1082 820 Con-

342 843 502 886 ceptionis
534 842 586 875 SS.
614 842 753 885 Virginis
781 841 1018 881 Immaculatae,
1043 841 1082 873 il-

341 895 469 938 liusque
482 895 707 935 confratribus,
719 895 823 928 facere
838 895 1080 938 processionem

340 948 445 991 prima
469 948 632 981 dominica
655 947 828 981 cuiuslibet
854 947 993 987 mensis,
1020 958 1080 981 nec

340 1010 435 1043 posse
448 1001 631 1044 praedictos
644 1001 758 1034 fratres
776 995 903 1033 Ordinis
920 1000 1078 1036 Minorum

339 1054 439 1086 sancti
465 1054 627 1088 Francisci
653 1054 692 1087 de
717 1052 927 1087 observanti-:1
957 1063 1078 1086 novum

340 1106 509 1139 Rosarium
534 1107 593 1140 sub
618 1107 712 1141 titulo
737 1106 918 1149 Seraphici,
945 1111 1000 1139 aut
1019 1117 1078 1139 no-

339 1170 409 1193 vem
425 1170 635 1202 novenarum,
653 1161 703 1194 vel
721 1160 854 1194 alterius
867 1160 1010 1201 rationis
1029 1160 1077 1193 in-

338 1213 465 1253 ducere,
490 1213 678 1257 praedicare
696 1219 727 1246 et
751 1214 877 1254 docere,
895 1224 956 1247 nec
976 1213 1008 1246 in
1028 1213 1078 1246 Li-

339 1266 431 1299 laniis
456 1265 491 1299 B.
517 1266 656 1310 Virginis
681 1266 803 1309 aliquid
828 1266 991 1307 innovare,
1016 1276 1076 1299 nec

339 1319 488 1353 iatiellam
513 1330 685 1363 exponere,
711 1320 744 1352 in
768 1330 831 1363 qua
851 1317 885 1353 B.
905 1319 1001 1362 Virgo
1019 1320 1074 1354 Dei

337 1372 434 1405 Mater
458 1373 512 1407 det
534 1372 702 1406 Rosarium
720 1373 837 1406 sanctis
854 1373 1023 1407 Francisco
1044 1378 1075 1406 et

336 1426 455 1467 (Tlarae,
481 1431 578 1469 prout
594 1427 690 1459 etiam
706 1426 849 1470 praefata
873 1427 979 1461 omnia
1003 1427 1073 1460 fieri

335 1480 544 1522 prohibemus
569 1485 600 1512 et
624 1480 743 1514 servari
768 1481 967 1514 mandamus.

378 1533 393 1575 ἓ
417 1532 449 1566 3.
483 1533 699 1565 Decernentes
732 1534 860 1567 easdem
887 1539 1073 1577 praesentes

335 1584 456 1617 litteras
481 1596 608 1629 semper
632 1585 747 1625 sirmas,
772 1586 891 1619 validas
913 1592 943 1619 ct
968 1587 1073 1620 effica-

333 1648 385 1670 ces
409 1639 545 1672 existere
571 1645 601 1671 et
627 1639 712 1680 fore,
739 1649 876 1683 suosque
909 1641 1071 1683 plenarios

333 1696 363 1723 et
388 1691 528 1734 integros
554 1690 683 1725 etl'ectus
715 1692 822 1725 sortiri
848 1698 879 1725 et
903 1693 1069 1734 obtinere,

332 1755 368 1776 ac
392 1745 430 1777 ab
455 1745 527 1785 illis,
554 1745 592 1777 ad
613 1756 692 1788 quos
710 1751 831 1788 spectat
857 1751 887 1779 et
911 1757 969 1789 pro
994 1751 1071 1779 tem-

331 1807 409 1839 pore
434 1798 606 1840 spectabit,
633 1798 862 1831 inviolabiliter
890 1799 1069 1840 observari,

331 1849 441 1892 sicque
462 1850 493 1882 in
512 1850 693 1892 praemissis
711 1860 769 1893 per
786 1861 1004 1895 quoscumque
1026 1852 1071 1884 iu—

333 1902 418 1935 dices
443 1903 623 1936 ordinarios
641 1908 672 1935 et
688 1903 862 1945 delegatos,
883 1905 979 1937 etiam
999 1915 1070 1937 cau-

331 1965 438 1988 sarum
461 1956 572 1999 palatii
596 1956 762 1999 apostolici
786 1956 965 1998 auditores,
990 1957 1071 1990 iudi·

331 2008 396 2041 cari
421 2013 451 2040 et
469 2008 595 2041 definiri
613 2009 741 2049 debere,
760 2020 794 2042 ac
812 2009 936 2042 irritum
957 2015 988 2042 et
1004 2010 1071 2043 ina-

331 2071 371 2093 ne
389 2061 415 2093 si
435 2070 526 2094 secus
544 2071 641 2104 super
659 2062 708 2094 his
727 2072 743 2094 a
769 2072 938 2104 quoquam,
960 2063 1069 2106 quavis

333 2113 536 2154 auctoritate,
557 2114 696 2147 scienter
711 2115 761 2148 vel
778 2114 977 2157 ignoranter,
997 2125 1071 2148 con-

334 2166 442 2208 tigerit
466 2167 627 2200 attentari.

377 2220 392 2262 g
417 2219 450 2252 4.
476 2219 547 2253 Non
565 2221 766 2254 obstantibus
784 2221 1070 2255 constitutionibus

334 2277 366 2304 et
391 2272 650 2306 ordinationibus
675 2274 870 2317 apostolicis,
889 2275 1070 2319 ceterisque

335 2325 504 2358 contrariis
530 2325 796 2370 quibuscumque.

378 2378 393 2422 ς
425 2378 456 2411 5.
493 2379 643 2412 Volumus
680 2385 785 2413 autem
819 2386 855 2413 ut
887 2381 1071 2415 earumdem

333 2432 553 2476 praesentium
577 2433 756 2466 litterarum
780 2434 996 2477 transumptis,
1014 2445 1071 2467 seu

335 2486 499 2529 exemplis,
517 2486 611 2518 etiam
635 2486 809 2530 impressis,
825 2497 921 2520 manu
938 2488 1071 2520 alicuius

335 2539 449 2572 notarii
469 2540 591 2582 publici
611 2540 811 2583 subscriptis,
828 2545 860 2573 et
876 2541 982 2583 sigillo
999 2551 1072 2584 per-

334 2602 431 2626 sonae
455 2593 489 2625 in
514 2593 727 2627 ecclesiastica
740 2593 894 2636 dignitate
920 2593 1072 2627 constitu-

168 1538 282 1560 Decretum
297 1541 322 1560 ir-

139 1567 213 1586 ritans.

208 2225 321 2256 Derogatio

138 2255 299 2274 contrariorum.

177 2384 322 2411 Trancumptts

141 2409 211 2432 danda
225 2411 284 2432 fides.

946 206 1134 230 ALEXANDER
1157 207 1202 230 vn
1225 206 1276 229 Pr.

1129 260 1177 287 tac
1202 254 1341 294 munitis,
1368 254 1479 287 eadem
1504 263 1634 297 prorsus
1659 253 1737 286 sides
1764 254 1794 286 iu
1821 254 1867 286 iu-

1129 307 1212 339 dicio
1237 313 1268 339 et
1293 313 1382 340 extra
1406 307 1605 347 adhibeatur,
1622 317 1702 350 quae
1718 318 1867 350 praeseu-

1128 359 1212 391 tibus
1237 360 1313 402 ipsis
1338 360 1556 401 adhiberetur,
1574 360 1600 392 si
1618 360 1722 394 forent
1743 360 1866 392 exhibi-

1128 418 1177 444 tae
1202 413 1251 445 vel
1277 418 1434 445 ostensae.

1170 465 1281 497 Datum
1306 465 1435 506 Romae,
1461 466 1544 509 apud
1570 466 1600 498 S.
1628 467 1755 499 Mariam
1771 467 1865 499 Maio-

1126 527 1214 557 rem,
1239 518 1297 549 suh
1323 520 1442 552 annulo
1474 518 1662 559 piscatoris,
1690 519 1740 551 die
1764 530 1863 552 xxvut

1125 570 1199 602 maii
1224 580 1372 611 unciixiv,
1398 571 1600 614 pontificatus
1618 572 1717 604 nostri
1736 583 1860 605 annox.

1161 631 1219 658 Dat.
1237 631 1280 658 die
1293 631 1326 659 28
1343 632 1405 659 maii
1426 632 1503 667 1664,
1520 633 1615 668 pontif.
1632 641 1703 661 anno
1718 643 1744 660 x.

1388 774 1595 807 CDLXXYIH.

1125 853 1301 895 Confirmat
1326 853 1487 890 decretum
1512 866 1622 888 sacrae
1642 858 1862 900 conqreyatio-

1165 907 1218 939 nis
1240 918 1300 950 pro
1318 909 1474 941 erectione
1493 914 1664 942 conventus
1684 911 1862 953 Conqreqcc-

1167 949 1458 1004 tionisfianperum
1469 961 1586 995 Matris
1596 962 1657 995 Det
1666 963 1860 996 Sclaeolurum

1164 1013 1304 1047 Piorum
1326 1015 1363 1047 in
1386 1014 1502 1058 oppido
1519 1015 1682 1055 Piscinae,
1702 1016 1860 1048 Marsica-

1164 1077 1226 1100 καθ
1249 1067 1410 1101 dioecesis.

1312 1147 1476 1175 Alexander
1495 1148 1576 1182 Papa
1595 1149 1659 1182 vn,

1260 1191 1297 1218 ad
1316 1191 1450 1219 futuram
1468 1192 1514 1219 rei
1534 1193 1716 1220 memoriam.

1162 1261 1177 1304 ξ
1197 1260 1229 1293 t.
1252 1261 1339 1294 Alias
1365 1272 1425 1305 pro
1443 1266 1536 1305 parte
1554 1262 1749 1296 dilectorum
1774 1263 1857 1297 filio-

1118 1325 1188 1347 rum
1210 1315 1499 1358 cougregafiouis'
1517 1316 1710 1350 clericorum
1734 1328 1858 1362 paupe-

1117 1377 1188 1400 rum
1202 1367 1310 1400 Matris
1320 1367 1377 1401 Dei
1388 1367 1579 1402 Scholarum
1588 1369 1718 1402 Piarum
1728 1380 1838 1404 sacrae
1849 1371 1859 1387 ’Ζ

1117 1421 1367 1464 congregationi
1385 1421 1619 1455 venerabilium
1644 1423 1777 1456 fratrum
1802 1435 1858 1457 uo-

1116 1480 1257 1508 strorum
1273 1474 1305 1507 S.
1329 1474 1366 1507 R.
1385 1474 1420 1507 E.
1441 1475 1654 1509 cardinalium
1669 1478 1811 1520 negotiis
1826 1484 1856 1511 et

1116 1528 1413 1561 consultationibus
1433 1528 1659 1573 episcoporum
1681 1536 1713 1563 et
1731 1532 1857 1573 regula-

1115 1581 1197 1613 rium
1215 1582 1424 1625 praepositae
1443 1583 1591 1625 cxposito
1609 1584 1695 1626 quod
1714 1583 1774 1627 ipsi
1793 1584 1856 1616 iam

1115 1634 1189 1667 inde
1216 1634 1255 1667 ab
1281 1645 1366 1667 anno
1383 1645 1514 1668 Mncxmi
1532 1636 1755 1669 fundationem
1781 1648 1856 1669 con-

1114 1693 1230 1720 ventus
1262 1687 1295 1720 in
1320 1689 1442 1731 oppido
1467 1687 1629 1729 Piscinae,
1656 1689 1855 1722 Marsicauae

1114 1740 1281 1781 dioecesis,
1296 1741 1329 1773 in
1348 1742 1599 1785 exequutionem
1624 1743 1722 1785 legati
1741 1743 1855 1775 domus

1113 1799 1145 1827 et
1176 1805 1319 1828 summae
1351 1795 1464 1828 decem
1497 1795 1634 1828 millium
1664 1796 1854 1828 ducatorum

1113 1847 1172 1880 sibi
1199 1858 1216 1879 a
1241 1848 1404 1891 quondam
1424 1848 1534 1881 Laelio
1549 1848 1751 1881 Thomasetti
1769 1850 1853 1889 faeti,

1113 1899 1152 1932 de
1178 1899 1309 1932 licentia
1332 1900 1505 1941 Ordinarii,
1519 1911 1555 1932 ac
1571 1911 1736 1934 consensu
1755 1912 1853 1943 regu-

1113 1952 1240 1993 larium,
1259 1963 1387 1986 necnon
1400 1953 1620 1986 universitatis
1638 1959 1670 1987 et
1686 1954 1855 1987 hominum

1113 2005 1190 2038 dicti
1209 2005 1320 2048 oppidi
1345 2005 1588 2046 inchoaverant,
1607 2012 1706 2049 prout
1723 2017 1760 2039 ex
1775 2008 1854 2039 scri-

1112 2059 1215 2101 pturis
1241 2059 1320 2091 alias
1334 2058 1366 2091 in
1386 2059 1500 2092 eadem
1513 2065 1768 2102 congregatione
1784 2071 1852 2093 ear-

1113 2112 1269 2146 dinalium
1294 2113 1446 2145 exhibitis
1473 2119 1622 2147 constare
1648 2114 1851 2154 asscrebant,

1113 2176 1173 2198 nec
1188 2166 1410 2200 fundationem
1423 2166 1608 2200 huiusmodi
1627 2167 1765 2200 subinde
1780 2178 1853 2210 per—

1112 2219 1208 2252 ficere
1233 2225 1410 2262 potuerunt
1432 2226 1568 2263 propter
1592 2222 1692 2253 multa
1716 2221 1853 2264 impedi-

1113 2277 1233 2312 menta,
1255 2283 1336 2316 quae
1362 2278 1628 2316 supervenerant,
1655 2284 1690 2306 ac
1715 2274 1853 2307 deducta

1114 2331 1147 2359 et
1177 2325 1319 2359 discussa
1351 2325 1482 2359 fuerunt
1511 2326 1545 2358 in
1576 2326 1744 2370 praedicta
1778 2337 1854 2359 con-

1114 2379 1304 2423 gregatione
1323 2379 1547 2419 cardinalium,
1566 2390 1649 2422 quae
1674 2384 1748 2411 tunc
1773 2379 1852 2422 ipsis

1115 2427 1351 2475 exponentibus
1376 2433 1518 2474 legatum
1544 2431 1738 2471 huiusmodi,
1766 2432 1852 2474 quod

1115 2496 1132 2517 a
1157 2485 1283 2518 dilectis
1303 2484 1378 2518 filiis
1399 2485 1569 2518 monachis
1587 2484 1782 2517 Silvestrinis
1799 2494 1852 2517 oc-

1152 2557 1161 2583 1
1180 2556 1250 2584 Edit.
1267 2556 1350 2583 Main.
1368 2555 1428 2584 heic
1443 2555 1517 2583 addit
1530 2563 1630 2582 sacrae
1644 2556 1682 2590 (R.
1699 2555 1748 2590 T.).

1149 2600 1166 2628 Ξ).
1181 2600 1246 2628 Heio
1260 2608 1309 2628 nos
1324 2601 1449 2636 ponimus
1463 2608 1557 2628 vocem
1572 2608 1671 2627 sacrae
1687 2600 1726 2635 (R.
1738 2599 1787 2635 T.)-

1763 196 1827 229 Ω275
1875 205 1924 231 An.
1942 205 1971 232 c.
1994 205 2061 234 1662

1896 1276 2011 1303 Exposum.
