2247 3208
113 223 164 250 An.
190 221 220 250 C.
239 221 306 249 1669

309 270 578 314 Congregationis
603 281 668 304 non
694 283 729 305 ex
757 273 950 315 cognomine
971 284 1048 315 gen-

309 324 426 362 tilitio,
453 325 509 357 sed
535 336 571 357 ex
598 326 727 359 nominc
756 326 888 359 alieuius
913 326 1045 367 Sancti,

309 389 344 410 ac
359 378 485 411 demum
500 379 648 411 servandi
667 380 764 412 etiam
784 380 813 412 in
834 380 948 412 itinere
968 391 1047 423 pau-

307 436 488 475 pertatem,
525 443 619 475 quam
652 433 793 475 operarii
829 433 924 465 liuius
961 432 1046 465 insti-

308 484 365 516 tuti
391 485 592 527 profitentur.
620 485 653 517 In
679 485 793 517 (eteris
818 496 893 517 vero
926 485 1044 517 servari

308 537 403 569 iussit
428 537 576 580 antiquas
596 538 843 570 constitutiones
864 538 1046 580 Congrega-

307 588 423 621 tionis¹
450 590 633 622 huiusmodi
655 600 727 622 cum
749 591 900 622 omnibus
923 590 1043 632 gratiis,

306 641 441 674 indultis
468 647 499 675 ct
523 642 701 685 privilegiis
726 653 743 674 a
760 643 841 675 Sede
859 643 1044 685 apostolica

307 694 415 727 eidem
453 695 640 734 concessis,
678 695 709 727 in
746 695 784 727 iis
819 700 925 727 tamen
960 706 1041 738 quac

307 752 499 789 aptarentur
525 753 557 781 et
589 753 808 789 congruerent
837 748 932 780 statui
963 748 1044 780 Con-

307 801 506 842 grcgationis
533 800 698 840 secularis,
722 806 754 833 et
779 800 829 833 his
847 801 972 833 statutis
997 806 1041 833 at—

307 863 368 895 que
385 853 525 886 decretis
542 860 608 886 non
626 854 889 886 adversarentur:
904 859 933 885 et
953 854 1039 893 alias,

306 910 404 948 prout
428 906 461 938 in
486 906 571 939 binis
593 905 736 949 Gregorii
764 906 814 940 die
839 917 891 940 xiv
918 918 1042 940 novem-

305 959 372 991 bris
397 969 514 993 Mncxxi
540 965 569 992 et
597 960 648 992 die
672 970 709 992 xv
735 960 875 993 octobris
900 970 1039 1000 iincxxiss

306 1022 342 1044 ae
359 1011 432 1044 unis
446 1012 624 1045 Innocentii
641 1012 691 1045 die
706 1024 757 1046 xv1
772 1013 876 1045 martii
892 1023 1039 1051 MDcxtvi,

305 1076 436 1099 necnon
461 1067 573 1099 itidem
603 1066 687 1099 binis
715 1067 884 1100 Alexandri
908 1067 1042 1110 praede-

305 1130 470 1153 cessorum
497 1120 717 1163 praefatorum
744 1121 794 1152 die
816 1131 884 1153 xxlv
905 1120 1039 1152 ianuarii

304 1183 423 1206 unctvi
450 1178 481 1206 et
506 1173 556 1206 die
581 1183 677 1207 xxvlu
716 1173 826 1216 aprilis
862 1183 967 1206 iinctx
994 1184 1042 1205 re-

305 1225 447 1268 spective
474 1226 632 1269 expeditis
647 1226 679 1258 in
699 1226 795 1259 simili
815 1226 913 1258 forma
931 1226 1040 1258 Brevis

304 1279 441 1319 litteris,
475 1290 610 1322 quarum
648 1285 778 1312 tenores
811 1279 1041 1322 praesentibus

304 1341 362 1375 pro
387 1332 483 1374 plene
516 1336 548 1364 et
584 1331 784 1364 sufficienter
812 1331 973 1374 expressis
1006 1342 1042 1364 ac

305 1384 345 1417 de
371 1385 471 1417 verbo
490 1385 529 1417 ad
549 1384 682 1417 verbum
704 1384 835 1417 insertis
855 1384 968 1417 haberi
987 1395 1040 1416 vo-

921 224 1064 249 CLEMENS
1088 225 1118 248 tx
1144 226 1191 249 FP.

1092 273 1252 315 praefatas
1278 275 1512 309 communicata
1539 277 1676 318 fuerunt,
1700 281 1825 314 restitui

1091 331 1118 357 et
1146 326 1358 369 reintegrari,
1392 338 1427 360 ae
1455 330 1728 364 ultiincidit-tarini]
1757 334 1826 366 Ate-

1090 380 1200 410 xandri
1228 381 1489 422 prtwdeeessoris
1508 383 1574 415 litte
1590 395 1683 417 ‘arum
1715 386 1826 418 obser-

1091 431 1227 463 vantiam
1253 432 1338 465 eirca
1365 439 1490 476 tempus
1523 436 1702 469 durationis
1733 450 1826 481 prae-

1090 484 1186 525 positi
1213 487 1374 525 generalis
1403 487 1432 519 iu
1455 489 1577 527 ossicio,
1603 491 1824 525 assistentium

1089 537 1325 577 auctoritatem,
1353 550 1442 571 usum
1466 542 1644 574 associandi
1665 555 1824 587 pauperes

1089 600 1209 630 rute-ros
1235 591 1273 622 ad
1300 602 1413 624 eorum
1440 594 1567 633 domus,
1596 596 1726 628 habitus
1753 609 1824 640 qua-

1089 641 1211 675 litatem
1238 648 1268 675 et
1296 644 1446 685 formam,
1473 647 1601 690 aliaque
1630 650 1738 682 omnia
1765 662 1823 693 per

1088 694 1216 726 easdem
1239 695 1363 728 litteras
1377 703 1491 731 statuta
1511 706 1539 731 et
1557 701 1685 734 decreta
1702 703 1822 735 tirmius

1087 748 1289 781 constabiliri
1307 760 1514 793 summopere
1534 753 1731 788 desiderent:
1752 767 1820 797 nos,

1087 810 1243 843 prospero
1278 802 1425 845 felicique
1462 805 1607 838 eiusdem
1639 807 1822 851 Congrega-

1089 854 1183 886 tionis
1209 856 1303 888 statui
1319 860 1558 900 et1·11·ogi·ess11i‚
1575 868 1728 903 quantum
1748 874 1821 896 cuin

1088 906 1223 939 Domino
1242 918 1426 950 possumus,
1447 911 1620 944 salubriter
1641 914 1820 955 providere,

1088 959 1255 1003 dictosque
1278 968 1478 1004 exponentes
1497 965 1693 1007 specialibus
1712 967 1822 1000 favori-

1086 1012 1143 1043 bus
1169 1018 1200 1045 et
1224 1015 1334 1056 gratiis
1352 1017 1506 1059 prosequi
1532 1019 1683 1057 volentes,
1712 1026 1743 1053 et
1768 1031 1821 1054 eo-

1085 1076 1157 1098 rum
1193 1067 1372 1109 singulares
1412 1081 1566 1112 personas
1605 1083 1622 1104 a
1657 1073 1821 1115 quibusvis

1086 1121 1440 1159 excommunicationis,
1471 1125 1692 1167 suspensionis
1718 1132 1749 1159 et
1773 1127 1821 1159 in-

1085 1172 1221 1211 terdicti,
1244 1173 1380 1216 aliisque
1396 1176 1621 1209 ecclesiasticis
1641 1179 1818 1219 sententiis,

1085 1225 1228 1257 censuris
1246 1231 1275 1257 et
1294 1226 1418 1268 poenis,
1437 1238 1453 1259 a
1468 1227 1535 1260 iure
1554 1231 1601 1262 vel
1623 1231 1661 1262 ali
1678 1231 1818 1272 homine,

1086 1277 1196 1319 quavis
1216 1279 1383 1311 occasione
1408 1282 1456 1312 vel
1482 1283 1575 1314 causa
1600 1282 1687 1322 latis,
1707 1284 1732 1316 si
1751 1285 1822 1325 qui-

1086 1330 1143 1361 bus
1170 1331 1416 1372 quomodolibet
1440 1333 1586 1366 innodati
1613 1335 1764 1375 existunt,
1782 1337 1820 1369 ad

1086 1381 1231 1415 ess'eetum
1258 1385 1479 1426 praesentium
1514 1387 1678 1420 dumtaxat
1707 1400 1821 1422 conse-

1086 1435 1270 1477 quendum,
1298 1437 1411 1469 harum
1438 1438 1521 1471 serie
1558 1441 1764 1474 absolventes
1790 1448 1821 1475 et

1834 795 1873 816 tux.

1721 222 1784 257 829
1830 235 1881 260 An.
1900 234 1926 261 C.
1945 236 2012 261 mot)

1861 769 1936 790 Annuit
1945 769 2017 790 Pomt-

305 1438 423 1476 lumus,
449 1437 584 1469 uberius
609 1437 807 1470 continetur.

159 1499 295 1525 Suppttratur
349 1489 420 1532 ἓξ).
455 1489 531 1521 Cum
567 1495 693 1526 autem,
732 1489 813 1522 sieut
849 1489 954 1522 dilecti
985 1488 1040 1522 filii

110 1524 512 1602 ἕῖμῗὲἑῖἓέιῗηῗᾙριέιεροὲἰίηε
539 1542 699 1584 generalis
725 1547 755 1575 et
779 1541 832 1575 alii
858 1542 1041 1585 superiores

119 1584 180 1597 ΙῖῊΙΙΙ.
200 1585 202 1588 ’
238 1585 294 1598 83411

112 1604 206 1627 regulari
233 1610 269 1631 rap
286 1594 410 1626 -dictae
436 1594 703 1637 Congregationis
729 1595 882 1627 secularis
908 1595 1042 1628 clerieo-

110 1633 154 1650 ¹⁴³L
307 1658 379 1679 rum
413 1658 592 1690 pauperum
626 1647 732 1679 Matris
766 1647 821 1679 Dei
853 1647 1041 1680 Scholarum

1086 1487 1250 1521 absolutos
1277 1490 1343 1522 fore
1369 1497 1547 1531 censentes,
1575 1493 1823 1536 supplicationi-

1086 1541 1145 1572 bus
1171 1551 1284 1574 eorum
1310 1543 1440 1576 nomine
1462 1545 1556 1577 nobis
1575 1556 1673 1588 super
1690 1547 1750 1580 hoc
1767 1548 1824 1579 liu-

1085 1593 1205 1626 militer
1230 1595 1392 1637 porrectis
1418 1595 1571 1636 inclinati,
1600 1599 1637 1631 dc
1658 1601 1824 1633 venerabi-

306 1700 431 1732 Piarum
458 1700 551 1733 nobis
584 1711 689 1744 nuper
723 1700 840 1743 exponi
874 1701 1040 1739 fecerunt,

304 1752 366 1796 ipsi
393 1754 541 1786 eamdem
566 1753 870 1795 Congregationem,
892 1764 957 1796 quo
979 1764 1044 1786 ma-

304 1806 364 1839 iori
390 1807 590 1849 perfectione
617 1807 648 1839 in
666 1806 716 1838 via
730 1806 854 1839 Domini
876 1807 915 1839 de
933 1812 1041 1839 cetero

305 1859 488 1899 ambulare,
516 1871 551 1892 ac
576 1860 609 1892 in
630 1859 784 1892 laudabili
811 1870 867 1892 suo
892 1858 1041 1892 instituto

305 1914 507 1945 constantius
534 1924 743 1956 perseverare
768 1914 889 1952 valeat,
916 1912 955 1944 ad
980 1918 1042 1944 sta-

306 1972 372 1998 tum
410 1968 594 2007 regularem
634 1972 665 1998 et
708 1966 836 1999 titulum
874 1965 1041 2008 religionis

306 2030 376 2051 cum
389 2020 560 2052 emissione
575 2020 670 2052 trium
681 2025 830 2052 votorum
839 2020 1041 2060 solemnium,

308 2072 579 2115 quemadmodum
616 2084 633 2104 a
671 2078 851 2105 memorato
887 2072 1042 2115 Gregorio

306 2124 568 2166 praedecessore,
595 2130 629 2156 ut
653 2125 844 2167 praefertur,
867 2125 1042 2157 constituta

307 2176 423 2215 fuerat,
448 2187 574 2210 necnon
589 2176 628 2210 ad
649 2177 832 2210 fruitionem
852 2178 993 2210 omnium
1012 2184 1044 2210 et

306 2229 509 2271 singulorum
524 2231 776 2273 privilegiorum,
791 2231 1042 2271 immunitatum,

306 2283 515 2323 semitarum,
543 2284 784 2327 exemptionum
803 2311 809 2324 ‚
840 2284 1042 2328 aliarumque

307 2335 482 2377 gratiarum
501 2342 532 2367 et.
549 2337 749 2369 indultorum
767 2337 941 2369 Ordinibus
959 2348 1044 2369 men-

306 2388 489 2420 dicantibus
529 2399 779 2428 concessorum,
818 2400 899 2432 quae
938 2390 1041 2423 eidem

306 2440 553 2483 Congregationi
580 2452 596 2474 a
623 2441 708 2474 dieto
735 2442 890 2484 Gregorio
913 2443 1043 2485 praede-

307 2503 434 2526 cessore
471 2504 531 2536 per
568 2494 768 2537 posteriores
809 2504 880 2527 suas
917 2495 1042 2527 litteras

345 2566 356 2591 ¹
379 2564 428 2591 Ed.
446 2565 529 2591 Main.
547 2565 609 2599 legit
624 2565 837 2592 constitutionis
862 2574 908 2600 pro
928 2574 1043 2600 confsi-e-

309 2608 477 2643 {salimus-'11
506 2610 543 2634 rt

1086 1646 1162 1678 lium
1189 1646 1325 1679 fratrum
1351 1654 1535 1682 nostrorum
1556 1650 1586 1683 S.
1608 1651 1644 1683 R.
1668 1652 1702 1684 E.
1729 1664 1823 1696 prae-

1086 1700 1166 1732 fatae
1203 1701 1417 1734 cardinalium
1448 1704 1589 1745 negotiis
1628 1711 1660 1737 et
1695 1708 1824 1739 consul-

1087 1753 1260 1786 tationibus
1297 1755 1522 1798 episcoporum
1559 1763 1589 1790 et
1625 1760 1823 1801 regularium

1085 1807 1355 1849 praepositorum,
1382 1809 1435 1851 qui
1461 1819 1526 1841 rem
1552 1817 1676 1844 mature
1699 1813 1823 1845 discus-

1086 1865 1204 1899 serunt,
1218 1861 1822 1907 consitio,eamdemCongregatit;·1iein

1087 1913 1266 1946 secularem
1292 1914 1483 1947 clericorum
1510 1927 1689 1959 pauperum
1716 1919 1820 1951 Matris

1087 1966 1139 1998 Dei
1166 1966 1357 2000 scholarum
1382 1968 1506 2002 PIarum
1533 1970 1570 2002 ad
1596 1977 1710 2004 statum
1728 1983 1823 2015 regu-

1086 2021 1186 2052 larem
1211 2027 1242 2053 et
1267 2021 1395 2053 titulum
1422 2022 1590 2065 religionis
1622 2035 1692 2057 eum
1726 2026 1823 2058 emis-

1086 2074 1175 2106 sione
1202 2074 1299 2106 trium
1323 2080 1471 2108 votorum
1495 2077 1698 2117 solemnium,
1724 2089 1758 2111 ac
1783 2080 1821 2113 ad

1088 2127 1269 2160 fruitionem
1298 2128 1440 2161 omnium
1467 2135 1499 2161 et
1524 2130 1725 2172 singulorum
1758 2133 1823 2175 pri-

1086 2181 1298 2222 vilegiorum,
1326 2182 1580 2223 immunitatum,
1614 2184 1821 2226 facultatum,

1087 2234 1337 2276 exemptionum⁷
1364 2234 1565 2279 aliarumque
1592 2238 1766 2278 gratiarum
1792 2244 1823 2271 et

1086 2286 1284 2319 indultorum
1294 2286 1467 2320 Ordinibus
1480 2289 1737 2323 mendicantibus
1748 2302 1823 2334 quo-

1086 2339 1265 2373 modolibet
1309 2351 1535 2373 concessorum
1573 2342 1758 2377 huiusmodi
1790 2346 1822 2377 in

1087 2394 1237 2426 omnibus
1264 2399 1295 2426 et
1319 2405 1378 2437 per
1409 2395 1517 2427 omnia
1550 2395 1589 2428 ad
1628 2396 1745 2430 limites
1771 2409 1822 2431 su-

1087 2446 1303 2489 pradictarum
1331 2447 1477 2489 Gregorii
1497 2449 1759 2490 praedecessoris
1774 2451 1823 2484 lit-

1088 2504 1235 2539 terarum,
1263 2505 1294 2532 et
1319 2499 1405 2531 iuxta
1424 2500 1550 2533 illarum
1569 2502 1696 2542 seriem,
1715 2504 1822 2547 dispo—

1086 2551 1237 2584 sitionem
1254 2557 1283 2584 et
1306 2558 1464 2593 tenorem,
1485 2554 1676 2588 auctoritate
1693 2562 1822 2598 aposto-

1062 2604 1166 2644 ¹lica,
1195 2609 1306 2637 tenore
1341 2605 1577 2649 praesentium,
1611 2608 1795 2641 redut-imus
1814 2637 1821 2650 ‚
