2247 3208
146 220 198 248 An.
217 221 249 249 C.
268 223 332 251 ¹669

161 651 280 679 Exposui).

965 222 1107 246 CLEMENS
1130 223 1159 246 IX
1184 223 1232 246 PP-

341 272 482 304 ostiatim
501 272 560 305 sibi
575 282 730 315 quaerere
746 276 816 303 sunt
838 270 952 310 coacti,
969 280 1017 309 ne,
1036 270 1075 303 ob

337 325 564 368 temporaliani
589 336 697 358 reruni
718 325 896 363 caritatem,
916 329 1013 357 totam
1032 323 1075 356 vi-

335 383 397 411 tam
423 378 651 411 miserabiliter
685 379 801 411 ducere
827 382 994 420 cogantur,
1022 377 1073 419 pia

334 431 592 465 christifidelium
617 432 655 464 ad
682 432 900 465 fundationem
930 430 1073 473 hospita—

333 484 410 517 lium
435 495 494 528 pro
521 485 680 518 similibus
702 484 898 528 excipiendis
923 483 1071 526 personis

333 538 500 570 tendentia
538 544 609 571 vota
635 538 827 582 opportunis
852 537 1014 569 favoribus
1041 541 1072 569 et

334 591 444 634 gratiis
470 591 624 635 prosequi
650 591 828 624 consuevit.

377 645 391 687 ἓ
415 644 446 677 i.
474 645 622 678 Exhibita
655 645 814 687 siquidem
848 643 941 676 nobis
966 654 1071 686 nuper

332 708 392 740 pro
418 703 509 740 parte
529 698 721 731 dilectorum
741 697 883 730 tiliorum
901 697 1070 729 moderno-

332 760 402 782 rum
435 750 686 792 gubernatorum
715 750 886 793 hospitalis
912 755 942 782 et
968 751 1070 783 eecle-

331 803 395 836 siae
422 799 452 836 S.
481 803 565 845 Petri
593 809 624 835 ct
647 802 677 835 S.
705 803 842 835 Ianuarii
870 808 957 835 extra
982 814 1069 837 moe-

331 856 383 888 nia
394 855 531 888 civitatis
541 855 771 898 Neapolitanae
783 855 910 888 noviter
921 856 1066 898 erigendi

330 908 444 951 petitio
458 908 656 946 continebat,
670 909 754 951 quod
774 909 862 947 alias,
878 920 934 941 seu
954 920 1067 952 nuper,

330 967 406 993 tunc
433 961 607 993 existentes
633 961 740 994 dilecti
767 961 913 993 similiter
937 960 993 994 filii
1011 972 1068 1004 gn-

327 1014 518 1047 bernatores
542 1014 610 1047 sinc
636 1016 713 1046 cura
738 1019 769 1046 et
800 1025 863 1047 non
897 1015 1065 1048 collativae

327 1066 483 1099 ecclcsiae
509 1066 583 1099 dicti
610 1066 641 1099 S.
668 1066 803 1099 lanuarii
830 1073 917 1099 extra
942 1068 1067 1110 praedi-

326 1124 376 1151 cta
394 1119 524 1152 moenia
544 1119 680 1152 civitatis
696 1119 926 1163 Neapolitanae
953 1125 983 1152 et
1009 1121 1066 1153 lio-

326 1172 449 1215 spitalis
467 1172 570 1204 dictae
590 1173 745 1204 ecelesiae
764 1183 822 1215 pro
841 1184 898 1205 usu
918 1178 1064 1216 tempore

325 1225 426 1268 pestis
451 1225 506 1257 tali
541 1225 654 1258 morbo
691 1224 877 1258 affectorum
908 1225 1063 1258 canonice

325 1276 451 1310 erecta¹
477 1278 608 1320 (quibus
626 1277 720 1310 etiam
741 1278 818 1310 alias
841 1278 1010 1321 hospitalis
1033 1283 1064 1311 et

325 1330 503 1363 ecclesiae²
520 1320 704 1362 huiusmodi
722 1331 884 1363 bonorum
904 1336 935 1363 et
953 1341 1061 1363 rerum

324 1382 470 1425 regimen
486 1388 515 1415 et
530 1382 738 1424 gubernbun,
751 1393 787 1415 ac
802 1383 974 1423 fructuum,
986 1389 1060 1423 ete„

324 1435 508 1468 distributio
533 1440 564 1468 et
587 1435 763 1478 applicatio
780 1446 837 1478 pro
855 1441 948 1479 peste
974 1437 1062 1469 labo-

322 1488 474 1528 rantium,
499 1493 538 1528 ct,
566 1490 603 1521 ea
627 1494 789 1529 cessante,
815 1499 994 1532 pauperum
1019 1489 1062 1521 ci-

322 1542 408 1573 vium
425 1541 562 1574 civitatis
579 1541 810 1585 Neapolitanae
836 1543 1059 1583 subventione,

323 1600 355 1627 et
379 1595 449 1628 aliis
475 1595 691 1638 eleemosynis
717 1596 763 1628 eis
784 1597 955 1636 bcnevisis,
974 1597 1062 1629 dioe-

322 1649 431 1681 cesani
456 1649 518 1682 loci
535 1650 585 1681 vel
611 1649 750 1681 cuiusvis
772 1650 904 1682 alterius
931 1650 1060 1682 licentia

323 1701 467 1744 desuper
479 1701 610 1734 minime
627 1702 792 1745 requisita,
811 1702 989 1745 apostolica
1007 1714 1059 1735 au-

321 1755 468 1788 ctoritate
503 1766 655 1788 concessa
680 1756 816 1794 fuerant,
842 1761 937 1799 prout
957 1756 988 1788 in
1010 1756 1060 1789 lit-

323 1809 397 1841 teris
422 1809 610 1852 apostolicis
636 1810 777 1852 desuper
802 1809 962 1853 expeditis
993 1811 1060 1853 ple-

321 1862 392 1894 nius
417 1862 628 1905 continetur),
648 1862 868 1895 existimantes
885 1868 1059 1906 propterca

322 1915 361 1947 de
387 1915 481 1948 bonis
507 1920 537 1948 et
562 1915 720 1948 fructibus
743 1915 927 1948 huiusmodi
955 1916 1057 1948 libere

321 1973 353 2000 et
376 1967 472 2008 licite,
494 1973 528 2000 ut
552 1969 743 2012 praefertur,
762 1969 933 2011 disponere
951 1978 1055 2011 posse,

321 2021 633 2065 reminiscentesque
660 2022 755 2054 etiam
776 2022 862 2064 quod
888 2021 996 2054 dilecti
1017 2021 1057 2053 si-

320 2074 440 2107 militer
464 2074 520 2107 filii
542 2075 757 2107 communitas
783 2080 814 2107 ct
839 2074 986 2107 homines
1012 2075 1057 2107 di-

319 2133 388 2160 ctae
414 2127 553 2160 civitatis
578 2133 723 2171 tempore
748 2133 934 2171 postremae
953 2127 1053 2170 pestis

319 2191 435 2213 novum
460 2181 622 2224 hospitale
649 2182 757 2213 forsan
776 2192 835 2224 pro
856 2192 914 2213 usu
935 2191 1055 2224 paupe-

320 2244 391 2266 rum
415 2235 681 2275 mendicantium,
706 2235 760 2278 qui
786 2235 905 2277 iugiter
930 2240 962 2267 et
985 2235 1055 2266 ubi-

319 2297 382 2329 que
405 2287 596 2330 pracsertim
611 2288 644 2319 in
658 2288 804 2320 ecclesiis
825 2287 1054 2320 christifideles

319 2338 397 2371 inibi
423 2346 554 2373 orantes
580 2351 646 2373 non
671 2340 738 2374 sine
765 2341 900 2384 strepitu
935 2346 967 2374 et
995 2341 1054 2373 im-

319 2393 515 2435 portunitate
541 2394 779 2433 moleatahant,
804 2399 835 2426 et
858 2394 992 2426 aliarum
1019 2404 1054 2425 u-

320 2445 465 2490 triusque
491 2457 584 2479 sexus
609 2457 823 2489 personarum
850 2447 916 2479 otio
942 2457 1054 2479 vacan-

318 2499 407 2540 tium,
421 2499 630 2532 construendi
647 2500 710 2532 Deo
725 2499 943 2542 omnipotenti
960 2510 1054 2532 vovc-

354 2573 364 2598 1
388 2571 496 2598 Videtur
511 2571 655 2606 legendum
671 2571 759 2598 erecti
774 2570 814 2597 vel
831 2573 940 2598 erectae
955 2571 993 2604 (R.
1004 2571 1051 2605 T.).

351 2616 368 2643 2
387 2615 456 2643 Edit.
474 2615 552 2643 Main.
570 2616 633 2650 legit
649 2615 765 2641 ecclesia
782 2621 817 2647 tn.
834 2615 882 2647 ‘r.).

1756 212 1819 246 705

1120 275 1200 309 rant,
1228 270 1384 313 quaedam
1411 271 1535 304 cortilia
1560 276 1591 304 et
1615 271 1712 304 aedes
1733 282 1789 304 seu
1812 272 1855 303 sa-

1117 324 1224 356 bricas
1249 324 1432 368 praedictae
1452 326 1609 359 ecelesiae
1631 337 1766 366 annexa,
1785 337 1854 359 nec-

1117 388 1181 409 non
1207 377 1315 410 omnia
1341 384 1371 410 et
1397 389 1621 422 quaecumspie
1655 380 1715 413 alia
1749 380 1852 414 dictae

1115 431 1270 463 ccclesiae
1296 436 1328 463 ct
1354 431 1538 474 primodieti
1565 434 1733 476 hospitalis
1764 434 1851 475 iura,

1115 494 1238 521 census,
1266 484 1398 523 trucum,
1421 490 1494 523 etc.‚
1514 486 1608 518 etiam
1624 487 1790 527 decursos,
1813 488 1852 520 ad

1114 536 1169 568 illa
1204 538 1449 580 quomodolibet
1479 541 1667 581 spectantia,
1695 552 1752 583 pro
1780 552 1850 574 ere—

1114 589 1221 621 ctione
1247 590 1322 622 dicti
1349 591 1420 623 nori
1449 592 1618 634 hospitalis
1637 594 1696 625 sul»
1722 593 1851 627 invoca-

1114 642 1200 675 tione
1225 643 1255 675 S.
1284 643 1367 675 Petri
1402 649 1433 676 et
1464 644 1494 677 S.
1523 645 1660 679 Ianuarii
1693 659 1729 680 ac
1762 648 1849 681 illius

1113 694 1232 728 fabrica
1253 706 1289 728 ac
1307 696 1338 728 in
1357 707 1394 729 eo
1412 708 1471 740 pro
1498 704 1643 741 tempore
1662 700 1848 743 degentium

1111 749 1344 781 sustentatione
1371 761 1406 782 ae
1431 760 1566 784 onerum
1586 752 1630 784 illi
1659 753 1848 787 incun‘ilwn-

1112 801 1191 833 tium
1205 802 1460 845 supportatione,
1473 805 1511 837 ad
1526 804 1712 839 instantiam
1728 813 1759 839 et
1772 817 1849 840 eon-

1112 855 1355 898 templationein
1382 856 1490 889 dilecti
1517 856 1573 889 filii
1598 858 1682 891 Petri
1713 859 1751 893 de
1773 862 1849 892 Ara-

1110 918 1185 949 gon,
1210 908 1355 941 moderni
1381 910 1528 952 proregis
1554 910 1767 954 Neapolitani,
1789 914 1847 945 sub

1110 961 1246 993 diversis
1271 962 1371 1004 pactis
1403 968 1433 994 et
1465 963 1727 1004 conditionibus,
1754 966 1849 998 licitis

1111 1019 1214 1047 tamen
1241 1020 1272 1047 et
1297 1015 1457 1055 honestis,
1478 1023 1639 1051 reservato
1661 1024 1768 1051 tamen
1792 1030 1842 1052 no-

1109 1071 1173 1100 stro
1199 1073 1230 1100 et
1254 1068 1344 1100 Sedis
1366 1069 1549 1111 praedictae
1566 1081 1620 1103 scu
1641 1071 1773 1103 alterius
1800 1083 1847 1104 su·

1108 1120 1256 1162 perioris,
1285 1126 1443 1164 quatenus
1469 1133 1550 1165 opus
1577 1129 1670 1163 esset,
1693 1125 1845 1168 benepla-

1108 1172 1179 1211 cito,
1196 1173 1359 1206 dederunt
1379 1180 1411 1207 et
1435 1183 1677 1216 concesserunt,
1696 1189 1732 1210 ae
1751 1178 1845 1211 dona-

1108 1225 1150 1257 tio
1175 1231 1207 1257 et
1231 1227 1397 1260 concessio
1422 1228 1467 1260 sie
1494 1234 1527 1261 ut
1556 1230 1739 1272 praefertur
1764 1232 1845 1263 sacta

1107 1278 1199 1311 dictis
1225 1280 1498 1321 gubernatoribus
1534 1282 1704 1325 hospitalis
1738 1289 1771 1316 et
1795 1296 1845 1317 ec-

1106 1331 1225 1363 clcsiae
1247 1333 1467 1374 praesentium
1486 1334 1595 1376 vigore
1615 1336 1845 1378 eligendorum

1106 1384 1289 1418 huiusmodi
1316 1392 1482 1428 acceptata
1514 1388 1666 1429 suerunt,
1691 1396 1787 1432 prout.
1810 1391 1843 1423 in

1105 1438 1271 1480 scripturis
1297 1439 1437 1482 desuper
1462 1441 1615 1473 consectis
1648 1442 1744 1475 etiarn
1775 1444 1844 1486 ple-

1104 1490 1175 1523 nius
1200 1491 1407 1532 continetur,
1436 1499 1468 1525 et
1491 1494 1668 1527 successive
1695 1495 1761 1538 ipse
1788 1496 1837 1528 Pe·

1105 1549 1171 1577 trus
1210 1556 1328 1588 prorex
1368 1546 1399 1578 in
1440 1547 1609 1580 cortilibus
1644 1554 1675 1581 et
1712 1549 1842 1581 fabricis

1104 1597 1292 1630 huiusmodi
1323 1609 1422 1631 novas
1447 1600 1542 1632 aedes
1568 1606 1594 1632 ct
1623 1601 1770 1634 aedilicia
1802 1602 1841 1634 ad

1102 1661 1196 1682 usum
1221 1651 1394 1694 hospitalis
1420 1663 1491 1685 cum
1517 1654 1704 1695 refectorio,
1723 1655 1843 1688 dormi-

1102 1757 1174 1798 bus,
1201 1768 1329 1790 necnon
1354 1759 1499 1797 ecclesia,
1526 1759 1686 1799 sacristia,
1713 1771 1841 1804 campa-

1102 1810 1169 1850 nili,
1188 1811 1383 1844 coeineterio
1401 1822 1438 1843 ac
1456 1815 1601 1854 congrua
1618 1818 1650 1845 et
1666 1813 1839 1846 sufficienti

1102 1863 1318 1906 supellectili,
1351 1869 1415 1896 tam
1448 1867 1538 1897 sacra
1563 1876 1658 1908 quam
1684 1866 1839 1908 profana,

1101 1916 1195 1948 etiam
1207 1917 1423 1949 mediantibus
1436 1918 1648 1961 eleemosynis
1661 1929 1677 1950 a
1689 1911 1843 1961 pluribus

1099 1969 1161 2012 piis
1179 1969 1444 2002 christifidelibus
1463 1971 1551 2013 larga
1567 1982 1663 2003 manu
1683 1972 1838 2014 elargitis,

1099 2023 1243 2055 construi
1268 2027 1299 2055 et
1324 2023 1485 2056 aedificari
1511 2034 1547 2056 ac
1579 2023 1695 2057 instrui
1729 2035 1840 2068 respe-

1099 2075 1179 2108 ctive
1204 2076 1338 2116 curavit,
1366 2081 1397 2108 ct
1421 2076 1634 2109 benedicente
1651 2077 1787 2109 Domino
1805 2078 1837 2109 in

1099 2128 1190 2161 dictis
1216 2129 1306 2161 novis
1343 2129 1478 2162 aedibus
1504 2135 1535 2162 et
1559 2130 1713 2163 aedificiis
1744 2131 1837 2174 quin-

1099 2182 1185 2224 genti
1211 2182 1339 2215 circiter
1363 2193 1535 2225 pauperes,
1554 2194 1619 2216 non
1645 2183 1715 2216 sine
1741 2184 1837 2227 spiri-

1099 2234 1173 2266 tuali
1200 2235 1438 2267 communitatis
1464 2240 1495 2267 et
1522 2235 1690 2268 hominum
1725 2236 1837 2269 huius·

1097 2288 1184 2320 modi
1218 2288 1458 2327 consolatione,
1484 2289 1521 2320 ad
1549 2299 1701 2331 praesens
1734 2300 1831 2332 repe—

1096 2340 1238 2373 riuntur.

1140 2394 1154 2433 ξ
1179 2393 1209 2425 2.
1234 2393 1310 2426 Cum
1335 2399 1460 2433 antem,
1488 2394 1572 2426 sicut
1596 2395 1707 2427 eadem
1738 2406 1835 2438 expo-

1096 2445 1167 2478 sitio
1196 2446 1424 2488 subiungebat,
1452 2447 1585 2479 donatio
1611 2452 1643 2480 ct
1667 2448 1833 2480 concessio

1097 2499 1294 2538 huiusmodi,
1305 2511 1321 2531 a
1336 2501 1589 2542 congregatione
1601 2501 1832 2534 venerabiiium

1096 2553 1231 2584 fratrum
1257 2558 1442 2585 nostrorum
1459 2553 1489 2586 S.
1514 2553 1547 2586 Γι.
1567 2554 1600 2586 E.
1622 2554 1833 2586 cardinalium

1074 2630 1076 2642 ,
1096 2606 1234 2647 negotiis
1249 2611 1278 2638 et
1294 2606 1585 2639 consultationilms
1603 2607 1832 2650 cpiscoporum

1866 220 1915 246 An.
1936 219 1963 245 C.
1984 218 2050 244 ttjffl

1103 1704 1198 1745 torio,
1224 1705 1359 1748 aliisque
1385 1705 1521 1739 officinis
1547 1712 1577 1739 et
1605 1703 1862 1741 commoditati-¹

1872 2402 1956 2424 Munva„
