2247 3208
152 200 200 226 An.
221 199 252 226 C.
269 199 336 227 1665

381 191 446 225 364

921 199 1101 223 BULLARIUM
1126 198 1278 223 ROMANUM

383 250 471 291 poris
495 252 524 280 et
547 247 726 289 Sanquinis
743 248 790 279 tui
806 257 900 279 sacra
924 246 1080 289 mysteria
1123 245 1181 278 Ob.

1419 247 1563 288 Orernus.

385 302 534 334 venerari
563 305 596 332 ut
631 299 868 341 Redemptionis
905 304 977 332 tuae
1011 299 1080 341 fru-
1121 298 1222 340 Deus,
1250 300 1337 332 cuius
1361 301 1596 334 misericordiae
1622 313 1688 336 nm
1720 309 1765 337 est
1789 315 1854 338 nu-

383 358 468 386 ctum
494 353 529 385 in
554 352 641 385 nobis
664 353 782 395 iuqiter
806 352 989 386 sentiamus.
1017 352 1079 392 Qui

383 407 476 446 viris,
504 410 560 438 etc.

338 458 391 493 Fr.
411 458 525 491 Amen.

493 519 527 552 ln
551 519 650 552 missa
673 530 733 563 pro
758 519 920 553 defuneto.

620 582 794 626 Principio.

339 633 396 667 Ob.
429 635 507 668 Veni
524 634 642 668 Sancte
658 634 812 678 Spiritus,
832 640 901 675 elc.,
917 640 951 667 ut
968 646 1074 679 supra.

572 697 605 729 ln
631 696 693 730 sine
718 698 848 730 missae.

337 759 395 791 Ob.
424 758 555 792 Oremus
575 769 634 802 pro
658 759 815 801 fidelibus,
831 764 887 793 etc.

338 811 390 844 Fr.
418 811 568 854 Requiem
592 816 769 851 aeternam,
795 817 848 845 etc.

337 864 395 896 Ob.
423 864 632 907 Requiescant
656 866 688 897 in
712 875 802 907 pace.

338 916 390 949 Fr.
417 917 530 949 Amen.

337 968 395 1001 Ol).
424 970 561 1009 Absolve,
587 980 795 1012 quaesumus,
828 970 973 1011 Domine,
998 971 1077 1003 ani-

380 1033 469 1055 mani
483 1023 602 1065 famuli
616 1024 663 1055 lui
675 1023 726 1062 N„
741 1027 774 1055 ut
791 1023 961 1064 defunctus
976 1024 1077 1056 secuto

382 1075 439 1108 tibi
469 1075 570 1115 iuvat,
596 1080 624 1108 et
657 1086 737 1118 qtcae
770 1086 830 1118 per
862 1076 1078 1118 srayi'litatem

379 1129 491 1161 carnis
515 1129 660 1161 humana
691 1130 925 1161 conversatione
948 1129 1077 1161 commi-

380 1182 435 1220 sit,
454 1185 486 1214 tu
503 1183 596 1215 venia
615 1182 930 1215 misericordissimae
943 1183 1077 1225 pietatis

379 1234 528 1277 abstersye.

335 1287 428 1326 Deus,
444 1289 553 1320 reniae
579 1288 715 1331 larqitor
731 1293 758 1321 et
779 1289 938 1321 humanat²
962 1289 1076 1322 salutis

380 1345 519 1380 amator,
546 1351 735 1384 quaesumus
752 1341 954 1374 clementiani
976 1346 1076 1381 tuam,

380 1398 414 1426 ut
439 1398 571 1427 nostrae
588 1395 841 1437 conqreqationis
857 1395 986 1435 fratres,
1000 1405 1077 1438 pro-

376 1446 519 1490 pinquos
551 1451 579 1479 et
611 1447 847 1488 benefactores,
873 1446 929 1489 qui
960 1458 998 1480 ese
1022 1448 1076 1481 hoc

379 1499 483 1532 secuto
505 1501 717 1540 transierunt,
745 1499 837 1532 beata
861 1500 971 1533 Maria
995 1511 1076 1533 sem-

376 1563 436 1595 per
466 1553 597 1596 Virqine
615 1553 822 1586 intercedente
841 1564 909 1585 cum
933 1554 1076 1586 omnibus

380 1604 510 1638 Sanctis
536 1606 598 1637 tuis
615 1606 658 1638 ad
670 1609 843 1648 perpetuae
868 1605 1076 1638 beatitudinis

380 1660 576 1691 consortium
613 1659 781 1701 pervenire
813 1658 978 1692 concedas.
1016 1659 1078 1698 Qui

379 1710 474 1750 rivis,
501 1715 558 1744 ete.
595 1710 598 1714 ’

425 1773 457 1805 In
484 1773 596 1806 diebus
617 1774 843 1807 exercitiorum
865 1774 985 1807 mortis.

622 1836 794 1879 Principio.

336 1888 395 1920 Oh.
427 1887 513 1928 Veni,
530 1889 645 1921 Sancte
668 1888 824 1931 Spiritus,
841 1889 928 1932 reple
952 1891 1077 1921 tuorum.

379 1940 474 1974 corda
499 1941 656 1983 fidelium.

337 1993 389 2025 Fr.
424 1994 465 2026 Et
504 1995 551 2027 tui
582 1995 702 2027 amoris
734 1996 768 2027 in
802 1995 846 2027 eis
879 1994 985 2037 iynem
1017 2005 1074 2028 ac-

381 2047 489 2079 cende.

336 2100 395 2132 Ob.
423 2100 582 2134 Dominus
606 2101 777 2134 vobiscum.

337 2153 388 2185 Fr.
416 2154 457 2186 Et
482 2164 552 2186 cum
576 2154 704 2197 Spiritu
732 2158 795 2187 tuo.

339 2205 397 2238 Ob.
634 2206 780 2239 Orernus.

336 2259 482 2291 Actiones
505 2265 644 2299 nostras,
670 2264 726 2292 etc.

337 2311 389 2344 Fr.
416 2312 532 2353 Amen,
560 2319 594 2345 ut
620 2323 728 2355 supra.

618 2366 664 2397 Ad
690 2365 796 2398 finem.

336 2418 394 2451 Ob.
422 2417 652 2451 Benedicamus
677 2419 820 2458 Patrem,
843 2423 899 2452 etc.

336 2471 389 2503 Fr.
418 2471 611 2510 Laudemus,
636 2478 692 2503 etc.

336 2522 394 2556 Ob.
421 2523 580 2555 Dominus
606 2523 771 2556 vobiscum.

337 2576 391 2608 Fr.
416 2575 457 2608 Et
482 2586 551 2608 cum
574 2577 690 2619 spiritu
716 2580 780 2610 tuo.

1145 354 1289 391 ‘merus‚
1316 357 1372 384 etc.

1216 404 1250 436 In
1275 405 1437 449 principio
1462 408 1759 450 congregationum.

1121 456 1178 490 Ob.
1200 457 1287 499 Veni,
1303 458 1421 492 Sancte
1439 459 1593 502 Spiritus,
1612 466 1683 503 elc.,
1695 467 1730 495 ut
1746 474 1853 507 supra.

1121 510 1180 544 Oh.
1415 513 1562 547 Oremus.
1860 510 1868 517 ’

1120 564 1239 597 Mentes
1269 569 1396 599 nostras
1413 593 1420 606 ‚
1456 576 1647 610 quaesumus
1661 596 1669 609 ,
1697 568 1833 602 Domine
1849 596 1856 610 ,

1164 617 1280 651 lumine
1305 623 1377 652 tuae
1401 619 1564 652 claritatis
1586 620 1732 661 illustra,
1758 626 1793 655 ut
1811 623 1858 655 ‘ri-

1164 670 1236 703 dere
1256 672 1414 713 possimus
1443 682 1523 715 quae
1551 674 1678 716 aqenda
1707 678 1803 713 sunt,
1829 678 1858 706 et

1163 734 1244 766 quae
1268 729 1354 757 recta
1378 729 1452 758 sunt
1475 735 1569 768 aqere
1592 726 1766 760 valeamus.
1794 727 1858 760 Per

1165 775 1338 816 Christum,
1363 780 1418 811 etc.

1120 829 1172 861 Fr.
1199 829 1311 862 Amen.

1419 883 1453 916 In
1477 884 1553 918 fine.

1119 934 1177 967 01).
1209 935 1377 978 Confirmet
1402 937 1469 977 hoc,
1497 938 1591 979 Deus,

1119 987 1171 1020 Fr.
1200 988 1291 1027 Quod
1314 994 1465 1032 operatus
1488 1001 1519 1022 es
1543 991 1577 1024 in
1601 991 1697 1024 nobis.

1119 1040 1176 1073 Ob.
1203 1040 1361 1074 Dominus
1383 1042 1552 1075 vobiscum.

1119 1093 1171 1125 Fr.
1198 1093 1239 1126 Et
1263 1104 1333 1127 cum
1357 1096 1474 1137 spiritu
1500 1099 1563 1129 tuo.

1119 1145 1177 1178 Ol).
1412 1147 1560 1181 Oremus.

1118 1199 1264 1239 Praesta,
1293 1211 1492 1243 qmaeesumus,
1519 1201 1666 1241 Domine,
1693 1201 1855 1235 auxilium

1162 1253 1290 1294 qratiae
1309 1257 1399 1293 tuae,
1425 1257 1460 1286 ut
1489 1264 1569 1297 quae
1593 1258 1621 1287 te
1644 1258 1776 1287 auctore
1798 1254 1855 1298 fa-

1162 1306 1276 1338 cienda
1292 1307 1512 1349 coynovimus,
1544 1311 1572 1340 te
1601 1307 1776 1348 adiurante
1803 1318 1856 1340 ea-

1162 1359 1233 1391 dem
1257 1360 1457 1402 impleamus.
1485 1360 1548 1393 Per
1565 1359 1726 1393 Christum
1749 1360 1857 1393 Domi-

1163 1422 1240 1444 num
1265 1416 1420 1446 nostrum.

1119 1465 1169 1497 Fr.
1198 1465 1309 1498 Amen.

1118 1517 1176 1550 Ol).
1203 1517 1366 1550 Fidetiurn
1391 1519 1535 1559 animae,
1554 1522 1612 1551 etc.

1119 1571 1170 1603 Fr.
1198 1570 1309 1604 Amen.

1436 1625 1534 1658 Finis.

1162 1679 1176 1721 ξ,
1202 1678 1232 1710 02.
1260 1677 1336 1710 Cum
1361 1684 1488 1719 autem,
1513 1678 1595 1711 sicut
1625 1678 1737 1711 eadem
1758 1687 2048 1735 expo-mffirtmgfflncssg:

1120 1731 1194 1764 sitio
1219 1731 1442 1774 subiungebat,
1461 1731 1536 1764 dieti
1561 1736 1760 1774 exponentes
1778 1743 1854 1764 con·
1864 1740 1932 1761 brica.

1120 1785 1303 1817 stitutiones
1328 1785 1521 1828 praedictas,
1547 1795 1610 1828 quo
1635 1784 1756 1817 firmius
1781 1785 1854 1817 sub-

1120 1838 1234 1870 sistant
1251 1843 1282 1870 et
1302 1843 1474 1870 serventur
1491 1838 1642 1878 exactius,
1656 1839 1854 1881 apostolieae

1120 1891 1373 1924 confirmationis
1409 1896 1538 1924 nostrae
1563 1892 1745 1934 patrocinio
1770 1902 1856 1925 eom-

1120 1944 1248 1984 muniri,
1268 1944 1403 1987 aliisque
1428 1943 1778 1987 confraternilatibus-¹,
1796 1945 1856 1978 sub

1120 1998 1236 2031 eodem
1253 1997 1402 2030 instituto
1420 2002 1452 2030 et
1469 1998 1599 2031 nomine
1614 1998 1751 2031 Scholae
1765 1998 1856 2032 Chri-

1120 2051 1160 2083 sti
1179 2051 1295 2083 erectis
1313 2061 1367 2083 sen
1385 2051 1559 2093 erigendis,
1575 2051 1801 2094 appellatione,
1820 2056 1856 2083 ut

1120 2103 1214 2143 infra,
1243 2113 1260 2135 a
1283 2102 1378 2135 nobis
1398 2102 1562 2144 indulgeri
1580 2113 1785 2145 summopere
1804 2103 1854 2135 de-

1120 2156 1284 2195 siderent3
1311 2166 1380 2196 nos,
1400 2155 1460 2198 piis
1483 2155 1672 2188 eorumdem
1697 2165 1854 2198 exponen-

1120 2209 1198 2241 tium
1223 2208 1311 2248 votis,
1339 2213 1493 2251 quantuni
1514 2208 1606 2241 nobis
1627 2219 1664 2241 ex
1688 2209 1753 2241 alto
1777 2219 1855 2241 con-

1120 2262 1253 2302 ceditur,
1270 2261 1486 2294 favorabiliter
1500 2271 1643 2294 annuere
1659 2262 1812 2301 volentes‚
1825 2266 1856 2294 et

1120 2325 1230 2347 eorum
1254 2314 1430 2357 singulares
1457 2324 1610 2357 personas
1642 2325 1659 2347 a
1690 2314 1854 2357 quibusvis

1121 2366 1476 2404 emormnunicafionis,
1502 2366 1722 2409 suspensionis
1753 2371 1785 2399 et
1808 2366 1857 2398 in-

1121 2419 1263 2459 terdicti,
1290 2419 1422 2462 aliisque
1441 2419 1663 2452 ecclesiasticis
1679 2419 1856 2459 sententiis,

1120 2472 1262 2505 censuris
1287 2477 1319 2504 et
1342 2472 1464 2515 poenis,
1486 2482 1503 2504 a
1520 2471 1587 2504 iure
1610 2472 1659 2504 vel
1689 2472 1727 2503 ab
1753 2471 1857 2504 homi-

1158 2543 1165 2568 1
1187 2542 1235 2568 Ed.
1252 2541 1329 2569 Malu.
1347 2542 1411 2577 legit
1425 2541 1687 2577 confraternitatis,
1700 2542 1748 2569 sed
1759 2540 1856 2571 fortem

1121 2586 1238 2620 syntaxis
1254 2585 1386 2614 defectiva
1401 2590 1428 2614 et
1441 2586 1556 2621 implexa
1572 2588 1609 2621 (R.
1625 2585 1674 2621 Τ.).
1726 2587 1730 2590 ”

1859 205 1911 243 pn.
1929 205 1962 232 c.
1981 205 2048 232 16⁶5
