2247 3208
237 229 285 256 An.
304 229 333 257 c.
353 229 420 257 1668
466 219 529 253 638

264 2125 362 2146 Clausala
375 2126 420 2146 sah-

238 2153 278 2172 tata
297 2156 329 2182 let-
348 2155 420 2173 decre-

237 2182 279 2199 11110
296 2181 386 2199 irritans.

427 288 463 310 ac
487 276 683 320 principales
718 275 750 306 in
783 273 962 315 collegiatis
994 271 1161 311 eeclesiis,

426 333 635 373 personatus,
663 325 955 360 administrationes
980 330 1011 357 et
1040 323 1162 363 officia,

425 381 586 423 regularia
610 391 685 413 vero
710 379 869 412 beneficia
894 377 1082 410 huiusmodi
1100 387 1163 408 mo-

426 434 565 466 nasteria
590 433 686 465 etiam
711 431 957 470 consistorialia,
975 435 1006 463 et
1022 430 1053 462 in
1072 429 1162 462 libris

426 497 574 519 camerae
611 485 807 529 apostolicae
845 489 966 523 taxata,
999 483 1162 526 prioratus

426 539 521 572 etiam
540 540 780 577 conventuales,
799 537 1056 581 praepositurae,
1075 545 1163 578 prae-

425 592 601 634 positatus,
628 591 872 634 praeceptoriae
899 595 931 623 et
955 589 1061 622 officia
1085 589 1162 631 (non

425 649 532 680 tamen
565 644 762 687 claustralia)
783 643 921 682 suerint,
963 647 995 675 et
1030 641 1069 674 ad
1107 641 1163 673 illa

426 696 650 730 consueverint
688 696 741 738 qui
779 706 838 738 per
874 694 1068 728 electionem
1106 704 1162 725 seu

426 749 524 781 alium
551 759 784 791 quemcumque
810 748 942 780 modum
960 747 1089 786 assumi,
1112 756 1164 778 ex-

426 802 527 844 ceptis
546 807 651 834 tamen
681 801 922 844 parochialibus
941 799 1086 832 ecclesiis
1112 810 1163 831 ea-

425 864 560 897 rumque
596 854 763 897 perpetuis
789 853 914 885 vicariis
939 857 971 884 et
1006 852 1075 885 aliis
1107 852 1164 884 be-

425 906 550 939 neficiis
569 917 676 938 curam
695 907 960 938 sacramentalem
984 904 1162 937 animarum

423 958 697 1001 parochianorum
724 969 881 990 annexam
918 957 1165 999 quomodolibet

426 1011 623 1043 habentibus
649 1011 819 1051 omnibus,
848 1011 879 1043 in
911 1010 1066 1053 praefatis
1101 1010 1164 1042 Mc-

426 1064 517 1103 tensi,
543 1064 685 1096 Tullensi
707 1070 738 1096 et
761 1064 955 1096 Yirdunensi
985 1063 1163 1095 civitatibus

427 1120 600 1160 earumque
629 1117 797 1150 territoriis
822 1123 894 1150 tuae
921 1117 1035 1150 ditioni
1061 1117 1164 1149 01110-

425 1169 525 1201 minio
560 1169 730 1211 temporali
756 1169 794 1202 de
821 1169 985 1212 praesenti
1011 1168 1164 1201 subiectis

426 1222 590 1254 dun‘itaxat
615 1222 845 1262 consistentia,
873 1232 953 1264 quae
990 1227 1079 1254 extra
1104 1222 1166 1254 Ro-

425 1286 552 1308 manam
577 1275 703 1307 Curiam
731 1275 895 1318 quibusvis
932 1275 1035 1307 modis
1071 1280 1101 1307 ct
1128 1286 1164 1307 ex

427 1338 704 1371 quorumcumque
738 1328 886 1370 personis
917 1338 1030 1360 vacare
1063 1329 1165 1360 001111-

429 1380 519 1422 gerss,
547 1386 578 1412 et
603 1391 739 1423 quorum
761 1381 898 1419 collatio,
926 1380 1114 1423 promissio¹
1134 1387 1165 1413 et

429 1433 614 1465 omnimoda
639 1433 804 1476 dispositio
830 1434 924 1466 nobis
949 1439 978 1465 et
1001 1444 1165 1466 5110005511-

428 1486 518 1518 ribus
544 1486 663 1518 nostris
689 1487 860 1529 praedictis
892 1491 924 1518 et
956 1487 1058 1519 dictae.
1090 1487 1163 1519 Sedi

429 1540 685 1582 quomodolibet,
703 1550 767 1571 non
787 1545 892 1571 tamen
914 1539 1040 1572 ratione
1059 1540 1164 1572 obitus

429 1592 514 1634 apud
540 1592 653 1624 Sedem
678 1593 837 1631 camdem,
857 1598 1019 1625 reservata
1038 1593 1162 1633 existat,

429 1655 487 1687 per
511 1651 570 1676 nos
596 1651 624 1676 et
651 1655 854 1677 successores
882 1652 1011 1678 nostros
1037 1646 1166 1688 praedi-

430 1704 495 1730 ctos
509 1698 723 1735 monasteriis,
740 1698 946 1741 [wioratibuffi
961 1698 1098 1741 aliisque
1116 1699 1166 1732 bc-

429 1751 554 1783 neliciis
579 1751 752 1794 praedictis
777 1752 814 1783 ad
842 1752 1093 1784 n-‘Jminationem
1113 1753 1166 1784 1111-

428 1804 566 1837 iusmodi
592 1805 835 1847 pracswiendas,
862 1811 893 1837 et
918 1805 1034 1847 quibus
1052 1805 1165 1838 eadem

428 1858 639 1897 monasteria,
667 1858 826 1900 prioratu<
852 1864 883 1889 et
915 1858 976 1890 alia
1007 1858 1166 1891 beneficia

429 1910 615 1942 huiusmodi
642 1911 823 1953 respective
845 1921 903 1953 per
920 1919 977 1942 nos
997 1910 1165 1954 dictosque

429 1973 636 1995 successores
671 1969 797 1995 nostros
829 1963 969 1995 conferri
1002 1963 1163 2004 (1011011111,

429 2020 539 2047 tenore
565 2015 783 2058 piaesentiiun
808 2026 1010 2048 reservamus
1045 2016 1166 2059 pariter

431 2078 465 2099 ac
491 2068 698 2100 concedimus
724 2074 753 2100 et
778 2069 987 2110 assignanuis.

476 2122 489 2164 g
516 2121 546 2153 Q.
575 2122 791 2154 Decernentes
818 2122 864 2153 ius
890 2123 1077 2155 nominandi
1108 2124 1168 2155 hu-

432 2175 567 2207 iusmodi
593 2175 631 2207 ad
657 2175 860 2215 monasteria,
882 2175 1041 2218 prioratus
1059 2181 1091 2207 et
1107 2175 1167 2207 alia

430 2226 587 2258 beneficia
614 2226 778 2269 praedicta
805 2227 860 2259 tibi
888 2227 1012 2270 tuisque
1042 2238 1168 2260 succes-

431 2279 557 2311 soribus
577 2280 705 2321 regibus
724 2279 928 2312 1·11011101“11115α
949 2281 1092 2313 civitates
1112 2281 1168 2313 Me-

432 2337 564 2371 tenscm,
590 2332 772 2365 Tullenscm
798 2338 830 2365 01
854 2333 1087 2366 Viidunensem
1119 2344 1169 2365 ca-

431 2394 569 2426 rumque
578 2385 747 2417 'territoria
764 2385 929 2427 praedicta
947 2392 1166 2429 protempore

431 2436 670 2479 possidentibus
696 2444 878 2480 ccnnpctere
905 2439 1034 2478 debere,
1061 2449 1166 2481 neque

433 2489 493 2521 sul)
519 2500 720 2531 ‹piacunnpie
743 2491 945 2532 [piantumvis
967 2491 1097 2533 speciali
1119 2491 1168 2523 de-

471 2561 478 2585 1
505 2560 532 2585 Vi
546 2560 614 2585 tetur
629 2559 768 2593 legendam
788 2561 914 2593 prot-isio
934 2562 970 2594 (a.
987 2563 1034 2592 T.).

468 2603 484 2628 2
505 2602 601 2629 Forsan
620 2607 791 2630 »memoratus
812 2604 953 2637 legendum
971 2611 1010 2637 (n.
1029 2606 1078 2638 Τ.).

1013 223 1192 248 BELLARIUM
1216 221 1367 245 ROmNUItt

1205 269 1375 311 rogatione
1400 268 1653 311 comprehendi,
1681 268 1731 301 vel
1765 267 1795 301 ei
1827 266 1939 311 quovis

1207 322 1304 354 modo
1330 326 1362 354 et
1386 332 1422 354 ex
1442 332 1643 364 quacumque
1660 323 1756 354 causa
1774 320 1937 363 derogari,

1206 379 1256 413 01,
1289 374 1316 406 51
1349 373 1498 415 derogari
1531 373 1711 415 contingat,
1742 374 1775 406 id
1806 373 1940 406 minime

1206 425 1377 469 suffragare
1402 436 1510 469 posse,
1540 431 1570 459 et
1601 425 1811 458 nihilominus
1844 435 1940 469 quas-

1205 490 1339 522 cumque
1364 479 1652 518 monasteriorum,
1678 478 1880 521 prioratuum
1909 483 1941 511 et

1206 533 1342 565 aliorum
1366 532 1597 565 beneficiorum
1623 531 1805 564 huiusmodi
1833 531 1941 574 provi-

1205 585 1326 625 siones,
1354 585 1559 618 commendas
1583 589 1615 617 et
1639 584 1717 617 alias
1742 585 1781 617 de
1807 584 1853 617 eis
1878 585 1942 617 dis-

1205 638 1401 681 positiones,
1430 638 1525 671 etiam
1550 648 1622 670 cum
1646 637 1726 670 iuris
1752 637 1940 670 nominandi

1207 692 1393 724 huiusmodi
1427 691 1656 735 derogatione,
1683 696 1794 724 contra
1819 701 1943 723 earum-

1206 745 1278 777 dem
1314 744 1531 788 praesentium
1565 750 1714 777 tenorem
1749 743 1845 776 etiam
1879 753 1939 786 per

1206 807 1264 830 nos
1285 802 1315 830 et
1332 808 1530 830 successores
1549 802 1678 829 nostros
1704 796 1887 839 praedictos
1905 806 1941 828 ac

1206 851 1321 884 Sedem
1353 852 1497 884 eamdem
1535 852 1658 894 absque
1694 851 1754 883 tuis
1779 860 1943 883 successo-

1206 915 1341 947 rumque
1383 910 1511 937 tuornm
1553 915 1666 946 regum
1701 903 1942 946 praedictorum

1206 957 1505 997 nominz‘itionibus,
1537 957 1632 989 etiam
1664 962 1774 995 1110111,
1805 955 1942 989 scientia

1207 1016 1237 1042 et
1263 1010 1430 1053 potestatis
1456 1009 1658 1052 plenitudine
1683 1009 1841 1041 similibus
1863 1019 1942 1051 quo-

1207 1074 1269 1106 quo
1284 1063 1379 1096 modo
1398 1073 1457 1106 pro
1476 1068 1622 1105 tempore
1641 1061 1813 1101 faciendas,
1837 1062 1941 1094 etde-

1206 1126 1305 1158 super
1322 1115 1539 1147 con‘iciendas
1558 1115 1688 1155 litteras,
1709 1121 1740 1147 et
1757 1114 1831 1146 inde
1853 1125 1942 1147 secu-

1207 1174 1276 1201 tura
1294 1178 1525 1212 quaecumque,
1548 1169 1635 1200 nulla
1658 1173 1689 1200 et
1710 1167 1861 1207 invalida,
1876 1169 1941 1200 nul-

1207 1222 1332 1264 liusque
1351 1221 1479 1253 roboris
1499 1226 1531 1253 et
1550 1220 1706 1252 momenti
1724 1220 1793 1252 sore
1813 1225 1845 1252 et
1861 1230 1939 1259 esse,

1207 1280 1301 1316 teque
1327 1275 1375 1306 vel
1399 1279 1595 1306 memoratos
1616 1283 1708 1316 reges
1739 1283 1941 1305 successores

1208 1332 1279 1358 tuos
1305 1327 1343 1358 ad
1363 1326 1542 1358 docendum
1561 1325 1600 1357 de
1618 1325 1734 1357 litteris
1755 1323 1942 1367 praedictis,

1207 1389 1263 1411 sen
1282 1378 1352 1410 illas
1367 1378 1615 1417 ostendendum,
1632 1382 1662 1410 et
1679 1378 1711 1409 in
1730 1377 1776 1409 eis
1791 1381 1943 1409 contenta

1208 1442 1428 1475 quaecumque
1460 1430 1696 1463 1051111011111111111
1732 1429 1865 1462 1111111100
1896 1434 1944 1461 te-

1208 1485 1287 1523 neri,
1314 1485 1370 1516 sed
1403 1484 1526 1516 eisdem
1558 1482 1786 1526 praesentibus
1818 1487 1943 1514 tantum

1208 1537 1253 1569 uti
1280 1548 1385 1580 fosse,
1413 1537 1542 1580 illisque
1569 1542 1630 1569 tam
1652 1537 1684 1568 in
1706 1536 1825 1569 iudicio
1851 1546 1944 1578 quam

1209 1596 1296 1622 extra
1320 1590 1399 1622 illud
1425 1590 1502 1621 stari
1529 1590 1665 1629 debere,
1693 1589 1803 1631 sicque
1828 1594 1859 1621 et
1878 1599 1945 1621 non

1209 1643 1300 1675 aliter
1325 1653 1382 1686 per
1407 1652 1625 1685 quoscumque
1650 1639 1771 1674 iudices
1805 1646 1836 1673 et
1860 1652 1946 1674 com-

1209 1696 1373 1728 missarios
1400 1696 1512 1738 quavis
1539 1694 1730 1728 anctoritate
1763 1694 1943 1736 fungentes,

1208 1748 1303 1780 etiam
1328 1758 1497 1780 causarum
1522 1748 1632 1790 palatii
1658 1747 1827 1790 apostolici
1853 1746 1945 1780 audi-

1210 1806 1302 1842 tores,
1325 1812 1359 1834 ac
1385 1802 1531 1834 eiusdem
1556 1802 1586 1834 S
1614 1802 1650 1834 R.
1678 1801 1712 1834 E.
1741 1801 1943 1840 cardinales,

1209 1856 1334 1887 sublata
1371 1855 1417 1887 eis
1452 1860 1484 1887 et
1520 1866 1632 1888 eorum
1666 1855 1799 1887 cuilibet
1835 1853 1946 1897 quavis

1209 1909 1301 1940 aliter
1326 1908 1487 1941 iudicandi
1521 1914 1552 1941 ct
1584 1907 1819 1951 interpretandi
1850 1907 1947 1938 sacul-

1210 1967 1272 1994 tate
1298 1967 1329 1994 et
1353 1961 1555 2000 auctoritate,
1584 1961 1715 1994 iudicari
1753 1966 1784 1993 et
1819 1958 1947 1992 deliniri

1209 2014 1338 2053 debere,
1365 2024 1400 2046 ac
1425 2013 1550 2046 irritum
1577 2020 1608 2046 et
1624 2014 1719 2045 inane
1740 2013 1765 2045 si
1783 2022 1877 2045 secus
1898 2022 1947 2044 su-

1209 2078 1267 2110 per
1292 2068 1340 2099 liis
1362 2078 1378 2099 a
1403 2078 1579 2110 quoquam,
1608 2066 1717 2109 quavis
1741 2064 1944 2105 auctoritate,

1210 2120 1350 2153 scienter
1368 2122 1417 2153 vel
1436 2120 1634 2161 ignoranter,
1654 2118 1827 2161 contigerit
1844 2123 1948 2150 atten-

1211 2174 1282 2206 tari.

1254 2227 1268 2267 g*
1298 2225 1329 2258 3.
1363 2225 1433 2258 Non
1465 2226 1666 2258 obstantibus
1696 2224 1861 2267 quibusvis
1894 2234 1969 2275 gen¹

1211 2279 1373 2311 neralibus
1390 2280 1439 2312 vel
1460 2279 1656 2322 specialibus
1676 2277 1947 2311 monasteriorum

1211 2338 1241 2365 et
1266 2333 1464 2375 prioratuum
1489 2331 1689 2374 aliorumque
1714 2329 1945 2363 beneficiorum

1212 2386 1454 2429 praedictorum
1480 2385 1756 2419 reservationibus
1784 2395 1841 2416 seu
1874 2382 1948 2415 affe-

1213 2439 1371 2471 ctionibus
1409 2438 1596 2481 apostolicis
1629 2448 1688 2481 per
1729 2446 1947 2479 quoscumque

1213 2492 1373 2524 Romanos
1400 2490 1570 2523 Pontifices
1595 2490 1860 2533 praedecessores
1892 2499 1948 2520 no-

1213 2549 1296 2576 stros
1329 2555 1363 2576 ac
1390 2554 1448 2576 nos
1484 2549 1515 2575 et
1548 2542 1664 2575 Sedcm
1699 2541 1844 2574 camdem
1871 2551 1949 2582 quo-

1214 2596 1390 2628 modolibet
1419 2596 1525 2634 sat-tis,
1552 2605 1607 2627 seu
1641 2605 1699 2637 pro
1724 2599 1869 2637 tempore
1896 2594 1944 2625 111-

1952 217 2002 245 Α11.
2019 217 2047 246 C.
2066 217 2133 247 1668

2027 2228 2142 2250 Contrariis

1974 2259 2053 2282 erogat.

2238 0 2247 28 „vx

2244 191 2247 248 1
