2247 3208
119 206 171 233 An.
187 204 217 233 C.
236 206 304 234 1663

904 208 1091 233 MENANDER
1114 210 1159 234 vlt
1184 211 1232 234 111³.

295 283 298 286 ,
319 254 404 287 iuxta
423 254 588 297 privilegia
606 255 683 298 ipsis
704 255 874 298 provinciis
891 268 1049 295 concessa,
1068 258 1070 289 2
1087 258 1262 300 lecumque
1288 257 1448 291 indultum
1467 285 1473 298 ,
1512 259 1741 301 privilegium,
1769 270 1822 290 ex-

154 790 299 810 Provinciales

114 816 220 836 luparum
250 822 297 836 con⁴

114 844 191 862 timum
223 843 298 863 debent

115 874 126 888 :i
143 870 241 893 magistro
263 874 297 894 ge-

113 895 189 915 netuli.

318 317 451 339 munere
476 317 532 339 suo
558 307 738 349 fungantur,
761 313 929 341 teneantur
947 313 1051 340 lamen

317 360 430 392 saltem
456 359 539 392 intra
573 360 739 393 biennium
765 362 804 394 ad
828 361 1053 394 reverendissi-

316 422 403 445 mum
418 417 541 455 patrem
553 415 737 455 generalem
750 414 874 447 mittere
889 414 1051 446 decretum

316 475 393 497 suae
417 466 585 499 electionis
604 477 664 509 pro
683 467 730 499 sui
748 473 779 499 et
800 467 896 499 totius
922 466 1051 499 Ordinis

315 518 429 561 capitis
456 519 565 551 debita
594 520 833 562 recognitione,
858 525 892 551 ut
921 519 1052 552 electio-

315 581 388 604 nem
414 572 463 604 vel
488 572 678 604 contirmare
707 572 757 604 vol
786 582 914 604 cassare
946 571 1052 614 possit

315 630 411 666 prout
429 624 488 656 sibi
504 625 535 657 in
554 625 688 657 Domino
710 624 871 656 videbitur
889 625 1049 666 expedire,

316 682 345 709 et
365 677 425 709 lioc
443 677 502 709 sub
527 678 632 719 poena
656 676 845 719 privationis
864 676 958 708 osticii
979 677 1050 719 ipso

316 729 398 761 sacto
424 729 629 768 incurrenda,
656 734 687 761 et
710 728 924 761 inhabilitatis
943 729 975 760 in
993 739 1051 772 po-

315 786 456 813 sterum:
490 792 548 813 nos
580 781 764 814 huiusmodi
790 781 1047 822 ordinationem,

315 834 402 865 velut
426 843 535 865 sacrae
561 833 765 866 obedientiae
797 839 828 866 et
857 834 971 866 unitati
1002 834 1050 866 in—

314 885 434 918 divisae
452 886 554 918 nostri
586 886 713 919 Ordinis
746 897 869 919 summe
902 897 1050 919 necessa-

312 938 414 976 riam,
439 944 583 971 extremo
615 949 678 981 quo
707 949 882 982 possumus
914 939 1049 972 connisu

312 991 486 1031 munimus,
515 991 711 1031 stabilimus,
740 996 770 1023 et
801 991 932 1034 insuper
963 991 1049 1024 ordi-

312 1044 420 1076 nando
439 1044 606 1076 adiicimus
624 1044 710 1086 quod
729 1043 948 1086 provincialis,
969 1043 1049 1087 quis-

312 1097 383 1140 quis
408 1097 575 1130 electionis
605 1108 681 1130 suae
707 1097 894 1130 scrutinium
914 1108 969 1129 scu
996 1098 1049 1129 de-

312 1155 433 1183 cretum
458 1150 541 1183 intra
575 1156 698 1194 tempus
732 1161 826 1193 supra
858 1161 1046 1193 expressum

312 1214 348 1236 ac
373 1204 549 1247 praefixum
573 1203 727 1246 magistro
748 1203 875 1236 Ordinis
900 1214 965 1236 non
990 1204 1048 1236 mi-

311 1256 398 1296 serit,
418 1261 491 1299 post
505 1267 599 1288 suum
617 1256 883 1299 provincialatum
897 1256 929 1288 in
947 1256 1048 1288 omni-

310 1309 370 1341 bus
405 1309 563 1341 habeatur
592 1319 628 1341 ac
663 1309 689 1341 si
721 1320 832 1341 revera
864 1309 1047 1352 provincia-

310 1360 350 1393 lis
376 1371 441 1393 non
467 1361 588 1394 suisset.
616 1361 753 1394 Proinde
779 1362 810 1393 in
838 1362 952 1394 virtute
977 1362 1047 1405 Spi-

313 1413 395 1446 ritus
421 1414 544 1455 Sancti,
570 1420 700 1447 sanctae
725 1415 953 1452 obedientiae,
986 1416 1046 1447 sub

312 1465 438 1498 formali
457 1471 641 1509 praecepto,
663 1477 790 1499 necnon
814 1468 872 1499 sub
898 1468 1045 1500 nullitate

310 1518 538 1561 cuiuscumque
564 1524 654 1551 actus
678 1518 712 1550 in
738 1519 946 1559 contrarium,
974 1530 1047 1563 pro-

310 1570 460 1603 hibemus
490 1576 556 1602 tum
582 1581 622 1603 ne
657 1571 728 1603 talis
754 1576 829 1613 post
853 1582 945 1604 suum
972 1583 1047 1615 pro-

309 1623 513 1655 vincialatum
539 1623 680 1666 potiatur
708 1629 763 1655 aut
791 1623 887 1666 potiri
912 1625 1046 1667 permit-

310 1681 397 1708 tatur
428 1677 499 1708 loco
534 1676 598 1709 illis
629 1676 707 1708 alias
739 1676 848 1709 debito
869 1677 923 1720 qui
948 1688 1046 1720 quon-

310 1728 382 1761 dam
408 1729 621 1771 provinciales
637 1729 771 1768 fuerant,
791 1735 857 1762 tum
885 1730 980 1762 etiam
1006 1741 1045 1763 ne

310 1781 415 1824 possit
450 1781 602 1824 deinceps
640 1787 705 1814 toto
737 1781 819 1814 vitae
856 1793 933 1815 suae
972 1788 1046 1816 tcm-

310 1844 390 1876 pore
423 1833 497 1876 eligi
528 1836 576 1867 vel
603 1845 734 1877 quoquo
759 1835 856 1867 modo
889 1835 1044 1877 applicari

310 1887 350 1918 ad
384 1887 487 1918 officia
522 1887 663 1930 prioris,
690 1887 878 1927 visitatoris,
913 1888 1044 1928 vicarii,

310 1938 521 1978 doctrinarii,
553 1939 619 1971 sive
648 1940 686 1972 ad
719 1939 782 1972 alia
812 1939 919 1972 munia
949 1941 1045 1974 etiam

309 1991 523 2031 scholastica,
554 2002 689 2034 quorum
718 1992 861 2024 omnium
891 2003 928 2025 ex
958 2004 1045 2026 nunc

309 2044 500 2087 simpliciter
524 2044 658 2087 incapax
684 2044 869 2077 decernitur
885 2056 921 2078 ac
940 2046 1045 2078 decla-

309 2102 419 2137 ratur,
454 2097 497 2129 ita
530 2097 615 2140 quod
648 2097 723 2136 tali,
755 2108 861 2140 neque
891 2100 1044 2141 praetacti

309 2149 372 2182 loci
398 2160 503 2192 neque
520 2149 605 2182 vocis
625 2150 771 2192 passivae
796 2150 843 2182 ius
861 2152 962 2183 ullum
984 2152 1045 2183 sus-

309 2202 426 2244 sragari
453 2202 576 2244 possit,
608 2202 711 2235 donec
742 2202 887 2245 magistri
916 2203 1045 2236 Ordinis

310 2254 540 2298 superveniens
577 2254 778 2288 confirmatio
815 2256 946 2289 realiter
983 2256 1043 2299 ipsi

309 2307 492 2350 provinciae
514 2307 603 2340 illata
620 2318 655 2339 ac
672 2308 835 2341 notificata
859 2310 955 2351 plene
973 2320 1045 2342 con-

310 2366 395 2393 stare
420 2359 533 2392 fecerit
558 2360 749 2393 electionem
779 2361 877 2394 fuisse
903 2362 1042 2402 bonam,

310 2419 341 2447 et
366 2415 519 2456 suprema
536 2412 663 2445 Ordinis
687 2413 875 2446 auctoritate
896 2415 1044 2446 solemni-

311 2472 358 2500 ter
382 2466 589 2509 legitimeque
611 2465 752 2508 agnitam
769 2470 801 2498 et
817 2467 1041 2509 approbatam.

309 2518 397 2557 Quod
419 2519 445 2551 si
472 2519 505 2550 in
531 2518 693 2561 aliquibus
719 2519 836 2551 harum
861 2519 1044 2562 provincia-

310 2582 379 2603 rum
398 2571 481 2603 adsit
500 2571 549 2603 vel
568 2571 683 2603 adesse
703 2571 939 2613 praetendatur
965 2582 1043 2614 qua-

1087 310 1212 352 ceptio,
1240 311 1461 353 dispensatio,
1492 317 1547 343 aut
1571 311 1820 355 qualiscumque

1086 363 1227 395 nominis
1264 363 1426 405 exemptio
1465 365 1604 404 tollens,
1644 365 1819 405 minuens,

1086 420 1182 457 atque
1208 416 1414 458 suspendens
1441 417 1682 449 ordinationem
1709 428 1822 460 supra-

1086 467 1214 506 dictam,
1234 467 1345 500 ciusve
1364 467 1608 509 obligationem,
1626 474 1679 501 aut
1696 480 1820 512 poenas

1086 521 1270 563 appositas,
1298 531 1358 553 nos
1384 521 1482 553 hodie
1508 522 1672 554 communi
1700 533 1737 554 ae
1762 534 1822 565 pu-

1084 574 1171 606 blico
1196 573 1328 606 nomine
1361 573 1460 606 totius
1493 574 1621 607 Ordinis
1652 575 1821 608 Praedica-

1086 631 1204 665 torum,
1227 637 1324 668 quem
1348 627 1382 658 in
1407 627 1470 659 lioe
1495 626 1641 668 generali
1662 638 1821 659 consessu

1085 677 1229 719 legitime
1257 683 1566 720 repraesentamus,
1595 679 1820 711 huiuscemodi

1084 729 1266 772 privilegio,
1296 730 1434 769 indulto,
1464 731 1660 773 exceptioni,
1690 731 1821 774 dispen-

1085 781 1211 821 sationi,
1233 793 1270 815 ac
1287 782 1523 825 cuiuscumque
1550 784 1691 815 nominis
1712 794 1820 816 exem-

1084 834 1212 877 ptioni,
1240 834 1266 867 si
1300 845 1363 878 qua
1396 840 1446 867 est
1474 836 1523 867 vcl
1557 841 1688 878 putatur
1721 847 1817 877 esse,

1084 893 1246 930 tamquam
1281 887 1442 929 regularis
1478 888 1684 920 obedientiae
1709 889 1821 931 perni-

1084 941 1173 973 cioso
1199 940 1420 981 detrimento,
1446 952 1505 974 seu
1536 941 1707 974 facillimae
1733 942 1820 974 schi-

1083 998 1223 1026 smatum
1249 994 1426 1034 occasioni,
1454 994 1643 1034 deliberate,
1670 994 1756 1027 serio
1782 1005 1820 1028 ac

1083 1056 1239 1089 expresse
1265 1046 1503 1087 renunciamus,
1531 1058 1566 1079 ac
1593 1047 1819 1080 renunciatum

1083 1109 1155 1131 esse
1181 1100 1426 1132 denunciamus.
1445 1099 1590 1143 Denique
1617 1101 1820 1133 obtestamur

1083 1152 1393 1185 reverendissimum
1431 1153 1622 1195 magistrum
1662 1153 1791 1186 Ordinis
1808 1179 1815 1192 ,

1082 1209 1124 1244 ut,
1140 1206 1415 1248 quandocumque
1434 1205 1639 1247 contingeret
1656 1216 1693 1237 ex
1710 1206 1820 1248 aliqua

1083 1258 1199 1290 harum
1224 1257 1466 1301 provinciarum
1498 1269 1564 1291 non
1584 1258 1759 1290 transmitti
1778 1259 1818 1291 ad

1082 1320 1116 1342 se
1148 1310 1341 1343 scrutinium
1368 1321 1426 1343 seu
1452 1311 1620 1343 decretum
1646 1310 1816 1343 electionis

1081 1363 1156 1396 novi
1181 1363 1404 1406 provincialis,
1423 1364 1565 1396 vicissim
1591 1364 1660 1406 ipse
1687 1369 1755 1395 acta
1780 1364 1818 1396 il-

1081 1417 1143 1449 lius
1170 1417 1301 1460 capituli
1327 1417 1537 1460 ljirovincialis
1568 1417 1619 1459 (si
1646 1427 1708 1459 qua
1733 1417 1817 1449 forte

1080 1469 1219 1502 seorsim
1250 1470 1289 1502 ad
1323 1480 1437 1501 manus
1469 1480 1544 1501 suas
1582 1468 1816 1511 pervenerint)

1080 1533 1287 1565 nequaquam
1302 1522 1471 1565 approbet,
1486 1532 1545 1554 nec
1559 1522 1641 1554 ullas
1658 1521 1816 1563 graduum

1080 1575 1317 1618 postulationes
1344 1575 1510 1614 exaudiat,
1540 1579 1594 1607 aut
1617 1574 1715 1607 ullius
1741 1584 1817 1616 pro-

1080 1627 1233 1660 motionis
1258 1632 1406 1670 patentes
1434 1627 1579 1669 expediri
1604 1627 1728 1667 iubeat,
1759 1636 1816 1658 ne-

1081 1690 1143 1722 que
1168 1679 1390 1712 institutiones
1427 1679 1688 1722 praedicatorum
1718 1689 1816 1721 gene-

1079 1731 1197 1764 ralium
1221 1732 1255 1764 in
1280 1731 1469 1765 huiusmodi
1490 1732 1569 1764 actis
1596 1731 1713 1774 exponi
1739 1731 1816 1763 soli-

1081 1790 1127 1817 tas
1153 1785 1311 1825 admittat,
1339 1785 1388 1818 vel
1414 1790 1500 1817 ratas
1527 1785 1655 1823 habeat,
1674 1794 1734 1816 nec
1751 1783 1816 1816 tali-

1080 1842 1129 1869 ter
1153 1837 1254 1870 sactae
1275 1837 1496 1870 institutiones
1517 1839 1619 1870 ullum
1637 1837 1816 1869 sortiantur

1080 1889 1247 1930 ellectum,
1278 1891 1491 1933 quoadusque
1524 1892 1647 1923 electus
1682 1889 1815 1933 provin-

1079 1942 1170 1974 cialis
1196 1942 1296 1974 suerit
1312 1953 1371 1985 per
1386 1942 1577 1984 magistrum
1594 1942 1723 1975 Ordinis
1744 1952 1816 1974 oon-

1079 1994 1232 2034 firmatus,
1252 1995 1412 2037 huiusque
1431 1994 1684 2027 confirmationis
1701 2000 1816 2038 paten-

1080 2052 1127 2079 tes
1153 2047 1184 2079 in
1209 2047 1378 2090 provincia
1403 2048 1467 2080 sint
1491 2049 1717 2090 promulgatae
1738 2059 1768 2080 ».

1123 2099 1182 2142 53.
1201 2099 1289 2139 Cum,
1305 2106 1412 2132 autem
1426 2101 1508 2132 sicut
1524 2101 1638 2134 eadem
1654 2101 1815 2144 expositio

1079 2152 1306 2195 sul‘Jiungebat,
1325 2153 1538 2196 praeinsertis
1556 2153 1815 2186 ordinationibus

1079 2216 1143 2237 non
1159 2205 1365 2238 obstantibus
1382 2206 1527 2249 praefata
1541 2206 1707 2249 provincia
1724 2206 1755 2239 S.
1775 2206 1816 2239 la-

1079 2257 1149 2290 cobi
1176 2258 1214 2290 de
1230 2257 1351 2291 Mexico
1370 2259 1430 2291 sub
1447 2259 1606 2291 moderno
1626 2260 1816 2301 generalatu

1079 2311 1241 2343 destiterit
1265 2316 1380 2354 sponte
1410 2323 1446 2344 ac
1466 2312 1639 2345 desciverit
1655 2323 1673 2345 a
1693 2314 1765 2355 lege
1784 2318 1817 2345 et

1078 2364 1277 2406 obligatione
1295 2364 1534 2397 transmittendi
1553 2370 1586 2397 et
1603 2365 1815 2398 submittendi

1078 2416 1164 2449 dicto
1191 2416 1346 2459 magistro
1379 2418 1524 2459 generali
1558 2418 1734 2461 exponenti
1760 2419 1815 2451 de-

1077 2474 1165 2501 creta
1190 2479 1247 2501 seu
1272 2469 1428 2502 scrutinia
1453 2470 1648 2503 electionum
1673 2471 1814 2503 duorum

1077 2520 1224 2563 priorum
1248 2520 1494 2563 provincialium
1515 2522 1660 2565 proxime
1686 2528 1815 2565 praete—

1077 2573 1246 2605 teritorum
1272 2583 1332 2616 pro
1357 2573 1533 2607 obtinenda
1559 2575 1704 2617 legitima
1728 2576 1815 2617 ipsa=

1722 201 1785 234 tao
1833 211 1881 237 An.
1901 209 1929 236 r.
1949 209 2015 236 1063

1858 2108 2001 2134 Supplicatio.
