2247 3208
172 221 221 248 Λη.
238 221 265 247 c.
288 221 354 249 1062
400 211 463 245 ‘th

216 336 353 356 emunetatis

171 362 287 383 absolutus.

200 1540 303 1564 Praei-oga
310 1542 313 1559 t
319 1541 322 1560 i
328 1547 334 1559 1
340 1546 351 1560 a

170 1568 272 1593 praesidis
281 1568 352 1587 delini·

170 1594 225 1613 turii.

200 2380 286 2402 rra-we<
297 2383 354 2408 capi-

171 2409 207 2427 tut·
237 2410 354 2434 provincia-

370 269 564 312 gationilnm,
590 277 694 309 usque
719 266 758 298 ad
784 265 1025 298 absolutionem
1050 275 1100 298 ca—

369 323 474 366 pituli.
502 320 712 353 Provincialis
742 320 926 358 absolutus,
952 318 1002 350 vel
1028 318 1098 350 eius

369 374 517 413 vicarius,
533 384 590 406 seu
605 373 759 413 visitator,
775 372 984 404 manifestare
1003 371 1101 404 debet

369 426 570 466 delinitorio,
596 435 678 468 quae
705 435 741 458 ex
767 424 833 457 suis
859 423 1099 456 visitationibus

368 479 600 512 reformatione
619 478 715 520 digna
736 476 901 520 repererit
917 480 950 508 et
969 480 1101 508 notave-

368 532 425 571 rit,
451 536 487 563 ut
510 535 766 574 praeerventur
796 531 845 562 vel
871 528 1098 571 corrigantur,

367 589 467 628 prout
491 582 737 617 convenientius
755 582 858 614 visum
884 581 998 622 fuerit,
1026 592 1101 614 cau-

369 647 487 680 sasque
525 646 656 675 omnes,
681 634 930 667 informationes
964 639 996 666 et
1024 645 1119 677 pro-,

369 700 482 723 cessus
500 689 532 722 in
558 698 616 720 suo
635 687 776 720 triennio
795 687 950 719 formatos
969 686 1118 719 teneam-¹.

369 747 422 774 tur
436 741 618 774 successori
636 741 778 780 tradere,
796 739 997 784 minimeque
1015 751 1101 773 eom-

368 796 538 834 burantur,
556 794 616 826 nisi
641 804 754 827 eorum
780 794 915 826 fratrum
934 793 989 837 qui
1008 804 1023 826 e
1038 793 1100 826 vita

369 848 431 880 iam
447 847 667 880 decesserint:
689 852 890 890 quapropter
903 847 936 879 in
949 847 1055 890 capite
1070 857 1100 880 1v
1117 863 1119 869 v

369 900 586 933 distinctionis
615 900 771 932 secundae
803 905 990 933 nostrarum
1023 909 1119 935 con-¹

369 953 575 986 stitutionum
601 957 844 996 consequenter
869 953 1007 986 delenda
1026 958 1102 985 sunt

368 1006 466 1038 verba
490 1006 555 1045 illa,
575 1015 712 1048 nempe:
736 1006 950 1048 provincialis
971 1006 1009 1038 de
1027 1016 1101 1038 con-

368 1058 443 1091 silio
463 1058 678 1101 definitorum,
698 1063 773 1098 etc.‚
792 1064 824 1091 et
846 1059 1001 1102 ponenda
1026 1062 1102 1091 sunt

369 1111 449 1143 haee
461 1120 467 1142 ;
481 1110 668 1153 praesidem
681 1111 819 1154 capituli
836 1111 874 1144 de
887 1111 1021 1144 consilio
1031 1121 1104 1154 pro·
1117 1095 1120 1126 ἰ

367 1163 519 1196 vincialis
543 1163 634 1195 electi
657 1167 685 1195 et
709 1163 861 1205 absoluti,
890 1174 925 1196 ac
949 1164 1099 1206 definito-

367 1227 452 1256 rum,
474 1222 552 1248 ete:
580 1221 611 1249 et
629 1216 782 1250 similiter
806 1218 839 1249 in
859 1218 965 1261 capite
983 1228 1001 1250 x
1019 1218 1103 1251 eius-

369 1270 440 1301 dem
460 1269 678 1302 distinetionis
697 1271 859 1303 secundae
874 1270 1014 1303 delenda
1028 1275 1102 1303 sunt

367 1322 466 1354 verba
478 1322 549 1354 illa:
567 1328 676 1364 postea
688 1322 775 1354 solus
786 1323 1011 1365 prom'ncialz'S,
1027 1328 1103 1363 etc.⁷

368 1378 400 1406 et
424 1375 576 1417 ponenda
602 1375 702 1407 haec:
726 1380 836 1418 postea
862 1375 949 1407 solus
973 1376 1100 1419 praesi-

367 1426 443 1459 dens
459 1427 600 1469 capituli
612 1438 683 1459 cum
698 1427 897 1470 provinciali
909 1427 1014 1469 electo,
1029 1439 1104 1471 pro-

366 1479 503 1511 vinciali
519 1480 664 1512 absoluto
681 1484 709 1513 et
727 1480 959 1522 defim‘loribuS,
981 1486 1043 1514 ete.

411 1543 460 1565 Lv.
487 1533 624 1576 Insuper
649 1534 795 1567 decrevit
818 1534 1024 1577 praedictum
1049 1544 1105 1577 ge-

367 1586 478 1618 nerale
495 1585 729 1627 definitorium,
744 1587 839 1630 quod,
857 1587 882 1619 si
898 1587 930 1619 in
946 1587 1006 1628 his,
1022 1598 1104 1631 quae

367 1649 384 1670 a
417 1638 603 1672 definitorio
634 1640 826 1682 provinciali
859 1641 1101 1682 decernuntur,

367 1690 519 1733 suffragia
538 1691 602 1723 sint
620 1692 722 1725 divisa
747 1692 779 1724 in
804 1698 913 1736 partes
939 1695 1103 1737 aequales,

367 1744 572 1786 praevalebit
596 1756 671 1787 pars
690 1756 760 1778 cum
777 1756 838 1789 qua
855 1747 1106 1780 concordaverit

367 1806 520 1838 praeses:
545 1798 631 1839 quod
656 1797 753 1830 etiam
780 1804 827 1830 est
853 1799 1103 1839 observandum,

368 1849 496 1892 quoties
525 1849 558 1881 in
589 1850 728 1882 decursu
759 1851 891 1883 triennii
918 1852 956 1883 ad
983 1842 1123 1895 aliquidl

369 1902 616 1935 decernendum
649 1903 839 1936 definitores
874 1905 1102 1937 convenerint.

367 1954 401 1986 In
421 1955 638 1988 electionibus
656 1966 734 1989 vero
753 1956 803 1989 ius
822 1962 1010 1990 nostrarum
1028 1968 1107 1990 eon-

369 2061 493 2093 servari
519 2062 628 2094 debet.
645 2061 676 2094 Si
694 2066 802 2094 tamen
821 2061 1010 2095 definitores
1029 2073 1107 2095 eon-

369 2114 493 2156 gregati
509 2114 592 2146 infra
609 2119 676 2147 tres
703 2114 771 2147 dies
794 2115 825 2158 (a
842 2115 947 2158 prima
972 2115 1106 2148 electio-

368 2167 418 2198 nis
445 2167 618 2211 inelusive)
638 2168 676 2200 de
702 2170 847 2210 persona
871 2168 1023 2211 eligenda
1039 2179 1105 2201 non

370 2220 561 2252 convenerit
585 2247 592 2261 ,
627 2221 811 2253 devolvitur
844 2221 877 2253 in
913 2221 1105 2264 magistrum

369 2274 557 2314 generalem
572 2273 622 2306 ius
648 2273 804 2316 eligendi,
820 2274 904 2307 sieut
921 2274 954 2307 in
973 2275 1106 2308 electio-

369 2336 409 2358 ne
434 2326 660 2369 provincialis.

414 2389 476 2412 Lvi.
503 2379 641 2423 Insuper
662 2379 810 2413 decrevit
828 2380 1033 2423 praedictum
1051 2392 1106 2424 ge-

369 2433 481 2464 nerale
502 2431 722 2465 definitorium
742 2433 827 2476 quod
848 2432 881 2464 in
896 2432 1001 2476 eapite
1020 2444 1043 2466 11
1059 2433 1106 2466 di-

369 2483 553 2516 stinctionis
573 2485 734 2517 secundae
746 2490 933 2518 nostrarum
948 2485 1105 2517 eonstitu-

370 2536 509 2577 tionum,
533 2537 586 2569 ubi
614 2537 752 2570 dicitur:
784 2550 796 2568 «
819 2539 932 2580 quarta
957 2537 1007 2570 die
1027 2548 1104 2571 eon-

370 2589 501 2621 veniant
525 2600 637 2623 omnes
664 2590 695 2622 in
721 2590 862 2633 capitulo
888 2601 919 2631 »‚
945 2590 1104 2624 addantur

942 203 1121 241 BnLLARIUM
1144 216 1295 241 nonaum

1133 265 1320 307 sequentia:
1351 265 1492 309 «ibique
1518 277 1535 299 a
1559 267 1709 309 praeside
1731 266 1863 310 capituli

1132 316 1187 349 fiat
1210 317 1313 350 oratio
1339 318 1447 351 brevis
1473 319 1651 362 spiritualis
1678 327 1710 353 et
1735 321 1862 361 devota,

1133 380 1196 412 qua
1220 371 1384 413 praelatos
1405 372 1527 404 electos
1548 372 1580 404 in
1598 384 1733 406 munere
1752 374 1800 406 sui
1819 374 1866 406 of-

1134 421 1194 454 fleii
1213 424 1406 466 exequendo
1432 423 1581 465 instruat,
1601 425 1720 468 dirigat
1744 431 1776 458 et
1797 437 1866 459 mo-

1134 479 1229 515 neat;
1253 475 1371 508 deinde
1399 487 1416 509 a
1444 477 1622 510 secretario
1647 478 1780 521 capituli
1813 489 1866 511 co-

1133 537 1201 559 ram
1220 528 1370 561 omnibus
1390 530 1540 572 legantur
1557 530 1687 562 decreta
1701 535 1733 562 et
1749 535 1867 563 statuta

1133 590 1151 611 a
1175 579 1361 614 definitorio
1394 592 1453 624 pro
1487 581 1601 614 maiori
1632 582 1865 616 reformatione

1134 631 1279 665 eiusdem
1304 633 1509 676 provinciae3
1536 634 1674 667 ulterius
1699 635 1795 667 etiam
1820 636 1867 668 le-

1133 689 1226 726 gatur
1250 685 1391 718 edietum
1424 687 1454 719 S.
1483 687 1726 730 Inquisitionis,
1753 692 1788 719 ut
1816 692 1866 719 est

1133 738 1262 771 laudata
1286 744 1319 771 et
1342 740 1474 783 antiqua
1505 741 1707 773 consuetudo
1732 745 1864 773 nostrae

1134 791 1303 833 refigionis
1323 803 1353 824 »z
1381 793 1498 836 quibus
1524 794 1740 837 praepositis,
1769 794 1866 826 debet

1133 843 1316 876 continuari
1345 845 1546 887 praedictum
1576 851 1684 889 caput,
1711 851 1808 889 prout
1833 846 1865 878 in

1134 895 1227 928 dictis
1274 897 1396 930 nostris
1437 898 1723 931 constitutionibus
1764 899 1867 932 conti-

1134 954 1241 982 netur.

1177 1013 1252 1036 Lvu.
1269 1003 1454 1044 Praeterea,
1469 1015 1541 1037 eum
1559 1005 1592 1037 111
1606 1005 1773 1048 provincia
1790 1006 1867 1038 Ara-

1135 1055 1250 1098 goniae
1262 1055 1348 1088 cirea
1362 1057 1559 1090 electionem
1573 1058 1781 1101 provincialis
1800 1069 1868 1091 ser-

1134 1114 1227 1141 vetur
1261 1110 1476 1150 alternativa,
1509 1111 1553 1143 ita
1581 1116 1613 1143 et
1640 1111 1748 1144 taliter
1780 1112 1917 1155 quoda..

1135 1163 1197 1193 una
1224 1161 1291 1194 viee
1321 1162 1530 1205 provincialis
1559 1163 1600 1196 sit
1636 1174 1672 1196 ex
1704 1163 1869 1196 Catalonia

1136 1214 1184 1246 vel
1209 1213 1370 1255 Sardinia,
1398 1221 1430 1248 et
1454 1216 1516 1248 alia
1540 1216 1608 1248 vice
1633 1216 1725 1259 regni
1747 1217 1870 1259 Arago—

1120 1267 1207 1299 Ι11100
1240 1273 1272 1300 et
1296 1267 1466 1308 Navarrae,
1486 1269 1661 1301 dummodo
1685 1269 1870 1312 reperiatur

1137 1331 1276 1363 persona
1302 1321 1420 1354 habilis
1447 1327 1478 1354 et
1502 1322 1659 1365 requisita
1677 1322 1802 1354 habens
1827 1322 1867 1354 ad

1136 1372 1275 1406 officium
1314 1374 1523 1417 provincialis
1560 1375 1803 1415 exercendum,
1838 1379 1870 1407 et

1136 1427 1301 1470 praedicta
1314 1428 1506 1460 alternativa
1524 1428 1641 1461 debeat
1654 1428 1785 1470 pensari
1804 1439 1869 1461 non

1136 1489 1236 1521 penes
1253 1479 1412 1522 originem
1428 1485 1460 1512 et
1474 1480 1664 1513 filiationem
1680 1481 1868 1521 naturalem,

1137 1532 1193 1565 sed
1224 1532 1311 1565 iuxta
1343 1534 1584 1576 professionem
1615 1534 1647 1566 in
1685 1534 1868 1576 religione,

1138 1585 1244 1618 taliter
1265 1586 1363 1628 quod,
1385 1586 1438 1629 qui
1465 1586 1706 1629 professionem
1724 1586 1871 1619 emiserit

1136 1638 1169 1670 in
1187 1639 1401 1671 conventibus
1428 1640 1610 1682 Aragoniae
1628 1641 1678 1672 vel
1696 1639 1869 1680 Navarrae,

1137 1691 1259 1734 poterit
1288 1702 1360 1724 esse
1386 1692 1595 1735 provincialis
1621 1692 1654 1725 in
1680 1693 1748 1725 eius
1775 1694 1871 1725 alter-

1121 1745 1251 1785 nativa,
1271 1745 1397 1778 etiamsi
1423 1745 1554 1778 natione
1573 1746 1615 1779 sit
1640 1745 1819 1785 Catalanus,
1840 1750 1872 1778 et

1121 1808 1154 1838 ¹e
1179 1803 1310 1839 eontra,
1337 1803 1372 1830 ut
1396 1799 1562 1841 quaelibet
1586 1798 1714 1831 occasio
1740 1798 1870 1841 praeiu-

1138 1851 1212 1883 dicii
1238 1851 1430 1894 euieumque
1445 1852 1529 1894 parti
1545 1851 1674 1894 penitus
1700 1852 1870 1891 evellatur,

1121 1927 1123 1939 1
1138 1903 1340 1946 praedictum
1356 1905 1508 1946 generale
1524 1903 1744 1937 definitorium
1759 1905 1873 1937 derre-

1122 1956 1183 2001 γ1111
1215 1967 1251 1988 ae
1283 1957 1459 1989 declaravit
1491 1958 1577 2000 quod
1609 1957 1733 1990 nemini
1768 1957 1872 1990 faveat

369 2007 598 2049 stitutionum,
624 2013 660 2041 111
685 2008 746 2041 rite
779 2013 810 2042 et
834 2009 990 2042 canonice
1015 2006 1124 2050 flant‚l

1138 2010 1272 2052 adoptio
1297 2009 1329 2041 in
1356 2010 1569 2042 conventibus
1604 2009 1738 2043 alicuius
1769 2009 1872 2052 partis

1137 2067 1172 2093 111
1196 2061 1282 2094 illius
1301 2062 1493 2094 alternativa
1519 2063 1660 2104 gaudere
1677 2062 1794 2105 possit,
1815 2061 1873 2094 sed

1139 2125 1269 2157 semper
1291 2115 1389 2148 debet
1406 2115 1537 2158 pensari
1554 2126 1656 2158 penes
1682 2115 1873 2148 filiationem

1139 2179 1177 2201 ex
1202 2167 1282 2200 reali
1307 2168 1513 2211 professione
1540 2168 1671 2201 emissa.

1182 2231 1271 2254 Lvni.
1309 2221 1446 2265 Insuper
1482 2222 1682 2265 praedictum
1720 2222 1873 2264 generale

1139 2275 1314 2318 capitulum
1340 2275 1485 2307 decrevit
1505 2275 1590 2318 quod
1610 2279 1721 2317 patres
1747 2274 1876 2307 redem-

1140 2334 1252 2372 ptores
1277 2328 1520 2372 provinciarum
1552 2328 1734 2371 Aragoniae
1761 2333 1793 2361 et
1818 2328 1877 2360 Va-

1140 2380 1280 2421 lentiae‚
1308 2381 1383 2413 dum
1417 2382 1457 2413 ad
1490 2381 1699 2414 redimendos
1731 2380 1875 2424 captivos

1140 2433 1402 2477 proficiscuntur,
1430 2433 1525 2466 simul
1545 2439 1628 2474 eant,
1647 2444 1753 2477 neque
1768 2432 1877 2476 aliqua

1140 2486 1226 2519 inter
1258 2496 1314 2518 eos
1351 2486 1393 2518 sit
1423 2486 1656 2529 superioritas,
1689 2485 1747 2518 sed
1778 2496 1878 2518 unus-

1140 2538 1279 2581 quisque
1311 2549 1404 2571 suum
1437 2539 1556 2571 librum
1582 2539 1717 2579 deferat,
1743 2537 1798 2570 uhi
1823 2538 1878 2571 ad-

1139 2591 1265 2624 notabit
1293 2591 1404 2624 omnia
1429 2592 1469 2625 ad
1494 2591 1731 2635 redemptionis
1761 2602 1878 2626 munus

1878 218 1925 245 ΑΓ..
1942 218 1970 245 C.
1992 217 2058 245 1662

1908 1016 2035 1037 Alternativa
2045 1015 2064 1035 in

1882 1045 1989 1070 proximem
2014 1044 2064 1062 Ara-

1883 1071 1956 1095 gomae
1973 1072 1991 1089 et
2003 1070 2064 1088 (Lata-

1883 1097 1951 1117 lnniae
1979 1101 2064 1116 servan-

1916 2225 1944 2246 De
1954 2224 2072 2250 redempto-

1889 2253 1946 2274 rinus
1957 2257 2073 2277 proxincia-

1889 2285 1933 2300 rum
1953 2278 2072 2302 Aragnniae

1890 2308 1911 2327 ot
1927 2305 2045 2326 valentiae.
