2247 3208
191 215 242 243 An.
263 215 281 241 G
315 214 383 242 1668

205 1387 307 1407 [mintium
315 1387 381 1405 trans-

197 1413 278 1433 svn-mli
297 1412 380 1438 pensio-

197 1445 242 1460 nef.

1013 207 1154 232 CLEMFNS
1179 209 1207 231 ΙΧ
1232 208 1280 230 ΡΡ.

388 262 532 295 nicarum
562 260 765 302 mioruinqm·
799 259 980 292 divinorum
1006 257 1126 289 0111110-

386 316 482 357 1·1111ι),
498 319 529 347 01
554 313 694 356 denique
721 313 760 345 ab
786 311 935 345 omuibus
953 316 984 343 et
1000 310 1126 353 quibus-

386 378 524 411 cumque
543 367 615 400 aliis
632 366 747 399 vestris
767 365 915 409 peccatis,
938 364 1124 397 criminibus

388 428 417 453 et
434 420 619 454 excessibus
633 431 668 452 ac
683 419 816 459 delictis,
828 424 1125 462 ‹piantumcumque

387 475 537 518 gravibus
571 479 602 507 et
636 474 843 509 enormibus,
876 473 970 504 etiam
996 471 1125 510 talibus,

386 534 523 572 propter
560 538 640 571 quae
673 527 773 560 Sedes
808 525 974 569 praedicta
1011 524 1125 556 merito

388 581 589 614 consulenda
616 581 718 617 soret,
744 579 894 612 videlieet
919 590 935 610 a
967 577 1126 610 contentis

388 634 420 667 iu
447 634 562 667 litteris
588 634 639 666 die
664 633 791 666 Coenae
818 631 945 665 Domini
967 630 1125 674 publicari

389 686 567 727 consuetis,
595 686 695 719 semel
722 690 845 718 tantum
863 684 894 716 in
919 684 981 716 vita
999 689 1029 716 et
1047 693 1127 715 mor·

390 741 428 773 tis
453 740 609 779 articulo,
636 739 669 770 in
689 737 824 780 reliquis
841 747 916 769 vero
930 736 1034 768 dietae
1051 735 1126 768 Sedi

390 793 691 836 quomodocumque
714 789 896 828 reservatis,
922 789 1032 822 aliisve
1059 788 1128 831 qui-

390 845 496 877 busvis
521 844 667 884 casibus,
695 844 795 876 semel
823 843 852 875 iu
880 853 974 881 anno,
1000 842 1127 874 conses-

389 897 533 930 sionibus
558 896 670 929 vestris
696 896 869 938 diligenter
894 895 1010 928 auditis
1036 894 1126 936 (sine

390 957 496 984 tamen
522 950 656 983 alicuius
681 949 910 993 praeiudicio),
938 948 1127 981 auctoritate

390 1003 566 1047 apostolica
591 1003 773 1042 absolvere,
799 1007 831 1034 et
855 1002 942 1034 vobis
967 1012 1024 1045 pro
1041 1012 1128 1034 com-

389 1057 497 1090 missis
511 1056 743 1099 poenitentiam
760 1055 925 1098 iniungere
941 1057 1126 1094 salutat-eur,

390 1120 517 1143 necnon
540 1114 613 1142 vota
638 1119 861 1152 quaecumque
887 1108 1125 1150 (ultramarino,

390 1163 585 1196 visitationis
611 1163 757 1196 liminum
782 1164 952 1195 beatorum
969 1163 1129 1205 apostolo-

392 1227 463 1248 rum
488 1216 573 1249 Petri
599 1221 631 1248 et
655 1216 754 1255 Pauli,
780 1215 998 1258 castitatisque
1026 1220 1057 1247 et
1081 1225 1130 1246 re-

391 1270 521 1312 ligionis
546 1270 628 1303 votis
653 1270 817 1302 dumtaxat
843 1269 999 1312 exeeptis)
1018 1268 1049 1300 in
1068 1268 1129 1301 alia

391 1323 520 1366 pietatis
544 1333 643 1366 opera
669 1328 868 1355 commutare
894 1323 1009 1354 valeat.

435 1376 449 1418 ξ
474 1375 505 1408 9.
533 1375 692 1418 vobisque
718 1375 855 1408 ulterius
882 1380 913 1407 et
937 1375 1129 1417 cuicumque

390 1433 533 1461 vestrum
558 1428 748 1472 respective,
783 1433 817 1460 ut
849 1428 1042 1471 quicumque
1068 1428 1128 1460 loci

391 1477 551 1514 Ordinarii
564 1483 614 1515 vel
629 1482 774 1514 canonici
801 1481 1130 1524 metropolitanarum

392 1545 449 1567 seu
481 1534 617 1567 aliarum
649 1535 883 1568 cathedralium
920 1534 1131 1567 ecelesiarum

392 1593 447 1620 aut
469 1597 631 1630 personae
661 1588 694 1620 in
727 1587 881 1630 dignitate
912 1575 1153 1620 ecclesiastiea*

392 1641 593 1679 constitutae,
614 1646 676 1673 tam
688 1640 718 1672 in
733 1640 817 1672 dieta
836 1641 923 1672 curia
938 1650 1033 1682 quam
1044 1645 1129 1672 extra

394 1703 473 1732 eam,
493 1694 532 1725 ad
552 1693 584 1725 id
609 1703 667 1736 per
683 1704 739 1726 vos
757 1693 933 1736 respective
951 1702 1058 1725 coram
1076 1702 1132 1725 110-

395 1747 476 1779 tario
494 1751 526 1779 et
542 1746 680 1779 testibus
699 1746 761 1779 side
788 1747 894 1789 dignis
913 1746 1055 1789 eligendi
1075 1757 1132 1778 seu

395 1798 565 1842 eligendae
585 1826 592 1840 ‚
620 1810 839 1843 quascumque
873 1799 1047 1842 pensiones
1078 1810 1133 1831 an-

395 1863 474 1885 nuas
495 1852 583 1885 vobis
606 1847 706 1896 super
724 1863 907 1885 mensarum
925 1852 1133 1885 abbatialium

394 1916 451 1939 seu
476 1906 701 1949 capitularium
727 1917 761 1938 ac
782 1906 1015 1949 episcopalium
1035 1912 1065 1938 et
1085 1916 1135 1937 ar-

395 1959 697 2003 chiepiscopalium,
710 1971 745 1992 ac
760 1970 1039 2002 quorumcumque
1056 1959 1134 1991 alio-

394 2023 464 2045 rum
486 2012 720 2045 beneficiorum
742 2013 1042 2053 ecclesiastieorum,
1062 2024 1133 2045 cum

395 2067 471 2098 cura
488 2071 520 2098 et
536 2065 604 2098 sine
626 2068 710 2105 cura,
729 2065 920 2098 secularium
938 2071 967 2098 et
987 2076 1133 2108 quorum-

395 2117 440 2150 vis
466 2118 623 2151 Ordinum
648 2124 679 2150 et
704 2118 888 2151 militiarum
916 2118 1132 2160 regularium,

398 2171 491 2204 etiam
517 2171 687 2214 hospitalis
705 2172 736 2205 S.
760 2172 887 2205 Ioannis
906 2171 1135 2214 Hierosolymi-

398 2224 461 2256 tani
486 2225 650 2268 praedicti,
678 2226 984 2268 quomodffliumque
1006 2230 1038 2258 et
1057 2220 1152 2268 qua-⁴

398 2277 610 2321 litercumque
643 2278 920 2322 qualilicatorum,
957 2279 1132 2317 fructibus,

398 2329 589 2369 redditibus,
614 2331 838 2373 proventibus,
857 2331 994 2370 iuribus,
1016 2331 1135 2363 obven-

1169 255 1347 295 servanda,
1374 263 1433 298 pro
1458 256 1582 287 summa
1608 254 1756 287 videlieet
1782 261 1906 288 trecen-

1169 314 1274 341 torum
1299 309 1486 341 ducatorum
1504 308 1573 341 auri
1598 308 1636 341 de
1654 310 1782 341 camera
1799 309 1905 351 quoad

1169 362 1315 404 singulos
1342 367 1493 401 vestrum,
1521 361 1793 405 quandocumque
1810 362 1905 395 alicui

1167 420 1309 448 vestrum
1335 414 1513 458 respective
1539 415 1707 458 placuerit,
1735 415 1828 448 simul
1855 417 1904 449 vel

1168 467 1360 508 successive,
1386 467 1418 499 in
1445 472 1511 500 toto
1536 469 1584 500 vel
1612 468 1641 500 in
1672 473 1783 510 parte,
1810 468 1904 501 etiam

1169 520 1200 552 iu
1234 520 1407 553 cuiuslibet
1443 525 1581 553 vestrum
1617 521 1727 553 mortis·
1752 521 1903 561 articulo,

1169 584 1293 606 cassare
1312 580 1343 605 et
1364 574 1561 616 extinguere,
1581 585 1626 613 ac,
1646 580 1817 618 postquam
1836 586 1906 608 cas-

1169 632 1256 659 satae
1282 632 1313 659 et
1338 628 1496 659 extinctae
1524 628 1653 667 suerint,
1682 629 1758 661 alias
1785 629 1906 662 similes

1170 679 1344 722 pensiones
1360 690 1482 712 annuas
1495 691 1594 723 super
1604 680 1726 713 eisdem
1740 681 1904 721 fructibus,

1169 732 1359 771 redditibus,
1386 733 1604 775 proventibus,
1632 734 1764 773 iuribus,
1790 735 1908 767 obven-

1169 786 1319 826 tionibus,
1332 785 1614 819 distributionibus
1626 792 1657 818 et
1667 787 1905 820 emolumentis¹

1171 840 1365 877 huiusmodi,
1382 851 1486 883 usque
1508 840 1547 873 ad
1573 851 1731 873 summam
1757 846 1789 873 et
1809 852 1908 883 quan-

1170 894 1293 926 titatem
1310 894 1521 936 praedictam,
1536 894 1590 926 uni
1604 895 1653 926 vel
1674 895 1820 936 pluribus
1837 894 1907 927 aliis

1169 947 1318 990 personis
1337 973 1344 987 ,
1369 946 1464 1001 etia'm
1491 957 1549 990 per
1582 957 1636 979 vos
1674 947 1881 980 nominandis
1898 974 1905 986 ,

1170 999 1266 1032 etiam
1293 1010 1527 1042 quaecumque,
1554 1005 1770 1043 quotcumque
1789 1004 1909 1043 etqua-

1171 1053 1350 1096 liacumque
1363 1053 1522 1086 beneficia
1536 1053 1751 1086 enclesiastica
1764 1053 1909 1086 obtinen-

1149 1093 1152 1144 1
1172 1107 1255 1139 tibus
1281 1111 1311 1138 et
1336 1106 1591 1149 expectantibus,
1618 1106 1754 1147 clericis,
1774 1118 1828 1139 seu
1846 1108 1909 1140 cle-

1171 1159 1259 1191 ricali
1291 1160 1477 1191 charactere
1522 1159 1671 1202 insigniri
1704 1159 1909 1199 volentibus,

1172 1211 1268 1244 etiam
1283 1212 1338 1251 eis,
1354 1212 1460 1255 quoad
1475 1212 1623 1251 vixerint,
1641 1223 1697 1244 seu
1711 1222 1822 1245 eorum
1836 1223 1910 1255 pro-

1171 1265 1373 1297 curatoribus
1399 1265 1437 1298 ad
1463 1265 1494 1297 id
1519 1265 1659 1308 speciale
1685 1265 1725 1297 ab
1751 1265 1797 1297 eis
1822 1275 1910 1297 man—

1172 1319 1279 1351 datum
1303 1318 1506 1358 habentibus,
1534 1318 1647 1350 iisdem
1673 1318 1769 1351 modo
1800 1323 1831 1350 et
1848 1318 1911 1351 sor-

1173 1374 1231 1411 ma,
1247 1372 1362 1414 quibus
1375 1371 1465 1404 vobis
1484 1371 1664 1414 assignatae
1679 1376 1908 1410 etreservatae,

1172 1436 1228 1464 seu
1254 1425 1418 1467 assignata
1436 1430 1468 1457 et
1485 1434 1640 1457 concessa
1666 1424 1786 1456 suerint
1803 1434 1912 1467 respe-

1172 1479 1272 1517 ctive,
1300 1479 1395 1511 etiam
1431 1479 1553 1521 absque
1588 1489 1748 1511 consensu
1783 1478 1911 1511 easdem

1174 1532 1348 1574 pensiones
1384 1533 1509 1564 solvere
1546 1531 1732 1564 debentium
1752 1558 1759 1571 ,
1787 1531 1911 1563 etiamsi

1174 1585 1245 1617 illas
1271 1585 1319 1617 vel
1351 1584 1405 1617 illa
1438 1584 1516 1617 alias
1551 1584 1669 1617 cassari
1695 1589 1726 1617 et
1752 1584 1910 1617 reservari

1175 1638 1213 1670 de
1238 1648 1320 1670 novo
1346 1637 1483 1670 faciendi
1511 1638 1694 1670 facultatem
1712 1647 1776 1669 non
1797 1638 1913 1670 habue-

1175 1692 1253 1732 ritis,
1273 1702 1306 1723 ac
1325 1691 1501 1734 pensiones
1526 1696 1557 1724 et
1582 1692 1715 1730 fructus,
1742 1691 1911 1729 redditus,

1176 1749 1361 1787 proventus,
1388 1745 1456 1777 iura
1481 1748 1513 1776 et
1537 1744 1760 1783 obventiones,
1788 1754 1824 1775 ac
1851 1743 1914 1776 dis—

1176 1798 1370 1831 tributiones
1407 1804 1438 1830 ct
1476 1799 1694 1830 emolumenta
1728 1797 1913 1830 huiusmodi

1176 1852 1270 1884 etiam
1296 1852 1419 1894 pluries
1448 1856 1573 1884 cassata
1607 1856 1638 1882 ct
1663 1851 1701 1883 de
1726 1861 1809 1882 novo
1836 1850 1914 1882 assi-

1176 1911 1270 1947 gnata
1285 1904 1411 1944 suerint,
1427 1915 1527 1946 usque
1542 1904 1581 1936 ad
1599 1914 1755 1936 summam
1770 1908 1802 1935 et
1820 1914 1913 1946 quan-

1177 1959 1300 1990 titatem
1316 1958 1523 2000 praedictam,
1541 1957 1636 1990 etiam
1653 1957 1768 1989 litteris
1787 1958 1916 1999 aposto-

1176 2011 1244 2044 licis
1269 2021 1367 2054 super
1403 2010 1674 2043 reservationibus
1705 2015 1736 2041 et
1767 2009 1915 2052 assigna-

1178 2064 1319 2096 tionibus
1345 2064 1529 2097 huiusmodi
1554 2074 1619 2096 non
1645 2063 1809 2101 consectis,
1829 2074 1865 2096 ac
1884 2074 1916 2095 a-

1178 2117 1234 2149 lias
1261 2127 1332 2148 cum
1357 2117 1507 2149 omnibus
1533 2122 1565 2149 et
1586 2116 1842 2159 quibuscumque
1864 2127 1917 2148 ex-

1177 2169 1406 2212 emptionibus,
1433 2169 1624 2212 privilegiis,
1649 2169 1801 2209 decretis,
1831 2169 1916 2202 clau-

1177 2223 1264 2262 sulis,
1280 2222 1491 2262 cautionibus,
1503 2222 1647 2261 vinculis,
1661 2222 1916 2264 obligationibus

1177 2281 1209 2309 et
1233 2275 1377 2315 cautelis,
1403 2286 1438 2307 ac
1462 2275 1557 2308 etiam
1584 2275 1731 2307 censuris
1749 2280 1782 2307 et
1801 2275 1915 2318 poenis

1178 2330 1209 2361 in
1235 2329 1397 2372 prioribus
1423 2328 1696 2362 reservationibus
1731 2329 1916 2361 huiusmodi

1801 197 1864 229 6⁶5
1911 207 1959 232 An.
1982 207 2010 233 C.
2032 206 2101 235 ¹668

399 2382 539 2415 tionibus
559 2388 591 2416 et
611 2383 892 2416 distributionibus
914 2385 1010 2417 etiam
1029 2384 1136 2427 quoti·
1178 2382 1340 2415 concessis
1367 2388 1398 2414 et
1423 2383 1593 2422 contentis,
1612 2392 1739 2414 necnon
1758 2393 1831 2414 cum
1848 2382 1916 2413 sub-

399 2436 515 2475 dianis,
533 2446 589 2468 seu
604 2436 731 2469 illarum
747 2437 817 2469 loco
832 2437 963 2476 fruetus,
979 2436 1135 2475 redditus,
1179 2435 1345 2478 rogatione
1372 2435 1403 2467 in
1429 2434 1592 2479 quibusvis
1624 2435 1739 2467 vestris
1774 2434 1914 2473 iuribus,

399 2494 593 2533 proventus,
620 2489 709 2529 iura,
736 2490 958 2529 obventiones,
984 2489 1136 2522 distribu-
1179 2489 1276 2522 etiam
1311 2489 1417 2532 quoad
1455 2489 1545 2532 quasi
1579 2489 1818 2531 possessionem
1852 2488 1917 2520 exi-

400 2543 506 2576 tiones
533 2548 564 2576 et
588 2544 807 2576 emolumenta
822 2542 913 2575 vobis
930 2553 1014 2575 nune
1029 2548 1060 2575 et
1078 2553 1135 2586 pro

401 2600 545 2639 tempora
570 2596 732 2638 assignata
757 2600 788 2628 et
811 2600 991 2635 reservata,
1018 2606 1054 2628 ac
1087 2606 1159 2635 111-1

488 2659 563 2689 Ball.
584 2659 664 2686 Rom,
687 2674 719 2677 —
744 2658 802 2687 Vol*
823 2658 905 2686 Xt'll
1047 2658 1079 2684 82

1214 2604 1226 2631 1
1246 2603 1316 2631 Edit.
1333 2603 1412 2631 Maiu,
1431 2603 1511 2631 habet
1528 2604 1722 2631 emolmnenta
1738 2604 1775 2637 (R.
1792 2601 1842 2637 T.)-
