2247 3208
147 224 193 249 An.
217 224 244 249 ti.
271 223 336 249 ¹669

338 277 371 305 et
392 272 576 305 absolutum
595 271 661 304 sore
686 276 869 312 censentes,
890 270 1077 304 huiusmodi

339 323 632 367 supplicationibus
672 324 838 363 inclinati,
880 324 1079 367 circumspe-

340 377 439 410 ctioni
465 382 537 409 tuae
563 388 623 420 per
644 382 830 420 praesentes
848 377 1077 410 committimus

342 436 374 463 et
390 430 594 470 mandamus,
611 435 782 474 quatenus,
801 430 919 462 voeatis
938 430 991 472 qui
1012 430 1079 462 sue-

341 485 403 517 rint
430 484 578 523 vocandi,
607 494 734 517 causam
761 489 792 516 et
816 494 929 515 causas
956 483 989 515 in
1017 488 1079 514 ter-

339 538 434 570 minis
460 538 492 569 in
517 537 632 580 quibus
658 535 892 580 reperiuntur,
923 546 1018 578 quam
1049 542 1080 568 et

340 602 418 633 quas
443 590 628 633 praedictus
647 590 757 622 Petrus
772 590 810 622 de
827 595 857 621 et,
874 600 972 632 super
989 599 1080 631 prac-

340 643 447 675 missis
473 648 586 674 contra
611 652 721 675 onmes
747 646 779 674 et
803 641 947 684 singulos
976 641 1078 673 delin-

340 701 478 738 quentes
493 706 528 727 ac
546 705 765 738 quoscumque
789 694 881 733 alios,
900 694 996 726 etiam
1019 705 1080 726 ma-

340 749 530 792 gistratum,
562 747 786 785 consiliarios,
815 748 1076 789 gubernatores,

340 803 455 835 ducem
473 808 503 835 et
524 801 767 844 Rempublieam
792 801 902 844 ipsam,
922 801 976 843 qui
995 812 1079 833 man-

340 856 460 892 datum.
488 854 650 892 auxilium,
670 853 850 893 consilium,
871 849 1010 886 savorem
1024 863 1079 885 seu

340 907 605 941 ratihabitionem
622 905 763 950 desuper
780 906 1014 949 praestiterunt
1032 916 1079 938 ex<

339 961 479 1005 pulsioni
512 960 587 994 dicti
620 960 846 1003 inquisitoris,
882 965 912 992 et
948 970 1078 1003 quoquo

339 1015 436 1048 modo
463 1014 566 1047 dictae
592 1013 792 1057 expulsionis
813 1013 989 1056 ‘complices
1018 1013 1080 1044 sue-

341 1073 427 1107 runt,
451 1067 605 1110 prosequi
632 1071 664 1100 et
688 1077 816 1099 movere
836 1065 986 1105 intendit,
1006 1076 1079 1098 cum

341 1120 490 1153 omnibus
516 1120 581 1152 suis
607 1119 840 1157 incidentibus,
868 1118 1080 1162 dependenti-

339 1173 411 1213 bus,
437 1173 691 1215 emergentibus,
719 1172 851 1204 annexis
866 1177 896 1203 et
911 1171 1078 1211 connexis,

339 1232 474 1269 totoque
499 1225 637 1268 negocio
663 1224 845 1268 principali,
876 1223 1050 1256 summarie
1069 1251 1077 1263 ,

338 1278 529 1322 simpliciter
554 1283 585 1311 et
611 1279 649 1310 de
674 1278 782 1321 plano,
802 1283 834 1310 et
854 1277 923 1309 sine
941 1276 1078 1319 strepitu

339 1338 371 1365 et
394 1332 496 1374 figura
521 1331 638 1370 iudicii,
656 1330 808 1372 omnique
825 1335 857 1362 et
875 1339 1078 1372 quacumque

337 1385 579 1429 appellatione,
606 1383 833 1417 reclamatione
850 1410 857 1422 ‚
889 1393 1023 1415 recursu
1049 1392 1064 1414 e

337 1437 544 1471 restitutione
569 1437 602 1469 in
627 1437 789 1479 integrum
806 1435 950 1475 remotis,
970 1440 1079 1467 aucto-

336 1492 434 1524 ritate
459 1492 569 1523 nostra
587 1489 764 1533 apostolica
781 1488 1000 1532 prosequaris,
1023 1498 1079 1520 au-

339 1545 419 1582 dias
447 1555 636 1587 cognoscas,
663 1544 824 1586 simulque
851 1548 882 1575 et
897 1542 1019 1581 ⁷semel,
1047 1547 1079 1574 et

338 1598 435 1630 unica
458 1598 509 1630 vel
534 1597 679 1641 pluribus
702 1596 880 1635 sententiis,
902 1596 927 1627 si
954 1596 997 1627 ita
1021 1595 1077 1627 tibi

338 1651 501 1683 ridebitur
517 1677 524 1689 ,
556 1655 653 1693 prout
677 1649 755 1682 iuris
782 1650 894 1688 suerit,
922 1648 1075 1688 decidas,

338 1703 469 1747 fineque
495 1703 603 1736 debito
629 1703 796 1742 termines,
816 1713 851 1734 ac
873 1702 988 1735 deinde
1011 1712 1078 1734 sen-

339 1757 474 1790 tentiam
499 1756 685 1789 huiusmodi
703 1755 883 1798 exequaris,
909 1765 964 1787 seu
990 1754 1079 1787 debi-

340 1815 392 1842 tae
418 1809 598 1842 executioni
634 1808 820 1841 demandari
853 1817 970 1845 eures,
1007 1817 1078 1839 cum

340 1868 499 1906 potestate
525 1862 759 1904 subdelegandi
796 1862 827 1893 in
865 1861 1014 1894 omnibus
1047 1865 1079 1892 et

340 1916 477 1959 singulis
502 1915 699 1959 praemissis,
719 1925 755 1947 ac
775 1915 846 1947 aliis
867 1914 950 1946 infra
971 1913 1079 1946 dicen-

340 1969 397 2009 dis,
425 1974 457 2002 et
481 1968 630 2001 omnibus
655 1967 816 2000 contentis
842 1967 875 1999 in
900 1967 1079 2010 praesenti-

339 2024 401 2056 bus
421 2022 546 2062 Iitteris,
567 2031 668 2054 unum
684 2023 733 2054 vel
754 2022 873 2064 plures,
900 2026 996 2064 prout
1021 2021 1077 2053 tibi

341 2076 525 2109 videbitur:
551 2086 610 2108 nos
635 2074 719 2108 enim
746 2074 803 2106 tibi
829 2074 949 2107 citandi
975 2073 1077 2106 dictos

341 2129 579 2172 delinquentes,
600 2138 777 2170 omnesque
798 2127 879 2159 alios
899 2137 980 2169 quos
998 2137 1079 2169 opus

340 2182 460 2221 suerit,
500 2181 596 2214 etiam
631 2191 689 2224 per
726 2180 868 2213 edictum
903 2179 1076 2222 publicum,

341 2235 479 2267 constito
505 2235 602 2267 etiam
634 2233 805 2266 summarie
839 2234 878 2266 de
912 2243 976 2265 non
1011 2237 1078 2264 tuto

342 2297 483 2327 accessu,
507 2287 636 2329 illisque
655 2291 686 2318 et
707 2285 822 2329 quibus
843 2285 897 2317 tibi
917 2285 1079 2317 videbitur

342 2340 402 2373 sub
428 2340 606 2380 sententiis,
632 2339 776 2372 censuris
803 2344 834 2371 et
857 2338 972 2382 poenis
994 2338 1080 2370 inlii-

342 2393 463 2433 bendi,
495 2393 750 2425 contradictores
778 2393 809 2424 in
834 2392 927 2431 illas,
955 2394 1079 2424 servata

334 2445 446 2480 'forma
470 2446 599 2479 concilii
625 2445 814 2485 Tridentini,
841 2445 995 2478 incidisse
1026 2445 1080 2477 de-

343 2499 511 2540 clarandi,
540 2498 755 2541 aggravandi,
789 2498 1022 2540 reug-gimundi
1049 2503 1078 2530 et

342 2551 571 2591 interdicendi,
597 2550 814 2593 auxiliumque
840 2550 962 2583 brachii
989 2561 1079 2583 secu-

343 2605 420 2638 laris
446 2605 485 2637 ad
510 2605 573 2637 hoc
597 2605 622 2636 si
647 2615 726 2646 opus
759 2603 856 2635 l'uerit
891 2603 1074 2643 invocandi,

429 2669 504 2697 Bull.
526 2667 606 2694 Rom.
627 2682 660 2686 -
686 2667 742 2694 l'ol.
763 2665 845 2693 ΧΗ]
989 2664 1037 2692 102

967 222 1110 246 CLEMENS
1136 224 1166 246 lx
1193 223 1240 247 PP.

1127 281 1163 303 ae
1187 276 1342 305 attentata
1375 277 1407 308 et
1439 273 1592 306 innovata
1622 283 1865 317 quaecumque,

1125 330 1221 367 prout
1245 325 1284 358 de
1311 325 1390 365 iure,
1417 326 1449 359 in
1476 326 1588 370 primis
1607 331 1639 359 et
1664 332 1737 359 ante
1755 327 1864 359 omnia

1123 378 1308 418 revocandi,
1335 389 1464 412 necnon
1490 380 1717 422 delinquentes
1736 385 1767 412 et
1783 380 1865 413 alios

1124 431 1341 473 supradictos,
1369 437 1528 474 quatenus
1555 443 1635 475 opus
1661 432 1720 471 sit,
1748 433 1866 465 debitis

1124 482 1241 525 poenis
1267 483 1426 516 afficiendi
1464 489 1495 517 et
1530 485 1711 527 puniendi,
1739 485 1864 528 aliaque

1123 535 1232 568 omnia
1258 541 1290 568 et
1314 537 1439 577 singula
1457 537 1488 569 in
1510 537 1753 581 praemissisct
1779 539 1865 570 circa

1124 599 1160 621 ea
1186 590 1434 631 quomodolibet
1465 591 1647 623 neccssaria
1680 597 1712 623 et
1744 602 1865 634 oppor-

1124 647 1200 674 tuna
1226 642 1387 681 faciendi,
1420 643 1566 683 dicendi,
1594 644 1747 685 gerendi,
1775 655 1865 677 exer-

1123 695 1217 727 cendi
1245 700 1276 727 et
1300 696 1494 738 exequendi,
1511 698 1641 739 plenam
1667 702 1698 729 et
1723 698 1863 740 amplam

1124 747 1319 787 facultatem,
1343 748 1427 781 dicta
1445 749 1650 788 auctoritate,
1672 751 1862 783 earumdem

1124 806 1237 834 tenore
1255 801 1485 844 praesentium,
1506 802 1674 834 tribuimus
1696 807 1727 834 et
1745 802 1863 845 impar-

1124 854 1233 886 timur.

1166 908 1180 950 ξ
1205 907 1236 941 3.
1263 907 1333 940 Non
1359 907 1565 941 obstantibus
1591 908 1691 941 felicis
1716 909 1862 941 recorda-

1123 959 1219 992 tionis
1244 960 1400 993 Bonisacii
1426 961 1529 1003 Papae
1551 961 1612 993 VIII
1631 962 1862 1004 praedeeesso-

1121 1013 1164 1045 ris
1190 1013 1294 1045 nostri
1323 1013 1361 1046 de
1387 1015 1460 1054 una,
1486 1019 1518 1047 et
1543 1014 1672 1047 concilii
1699 1015 1860 1057 generalis

1123 1066 1161 1098 de
1181 1065 1306 1098 duabus
1325 1066 1429 1106 dietis,
1453 1066 1589 1109 aliisque
1608 1067 1804 1110 apostolicis,
1824 1079 1861 1100 ac

1122 1119 1154 1151 in
1191 1118 1428 1152 universalibus
1465 1120 1789 1163 provincialibusque
1827 1126 1859 1153 et

1122 1171 1355 1214 synodalibus¹
1377 1173 1663 1205 constitutionibus
1682 1178 1713 1205 et
1730 1173 1860 1206 ordina-

1123 1224 1283 1265 tionibus,
1310 1236 1435 1258 necnon
1457 1226 1631 1269 quibusvis,
1651 1227 1748 1260 etiam
1775 1227 1860 1260 iura-

1122 1283 1256 1318 mento,
1297 1278 1540 1311 confirmatione
1578 1281 1775 1322 apostoliea,
1809 1282 1859 1314 vel

1122 1330 1231 1373 quavis
1256 1329 1407 1364 firmitate
1433 1331 1493 1364 ali-a
1518 1333 1700 1370 roboratis,
1734 1334 1862 1366 statutis

1122 1388 1154 1415 et
1179 1383 1477 1423 consuetudinibus,
1503 1384 1681 1427 privilegiis
1708 1395 1858 1428 quoque,

1122 1435 1254 1468 indultis
1279 1440 1310 1468 et
1334 1436 1451 1468 litteris
1473 1437 1657 1480 apostolicis
1683 1437 1715 1469 in
1740 1443 1863 1470 contra-

1121 1488 1204 1520 rium
1229 1489 1480 1531 praemissorum
1512 1490 1762 1532 quomodolibet
1786 1502 1863 1524 con-

1121 1541 1234 1582 cessis,
1263 1541 1461 1575 contirmatis
1486 1548 1518 1575 et
1544 1542 1722 1583 innovatis;
1757 1549 1809 1576 aut
1835 1545 1861 1577 si

1121 1595 1283 1639 aliquibus
1319 1595 1534 1628 communiter
1573 1597 1622 1629 vel
1663 1596 1788 1629 divisim
1822 1598 1861 1629 ab

1122 1649 1309 1692 Apostolica
1333 1648 1375 1680 sit
1406 1648 1488 1681 Sede
1513 1648 1674 1682 indultum
1701 1650 1787 1692 quod
1814 1650 1861 1683 in-

1121 1701 1244 1741 terdici,
1266 1701 1421 1744 suspendi
1437 1703 1486 1734 vel
1504 1702 1776 1735 excommunicari
1794 1714 1862 1736 nen

1761 215 1824 249 809
1870 225 1919 251 An.
1943 225 1971 251 c..
1992 225 2061 252 teos>

1943 919 1979 949 Dei
1987 922 2057 944 rigati-³

1873 948 2034 967 contrariorum.

1121 1755 1245 1797 possint
1270 1765 1329 1797 per
1353 1754 1478 1787 litteras
1503 1755 1697 1797 apostolicas
1725 1765 1791 1788 non
1818 1757 1876 1787 set-1

1121 1806 1244 1839 cientes
1280 1807 1411 1849 plenam
1451 1812 1483 1839 et
1523 1817 1707 1850 expressam
1748 1819 1785 1841 ac
1821 1809 1862 1841 de

1120 1861 1218 1893 verbo
1244 1861 1283 1893 ad
1306 1861 1442 1893 verbum
1469 1861 1507 1893 de
1526 1861 1649 1893 indulto
1676 1861 1882 1895 huiusmodi

1121 1914 1334 1953 inentionem;
1362 1914 1477 1956 quibus
1503 1913 1651 1946 omnibus
1670 1920 1702 1946 et
1723 1915 1860 1956 singulis

1122 1968 1249 2000 illorum
1274 1972 1406 1999 tenores
1432 1967 1658 2010 praesentibus
1679 1978 1739 2010 pro
1763 1969 1861 2011 plene

1121 2025 1151 2052 et
1187 2019 1386 2052 sufficienter
1422 2019 1582 2063 expressis
1615 2031 1649 2052 ac
1686 2021 1724 2053 de
1762 2021 1860 2053 verbo

1122 2073 1161 2105 ad
1185 2073 1320 2104 verbum
1345 2072 1474 2105 insertis
1502 2073 1668 2113 babentes,
1695 2073 1758 2106 illis
1783 2073 1861 2106 alias

1122 2125 1154 2157 in
1181 2135 1237 2157 suo
1264 2124 1381 2157 robore
1400 2125 1631 2168 permansuris,
1651 2125 1689 2157 ad
1707 2126 1862 2168 praemis·
1905 2161 1907 2164 ⁴

1122 2188 1233 2211 sorum
1260 2176 1416 2217 effectum,
1434 2178 1494 2209 hac
1508 2178 1575 2210 vice
1595 2178 1768 2218 dumtaxat,
1792 2189 1863 2221 spe-

1122 2231 1247 2263 cialiter
1271 2235 1303 2263 et
1328 2240 1478 2273 expresse
1501 2230 1714 2272 derogamus,
1736 2231 1863 2263 ceteris-

1123 2293 1184 2328 que
1210 2283 1381 2316 contrariis
1406 2283 1677 2327 quibuscumque.

1166 2337 1278 2369 Datum
1303 2336 1443 2376 Romae,
1472 2337 1553 2379 apud
1587 2336 1617 2369 S.
1645 2337 1775 2370 Mariam
1800 2337 1862 2370 Ma-

1123 2391 1226 2424 iorem
1248 2418 1254 2429 ,
1283 2391 1343 2422 sub
1369 2391 1489 2422 annulo
1520 2389 1707 2429 piscatoris,
1733 2390 1784 2422 die
1810 2401 1861 2424 xix

1122 2444 1191 2476 iulii
1231 2453 1390 2483 nnctxix,
1419 2443 1623 2486 sontiticatus
1661 2444 1761 2476 nostri
1800 2455 1859 2476 an-

1100 2494 1101 2503 *
1123 2508 1163 2529 no
1186 2508 1234 2530 111.

1158 2550 1215 2575 liar
1236 2549 1279 2576 die
1302 2550 1333 2575 10
1349 2549 1405 2576 iulii
1427 2549 1505 2583 1669,
1523 2549 1621 2585 pontif.
1643 2558 1712 2577 anno
1729 2557 1766 2576 nl.

1157 2612 1169 2637 1
1193 2611 1293 2638 Desunt
1310 2611 1390 2638 veiba
1404 2612 1536 2639 conviicis
1551 2612 1637 2639 edilis
1654 2614 1691 2646 (n.
1708 2613 1757 2646 τ.).
