2247 3208
213 230 263 259 Αιι.
284 231 398 260 &1668
443 221 507 257 702

279 2351 394 2372 Contrariis

211 2379 307 2405 derogat.

405 282 445 313 ab
470 280 610 320 homine,
637 278 746 322 quavis
778 276 945 310 occasione
970 277 1019 308 vel
1044 277 1140 307 causa

403 335 486 375 latis,
508 335 533 367 si
560 333 674 376 quibus
694 331 942 375 quomodolibet
966 329 1139 362 innodatae

405 387 553 427 existunt,
579 386 618 418 ad
643 385 790 418 ess'ectum
809 384 1032 427 piaesentium
1053 382 1142 415 dum-

405 445 490 473 taxat
522 438 804 480 consequendum,
830 437 946 469 barum
978 435 1061 468 serie
1088 435 1162 470 ab·

404 494 568 525 solventes
604 497 636 524 et
664 492 827 524 absolutas
853 490 921 522 sore
947 494 1139 529 censentes,

404 545 591 578 huiusmodi
631 543 924 587 supplicationibus
965 541 1138 582 inclinati,

405 597 687 641 circumspectioni
709 602 790 637 tuae,
807 596 852 629 sili
876 596 1013 628 Ioannes
1039 594 1142 627 cardi·
1162 613 1163 617 =

404 651 486 683 nalis
511 655 542 682 et
558 650 697 693 praesul,
713 660 749 682 ac
767 648 959 681 fraternitati
981 654 1066 687 tuae,
1085 647 1141 679 sra-

404 709 454 737 ter
467 704 619 737 Laurenti
634 703 879 746 archiepiscope
894 708 925 735 et
942 701 1069 741 nuncie,
1084 711 1142 744 per

403 762 591 799 praesentes
617 756 847 789 committimus
873 760 905 788 et
929 755 1138 794 mandamus,

404 815 580 852 quatenus,
606 809 632 841 si
662 815 693 841 et
717 813 909 851 postquam,
940 807 1062 840 vocatis
1086 807 1141 849 qui

403 862 523 894 suerint
547 861 713 900 evocandi,
733 872 768 893 ac
793 859 966 903 ptaedictis
991 860 1084 892 bonis
1111 864 1142 892 et

403 915 532 947 illoiutn
558 913 716 953 confiniis,
741 914 907 946 vocabulis
933 923 967 945 ac
997 912 1142 945 denomi-

403 967 589 1000 nationibus
603 967 691 1011 prius
707 977 813 1000 coram
830 966 920 999 vobis
938 965 1140 1009 specificatis,

404 1021 443 1053 de
467 1020 602 1053 veritate
627 1026 840 1059 na1r,atoium
860 1019 1010 1062 quodque
1032 1019 1142 1051 vendi-

403 1073 448 1106 tio
475 1080 506 1106 et
530 1084 563 1106 as
567 1073 704 1115 signatio
723 1073 818 1105 huius
822 1072 921 1112 modi,
942 1072 967 1103 si
992 1071 1080 1111 fiant,
1108 1071 1141 1104 in

403 1127 587 1160 exidentem
603 1131 801 1158 memoratae
823 1125 978 1158 ecclesiae
997 1125 1027 1157 S.
1046 1124 1141 1157 Marci
1162 1149 1163 1154 ,

403 1179 468 1211 sint
481 1189 627 1212 cessurae
642 1178 822 1217 utilitatem,
838 1178 927 1211 iobis
942 1178 1141 1210 coniunctim
1162 1213 1163 1219 ἵ

402 1232 654 1275 procedentibus
675 1231 815 1274 legitime
834 1231 1023 1271 constiterit,
1043 1242 1142 1274 super

403 1295 467 1328 quo
504 1285 733 1318 conscientiam
766 1290 904 1317 vestram
940 1294 1110 1317 oneramus
1131 1311 1138 1324 ,

403 1338 526 1371 eisdem
550 1337 623 1371 duci
650 1343 682 1370 et
706 1338 833 1370 senatui
854 1337 1020 1380 praedicta
1043 1338 1138 1377 bona,

402 1391 531 1424 meliori
570 1401 633 1434 qua
667 1390 738 1422 sieri
770 1390 893 1433 poterit
928 1390 1137 1431 conditione,

402 1443 564 1476 vendendi
590 1449 622 1476 et
639 1444 817 1484 alienandi,
837 1444 1044 1487 pretiumque
1064 1444 1139 1477 inde

402 1497 572 1529 redactum
597 1497 629 1529 in
654 1507 730 1529 usus
757 1496 936 1539 praesentis
961 1496 1037 1529 belli
1066 1507 1141 1530 con-

402 1553 452 1581 tra
476 1549 594 1582 Turcas
627 1548 833 1582 convertendi
866 1554 897 1581 ct
922 1549 1077 1591 erogandi
1102 1550 1140 1582 li-

403 1602 543 1635 centiam
583 1603 775 1635 auctoritate
814 1603 1139 1645 nostra‘apostolica

403 1656 609 1696 concedatis,
626 1656 668 1688 ita
683 1662 788 1688 tamen
801 1661 847 1695 ut,
864 1656 935 1688 loco
954 1656 1140 1688 corumdem

401 1708 576 1749 bonorum,
609 1709 642 1741 in
669 1709 772 1741 fornia
797 1708 875 1741 iuris
900 1708 1018 1748 valida,
1042 1709 1138 1742 unico

403 1767 569 1802 contextu,
590 1762 793 1804 assignentur
810 1761 871 1804 ipsi
897 1761 1050 1795 ecclesiae
1072 1762 1140 1794 red-

404 1814 487 1847 ditus
514 1814 609 1847 annui
627 1815 786 1858 perpetui,
806 1815 864 1847 tuti
882 1820 913 1847 et
930 1815 1036 1847 securi
1054 1815 1140 1847 iuxta

404 1868 617 1911 quantitatem
649 1867 746 1910 pretii
780 1868 941 1900 dictorum
977 1868 1140 1901 bonorum

404 1921 442 1952 ad
461 1921 619 1953 rationem
641 1926 779 1963 quatuor
796 1931 855 1963 pro
873 1921 1071 1961 centenario,
1092 1932 1141 1953 su-

403 1984 463 2017 per
488 1974 582 2006 datiis
593 1978 629 2006 'ct
647 1974 782 2016 gabellis
807 1974 973 2017 perpetuis
999 1979 1030 2007 et
1055 1974 1140 2014 tutis,

405 2038 441 2060 ac
466 2027 547 2060 nulli
581 2027 671 2060 alteri
703 2027 874 2067 obnoxiis,
902 2027 1011 2070 previa
1044 2037 1141 2070 super

404 2079 467 2111 hoc
492 2079 593 2122 ipsius
619 2079 827 2122 Reipublicae
853 2079 1060 2121 obligatione,
1088 2079 1141 2122 qui

406 2133 537 2176 quidem
556 2133 701 2165 redditus
724 2133 851 2175 integre
870 2143 904 2165 ac
925 2133 1027 2165 libere
1046 2133 1084 2165 ab
1102 2132 1140 2164 iis

405 2186 443 2218 ad
469 2196 550 2229 quos
574 2185 717 2228 pertinet
734 2186 898 2218 solvantur
915 2185 1055 2217 Venetiis
1080 2184 1141 2228 ipsi

406 2239 559 2271 ecelesiae
585 2238 615 2271 S.
643 2238 755 2278 Marci,
787 2249 842 2271 seu
866 2237 951 2271 illius
976 2238 1141 2277 ministris,

406 2292 445 2324 de
471 2291 620 2324 semestri
645 2291 677 2322 in
703 2296 867 2324 semestre.

450 2345 464 2387 ξιξ
489 2344 520 2377 3.
548 2344 616 2376 Non
638 2344 839 2377 obstantibus
858 2345 1051 2377 recolendae
1076 2354 1143 2377 ine-
1164 2354 1165 2358 ¹

406 2398 528 2431 moriae
555 2398 643 2430 Pauli
665 2397 688 2429 II
715 2402 746 2430 et
771 2399 906 2430 aliorum
925 2398 1142 2430 Romanorum
1164 2407 1165 2410 ’

408 2450 599 2484 Pontificum
625 2452 915 2494 praedecessorum
940 2451 1063 2493 pariter
1088 2461 1144 2483 no-

409 2510 548 2536 strorum
571 2504 608 2536 de
628 2505 722 2536 rebus
741 2504 899 2536 Ecclesiae
919 2514 984 2536 non
1000 2504 1143 2536 alienan-

409 2557 468 2596 dis,
485 2556 619 2598 aliisque
645 2556 930 2588 constitutionibus
957 2562 987 2588 ct
1012 2556 1143 2588 ordina-

410 2609 551 2641 tionibus
576 2608 779 2651 apostolicis,
806 2618 932 2640 necnon
964 2609 1066 2641 dictae
1093 2619 1142 2642 ee-

985 227 1025 251 m
1028 227 1065 250 LL
1069 226 1165 250 mum
1189 226 1254 250 ROM
1257 227 1342 250 ANUM

1184 274 1301 306 clesiae
1323 273 1355 307 S.
1375 273 1481 315 Marci,
1498 273 1606 308 aliisve
1625 275 1802 319 quibusvis,
1821 275 1919 310 etiam

1181 326 1374 367 iuramento,
1400 301 1646 361 confirmatione
1661 330 1848 372 apostolica,
1867 331 1918 364 vel

1183 379 1295 422 quatis
1320 378 1473 412 firmitate
1499 381 1560 413 alia
1583 382 1763 422 roboratis,
1789 383 1919 416 statutis

1182 436 1213 463 et
1237 432 1543 473 consuetudinibus,
1569 433 1748 476 privilegiis
1772 445 1915 479 quoque,

1161 476 1318 517 indultis
1343 490 1375 518 et
1399 485 1518 518 litteris
1535 487 1724 529 apostolicis
1745 487 1778 519 in
1794 493 1918 521 contra-

1182 537 1265 569 rium
1289 538 1544 580 praemissmum
1570 540 1816 582 quomodolibet
1840 552 1919 574 con-

1183 590 1292 630 cessis,
1308 590 1506 624 confirmatis
1531 597 1563 630 et
1588 592 1772 633 innovatis;
1799 594 1916 636 quibus

1183 643 1334 676 omnibus
1366 648 1399 677 et
1433 644 1591 687 singulis,
1618 646 1751 678 illorum
1785 651 1918 680 tenores

1160 674 1408 738 ipraesentibus
1443 707 1502 739 pro
1538 699 1636 740 plene
1662 703 1694 730 et
1718 697 1919 732 sufficienter

1184 749 1345 791 expressis
1363 760 1399 782 ac
1419 750 1458 782 de
1475 750 1574 783 veibo
1593 751 1633 783 ad
1657 751 1792 784 verbum
1816 752 1919 786 inser-

1162 801 1222 859 ltis
1248 802 1425 843 habentes,
1448 803 1514 836 illis
1538 803 1618 836 alias
1643 804 1677 837 in
1708 815 1767 837 suo
1796 806 1917 838 robore

1162 869 1166 900 ι
1182 856 1413 898 permansuris,
1431 857 1470 889 ad
1484 857 1742 900 praemissorum
1760 857 1918 899 effectum,

1162 935 1165 968 D
1185 908 1244 940 hac
1257 908 1324 941 vice
1336 908 1510 949 dumtaxat,
1524 909 1707 953 specialiter
1721 915 1753 943 et
1767 921 1919 955 expresse

1162 961 1403 1011 3derogamus3
1431 963 1613 1006 ceterisque
1647 964 1816 998 contrariis
1849 965 1920 1009 qui-

1162 1014 1395 1061 buscumque.

1162 1089 1165 1115 5
1226 1067 1341 1099 Datum
1366 1067 1502 1108 Romae,
1530 1068 1617 1111 apud
1642 1068 1673 1102 S.
1700 1068 1833 1102 Mariam
1857 1070 1921 1104 Ma-

1183 1119 1300 1160 iorem,
1327 1121 1386 1153 sub
1412 1122 1535 1154 annulo
1560 1121 1749 1163 piscatoris,
1770 1122 1821 1156 die
1841 1133 1920 1157 xvm

1183 1173 1308 1214 augusti
1343 1182 1508 1207 MDCvanl
1527 1200 1535 1214 ,
1565 1173 1774 1217 pontificatus
1813 1175 1920 1209 nostri

1183 1234 1268 1257 anno
1294 1235 1329 1258 ιι.

1218 1286 1276 1314 Dat.
1299 1286 1343 1314 die
1360 1287 1391 1314 18
1411 1288 1517 1323 augusti
1540 1288 1617 1322 1668,
1638 1288 1732 1324 pontif.
1749 1296 1820 1316 anno
1838 1294 1866 1317 ιι.

1483 1432 1614 1466 LXXIII.

1184 1511 1332 1545 Concedit
1369 1513 1440 1555 φερέ
1481 1513 1754 1547 christianissimo
1789 1515 1921 1558 eiusque

1225 1565 1456 1598 successoribus
1482 1567 1533 1599 ius
1553 1567 1750 1600 nominandi
1766 1568 1808 1600 ad
1832 1568 1922 1600 eccle-

1226 1619 1309 1651 siam
1338 1619 1569 1652 Tornacensem
1582 1619 1602 1653 ¹.

1184 1698 1340 1725 Carissimo
1360 1698 1391 1725 in
1412 1699 1528 1726 Christo
1548 1699 1610 1727 filio
1630 1702 1733 1727 nostro
1753 1700 1920 1734 Ludovico‚

1279 1743 1459 1770 Francorum
1478 1743 1542 1778 regi
1562 1744 1822 1772 christianissimo.

1395 1788 1528 1815 clemens
1553 1789 1632 1822 Papa
1653 1789 1702 1816 IX.

1281 1858 1438 1885 Carissimo
1459 1858 1489 1885 in
1510 1858 1627 1886 Christo
1648 1859 1691 1886 fili
1710 1862 1822 1892 noster,

1219 1903 1349 1929 salutem
1369 1906 1399 1929 et
1420 1903 1613 1936 apostolicam
1636 1904 1885 1932 benedictionem.

1228 1973 1398 2006 Praeclara
1412 1973 1586 2007 maiestatis
1603 1980 1675 2007 tuae
1690 1984 1726 2007 ac
1737 1974 1922 2018 progenito-

1184 2036 1255 2058 rum
1277 2032 1307 2058 et
1331 2026 1488 2059 maiorum
1506 2032 1636 2060 tuorum
1653 2038 1765 2070 regum
1779 2027 1922 2060 christia-

1185 2078 1410 2119 nissimorum,
1444 2079 1627 2125 principum
1652 2081 1749 2122 longe
1781 2080 1923 2112 clarissi-

1185 2142 1323 2172 morum,
1339 2132 1827 2175 invictissimorumque'Christi
1849 2133 1923 2166 atle-

1187 2188 1300 2223 tarum,
1320 2195 1355 2217 ac
1381 2185 1586 2227 egregiorum
1603 2184 1694 2218 Sedis
1718 2184 1923 2228 Apostolicae

1186 2238 1366 2277 cultorum,
1391 2237 1568 2280 promerita
1594 2237 1743 2279 exigunt,
1770 2248 1806 2270 ac
1831 2248 1924 2280 prae-

1186 2289 1306 2332 cipuus,
1334 2300 1397 2332 quo
1430 2290 1576 2322 eamdem
1600 2290 1800 2322 maiestatem
1827 2295 1922 2331 tuam,

1186 2343 1275 2375 filiali
1300 2353 1375 2385 erga
1400 2353 1460 2375 nos
1487 2348 1518 2375 et
1550 2343 1696 2376 eamdem
1726 2343 1843 2376 Sedem
1868 2343 1924 2376 ob-

1187 2396 1347 2428 servantia
1378 2406 1413 2427 ac
1443 2395 1587 2438 pietate,
1620 2396 1820 2429 orthodoxae
1849 2395 1924 2429 fidei

1164 2465 1165 2499 ι
1187 2450 1430 2489 conservandae
1449 2455 1480 2481 et
1494 2450 1725 2493 propagandae
1743 2450 1822 2489 zelo,
1838 2449 1918 2481 aliis-

1187 2514 1247 2546 que
1273 2514 1349 2546 rege
1375 2503 1641 2536 christianissimo
1668 2502 1773 2546 dignis
1799 2501 1925 2535 virtuti-

1163 2549 1165 2564 t

1164 2566 1165 2581 l

1223 2619 1232 2644 1
1257 2617 1293 2644 Ex
1313 2617 1419 2653 aegest.
1441 2617 1467 2643 in
1486 2617 1585 2644 Secret.
1608 2616 1684 2643 BreV.

1927 227 1975 256 λιι
1997 222 2027 256 C.
2045 216 2112 257 1683

1959 1980 2082 2005 Exorffium.
