2247 3208
148 228 196 254 An.
214 227 241 254 C.
265 227 332 255 1661

172 1604 281 1633 Sentopua
297 1610 329 1625 re-

147 1633 256 1651 vocatoria
265 1631 328 1656 inagi-

145 1659 181 1678 sttt
193 1657 285 1678 Ordinis.

933 233 1118 255 ALExxxnffli

1144 234 1185 256 vu
1212 234 1260 256 rr.
1754 225 1818 256 303

339 277 540 320 spondei-unt
564 288 597 310 ac
627 279 851 318 deduxerunt,
879 290 1079 322 pramnemo·
1123 280 1301 318 abolemus,
1330 282 1531 314 annullanuis
1558 287 1589 314 et
1619 288 1750 315 eatenus
1776 293 1859 314 revo-

338 336 442 363 ratum
475 337 619 364 nostrum
644 332 674 364 S.
700 333 848 365 Ludorici
884 333 1078 375 collegium,

339 393 404 416 non
429 385 533 416 solum
558 384 585 416 vi
613 396 686 417 suae
707 385 902 418 fundationis
923 390 954 417 et
973 385 1079 417 eondi-

339 436 463 469 tionum
490 437 563 469 huic
590 438 818 480 appositarum,
845 448 954 470 verum
983 437 1077 469 etiam

338 489 448 530 vigore
481 488 713 532 subsequenti⁴
751 495 862 533 postea
897 494 1079 522 contractus

339 541 489 581 onerosi,
523 553 557 573 ac
582 543 666 574 ultro
692 542 835 584 citroque
868 541 1076 583 obligatorii,

339 594 462 637 liquido
496 594 563 626 iure
590 594 627 626 ad
654 594 828 636 praefatum
859 594 890 625 S.
921 593 1077 626 Dominici

339 651 531 679 conventum
564 646 760 678 Mcxicaimm
794 647 947 678 hactenus
979 645 1078 688 perti-

340 699 445 731 nuisse
475 710 509 731 ac
534 699 696 741 pertinere
721 700 809 731 velut
832 699 1009 731 membrum
1034 698 1079 730 ei-

339 752 411 784 dem
442 751 710 784 indissolubiliter
736 751 986 794 incorporatum,
1014 762 1078 784 non

339 804 539 837 obstantibus
558 814 637 847 quae
663 804 696 836 in
721 804 916 838 contrarium
938 814 1078 847 oppone-

338 857 467 895 bantur,
491 861 544 888 aut
568 856 689 900 opponi
709 866 802 899 posse
823 857 1022 896 videbantur,
1038 867 1077 889 ne

339 909 469 952 quiden]
495 910 636 952 ipsismet
664 910 777 942 litteris
803 910 920 943 nostris
945 910 1079 953 patenti-

338 962 397 995 bus
422 962 513 995 initio
539 962 663 1001 citatis,
689 968 981 1005 quantumcumque
1007 973 1078 1005 apo-

338 1015 452 1047 stolico
478 1015 568 1047 Brevi
584 1015 711 1047 insertis
725 1020 756 1047 et
768 1015 982 1056 communitis,
997 1026 1077 1058 qnae

339 1073 414 1100 tunc
434 1069 540 1100 denuo
558 1078 666 1100 coram
688 1068 791 1107 nobis,
806 1073 1013 1111 procuratore
1030 1078 1078 1109 ge-

339 1120 440 1153 nerali
458 1120 594 1159 Ordinis,
613 1126 644 1153 et
664 1120 915 1164 praenominatis
936 1120 1077 1153 illustris-

339 1173 425 1206 simis
444 1173 581 1206 dominis
599 1174 838 1214 iureconsultis,
861 1176 923 1206 una
941 1184 1013 1205 ‹jrum
1034 1184 1078 1206 re-

339 1226 426 1269 liquo
451 1227 680 1270 scripturarum
704 1228 767 1259 huc
784 1226 1014 1270 pertinentium
1036 1226 1078 1258 in-

339 1285 530 1319 strumento,
550 1280 735 1322 produc-tae,
754 1280 838 1312 visae
857 1284 886 1311 et
906 1279 1079 1321 diligenter

338 1332 532 1365 scrutinatae
557 1333 698 1365 fuerunt.

383 1385 438 1419 His
463 1396 541 1428 ergo
556 1386 605 1427 (ut
621 1386 815 1429 praefertur)
837 1385 974 1418 sollicite
992 1395 1078 1428 prae-

337 1438 452 1477 missis,
467 1438 596 1471 tandem
610 1438 648 1470 ad
664 1437 858 1471 definitivam
872 1437 1076 1476 sententiam,

338 1496 546 1535 procuratore
572 1491 732 1530 instante,
761 1491 839 1523 citra
869 1491 1076 1533 comperendi

338 1544 514 1584 nationem,
541 1543 688 1577 duximus
712 1543 965 1587 procedendum.

383 1596 522 1629 Proinde
547 1607 617 1636 nos,
646 1596 699 1640 qui
726 1606 831 1639 supra,
859 1596 919 1628 hae
935 1596 985 1628 die
1007 1607 1077 1629 xxvi

340 1650 408 1683 iulii
433 1659 574 1683 MDCLXIV
598 1650 630 1682 in
655 1651 780 1682 camera
811 1649 923 1682 solitae
949 1654 1077 1682 nostrae

339 1703 533 1736 residentiae
550 1703 732 1743 existentes,
751 1702 868 1735 Christi
886 1702 1014 1735 nomine
1036 1702 1079 1734 111-

339 1761 462 1795 voeato,
488 1757 656 1799 solumque
677 1755 777 1789 Deum
792 1760 823 1788 et
836 1755 987 1787 iustitiam
1003 1765 1077 1798 prae

340 1809 442 1841 oeulis
466 1809 633 1847 habentes,
658 1808 876 1851 praesentium
901 1812 1025 1846 tenore,
1049 1812 1079 1839 et

340 1861 441 1893 nostri
467 1860 562 1893 officii
581 1861 780 1899 auctoritate,
799 1860 831 1891 in
852 1860 962 1902 primis
979 1860 1079 1892 decla-

341 1924 447 1946 ramus
472 1923 636 1956 nunquam
660 1913 756 1945 fuisse
784 1917 923 1944 mentem
960 1918 1014 1944 aut
1038 1913 1080 1944 in-

341 1966 518 1999 tentionem
543 1971 684 1998 nostram
710 1965 858 2008 derogari
880 1964 964 1997 1111119
988 1976 1080 2008 qnae-

341 2019 401 2052 sito
427 2019 562 2062 praefati
593 2018 693 2051 nostri
727 2023 902 2051 conventus
928 2018 1078 2050 Moxicani

342 2072 428 2116 quod
458 2072 490 2105 in
523 2071 643 2104 dictum
674 2071 704 2104 S.
733 2070 883 2103 Ludovici
908 2071 1080 2113 collegium

343 2125 647 2168 Angelopolitanum
664 2125 692 2156 ei
714 2129 896 2168 competere
922 2124 982 2156 iain
1000 2135 1080 2156 com-

343 2183 470 2222 pertum
496 2183 561 2210 est:
591 2178 707 2210 deinde
733 2182 1003 2220 praememoratas
1030 2188 1080 2209 110-

341 2237 421 2263 stras
445 2231 567 2263 litteras
587 2235 744 2273 patentes,
763 2229 880 2272 quibus
901 2230 1081 2273 Angelopo-

342 2283 474 2317 litanam
500 2294 517 2315 a
540 2283 703 2315 Mexicana
733 2283 895 2325 provincia
928 2283 1081 2315 distermi-

342 2335 485 2368 navimus
502 2362 509 2375 ,
542 2335 649 2378 quoad
681 2335 810 2367 unicum
835 2336 898 2368 hoe
927 2340 1081 2378 punctum

343 2388 560 2421 translationis
586 2387 729 2421 eiusdem
753 2388 879 2431 collegii
900 2388 1027 2430 (ceteris
1048 2389 1080 2421 in

343 2452 400 2474 suo
425 2441 543 2474 robore
570 2441 856 2484 permanentibus),
882 2451 1078 2481 revocamus,

378 2521 392 2548 1
410 2520 510 2549 Forsan
529 2520 697 2555 subsequuti
712 2527 760 2555 pro
781 2520 965 2555 subsequenti
987 2520 1079 2556 tegen-

345 2564 408 2592 dum
428 2565 467 2598 (n.
483 2566 531 2597 T.).

381 2608 397 2638 2
417 2609 509 2636 Potius
529 2609 587 2644 lege
608 2609 746 2644 derogare
765 2608 827 2636 iuri.
846 2608 885 2643 (n.
902 2607 950 2643 T.).

1123 338 1218 372 eatas,
1246 333 1394 371 abolitas,
1423 335 1526 366 nullas
1551 345 1619 366 esse
1649 346 1684 367 ae
1720 335 1785 367 sore
1811 335 1860 367 de-

1123 387 1301 426 cernimus3
1330 387 1432 429 ipsum
1458 398 1531 420 vero
1558 389 1729 430 collegium
1754 388 1785 421 S.
1804 388 1859 421 Lu-

1123 438 1232 477 dovici,
1253 450 1323 471 cum
1339 440 1486 472 omnibus
1505 441 1569 473 suis
1587 441 1798 484 pertinentiis
1818 441 1859 473 iu-

1122 490 1217 529 ribus,
1234 492 1374 531 annexis,
1392 492 1566 525 mobilibus
1581 498 1611 525 et
1629 493 1858 533 immobilibus,

1122 552 1226 582 curae,
1253 544 1411 585 regimini,
1432 544 1641 577 iurisdi‹.·tioni
1667 556 1701 577 ac
1720 546 1858 588 proprie-

1122 595 1175 627 tati
1202 601 1378 628 eonventus
1400 597 1499 629 nostri
1519 597 1679 635 Mexirani,
1698 604 1729 630 et
1749 599 1858 640 gnber-

1122 647 1173 680 nio
1191 649 1290 681 solius
1315 649 1498 691 provinriae
1518 650 1548 681 S.
1568 651 1685 690 lacobi,
1708 652 1857 693 privative

1121 701 1159 732 ad
1193 701 1272 733 alios
1304 712 1523 745 quoscumque
1562 703 1654 735 nobis
1691 703 1858 736 inferiores

1122 755 1294 796 praelatos,
1315 754 1542 794 adiudicamus,
1565 766 1599 787 ar
1619 756 1656 787 (le
1676 756 1770 788 liuius
1788 767 1858 789 con-

1120 811 1232 839 ventus
1257 806 1410 839 Mexirani
1436 809 1546 839 mensa
1571 818 1650 846 esse,
1673 808 1776 847 l't'lisse,
1799 820 1858 841 ma-

1121 868 1197 891 nere
1223 859 1486 901 pronunciamus,
1513 870 1571 891 nen
1591 871 1684 903 posse
1712 861 1786 892 huie
1812 861 1859 893 in-

1120 912 1183 943 vito
1202 912 1281 945 illud
1301 912 1389 954 erigi,
1411 912 1544 945 alienari
1565 918 1618 945 aut
1639 914 1858 946 dismembrati

1121 965 1339 1003 declaramus,
1367 965 1522 997 edivinnis
1547 971 1642 1008 atque
1668 966 1856 1006 statuimus,

1121 1017 1273 1060 denique,
1293 1018 1324 1050 in
1350 1018 1465 1050 virtute
1490 1018 1625 1061 Spiritus
1651 1019 1766 1059 Sancti,
1791 1031 1858 1053 san-

1121 1075 1188 1102 etae
1214 1071 1417 1103 obedimtiae
1443 1072 1501 1103 sub
1528 1072 1649 1106 formali
1676 1078 1858 1117 praecepto,

1122 1133 1246 1155 necnon
1272 1124 1330 1155 sub
1357 1126 1459 1166 poena
1485 1125 1613 1157 maioris
1646 1126 1858 1159 excommuni-

1120 1176 1253 1208 cationis
1278 1181 1310 1208 et.
1333 1177 1511 1219 privatione
1548 1178 1712 1221 utriusque
1746 1179 1829 1211 vocis
1849 1206 1856 1218 ,

1121 1229 1274 1270 graduum
1289 1234 1320 1260 et
1334 1229 1520 1269 officiorum,
1537 1233 1755 1273 perpetuaque
1771 1231 1858 1264 inha-

1120 1280 1242 1313 bilitate
1261 1281 1299 1313 ad
1313 1282 1424 1314 eadem
1440 1283 1667 1324 recuperanda,
1683 1283 1858 1315 universim

1120 1334 1268 1366 omnibus
1298 1340 1424 1367 nostrae
1449 1345 1542 1367 curae
1572 1335 1725 1368 subiectis
1758 1336 1856 1368 distri-

1120 1386 1257 1418 ctissime
1276 1387 1500 1429 prohibemus,
1520 1398 1560 1420 ne
1581 1389 1758 1431 quisquam,
1777 1390 1858 1422 clam

1120 1444 1173 1470 aut
1197 1440 1311 1481 palam,
1338 1440 1499 1472 communi
1526 1446 1579 1472 aut
1603 1441 1734 1483 privato,
1761 1452 1857 1474 suove

1121 1496 1174 1523 aut
1199 1492 1304 1524 alieno
1326 1492 1467 1532 nomine,
1483 1504 1540 1535 per
1560 1504 1591 1525 se
1610 1494 1657 1526 vel
1676 1504 1733 1537 per
1750 1494 1856 1534 alium,

1120 1544 1240 1577 directe
1259 1550 1312 1577 aut
1332 1545 1496 1585 indireete,
1512 1547 1559 1578 vel
1582 1557 1784 1589 quocumque
1806 1547 1858 1579 im-

1120 1597 1306 1639 maginabili
1331 1598 1443 1638 modo,
1470 1603 1636 1641 praetextu
1654 1604 1706 1631 aut.
1730 1599 1856 1639 motivo,

1121 1651 1235 1685 audeat
1260 1651 1335 1683 huie
1360 1656 1487 1684 nostrae
1520 1651 1701 1684 definitivae
1731 1657 1859 1685 senten-

1121 1704 1181 1736 tiae
1214 1704 1389 1746 refragari,
1416 1704 1517 1736 obniti
1549 1705 1597 1736 vel
1624 1705 1801 1745 contraire,
1828 1711 1859 1738 et

1121 1756 1276 1800 quidquid
1306 1755 1436 1789 versus¹
1469 1758 1613 1789 eamdem
1639 1757 1669 1789 in
1696 1763 1858 1801 posterum

1121 1810 1231 1852 quovis
1248 1810 1355 1842 colore
1374 1814 1402 1841 et
1420 1810 1468 1842 via
1487 1815 1609 1852 gestum
1629 1812 1677 1843 vel
1700 1816 1858 1844 tentatum

1122 1863 1223 1902 suerit,
1243 1874 1279 1895 ex
1298 1874 1383 1895 nune
1403 1863 1507 1903 inane,
1529 1874 1651 1896 cassum
1670 1864 1858 1907 irritumque

1122 1926 1189 1947 esse.
1206 1916 1350 1948 volumus
1375 1920 1406 1948 et
1430 1916 1644 1955 (lerlaramus;
1667 1917 1725 1949 sub
1746 1918 1858 1950 eodem

1122 1967 1245 2000 formali
1260 1973 1439 2010 praerepto,
1454 1970 1588 2000 (sensura
1602 1974 1631 2000 et
1647 1969 1758 2011 poenis
1773 1980 1859 2012 prae-

1122 2020 1255 2063 cipimus
1273 2025 1399 2052 nostrae
1425 2020 1605 2062 provinciae
1625 2022 1860 2065 Angelopolita·

1123 2084 1180 2106 nae
1195 2073 1422 2115 superioribus,
1438 2078 1595 2115 quatenus
1607 2073 1690 2106 sive‘z
1704 2075 1859 2109 dilatione

1123 2126 1297 2168 apostolica
1316 2130 1369 2157 aut
1393 2125 1580 2167 exceptione
1609 2127 1787 2169 praefatum
1807 2139 1849 2161 no

1123 2183 1222 2210 strum
1247 2178 1278 2210 S.
1299 2177 1447 2210 Ludovici
1473 2178 1655 2221 collegium,
1674 2190 1744 2212 eum
1762 2181 1860 2213 omni-

1123 2230 1182 2263 bus
1206 2230 1269 2262 suis
1298 2231 1390 2263 bonis
1423 2236 1455 2263 et
1479 2231 1675 2271 attinentiis,
1703 2234 1833 2275 pacifice
1850 2261 1857 2274 ,

1124 2283 1231 2326 quiete
1257 2288 1288 2315 et
1312 2283 1450 2315 fideliter
1476 2284 1507 2316 in
1532 2295 1645 2317 manus
1675 2286 1858 2328 provinciae

1123 2340 1249 2368 nostrae
1285 2334 1316 2367 S.
1353 2335 1458 2368 lacobi
1488 2341 1518 2368 et
1549 2343 1723 2370 conventus
1759 2339 1859 2372 nostri

1123 2388 1275 2421 Mexieani
1301 2389 1477 2429 remittant,
1499 2400 1559 2422 nee
1584 2390 1658 2423 inde
1681 2391 1858 2435 quidquam

1122 2441 1182 2474 sibi
1216 2446 1271 2474 aut
1301 2441 1485 2484 provinciae
1511 2453 1587 2476 suae
1620 2444 1858 2488 Angelopolita-

1159 2522 1168 2546 1
1194 2520 1350 2555 Legendum
1369 2521 1505 2548 adversus
1524 2523 1563 2555 (n.
1585 2525 1633 2555 T.).

1157 2564 1172 2591 2
1192 2565 1346 2599 Legendum
1366 2565 1428 2591 sine
1445 2574 1493 2600 pro
1518 2566 1592 2597 sium
1614 2575 1693 2602 porro
1719 2575 1786 2603 quae
1813 2576 1858 2595 se-

1122 2613 1238 2644 quentur
1257 2608 1382 2636 emendet
1402 2609 1486 2636 lector
1505 2610 1577 2637 seins
1597 2615 1634 2647 tn.
1655 2614 1703 2645 τ.),

1863 233 1913 259 An.
1930 232 1957 258 C.
1984 232 2046 258 1661
