<?xml version="1.0" encoding="UTF-8"?>
<!DOCTYPE html PUBLIC "-//W3C//DTD XHTML 1.0 Transitional//EN"
    "http://www.w3.org/TR/xhtml1/DTD/xhtml1-transitional.dtd">
<html xmlns="http://www.w3.org/1999/xhtml" xml:lang="en" lang="en">
 <head>
  <title>
</title>
<meta http-equiv="Content-Type" content="text/html;charset=utf-8" />
  <meta name='ocr-system' content='tesseract 3.04.00' />
  <meta name='ocr-capabilities' content='ocr_page ocr_carea ocr_par ocr_line ocrx_word'/>
</head>
<body>
  <div class='ocr_page' id='page_1' title='image "./bullarumdiplomat17cath_0220.png"; bbox 0 0 2247 3208; ppageno 0'>
   <div class='ocr_carea' id='block_1_1' title="bbox 175 211 472 248">
    <p class='ocr_par' dir='ltr' id='par_1_1' title="bbox 175 211 472 248">
     <span class='ocr_line' id='line_1_1' title="bbox 175 211 472 248; baseline -0.007 -2"><span class='ocrx_word' id='word_1_1' title='bbox 175 219 229 246; x_wconf 81' lang='lat' dir='ltr'>An.</span> <span class='ocrx_word' id='word_1_2' title='bbox 250 220 277 247; x_wconf 89' lang='lat' dir='ltr'>c.</span> <span class='ocrx_word' id='word_1_3' title='bbox 295 220 363 248; x_wconf 79' lang='lat'><strong>1663</strong></span> <span class='ocrx_word' id='word_1_4' title='bbox 410 211 472 244; x_wconf 85' lang='grc'>178</span> 
     </span>
    </p>
   </div>
   <div class='ocr_carea' id='block_1_2' title="bbox 200 800 342 828">
    <p class='ocr_par' dir='ltr' id='par_1_2' title="bbox 200 800 342 828">
     <span class='ocr_line' id='line_1_2' title="bbox 200 800 342 828; baseline -0.007 -6"><span class='ocrx_word' id='word_1_5' title='bbox 200 800 342 828; x_wconf 70' lang='lat' dir='ltr'>Supplicauo.</span> 
     </span>
    </p>
   </div>
   <div class='ocr_carea' id='block_1_3' title="bbox 371 259 1113 2565">
    <p class='ocr_par' dir='ltr' id='par_1_3' title="bbox 371 259 1108 674">
     <span class='ocr_line' id='line_1_3' title="bbox 376 259 1106 311; baseline -0.014 -10"><span class='ocrx_word' id='word_1_6' title='bbox 376 269 547 311; x_wconf 79' lang='lat' dir='ltr'>piendum,</span> <span class='ocrx_word' id='word_1_7' title='bbox 574 266 686 298; x_wconf 84' lang='lat' dir='ltr'>fratres</span> <span class='ocrx_word' id='word_1_8' title='bbox 718 261 916 306; x_wconf 78' lang='lat' dir='ltr'>Neapolitani</span> <span class='ocrx_word' id='word_1_9' title='bbox 950 261 1004 293; x_wconf 84' lang='grc'>11111</span> <span class='ocrx_word' id='word_1_10' title='bbox 1031 259 1106 293; x_wconf 88' lang='lat' dir='ltr'>dicti</span> 
     </span>
     <span class='ocr_line' id='line_1_4' title="bbox 375 312 1108 357; baseline -0.012 -4"><span class='ocrx_word' id='word_1_11' title='bbox 375 324 549 353; x_wconf 85' lang='lat' dir='ltr'>conventus</span> <span class='ocrx_word' id='word_1_12' title='bbox 575 322 606 349; x_wconf 93' lang='lat' dir='ltr'>et</span> <span class='ocrx_word' id='word_1_13' title='bbox 641 317 753 348; x_wconf 81' lang='lat' dir='ltr'>fratres</span> <span class='ocrx_word' id='word_1_14' title='bbox 778 315 910 357; x_wconf 80' lang='lat' dir='ltr'>Hispani</span> <span class='ocrx_word' id='word_1_15' title='bbox 937 313 990 356; x_wconf 88' lang='lat' dir='ltr'>qui</span> <span class='ocrx_word' id='word_1_16' title='bbox 1016 312 1108 345; x_wconf 89' lang='lat' dir='ltr'>habi-</span> 
     </span>
     <span class='ocr_line' id='line_1_5' title="bbox 375 368 1107 411; baseline -0.011 -7"><span class='ocrx_word' id='word_1_17' title='bbox 375 378 441 404; x_wconf 91' lang='lat' dir='ltr'>tum</span> <span class='ocrx_word' id='word_1_18' title='bbox 467 369 631 411; x_wconf 79' lang='lat' dir='ltr'>religionis</span> <span class='ocrx_word' id='word_1_19' title='bbox 656 369 688 401; x_wconf 89' lang='lat' dir='ltr'>in</span> <span class='ocrx_word' id='word_1_20' title='bbox 714 368 798 400; x_wconf 90' lang='lat' dir='ltr'>dicto</span> <span class='ocrx_word' id='word_1_21' title='bbox 823 371 982 399; x_wconf 82' lang='lat' dir='ltr'>conventu</span> <span class='ocrx_word' id='word_1_22' title='bbox 1004 375 1107 397; x_wconf 85' lang='lat' dir='ltr'>susce-</span> 
     </span>
     <span class='ocr_line' id='line_1_6' title="bbox 372 418 1106 467; baseline -0.008 -12"><span class='ocrx_word' id='word_1_23' title='bbox 372 423 488 467; x_wconf 85' lang='lat' dir='ltr'>perint,</span> <span class='ocrx_word' id='word_1_24' title='bbox 500 427 531 454; x_wconf 89' lang='lat' dir='ltr'>et</span> <span class='ocrx_word' id='word_1_25' title='bbox 551 422 645 454; x_wconf 87' lang='lat' dir='ltr'>etiam</span> <span class='ocrx_word' id='word_1_26' title='bbox 664 421 775 453; x_wconf 79' lang='lat' dir='ltr'>fratres</span> <span class='ocrx_word' id='word_1_27' title='bbox 790 419 931 462; x_wconf 77' lang='lat' dir='ltr'>Hispani,</span> <span class='ocrx_word' id='word_1_28' title='bbox 947 418 1000 461; x_wconf 88' lang='lat' dir='ltr'>qui</span> <span class='ocrx_word' id='word_1_29' title='bbox 1020 428 1106 450; x_wconf 90' lang='lat' dir='ltr'>nunc</span> 
     </span>
     <span class='ocr_line' id='line_1_7' title="bbox 371 472 1107 513; baseline -0.007 -6"><span class='ocrx_word' id='word_1_30' title='bbox 371 476 404 507; x_wconf 91' lang='lat' dir='ltr'>in</span> <span class='ocrx_word' id='word_1_31' title='bbox 430 475 515 507; x_wconf 90' lang='lat' dir='ltr'>dicto</span> <span class='ocrx_word' id='word_1_32' title='bbox 541 478 698 507; x_wconf 88' lang='lat' dir='ltr'>conventu</span> <span class='ocrx_word' id='word_1_33' title='bbox 730 472 868 504; x_wconf 81' lang='lat' dir='ltr'>existunt</span> <span class='ocrx_word' id='word_1_34' title='bbox 898 476 928 503; x_wconf 89' lang='lat' dir='ltr'>et</span> <span class='ocrx_word' id='word_1_35' title='bbox 959 472 1107 513; x_wconf 80' lang='lat' dir='ltr'>expleve-</span> 
     </span>
     <span class='ocr_line' id='line_1_8' title="bbox 372 523 1106 569; baseline -0.007 -9"><span class='ocrx_word' id='word_1_36' title='bbox 372 527 436 561; x_wconf 89' lang='lat' dir='ltr'>rint</span> <span class='ocrx_word' id='word_1_37' title='bbox 468 526 621 569; x_wconf 85' lang='lat' dir='ltr'>requisita</span> <span class='ocrx_word' id='word_1_38' title='bbox 647 527 686 559; x_wconf 90' lang='lat' dir='ltr'>ad</span> <span class='ocrx_word' id='word_1_39' title='bbox 712 526 845 568; x_wconf 79' lang='lat' dir='ltr'>gradum</span> <span class='ocrx_word' id='word_1_40' title='bbox 859 523 1034 567; x_wconf 86' lang='lat' dir='ltr'>quemlibet</span> <span class='ocrx_word' id='word_1_41' title='bbox 1050 524 1106 556; x_wconf 88' lang='lat' dir='ltr'>ob-</span> 
     </span>
     <span class='ocr_line' id='line_1_9' title="bbox 372 576 1106 619; baseline -0.007 -7"><span class='ocrx_word' id='word_1_42' title='bbox 372 579 549 619; x_wconf 87' lang='lat' dir='ltr'>tinendum,</span> <span class='ocrx_word' id='word_1_43' title='bbox 564 579 659 611; x_wconf 88' lang='lat' dir='ltr'>etiam</span> <span class='ocrx_word' id='word_1_44' title='bbox 684 582 757 610; x_wconf 85' lang='lat' dir='ltr'>ante</span> <span class='ocrx_word' id='word_1_45' title='bbox 778 577 895 609; x_wconf 85' lang='lat' dir='ltr'>dictam</span> <span class='ocrx_word' id='word_1_46' title='bbox 908 576 1106 619; x_wconf 88' lang='lat' dir='ltr'>capitulatio-</span> 
     </span>
     <span class='ocr_line' id='line_1_10' title="bbox 372 630 868 674; baseline -0.008 -8"><span class='ocrx_word' id='word_1_47' title='bbox 372 643 446 666; x_wconf 85' lang='lat' dir='ltr'>nem</span> <span class='ocrx_word' id='word_1_48' title='bbox 471 637 502 664; x_wconf 91' lang='lat' dir='ltr'>et</span> <span class='ocrx_word' id='word_1_49' title='bbox 526 630 868 674; x_wconf 85' lang='lat' dir='ltr'>reincorporationem.</span> 
     </span>
    </p>

    <p class='ocr_par' dir='ltr' id='par_1_4' title="bbox 372 681 1105 771">
     <span class='ocr_line' id='line_1_11' title="bbox 415 681 1105 726; baseline -0.007 -8"><span class='ocrx_word' id='word_1_50' title='bbox 415 686 497 718; x_wconf 87' lang='lat' dir='ltr'>Laus</span> <span class='ocrx_word' id='word_1_51' title='bbox 521 685 586 717; x_wconf 89' lang='lat' dir='ltr'>Deo</span> <span class='ocrx_word' id='word_1_52' title='bbox 612 689 643 717; x_wconf 87' lang='lat' dir='ltr'>et</span> <span class='ocrx_word' id='word_1_53' title='bbox 666 684 822 726; x_wconf 57' lang='lat' dir='ltr'>Deipai‘ae</span> <span class='ocrx_word' id='word_1_54' title='bbox 846 682 962 714; x_wconf 80' lang='lat' dir='ltr'>Mariae</span> <span class='ocrx_word' id='word_1_55' title='bbox 984 681 1105 723; x_wconf 76' lang='lat' dir='ltr'>Virgini</span> 
     </span>
     <span class='ocr_line' id='line_1_12' title="bbox 372 739 652 771; baseline -0.007 0"><span class='ocrx_word' id='word_1_56' title='bbox 372 739 600 771; x_wconf 85' lang='lat' dir='ltr'>Immaculatae</span> <span class='ocrx_word' id='word_1_57' title='bbox 622 749 652 769; x_wconf 76' lang='lat'>».</span> 
     </span>
    </p>

    <p class='ocr_par' dir='ltr' id='par_1_5' title="bbox 372 787 1113 2565">
     <span class='ocr_line' id='line_1_13' title="bbox 415 787 1106 834; baseline -0.006 -11"><span class='ocrx_word' id='word_1_58' title='bbox 415 792 430 834; x_wconf 61' lang='grc' dir='ltr'>ξ)</span> <span class='ocrx_word' id='word_1_59' title='bbox 454 791 485 823; x_wconf 73' lang='lat'>⁶2.</span> <span class='ocrx_word' id='word_1_60' title='bbox 512 791 588 822; x_wconf 88' lang='lat' dir='ltr'>Cum</span> <span class='ocrx_word' id='word_1_61' title='bbox 613 795 731 829; x_wconf 84' lang='lat' dir='ltr'>autem,</span> <span class='ocrx_word' id='word_1_62' title='bbox 751 789 832 821; x_wconf 90' lang='lat' dir='ltr'>sicut</span> <span class='ocrx_word' id='word_1_63' title='bbox 857 789 968 821; x_wconf 88' lang='lat' dir='ltr'>eadem</span> <span class='ocrx_word' id='word_1_64' title='bbox 982 787 1106 830; x_wconf 76' lang='lat' dir='ltr'>exposi-</span> 
     </span>
     <span class='ocr_line' id='line_1_14' title="bbox 373 842 1106 885; baseline -0.005 -9"><span class='ocrx_word' id='word_1_65' title='bbox 373 845 416 877; x_wconf 86' lang='lat' dir='ltr'>tio</span> <span class='ocrx_word' id='word_1_66' title='bbox 442 844 665 885; x_wconf 83' lang='lat' dir='ltr'>subiungebat,</span> <span class='ocrx_word' id='word_1_67' title='bbox 692 842 825 885; x_wconf 84' lang='lat' dir='ltr'>praefati</span> <span class='ocrx_word' id='word_1_68' title='bbox 844 846 1042 884; x_wconf 81' lang='lat' dir='ltr'>exponentes</span> <span class='ocrx_word' id='word_1_69' title='bbox 1060 851 1106 873; x_wconf 85' lang='lat' dir='ltr'>ca-</span> 
     </span>
     <span class='ocr_line' id='line_1_15' title="bbox 373 892 1106 940; baseline -0.008 -11"><span class='ocrx_word' id='word_1_70' title='bbox 373 897 474 940; x_wconf 86' lang='lat' dir='ltr'>pitula</span> <span class='ocrx_word' id='word_1_71' title='bbox 498 896 699 939; x_wconf 80' lang='lat' dir='ltr'>praeinserta</span> <span class='ocrx_word' id='word_1_72' title='bbox 723 894 916 937; x_wconf 80' lang='lat' dir='ltr'>apostolicae</span> <span class='ocrx_word' id='word_1_73' title='bbox 940 892 1106 925; x_wconf 75' lang='lat' dir='ltr'>confirma-</span> 
     </span>
     <span class='ocr_line' id='line_1_16' title="bbox 374 944 1106 989; baseline -0.008 -8"><span class='ocrx_word' id='word_1_74' title='bbox 374 949 469 981; x_wconf 84' lang='lat' dir='ltr'>tionis</span> <span class='ocrx_word' id='word_1_75' title='bbox 495 953 623 980; x_wconf 83' lang='lat' dir='ltr'>nostrae</span> <span class='ocrx_word' id='word_1_76' title='bbox 648 946 826 989; x_wconf 86' lang='lat' dir='ltr'>patrocinio</span> <span class='ocrx_word' id='word_1_77' title='bbox 852 944 1051 984; x_wconf 87' lang='lat' dir='ltr'>communiri,</span> <span class='ocrx_word' id='word_1_78' title='bbox 1070 954 1106 976; x_wconf 89' lang='lat' dir='ltr'>ac</span> 
     </span>
     <span class='ocr_line' id='line_1_17' title="bbox 373 997 1106 1044; baseline -0.01 -10"><span class='ocrx_word' id='word_1_79' title='bbox 373 1002 512 1044; x_wconf 80' lang='lat' dir='ltr'>aliquem</span> <span class='ocrx_word' id='word_1_80' title='bbox 538 1001 665 1032; x_wconf 74' lang='lat' dir='ltr'>fratrem</span> <span class='ocrx_word' id='word_1_81' title='bbox 683 999 757 1031; x_wconf 85' lang='lat' dir='ltr'>dicti</span> <span class='ocrx_word' id='word_1_82' title='bbox 778 998 914 1037; x_wconf 80' lang='lat' dir='ltr'>Ordinis,</span> <span class='ocrx_word' id='word_1_83' title='bbox 936 997 1058 1029; x_wconf 89' lang='lat' dir='ltr'>meritis</span> <span class='ocrx_word' id='word_1_84' title='bbox 1075 1001 1106 1028; x_wconf 81' lang='lat' dir='ltr'>et</span> 
     </span>
     <span class='ocr_line' id='line_1_18' title="bbox 373 1048 1106 1094; baseline -0.01 -8"><span class='ocrx_word' id='word_1_85' title='bbox 373 1053 546 1086; x_wconf 70' lang='lat' dir='ltr'>idoneitate</span> <span class='ocrx_word' id='word_1_86' title='bbox 572 1052 761 1094; x_wconf 84' lang='lat' dir='ltr'>praeditum,</span> <span class='ocrx_word' id='word_1_87' title='bbox 784 1060 854 1081; x_wconf 76' lang='grc'>111111</span> <span class='ocrx_word' id='word_1_88' title='bbox 879 1049 983 1091; x_wconf 77' lang='lat' dir='ltr'>ampla</span> <span class='ocrx_word' id='word_1_89' title='bbox 1008 1048 1106 1080; x_wconf 84' lang='lat' dir='ltr'>sacul-</span> 
     </span>
     <span class='ocr_line' id='line_1_19' title="bbox 372 1100 1105 1147; baseline -0.01 -9"><span class='ocrx_word' id='word_1_90' title='bbox 372 1112 435 1138; x_wconf 83' lang='lat' dir='ltr'>tate</span> <span class='ocrx_word' id='word_1_91' title='bbox 449 1104 595 1147; x_wconf 85' lang='lat' dir='ltr'>capiendi</span> <span class='ocrx_word' id='word_1_92' title='bbox 611 1102 843 1146; x_wconf 83' lang='lat' dir='ltr'>possessionem</span> <span class='ocrx_word' id='word_1_93' title='bbox 857 1100 1022 1133; x_wconf 87' lang='lat' dir='ltr'>memorati</span> <span class='ocrx_word' id='word_1_94' title='bbox 1036 1110 1105 1132; x_wconf 87' lang='lat' dir='ltr'>con-</span> 
     </span>
     <span class='ocr_line' id='line_1_20' title="bbox 372 1153 1104 1197; baseline -0.01 -7"><span class='ocrx_word' id='word_1_95' title='bbox 372 1163 482 1191; x_wconf 89' lang='lat' dir='ltr'>ventus</span> <span class='ocrx_word' id='word_1_96' title='bbox 508 1156 635 1189; x_wconf 86' lang='lat' dir='ltr'>nomine</span> <span class='ocrx_word' id='word_1_97' title='bbox 661 1155 762 1188; x_wconf 88' lang='lat' dir='ltr'>dictae</span> <span class='ocrx_word' id='word_1_98' title='bbox 788 1153 968 1197; x_wconf 85' lang='lat' dir='ltr'>provinciae</span> <span class='ocrx_word' id='word_1_99' title='bbox 986 1153 1104 1189; x_wconf 72' lang='lat' dir='ltr'>ltaliae,</span> 
     </span>
     <span class='ocr_line' id='line_1_21' title="bbox 373 1206 1106 1250; baseline -0.008 -7"><span class='ocrx_word' id='word_1_100' title='bbox 373 1217 405 1243; x_wconf 87' lang='lat' dir='ltr'>et</span> <span class='ocrx_word' id='word_1_101' title='bbox 428 1209 644 1243; x_wconf 73' lang='lat' dir='ltr'>obedientiam</span> <span class='ocrx_word' id='word_1_102' title='bbox 674 1209 852 1250; x_wconf 74' lang='lat' dir='ltr'>regularem</span> <span class='ocrx_word' id='word_1_103' title='bbox 877 1206 910 1238; x_wconf 91' lang='lat' dir='ltr'>in</span> <span class='ocrx_word' id='word_1_104' title='bbox 934 1206 990 1239; x_wconf 90' lang='lat' dir='ltr'>illo</span> <span class='ocrx_word' id='word_1_105' title='bbox 1015 1206 1106 1238; x_wconf 86' lang='lat' dir='ltr'>resti-</span> 
     </span>
     <span class='ocr_line' id='line_1_22' title="bbox 374 1258 1107 1302; baseline -0.008 -6"><span class='ocrx_word' id='word_1_106' title='bbox 374 1263 493 1302; x_wconf 89' lang='lat' dir='ltr'>tuendi⁷</span> <span class='ocrx_word' id='word_1_107' title='bbox 519 1271 644 1294; x_wconf 78' lang='lat' dir='ltr'>necnon</span> <span class='ocrx_word' id='word_1_108' title='bbox 662 1270 771 1293; x_wconf 86' lang='lat' dir='ltr'>omnes</span> <span class='ocrx_word' id='word_1_109' title='bbox 789 1260 900 1291; x_wconf 80' lang='lat' dir='ltr'>fratres</span> <span class='ocrx_word' id='word_1_110' title='bbox 919 1258 1107 1301; x_wconf 81' lang='lat' dir='ltr'>delinquen-</span> 
     </span>
     <span class='ocr_line' id='line_1_23' title="bbox 374 1310 1106 1355; baseline -0.01 -7"><span class='ocrx_word' id='word_1_111' title='bbox 374 1321 421 1348; x_wconf 85' lang='lat' dir='ltr'>tes</span> <span class='ocrx_word' id='word_1_112' title='bbox 439 1326 455 1346; x_wconf 86' lang='lat' dir='ltr'>a</span> <span class='ocrx_word' id='word_1_113' title='bbox 469 1314 611 1347; x_wconf 78' lang='lat' dir='ltr'>censuris</span> <span class='ocrx_word' id='word_1_114' title='bbox 630 1319 661 1344; x_wconf 82' lang='lat' dir='ltr'>et</span> <span class='ocrx_word' id='word_1_115' title='bbox 678 1312 789 1355; x_wconf 85' lang='lat' dir='ltr'>poenis</span> <span class='ocrx_word' id='word_1_116' title='bbox 810 1310 1031 1343; x_wconf 85' lang='lat' dir='ltr'>ecclesiasticis</span> <span class='ocrx_word' id='word_1_117' title='bbox 1049 1321 1106 1353; x_wconf 87' lang='lat' dir='ltr'>per</span> 
     </span>
     <span class='ocr_line' id='line_1_24' title="bbox 375 1362 1104 1409; baseline -0.01 -9"><span class='ocrx_word' id='word_1_118' title='bbox 375 1378 429 1401; x_wconf 83' lang='lat' dir='ltr'>eos</span> <span class='ocrx_word' id='word_1_119' title='bbox 460 1372 494 1399; x_wconf 87' lang='lat' dir='ltr'>ut</span> <span class='ocrx_word' id='word_1_120' title='bbox 525 1366 703 1409; x_wconf 74' lang='lat' dir='ltr'>praefertur</span> <span class='ocrx_word' id='word_1_121' title='bbox 735 1364 869 1396; x_wconf 76' lang='lat' dir='ltr'>incursis</span> <span class='ocrx_word' id='word_1_122' title='bbox 902 1362 1104 1402; x_wconf 75' lang='lat' dir='ltr'>absolvendi⁷</span> 
     </span>
     <span class='ocr_line' id='line_1_25' title="bbox 375 1416 1106 1463; baseline -0.008 -10"><span class='ocrx_word' id='word_1_123' title='bbox 375 1430 492 1463; x_wconf 89' lang='lat' dir='ltr'>eosque</span> <span class='ocrx_word' id='word_1_124' title='bbox 511 1420 549 1451; x_wconf 83' lang='lat' dir='ltr'>ad</span> <span class='ocrx_word' id='word_1_125' title='bbox 575 1418 759 1451; x_wconf 73' lang='lat' dir='ltr'>exercitium</span> <span class='ocrx_word' id='word_1_126' title='bbox 780 1427 940 1449; x_wconf 85' lang='lat' dir='ltr'>sacrorum</span> <span class='ocrx_word' id='word_1_127' title='bbox 958 1416 1106 1447; x_wconf 85' lang='lat' dir='ltr'>ordinum</span> 
     </span>
     <span class='ocr_line' id='line_1_26' title="bbox 375 1470 1107 1512; baseline -0.007 -6"><span class='ocrx_word' id='word_1_128' title='bbox 375 1472 612 1511; x_wconf 67' lang='lat' dir='ltr'>rehabilitandi,</span> <span class='ocrx_word' id='word_1_129' title='bbox 632 1483 667 1503; x_wconf 87' lang='lat' dir='ltr'>ac</span> <span class='ocrx_word' id='word_1_130' title='bbox 683 1481 793 1503; x_wconf 89' lang='lat' dir='ltr'>omnes</span> <span class='ocrx_word' id='word_1_131' title='bbox 815 1475 846 1502; x_wconf 92' lang='lat' dir='ltr'>et</span> <span class='ocrx_word' id='word_1_132' title='bbox 867 1470 1009 1511; x_wconf 80' lang='lat' dir='ltr'>singulos</span> <span class='ocrx_word' id='word_1_133' title='bbox 1034 1480 1107 1512; x_wconf 86' lang='lat' dir='ltr'>pro-</span> 
     </span>
     <span class='ocr_line' id='line_1_27' title="bbox 376 1523 1108 1568; baseline -0.004 -10"><span class='ocrx_word' id='word_1_134' title='bbox 376 1537 482 1559; x_wconf 79' lang='lat' dir='ltr'>cessus</span> <span class='ocrx_word' id='word_1_135' title='bbox 517 1525 763 1568; x_wconf 77' lang='lat' dir='ltr'>praemissorum</span> <span class='ocrx_word' id='word_1_136' title='bbox 799 1523 964 1555; x_wconf 83' lang='lat' dir='ltr'>occasione</span> <span class='ocrx_word' id='word_1_137' title='bbox 991 1533 1007 1554; x_wconf 87' lang='lat' dir='ltr'>a</span> <span class='ocrx_word' id='word_1_138' title='bbox 1032 1533 1108 1565; x_wconf 90' lang='lat' dir='ltr'>quo-</span> 
     </span>
     <span class='ocr_line' id='line_1_28' title="bbox 376 1575 1108 1621; baseline -0.008 -9"><span class='ocrx_word' id='word_1_139' title='bbox 376 1589 510 1621; x_wconf 85' lang='lat' dir='ltr'>cumque</span> <span class='ocrx_word' id='word_1_140' title='bbox 542 1577 644 1609; x_wconf 64' lang='lat' dir='ltr'>iudice¹</span> <span class='ocrx_word' id='word_1_141' title='bbox 676 1576 792 1608; x_wconf 85' lang='lat' dir='ltr'>abinde</span> <span class='ocrx_word' id='word_1_142' title='bbox 822 1575 926 1607; x_wconf 79' lang='lat' dir='ltr'>cxtra¹</span> <span class='ocrx_word' id='word_1_143' title='bbox 956 1575 1052 1607; x_wconf 83' lang='lat' dir='ltr'>factos</span> <span class='ocrx_word' id='word_1_144' title='bbox 1078 1579 1108 1607; x_wconf 91' lang='lat' dir='ltr'>et</span> 
     </span>
     <span class='ocr_line' id='line_1_29' title="bbox 376 1628 1107 1670; baseline -0.008 -5"><span class='ocrx_word' id='word_1_145' title='bbox 376 1632 526 1665; x_wconf 84' lang='lat' dir='ltr'>formatos</span> <span class='ocrx_word' id='word_1_146' title='bbox 545 1629 688 1663; x_wconf 84' lang='lat' dir='ltr'>cassandi</span> <span class='ocrx_word' id='word_1_147' title='bbox 706 1634 737 1661; x_wconf 87' lang='lat' dir='ltr'>et</span> <span class='ocrx_word' id='word_1_148' title='bbox 754 1628 914 1668; x_wconf 80' lang='lat' dir='ltr'>abolendi,</span> <span class='ocrx_word' id='word_1_149' title='bbox 933 1638 1107 1670; x_wconf 86' lang='lat' dir='ltr'>omnesque</span> 
     </span>
     <span class='ocr_line' id='line_1_30' title="bbox 377 1681 1109 1726; baseline -0.004 -10"><span class='ocrx_word' id='word_1_150' title='bbox 377 1685 489 1716; x_wconf 82' lang='lat' dir='ltr'>fratres</span> <span class='ocrx_word' id='word_1_151' title='bbox 513 1683 671 1726; x_wconf 79' lang='lat' dir='ltr'>praefatos</span> <span class='ocrx_word' id='word_1_152' title='bbox 697 1683 844 1714; x_wconf 83' lang='lat' dir='ltr'>adversus</span> <span class='ocrx_word' id='word_1_153' title='bbox 866 1681 980 1713; x_wconf 81' lang='lat' dir='ltr'>delicta</span> <span class='ocrx_word' id='word_1_154' title='bbox 1002 1681 1109 1713; x_wconf 84' lang='lat' dir='ltr'>huius-</span> 
     </span>
     <span class='ocr_line' id='line_1_31' title="bbox 377 1733 1108 1778; baseline -0.005 -9"><span class='ocrx_word' id='word_1_155' title='bbox 377 1736 462 1769; x_wconf 88' lang='lat' dir='ltr'>modi</span> <span class='ocrx_word' id='word_1_156' title='bbox 499 1736 662 1778; x_wconf 86' lang='lat' dir='ltr'>hucusque</span> <span class='ocrx_word' id='word_1_157' title='bbox 701 1735 836 1767; x_wconf 89' lang='lat' dir='ltr'>adducta</span> <span class='ocrx_word' id='word_1_158' title='bbox 871 1734 903 1765; x_wconf 92' lang='lat' dir='ltr'>in</span> <span class='ocrx_word' id='word_1_159' title='bbox 939 1733 1108 1776; x_wconf 85' lang='lat' dir='ltr'>pristinum</span> 
     </span>
     <span class='ocr_line' id='line_1_32' title="bbox 378 1787 1109 1839; baseline -0.004 -18"><span class='ocrx_word' id='word_1_160' title='bbox 378 1794 493 1822; x_wconf 86' lang='lat' dir='ltr'>statum</span> <span class='ocrx_word' id='word_1_161' title='bbox 516 1788 704 1831; x_wconf 83' lang='lat' dir='ltr'>reponendi,</span> <span class='ocrx_word' id='word_1_162' title='bbox 731 1798 766 1819; x_wconf 90' lang='lat' dir='ltr'>ac</span> <span class='ocrx_word' id='word_1_163' title='bbox 790 1798 862 1839; x_wconf 51' lang='lat' dir='ltr'>engi</span> <span class='ocrx_word' id='word_1_164' title='bbox 886 1787 1034 1819; x_wconf 70' lang='lat' dir='ltr'>facultate</span> <span class='ocrx_word' id='word_1_165' title='bbox 1060 1787 1109 1818; x_wconf 87' lang='lat' dir='ltr'>de-</span> 
     </span>
     <span class='ocr_line' id='line_1_33' title="bbox 378 1840 1108 1885; baseline -0.001 -12"><span class='ocrx_word' id='word_1_166' title='bbox 378 1841 518 1875; x_wconf 86' lang='lat' dir='ltr'>finitorio</span> <span class='ocrx_word' id='word_1_167' title='bbox 543 1842 671 1885; x_wconf 79' lang='lat' dir='ltr'>capituli</span> <span class='ocrx_word' id='word_1_168' title='bbox 690 1840 891 1884; x_wconf 87' lang='lat' dir='ltr'>provincialis</span> <span class='ocrx_word' id='word_1_169' title='bbox 908 1845 1108 1883; x_wconf 84' lang='lat' dir='ltr'>competente</span> 
     </span>
     <span class='ocr_line' id='line_1_34' title="bbox 378 1892 1110 1934; baseline -0.003 -8"><span class='ocrx_word' id='word_1_170' title='bbox 378 1894 582 1934; x_wconf 80' lang='lat' dir='ltr'>nominandi⁷</span> <span class='ocrx_word' id='word_1_171' title='bbox 609 1895 693 1926; x_wconf 76' lang='lat' dir='ltr'>iuxta</span> <span class='ocrx_word' id='word_1_172' title='bbox 718 1893 958 1926; x_wconf 76' lang='lat' dir='ltr'>constitutiones</span> <span class='ocrx_word' id='word_1_173' title='bbox 982 1892 1110 1925; x_wconf 88' lang='lat' dir='ltr'>Ordinis</span> 
     </span>
     <span class='ocr_line' id='line_1_35' title="bbox 379 1945 1110 1990; baseline -0.004 -11"><span class='ocrx_word' id='word_1_174' title='bbox 379 1952 410 1979; x_wconf 90' lang='lat' dir='ltr'>et</span> <span class='ocrx_word' id='word_1_175' title='bbox 426 1948 563 1990; x_wconf 83' lang='lat' dir='ltr'>capitula</span> <span class='ocrx_word' id='word_1_176' title='bbox 578 1947 784 1990; x_wconf 85' lang='lat' dir='ltr'>praeinserta,</span> <span class='ocrx_word' id='word_1_177' title='bbox 801 1956 911 1978; x_wconf 90' lang='lat' dir='ltr'>omnes</span> <span class='ocrx_word' id='word_1_178' title='bbox 925 1950 956 1977; x_wconf 89' lang='lat' dir='ltr'>et</span> <span class='ocrx_word' id='word_1_179' title='bbox 967 1945 1110 1987; x_wconf 82' lang='lat' dir='ltr'>singulos</span> 
     </span>
     <span class='ocr_line' id='line_1_36' title="bbox 379 1999 1111 2042; baseline -0.001 -10"><span class='ocrx_word' id='word_1_180' title='bbox 379 2000 559 2042; x_wconf 87' lang='lat' dir='ltr'>superiores</span> <span class='ocrx_word' id='word_1_181' title='bbox 585 2001 701 2032; x_wconf 80' lang='lat' dir='ltr'>locales</span> <span class='ocrx_word' id='word_1_182' title='bbox 726 2010 761 2031; x_wconf 86' lang='lat' dir='ltr'>ac</span> <span class='ocrx_word' id='word_1_183' title='bbox 785 1999 944 2039; x_wconf 81' lang='lat' dir='ltr'>officiales,</span> <span class='ocrx_word' id='word_1_184' title='bbox 970 2003 1001 2030; x_wconf 89' lang='lat' dir='ltr'>et</span> <span class='ocrx_word' id='word_1_185' title='bbox 1025 2009 1111 2031; x_wconf 89' lang='lat' dir='ltr'>amo-</span> 
     </span>
     <span class='ocr_line' id='line_1_37' title="bbox 379 2052 1112 2094; baseline 0 -11"><span class='ocrx_word' id='word_1_186' title='bbox 379 2053 473 2085; x_wconf 88' lang='lat' dir='ltr'>vendi</span> <span class='ocrx_word' id='word_1_187' title='bbox 501 2063 714 2094; x_wconf 86' lang='lat' dir='ltr'>quoscumque</span> <span class='ocrx_word' id='word_1_188' title='bbox 739 2052 906 2094; x_wconf 80' lang='lat' dir='ltr'>religiosos</span> <span class='ocrx_word' id='word_1_189' title='bbox 931 2062 948 2083; x_wconf 91' lang='lat' dir='ltr'>a</span> <span class='ocrx_word' id='word_1_190' title='bbox 976 2062 1112 2084; x_wconf 82' lang='lat' dir='ltr'>conven-</span> 
     </span>
     <span class='ocr_line' id='line_1_38' title="bbox 380 2102 1112 2147; baseline 0 -12"><span class='ocrx_word' id='word_1_191' title='bbox 380 2105 464 2136; x_wconf 87' lang='lat' dir='ltr'>tibus</span> <span class='ocrx_word' id='word_1_192' title='bbox 489 2105 592 2137; x_wconf 85' lang='lat' dir='ltr'>dictae</span> <span class='ocrx_word' id='word_1_193' title='bbox 626 2105 805 2147; x_wconf 87' lang='lat' dir='ltr'>provinciae</span> <span class='ocrx_word' id='word_1_194' title='bbox 830 2104 936 2137; x_wconf 84' lang='lat' dir='ltr'>Italiac</span> <span class='ocrx_word' id='word_1_195' title='bbox 969 2104 1007 2135; x_wconf 89' lang='lat' dir='ltr'>ad</span> <span class='ocrx_word' id='word_1_196' title='bbox 1040 2102 1112 2135; x_wconf 67' lang='grc'>0110-</span> 
     </span>
     <span class='ocr_line' id='line_1_39' title="bbox 379 2155 1110 2198; baseline -0.003 -9"><span class='ocrx_word' id='word_1_197' title='bbox 379 2161 464 2189; x_wconf 87' lang='lat' dir='ltr'>ctum</span> <span class='ocrx_word' id='word_1_198' title='bbox 489 2157 644 2189; x_wconf 81' lang='lat' dir='ltr'>formandi</span> <span class='ocrx_word' id='word_1_199' title='bbox 671 2156 820 2188; x_wconf 79' lang='lat' dir='ltr'>l&#39;amiliam</span> <span class='ocrx_word' id='word_1_200' title='bbox 845 2157 1058 2198; x_wconf 80' lang='lat' dir='ltr'>exemplarem</span> <span class='ocrx_word' id='word_1_201' title='bbox 1079 2155 1110 2187; x_wconf 93' lang='lat' dir='ltr'>in</span> 
     </span>
     <span class='ocr_line' id='line_1_40' title="bbox 381 2208 1112 2251; baseline -0.003 -10"><span class='ocrx_word' id='word_1_202' title='bbox 381 2209 466 2241; x_wconf 88' lang='lat' dir='ltr'>dicto</span> <span class='ocrx_word' id='word_1_203' title='bbox 492 2214 647 2241; x_wconf 83' lang='lat' dir='ltr'>conventu</span> <span class='ocrx_word' id='word_1_204' title='bbox 665 2208 883 2251; x_wconf 74' lang='lat' dir='ltr'>Neapolitano,</span> <span class='ocrx_word' id='word_1_205' title='bbox 899 2219 1023 2241; x_wconf 83' lang='lat' dir='ltr'>necnon</span> <span class='ocrx_word' id='word_1_206' title='bbox 1037 2218 1112 2240; x_wconf 87' lang='lat' dir='ltr'>con-</span> 
     </span>
     <span class='ocr_line' id='line_1_41' title="bbox 380 2260 1113 2304; baseline -0.001 -10"><span class='ocrx_word' id='word_1_207' title='bbox 380 2267 469 2294; x_wconf 86' lang='lat' dir='ltr'>tenta</span> <span class='ocrx_word' id='word_1_208' title='bbox 494 2261 525 2293; x_wconf 92' lang='lat' dir='ltr'>in</span> <span class='ocrx_word' id='word_1_209' title='bbox 547 2261 692 2304; x_wconf 79' lang='lat' dir='ltr'>capitulis</span> <span class='ocrx_word' id='word_1_210' title='bbox 712 2261 917 2303; x_wconf 80' lang='lat' dir='ltr'>praeinsertis</span> <span class='ocrx_word' id='word_1_211' title='bbox 934 2260 1063 2303; x_wconf 81' lang='lat' dir='ltr'>pacifice</span> <span class='ocrx_word' id='word_1_212' title='bbox 1081 2265 1113 2293; x_wconf 85' lang='lat' dir='ltr'>et</span> 
     </span>
     <span class='ocr_line' id='line_1_42' title="bbox 381 2312 1111 2357; baseline 0 -12"><span class='ocrx_word' id='word_1_213' title='bbox 381 2315 487 2357; x_wconf 84' lang='lat' dir='ltr'>quiete</span> <span class='ocrx_word' id='word_1_214' title='bbox 502 2314 583 2345; x_wconf 85' lang='lat' dir='ltr'>intra</span> <span class='ocrx_word' id='word_1_215' title='bbox 598 2315 732 2345; x_wconf 81' lang='lat' dir='ltr'>claustra</span> <span class='ocrx_word' id='word_1_216' title='bbox 749 2312 940 2353; x_wconf 77' lang='lat' dir='ltr'>stabiliendi,</span> <span class='ocrx_word' id='word_1_217' title='bbox 955 2313 1111 2356; x_wconf 81' lang='lat' dir='ltr'>simulque</span> 
     </span>
     <span class='ocr_line' id='line_1_43' title="bbox 381 2365 1113 2408; baseline -0.003 -9"><span class='ocrx_word' id='word_1_218' title='bbox 381 2366 580 2399; x_wconf 80' lang='lat' dir='ltr'>occasionem</span> <span class='ocrx_word' id='word_1_219' title='bbox 594 2365 777 2397; x_wconf 86' lang='lat' dir='ltr'>ulteriorem</span> <span class='ocrx_word' id='word_1_220' title='bbox 790 2366 1011 2398; x_wconf 84' lang='lat' dir='ltr'>scandalorum</span> <span class='ocrx_word' id='word_1_221' title='bbox 1023 2376 1113 2408; x_wconf 87' lang='lat' dir='ltr'>prae-</span> 
     </span>
     <span class='ocr_line' id='line_1_44' title="bbox 382 2417 1112 2460; baseline -0.003 -9"><span class='ocrx_word' id='word_1_222' title='bbox 382 2418 519 2457; x_wconf 89' lang='lat' dir='ltr'>cidendi,</span> <span class='ocrx_word' id='word_1_223' title='bbox 547 2428 719 2460; x_wconf 88' lang='lat' dir='ltr'>pacemque</span> <span class='ocrx_word' id='word_1_224' title='bbox 737 2423 768 2449; x_wconf 90' lang='lat' dir='ltr'>et</span> <span class='ocrx_word' id='word_1_225' title='bbox 784 2417 961 2450; x_wconf 83' lang='lat' dir='ltr'>animorum</span> <span class='ocrx_word' id='word_1_226' title='bbox 986 2428 1112 2450; x_wconf 87' lang='lat' dir='ltr'>concor-</span> 
     </span>
     <span class='ocr_line' id='line_1_45' title="bbox 382 2469 1112 2512; baseline -0.003 -9"><span class='ocrx_word' id='word_1_227' title='bbox 382 2471 466 2504; x_wconf 88' lang='lat' dir='ltr'>diam</span> <span class='ocrx_word' id='word_1_228' title='bbox 492 2469 574 2502; x_wconf 84' lang='lat' dir='ltr'>inter</span> <span class='ocrx_word' id='word_1_229' title='bbox 598 2474 790 2501; x_wconf 86' lang='lat' dir='ltr'>memoratos</span> <span class='ocrx_word' id='word_1_230' title='bbox 821 2470 931 2501; x_wconf 81' lang='lat' dir='ltr'>fratres</span> <span class='ocrx_word' id='word_1_231' title='bbox 955 2470 1112 2512; x_wconf 85' lang='lat' dir='ltr'>Hispanos</span> 
     </span>
     <span class='ocr_line' id='line_1_46' title="bbox 382 2522 1113 2565; baseline -0.004 -9"><span class='ocrx_word' id='word_1_232' title='bbox 382 2529 413 2557; x_wconf 86' lang='lat' dir='ltr'>et</span> <span class='ocrx_word' id='word_1_233' title='bbox 437 2524 539 2562; x_wconf 68' lang='lat' dir='ltr'>Italos,</span> <span class='ocrx_word' id='word_1_234' title='bbox 564 2528 598 2554; x_wconf 91' lang='lat' dir='ltr'>ut</span> <span class='ocrx_word' id='word_1_235' title='bbox 622 2522 681 2565; x_wconf 85' lang='lat' dir='ltr'>ipsi</span> <span class='ocrx_word' id='word_1_236' title='bbox 709 2524 772 2553; x_wconf 79' lang='grc'>111111</span> <span class='ocrx_word' id='word_1_237' title='bbox 798 2523 990 2554; x_wconf 76' lang='lat' dir='ltr'>conscientia</span> <span class='ocrx_word' id='word_1_238' title='bbox 1021 2522 1055 2554; x_wconf 91' lang='lat' dir='ltr'>in</span> <span class='ocrx_word' id='word_1_239' title='bbox 1079 2533 1113 2553; x_wconf 90' lang='lat' dir='ltr'>u-</span> 
     </span>
    </p>
   </div>
   <div class='ocr_carea' id='block_1_4' title="bbox 418 2583 1074 2618">
    <p class='ocr_par' dir='ltr' id='par_1_6' title="bbox 418 2583 1074 2618">
     <span class='ocr_line' id='line_1_47' title="bbox 418 2583 1074 2618; baseline -0.002 -8"><span class='ocrx_word' id='word_1_240' title='bbox 418 2586 429 2611; x_wconf 90' lang='lat'>1</span> <span class='ocrx_word' id='word_1_241' title='bbox 448 2584 556 2610; x_wconf 72' lang='lat' dir='ltr'>videtur</span> <span class='ocrx_word' id='word_1_242' title='bbox 571 2583 714 2618; x_wconf 83' lang='lat' dir='ltr'>legendum</span> <span class='ocrx_word' id='word_1_243' title='bbox 729 2584 804 2611; x_wconf 76' lang='lat' dir='ltr'>citra</span> <span class='ocrx_word' id='word_1_244' title='bbox 820 2590 866 2618; x_wconf 84' lang='lat' dir='ltr'>pro</span> <span class='ocrx_word' id='word_1_245' title='bbox 881 2585 964 2610; x_wconf 66' lang='lat' dir='ltr'>eastra</span> <span class='ocrx_word' id='word_1_246' title='bbox 981 2584 1016 2618; x_wconf 78' lang='lat' dir='ltr'>(u.</span> <span class='ocrx_word' id='word_1_247' title='bbox 1027 2583 1074 2618; x_wconf 81' lang='grc' dir='ltr'><strong><em>τ.).</em></strong></span> 
     </span>
    </p>
   </div>
   <div class='ocr_carea' id='block_1_5' title="bbox 1119 273 1127 886">
    <p class='ocr_par' dir='ltr' id='par_1_7' title="bbox 1119 273 1127 886">
     <span class='ocr_line' id='line_1_48' title="bbox 1119 273 1127 886; baseline 0 0"><span class='ocrx_word' id='word_1_248' title='bbox 1119 273 1127 886; x_wconf 95' lang='lat' dir='ltr'> </span> 
     </span>
    </p>
   </div>
   <div class='ocr_carea' id='block_1_6' title="bbox 1119 273 1130 1665">
    <p class='ocr_par' dir='ltr' id='par_1_8' title="bbox 1119 273 1130 1665">
     <span class='ocr_line' id='line_1_49' title="bbox 1119 273 1130 1665; baseline 0 0"><span class='ocrx_word' id='word_1_249' title='bbox 1119 273 1130 1665; x_wconf 95' lang='lat' dir='ltr'> </span> 
     </span>
    </p>
   </div>
   <div class='ocr_carea' id='block_1_7' title="bbox 1120 273 1131 2195">
    <p class='ocr_par' dir='ltr' id='par_1_9' title="bbox 1120 273 1131 2195">
     <span class='ocr_line' id='line_1_50' title="bbox 1120 273 1131 2195; baseline 0 0"><span class='ocrx_word' id='word_1_250' title='bbox 1120 273 1131 2195; x_wconf 95' lang='lat' dir='ltr'> </span> 
     </span>
    </p>
   </div>
   <div class='ocr_carea' id='block_1_8' title="bbox 951 211 1305 238">
    <p class='ocr_par' dir='ltr' id='par_1_10' title="bbox 951 211 1305 238">
     <span class='ocr_line' id='line_1_51' title="bbox 951 211 1305 238; baseline -0.006 0"><span class='ocrx_word' id='word_1_251' title='bbox 951 213 1130 238; x_wconf 71' lang='lat' dir='ltr'>BULLARIUM</span> <span class='ocrx_word' id='word_1_252' title='bbox 1153 211 1305 236; x_wconf 67' lang='lat' dir='ltr'>ROMANUM</span> 
     </span>
    </p>
   </div>
   <div class='ocr_carea' id='block_1_9' title="bbox 1139 257 1881 2620">
    <p class='ocr_par' dir='ltr' id='par_1_11' title="bbox 1139 257 1874 711">
     <span class='ocr_line' id='line_1_52' title="bbox 1144 257 1873 301; baseline -0.004 -10"><span class='ocrx_word' id='word_1_253' title='bbox 1144 264 1254 301; x_wconf 87' lang='lat' dir='ltr'>troque</span> <span class='ocrx_word' id='word_1_254' title='bbox 1281 260 1347 291; x_wconf 86' lang='lat' dir='ltr'>soro</span> <span class='ocrx_word' id='word_1_255' title='bbox 1372 259 1436 291; x_wconf 90' lang='lat' dir='ltr'>Deo</span> <span class='ocrx_word' id='word_1_256' title='bbox 1461 262 1492 291; x_wconf 91' lang='lat' dir='ltr'>et</span> <span class='ocrx_word' id='word_1_257' title='bbox 1515 258 1661 301; x_wconf 84' lang='lat' dir='ltr'>religioni</span> <span class='ocrx_word' id='word_1_258' title='bbox 1687 257 1803 291; x_wconf 89' lang='lat' dir='ltr'>servire</span> <span class='ocrx_word' id='word_1_259' title='bbox 1827 266 1873 289; x_wconf 93' lang='lat' dir='ltr'>va-</span> 
     </span>
     <span class='ocr_line' id='line_1_53' title="bbox 1142 311 1874 354; baseline -0.003 -11"><span class='ocrx_word' id='word_1_260' title='bbox 1142 312 1248 351; x_wconf 88' lang='lat' dir='ltr'>leant,</span> <span class='ocrx_word' id='word_1_261' title='bbox 1282 311 1522 353; x_wconf 83' lang='lat' dir='ltr'>reintegrandi,</span> <span class='ocrx_word' id='word_1_262' title='bbox 1558 315 1747 354; x_wconf 87' lang='lat' dir='ltr'>perpetuum</span> <span class='ocrx_word' id='word_1_263' title='bbox 1779 319 1874 352; x_wconf 89' lang='lat' dir='ltr'>super</span> 
     </span>
     <span class='ocr_line' id='line_1_54' title="bbox 1141 362 1874 406; baseline -0.003 -10"><span class='ocrx_word' id='word_1_264' title='bbox 1141 363 1322 406; x_wconf 79' lang='lat' dir='ltr'>praemissis</span> <span class='ocrx_word' id='word_1_265' title='bbox 1343 363 1505 396; x_wconf 89' lang='lat' dir='ltr'>silentium</span> <span class='ocrx_word' id='word_1_266' title='bbox 1521 363 1726 406; x_wconf 89' lang='lat' dir='ltr'>imponendo,</span> <span class='ocrx_word' id='word_1_267' title='bbox 1744 372 1762 394; x_wconf 85' lang='lat' dir='ltr'>a</span> <span class='ocrx_word' id='word_1_268' title='bbox 1780 362 1874 395; x_wconf 88' lang='lat' dir='ltr'>nobis</span> 
     </span>
     <span class='ocr_line' id='line_1_55' title="bbox 1141 414 1874 459; baseline -0.003 -11"><span class='ocrx_word' id='word_1_269' title='bbox 1141 416 1285 459; x_wconf 83' lang='lat' dir='ltr'>deputari</span> <span class='ocrx_word' id='word_1_270' title='bbox 1311 426 1512 459; x_wconf 86' lang='lat' dir='ltr'>summopere</span> <span class='ocrx_word' id='word_1_271' title='bbox 1544 414 1746 448; x_wconf 85' lang='lat' dir='ltr'>desiderent:</span> <span class='ocrx_word' id='word_1_272' title='bbox 1780 414 1874 448; x_wconf 89' lang='lat' dir='ltr'>nobis</span> 
     </span>
     <span class='ocr_line' id='line_1_56' title="bbox 1140 466 1874 512; baseline -0.004 -11"><span class='ocrx_word' id='word_1_273' title='bbox 1140 473 1310 512; x_wconf 89' lang='lat' dir='ltr'>propterea</span> <span class='ocrx_word' id='word_1_274' title='bbox 1324 468 1397 501; x_wconf 86' lang='lat' dir='ltr'>dicti</span> <span class='ocrx_word' id='word_1_275' title='bbox 1417 472 1612 510; x_wconf 79' lang='lat' dir='ltr'>exponentes</span> <span class='ocrx_word' id='word_1_276' title='bbox 1629 466 1793 500; x_wconf 88' lang='lat' dir='ltr'>humiliter</span> <span class='ocrx_word' id='word_1_277' title='bbox 1806 477 1874 510; x_wconf 87' lang='lat' dir='ltr'>sup-</span> 
     </span>
     <span class='ocr_line' id='line_1_57' title="bbox 1141 518 1874 563; baseline -0.004 -10"><span class='ocrx_word' id='word_1_278' title='bbox 1141 521 1251 563; x_wconf 85' lang='lat' dir='ltr'>plicari</span> <span class='ocrx_word' id='word_1_279' title='bbox 1289 521 1430 553; x_wconf 78' lang='lat' dir='ltr'>fecerunt</span> <span class='ocrx_word' id='word_1_280' title='bbox 1462 524 1496 551; x_wconf 89' lang='lat' dir='ltr'>ut</span> <span class='ocrx_word' id='word_1_281' title='bbox 1530 519 1589 551; x_wconf 86' lang='lat' dir='ltr'>sibi</span> <span class='ocrx_word' id='word_1_282' title='bbox 1622 519 1655 551; x_wconf 90' lang='lat' dir='ltr'>in</span> <span class='ocrx_word' id='word_1_283' title='bbox 1691 518 1874 562; x_wconf 86' lang='lat' dir='ltr'>praemissis</span> 
     </span>
     <span class='ocr_line' id='line_1_58' title="bbox 1139 570 1865 616; baseline -0.001 -11"><span class='ocrx_word' id='word_1_284' title='bbox 1139 578 1318 616; x_wconf 88' lang='lat' dir='ltr'>opportune</span> <span class='ocrx_word' id='word_1_285' title='bbox 1343 572 1510 615; x_wconf 87' lang='lat' dir='ltr'>providere</span> <span class='ocrx_word' id='word_1_286' title='bbox 1535 576 1565 604; x_wconf 90' lang='lat' dir='ltr'>et</span> <span class='ocrx_word' id='word_1_287' title='bbox 1597 576 1631 603; x_wconf 89' lang='lat' dir='ltr'>ut</span> <span class='ocrx_word' id='word_1_288' title='bbox 1662 571 1745 603; x_wconf 81' lang='lat' dir='ltr'>infra</span> <span class='ocrx_word' id='word_1_289' title='bbox 1769 570 1865 604; x_wconf 77' lang='lat' dir='ltr'>indulv</span> 
     </span>
     <span class='ocr_line' id='line_1_59' title="bbox 1141 623 1874 668; baseline -0.004 -10"><span class='ocrx_word' id='word_1_290' title='bbox 1141 636 1214 668; x_wconf 83' lang='lat' dir='ltr'>gere</span> <span class='ocrx_word' id='word_1_291' title='bbox 1241 626 1278 658; x_wconf 91' lang='lat' dir='ltr'>de</span> <span class='ocrx_word' id='word_1_292' title='bbox 1303 624 1501 667; x_wconf 76' lang='lat' dir='ltr'>benignitate</span> <span class='ocrx_word' id='word_1_293' title='bbox 1528 623 1702 667; x_wconf 77' lang='lat' dir='ltr'>apostolica</span> <span class='ocrx_word' id='word_1_294' title='bbox 1727 623 1874 666; x_wconf 84' lang='lat' dir='ltr'>dignare-</span> 
     </span>
     <span class='ocr_line' id='line_1_60' title="bbox 1140 689 1220 711; baseline 0 -1"><span class='ocrx_word' id='word_1_295' title='bbox 1140 689 1220 711; x_wconf 86' lang='lat' dir='ltr'>mur.</span> 
     </span>
    </p>

    <p class='ocr_par' dir='ltr' id='par_1_12' title="bbox 1140 731 1880 2250">
     <span class='ocr_line' id='line_1_61' title="bbox 1184 731 1875 774; baseline -0.001 -10"><span class='ocrx_word' id='word_1_296' title='bbox 1184 732 1198 774; x_wconf 68' lang='lat'>‘3&#39;</span> <span class='ocrx_word' id='word_1_297' title='bbox 1219 731 1250 764; x_wconf 78' lang='lat'>3.</span> <span class='ocrx_word' id='word_1_298' title='bbox 1271 732 1333 764; x_wconf 86' lang='lat' dir='ltr'>Nos</span> <span class='ocrx_word' id='word_1_299' title='bbox 1351 732 1455 774; x_wconf 80' lang='lat' dir='ltr'>igitur,</span> <span class='ocrx_word' id='word_1_300' title='bbox 1477 732 1562 774; x_wconf 90' lang='lat' dir='ltr'>ipsos</span> <span class='ocrx_word' id='word_1_301' title='bbox 1582 735 1780 774; x_wconf 84' lang='lat' dir='ltr'>exponentes</span> <span class='ocrx_word' id='word_1_302' title='bbox 1800 741 1875 774; x_wconf 90' lang='lat' dir='ltr'>spe-</span> 
     </span>
     <span class='ocr_line' id='line_1_62' title="bbox 1140 784 1872 826; baseline -0.001 -10"><span class='ocrx_word' id='word_1_303' title='bbox 1140 784 1231 816; x_wconf 84' lang='lat' dir='ltr'>cialis</span> <span class='ocrx_word' id='word_1_304' title='bbox 1257 784 1366 816; x_wconf 80' lang='lat' dir='ltr'>favore</span> <span class='ocrx_word' id='word_1_305' title='bbox 1387 784 1509 826; x_wconf 80' lang='lat' dir='ltr'>gratiae</span> <span class='ocrx_word' id='word_1_306' title='bbox 1529 784 1687 826; x_wconf 89' lang='lat' dir='ltr'>prosequi</span> <span class='ocrx_word' id='word_1_307' title='bbox 1712 784 1872 823; x_wconf 89' lang='lat' dir='ltr'>volentes,</span> 
     </span>
     <span class='ocr_line' id='line_1_63' title="bbox 1141 836 1874 878; baseline 0 -10"><span class='ocrx_word' id='word_1_308' title='bbox 1141 841 1173 868; x_wconf 93' lang='lat' dir='ltr'>et</span> <span class='ocrx_word' id='word_1_309' title='bbox 1196 847 1305 869; x_wconf 89' lang='lat' dir='ltr'>eorum</span> <span class='ocrx_word' id='word_1_310' title='bbox 1330 836 1507 878; x_wconf 80' lang='lat' dir='ltr'>singulares</span> <span class='ocrx_word' id='word_1_311' title='bbox 1532 845 1683 878; x_wconf 86' lang='lat' dir='ltr'>personas</span> <span class='ocrx_word' id='word_1_312' title='bbox 1705 846 1722 868; x_wconf 88' lang='lat' dir='ltr'>a</span> <span class='ocrx_word' id='word_1_313' title='bbox 1743 836 1874 878; x_wconf 89' lang='lat' dir='ltr'>quibus-</span> 
     </span>
     <span class='ocr_line' id='line_1_64' title="bbox 1140 888 1875 931; baseline -0.001 -10"><span class='ocrx_word' id='word_1_314' title='bbox 1140 889 1186 921; x_wconf 85' lang='lat' dir='ltr'>vis</span> <span class='ocrx_word' id='word_1_315' title='bbox 1208 888 1569 927; x_wconf 67' lang='lat' dir='ltr'>excommunicationis,</span> <span class='ocrx_word' id='word_1_316' title='bbox 1594 888 1822 931; x_wconf 81' lang='lat' dir='ltr'>suspensionis</span> <span class='ocrx_word' id='word_1_317' title='bbox 1841 892 1875 920; x_wconf 87' lang='lat' dir='ltr'>et</span> 
     </span>
     <span class='ocr_line' id='line_1_65' title="bbox 1140 940 1874 983; baseline 0.001 -11"><span class='ocrx_word' id='word_1_318' title='bbox 1140 941 1318 981; x_wconf 85' lang='lat' dir='ltr'>interdicti,</span> <span class='ocrx_word' id='word_1_319' title='bbox 1335 941 1471 983; x_wconf 83' lang='lat' dir='ltr'>aliisque</span> <span class='ocrx_word' id='word_1_320' title='bbox 1491 940 1723 973; x_wconf 86' lang='lat' dir='ltr'>ecclesiasticis</span> <span class='ocrx_word' id='word_1_321' title='bbox 1742 945 1874 973; x_wconf 84' lang='lat' dir='ltr'>senten-</span> 
     </span>
     <span class='ocr_line' id='line_1_66' title="bbox 1142 993 1874 1036; baseline 0.001 -11"><span class='ocrx_word' id='word_1_322' title='bbox 1142 994 1206 1033; x_wconf 87' lang='lat' dir='ltr'>tiis,</span> <span class='ocrx_word' id='word_1_323' title='bbox 1238 994 1385 1025; x_wconf 87' lang='lat' dir='ltr'>censuris</span> <span class='ocrx_word' id='word_1_324' title='bbox 1413 998 1444 1025; x_wconf 84' lang='lat' dir='ltr'>ct</span> <span class='ocrx_word' id='word_1_325' title='bbox 1468 993 1604 1036; x_wconf 87' lang='lat' dir='ltr'>poenis,</span> <span class='ocrx_word' id='word_1_326' title='bbox 1631 1004 1649 1025; x_wconf 85' lang='lat' dir='ltr'>a</span> <span class='ocrx_word' id='word_1_327' title='bbox 1667 993 1738 1025; x_wconf 91' lang='lat' dir='ltr'>iure</span> <span class='ocrx_word' id='word_1_328' title='bbox 1763 994 1814 1026; x_wconf 90' lang='lat' dir='ltr'>vel</span> <span class='ocrx_word' id='word_1_329' title='bbox 1834 994 1874 1026; x_wconf 88' lang='lat' dir='ltr'>ab</span> 
     </span>
     <span class='ocr_line' id='line_1_67' title="bbox 1142 1045 1874 1088; baseline -0.001 -10"><span class='ocrx_word' id='word_1_330' title='bbox 1142 1046 1287 1085; x_wconf 85' lang='lat' dir='ltr'>homine,</span> <span class='ocrx_word' id='word_1_331' title='bbox 1309 1046 1420 1088; x_wconf 86' lang='lat' dir='ltr'>quavis</span> <span class='ocrx_word' id='word_1_332' title='bbox 1439 1045 1611 1078; x_wconf 85' lang='lat' dir='ltr'>occasione</span> <span class='ocrx_word' id='word_1_333' title='bbox 1633 1046 1683 1077; x_wconf 84' lang='lat' dir='ltr'>vel</span> <span class='ocrx_word' id='word_1_334' title='bbox 1708 1048 1806 1077; x_wconf 75' lang='lat' dir='ltr'>causa</span> <span class='ocrx_word' id='word_1_335' title='bbox 1829 1047 1874 1078; x_wconf 86' lang='grc'>111-</span> 
     </span>
     <span class='ocr_line' id='line_1_68' title="bbox 1141 1098 1875 1141; baseline 0 -10"><span class='ocrx_word' id='word_1_336' title='bbox 1141 1099 1195 1138; x_wconf 83' lang='lat' dir='ltr'>tis,</span> <span class='ocrx_word' id='word_1_337' title='bbox 1226 1099 1252 1130; x_wconf 87' lang='lat' dir='ltr'>si</span> <span class='ocrx_word' id='word_1_338' title='bbox 1285 1099 1403 1141; x_wconf 83' lang='lat' dir='ltr'>quibus</span> <span class='ocrx_word' id='word_1_339' title='bbox 1426 1098 1675 1141; x_wconf 86' lang='lat' dir='ltr'>quomodolibet</span> <span class='ocrx_word' id='word_1_340' title='bbox 1699 1098 1875 1132; x_wconf 83' lang='lat' dir='ltr'>innodatae</span> 
     </span>
     <span class='ocr_line' id='line_1_69' title="bbox 1142 1150 1875 1193; baseline 0 -10"><span class='ocrx_word' id='word_1_341' title='bbox 1142 1151 1283 1183; x_wconf 79' lang='lat' dir='ltr'>existunt</span> <span class='ocrx_word' id='word_1_342' title='bbox 1299 1177 1305 1189; x_wconf 92' lang='lat'><em>,</em></span> <span class='ocrx_word' id='word_1_343' title='bbox 1322 1151 1360 1183; x_wconf 89' lang='lat' dir='ltr'>ad</span> <span class='ocrx_word' id='word_1_344' title='bbox 1380 1150 1530 1183; x_wconf 77' lang='lat' dir='ltr'>effectum</span> <span class='ocrx_word' id='word_1_345' title='bbox 1544 1151 1768 1193; x_wconf 83' lang='lat' dir='ltr'>praesentium</span> <span class='ocrx_word' id='word_1_346' title='bbox 1784 1151 1875 1183; x_wconf 90' lang='lat' dir='ltr'>dum-</span> 
     </span>
     <span class='ocr_line' id='line_1_70' title="bbox 1141 1203 1875 1246; baseline 0.001 -11"><span class='ocrx_word' id='word_1_347' title='bbox 1141 1208 1227 1235; x_wconf 79' lang='lat' dir='ltr'>taxat</span> <span class='ocrx_word' id='word_1_348' title='bbox 1257 1204 1538 1246; x_wconf 84' lang='lat' dir='ltr'>consequendum,</span> <span class='ocrx_word' id='word_1_349' title='bbox 1566 1203 1681 1236; x_wconf 88' lang='lat' dir='ltr'>harum</span> <span class='ocrx_word' id='word_1_350' title='bbox 1710 1203 1795 1236; x_wconf 85' lang='lat' dir='ltr'>serie</span> <span class='ocrx_word' id='word_1_351' title='bbox 1820 1204 1875 1236; x_wconf 89' lang='lat' dir='ltr'>ab·</span> 
     </span>
     <span class='ocr_line' id='line_1_71' title="bbox 1141 1256 1873 1297; baseline 0.001 -9"><span class='ocrx_word' id='word_1_352' title='bbox 1141 1258 1307 1288; x_wconf 86' lang='lat' dir='ltr'>solventes</span> <span class='ocrx_word' id='word_1_353' title='bbox 1344 1261 1376 1288; x_wconf 87' lang='lat' dir='ltr'>et</span> <span class='ocrx_word' id='word_1_354' title='bbox 1410 1256 1573 1288; x_wconf 77' lang='lat' dir='ltr'>absolutas</span> <span class='ocrx_word' id='word_1_355' title='bbox 1597 1256 1663 1289; x_wconf 79' lang='lat' dir='ltr'>tore</span> <span class='ocrx_word' id='word_1_356' title='bbox 1690 1261 1873 1297; x_wconf 78' lang='lat' dir='ltr'>censentes,</span> 
     </span>
     <span class='ocr_line' id='line_1_72' title="bbox 1142 1308 1875 1351; baseline 0.003 -11"><span class='ocrx_word' id='word_1_357' title='bbox 1142 1308 1328 1341; x_wconf 88' lang='lat' dir='ltr'>huiusmodi</span> <span class='ocrx_word' id='word_1_358' title='bbox 1354 1308 1645 1351; x_wconf 86' lang='lat' dir='ltr'>supplicationibus</span> <span class='ocrx_word' id='word_1_359' title='bbox 1665 1308 1816 1349; x_wconf 86' lang='lat' dir='ltr'>inclinati,</span> <span class='ocrx_word' id='word_1_360' title='bbox 1836 1309 1875 1342; x_wconf 88' lang='lat' dir='ltr'>de</span> 
     </span>
     <span class='ocr_line' id='line_1_73' title="bbox 1140 1361 1876 1404; baseline 0 -10"><span class='ocrx_word' id='word_1_361' title='bbox 1140 1367 1316 1395; x_wconf 88' lang='lat' dir='ltr'>memorato</span> <span class='ocrx_word' id='word_1_362' title='bbox 1341 1361 1551 1394; x_wconf 86' lang='lat' dir='ltr'>cardinalium</span> <span class='ocrx_word' id='word_1_363' title='bbox 1565 1362 1700 1404; x_wconf 82' lang='lat' dir='ltr'>negotiis</span> <span class='ocrx_word' id='word_1_364' title='bbox 1718 1363 1876 1395; x_wconf 83' lang='lat' dir='ltr'>consulta-</span> 
     </span>
     <span class='ocr_line' id='line_1_74' title="bbox 1143 1414 1875 1458; baseline 0.001 -12"><span class='ocrx_word' id='word_1_365' title='bbox 1143 1415 1281 1447; x_wconf 90' lang='lat' dir='ltr'>tionibus</span> <span class='ocrx_word' id='word_1_366' title='bbox 1296 1414 1517 1457; x_wconf 89' lang='lat' dir='ltr'>episcoporum</span> <span class='ocrx_word' id='word_1_367' title='bbox 1532 1419 1562 1446; x_wconf 90' lang='lat' dir='ltr'>et</span> <span class='ocrx_word' id='word_1_368' title='bbox 1581 1414 1775 1457; x_wconf 82' lang='lat' dir='ltr'>regularium</span> <span class='ocrx_word' id='word_1_369' title='bbox 1788 1425 1875 1458; x_wconf 84' lang='lat' dir='ltr'>prae-</span> 
     </span>
     <span class='ocr_line' id='line_1_75' title="bbox 1142 1466 1876 1510; baseline 0.001 -11"><span class='ocrx_word' id='word_1_370' title='bbox 1142 1467 1318 1510; x_wconf 85' lang='lat' dir='ltr'>positorum</span> <span class='ocrx_word' id='word_1_371' title='bbox 1342 1466 1491 1507; x_wconf 79' lang='lat' dir='ltr'>consilio,</span> <span class='ocrx_word' id='word_1_372' title='bbox 1518 1467 1665 1510; x_wconf 90' lang='lat' dir='ltr'>petitioni</span> <span class='ocrx_word' id='word_1_373' title='bbox 1690 1468 1876 1500; x_wconf 87' lang='lat' dir='ltr'>eorumdem</span> 
     </span>
     <span class='ocr_line' id='line_1_76' title="bbox 1142 1520 1878 1563; baseline 0.003 -12"><span class='ocrx_word' id='word_1_374' title='bbox 1142 1520 1381 1562; x_wconf 77' lang='lat' dir='ltr'>exponentium,</span> <span class='ocrx_word' id='word_1_375' title='bbox 1408 1530 1465 1562; x_wconf 91' lang='lat' dir='ltr'>pro</span> <span class='ocrx_word' id='word_1_376' title='bbox 1490 1520 1706 1553; x_wconf 84' lang='lat' dir='ltr'>stabilimento</span> <span class='ocrx_word' id='word_1_377' title='bbox 1731 1520 1817 1563; x_wconf 84' lang='lat' dir='ltr'>pacis</span> <span class='ocrx_word' id='word_1_378' title='bbox 1841 1531 1878 1553; x_wconf 87' lang='lat' dir='ltr'>ac</span> 
     </span>
     <span class='ocr_line' id='line_1_77' title="bbox 1143 1572 1877 1616; baseline 0.001 -11"><span class='ocrx_word' id='word_1_379' title='bbox 1143 1573 1298 1615; x_wconf 82' lang='lat' dir='ltr'>regularis</span> <span class='ocrx_word' id='word_1_380' title='bbox 1324 1573 1511 1616; x_wconf 83' lang='lat' dir='ltr'>disciplinae</span> <span class='ocrx_word' id='word_1_381' title='bbox 1530 1572 1561 1604; x_wconf 93' lang='lat' dir='ltr'>in</span> <span class='ocrx_word' id='word_1_382' title='bbox 1580 1574 1724 1616; x_wconf 76' lang='lat' dir='ltr'>praefato</span> <span class='ocrx_word' id='word_1_383' title='bbox 1741 1583 1877 1606; x_wconf 90' lang='lat' dir='ltr'>conven-</span> 
     </span>
     <span class='ocr_line' id='line_1_78' title="bbox 1143 1626 1877 1669; baseline 0.001 -11"><span class='ocrx_word' id='word_1_384' title='bbox 1143 1631 1175 1658; x_wconf 92' lang='lat' dir='ltr'>tu</span> <span class='ocrx_word' id='word_1_385' title='bbox 1195 1626 1413 1669; x_wconf 82' lang='lat' dir='ltr'>Neapolitano,</span> <span class='ocrx_word' id='word_1_386' title='bbox 1441 1631 1472 1658; x_wconf 85' lang='lat' dir='ltr'>ct</span> <span class='ocrx_word' id='word_1_387' title='bbox 1489 1627 1527 1659; x_wconf 88' lang='lat' dir='ltr'>ad</span> <span class='ocrx_word' id='word_1_388' title='bbox 1545 1627 1783 1669; x_wconf 86' lang='lat' dir='ltr'>componendas</span> <span class='ocrx_word' id='word_1_389' title='bbox 1804 1627 1877 1660; x_wconf 89' lang='lat' dir='ltr'>lites</span> 
     </span>
     <span class='ocr_line' id='line_1_79' title="bbox 1143 1679 1876 1712; baseline 0 -1"><span class='ocrx_word' id='word_1_390' title='bbox 1143 1690 1179 1711; x_wconf 89' lang='lat' dir='ltr'>ac</span> <span class='ocrx_word' id='word_1_391' title='bbox 1203 1679 1399 1712; x_wconf 78' lang='lat' dir='ltr'>differentias</span> <span class='ocrx_word' id='word_1_392' title='bbox 1424 1679 1507 1712; x_wconf 90' lang='lat' dir='ltr'>inter</span> <span class='ocrx_word' id='word_1_393' title='bbox 1541 1679 1723 1712; x_wconf 90' lang='lat' dir='ltr'>huiusmodi</span> <span class='ocrx_word' id='word_1_394' title='bbox 1749 1679 1876 1712; x_wconf 86' lang='lat' dir='ltr'>Ordinis</span> 
     </span>
     <span class='ocr_line' id='line_1_80' title="bbox 1143 1731 1874 1774; baseline -0.001 -10"><span class='ocrx_word' id='word_1_395' title='bbox 1143 1731 1321 1774; x_wconf 83' lang='lat' dir='ltr'>religiosos,</span> <span class='ocrx_word' id='word_1_396' title='bbox 1347 1731 1489 1764; x_wconf 88' lang='lat' dir='ltr'>eiusdem</span> <span class='ocrx_word' id='word_1_397' title='bbox 1507 1736 1681 1764; x_wconf 87' lang='lat' dir='ltr'>conventus</span> <span class='ocrx_word' id='word_1_398' title='bbox 1697 1731 1874 1771; x_wconf 82' lang='lat' dir='ltr'>occasione,</span> 
     </span>
     <span class='ocr_line' id='line_1_81' title="bbox 1144 1784 1878 1827; baseline 0.001 -11"><span class='ocrx_word' id='word_1_399' title='bbox 1144 1785 1272 1817; x_wconf 84' lang='lat' dir='ltr'>obortas</span> <span class='ocrx_word' id='word_1_400' title='bbox 1287 1785 1403 1827; x_wconf 88' lang='lat' dir='ltr'>diuque</span> <span class='ocrx_word' id='word_1_401' title='bbox 1423 1784 1566 1827; x_wconf 83' lang='lat' dir='ltr'>agitatas,</span> <span class='ocrx_word' id='word_1_402' title='bbox 1584 1785 1722 1817; x_wconf 87' lang='lat' dir='ltr'>libenter</span> <span class='ocrx_word' id='word_1_403' title='bbox 1740 1795 1878 1817; x_wconf 89' lang='lat' dir='ltr'>annuen-</span> 
     </span>
     <span class='ocr_line' id='line_1_82' title="bbox 1145 1837 1879 1880; baseline 0.001 -11"><span class='ocrx_word' id='word_1_404' title='bbox 1145 1842 1199 1876; x_wconf 86' lang='lat' dir='ltr'>tes,</span> <span class='ocrx_word' id='word_1_405' title='bbox 1225 1837 1362 1880; x_wconf 85' lang='lat' dir='ltr'>capitula</span> <span class='ocrx_word' id='word_1_406' title='bbox 1386 1838 1575 1870; x_wconf 86' lang='lat' dir='ltr'>concordiae</span> <span class='ocrx_word' id='word_1_407' title='bbox 1589 1837 1673 1869; x_wconf 86' lang='lat' dir='ltr'>inter</span> <span class='ocrx_word' id='word_1_408' title='bbox 1689 1842 1794 1880; x_wconf 89' lang='lat' dir='ltr'>partes</span> <span class='ocrx_word' id='word_1_409' title='bbox 1808 1848 1879 1870; x_wconf 87' lang='lat' dir='ltr'>con-</span> 
     </span>
     <span class='ocr_line' id='line_1_83' title="bbox 1144 1889 1878 1932; baseline 0 -10"><span class='ocrx_word' id='word_1_410' title='bbox 1144 1894 1256 1930; x_wconf 80' lang='lat' dir='ltr'>venta,</span> <span class='ocrx_word' id='word_1_411' title='bbox 1282 1894 1313 1922; x_wconf 81' lang='lat' dir='ltr'>et</span> <span class='ocrx_word' id='word_1_412' title='bbox 1345 1890 1377 1921; x_wconf 93' lang='lat' dir='ltr'>in</span> <span class='ocrx_word' id='word_1_413' title='bbox 1411 1889 1638 1932; x_wconf 86' lang='lat' dir='ltr'>antescriptum</span> <span class='ocrx_word' id='word_1_414' title='bbox 1672 1894 1815 1922; x_wconf 82' lang='lat' dir='ltr'>tenorem</span> <span class='ocrx_word' id='word_1_415' title='bbox 1839 1890 1878 1922; x_wconf 82' lang='lat' dir='ltr'>ab</span> 
     </span>
     <span class='ocr_line' id='line_1_84' title="bbox 1145 1942 1880 1985; baseline 0 -10"><span class='ocrx_word' id='word_1_416' title='bbox 1145 1943 1329 1976; x_wconf 88' lang='lat' dir='ltr'>eorumdem</span> <span class='ocrx_word' id='word_1_417' title='bbox 1339 1942 1548 1976; x_wconf 85' lang='lat' dir='ltr'>cardinalium</span> <span class='ocrx_word' id='word_1_418' title='bbox 1560 1942 1807 1985; x_wconf 80' lang='lat' dir='ltr'>congregatione</span> <span class='ocrx_word' id='word_1_419' title='bbox 1818 1953 1880 1975; x_wconf 82' lang='lat' dir='ltr'>nio·</span> 
     </span>
     <span class='ocr_line' id='line_1_85' title="bbox 1146 1995 1877 2038; baseline 0 -10"><span class='ocrx_word' id='word_1_420' title='bbox 1146 1996 1254 2028; x_wconf 86' lang='lat' dir='ltr'>derata</span> <span class='ocrx_word' id='word_1_421' title='bbox 1274 2001 1305 2029; x_wconf 88' lang='lat' dir='ltr'>et</span> <span class='ocrx_word' id='word_1_422' title='bbox 1324 1997 1460 2036; x_wconf 75' lang='lat' dir='ltr'>redacta,</span> <span class='ocrx_word' id='word_1_423' title='bbox 1479 1995 1669 2028; x_wconf 86' lang='lat' dir='ltr'>auctoritate</span> <span class='ocrx_word' id='word_1_424' title='bbox 1686 1995 1877 2038; x_wconf 77' lang='lat' dir='ltr'>apostolica,</span> 
     </span>
     <span class='ocr_line' id='line_1_86' title="bbox 1146 2048 1878 2092; baseline -0.001 -11"><span class='ocrx_word' id='word_1_425' title='bbox 1146 2053 1256 2081; x_wconf 88' lang='lat' dir='ltr'>tenore</span> <span class='ocrx_word' id='word_1_426' title='bbox 1288 2048 1523 2092; x_wconf 85' lang='lat' dir='ltr'>praesentium,</span> <span class='ocrx_word' id='word_1_427' title='bbox 1550 2048 1689 2090; x_wconf 83' lang='lat' dir='ltr'>benigne</span> <span class='ocrx_word' id='word_1_428' title='bbox 1715 2049 1878 2091; x_wconf 88' lang='lat' dir='ltr'>approba-</span> 
     </span>
     <span class='ocr_line' id='line_1_87' title="bbox 1146 2100 1878 2144; baseline 0 -11"><span class='ocrx_word' id='word_1_429' title='bbox 1146 2113 1217 2134; x_wconf 89' lang='lat' dir='ltr'>mus</span> <span class='ocrx_word' id='word_1_430' title='bbox 1252 2106 1284 2133; x_wconf 91' lang='lat' dir='ltr'>et</span> <span class='ocrx_word' id='word_1_431' title='bbox 1319 2101 1570 2141; x_wconf 80' lang='lat' dir='ltr'>confirmamus,</span> <span class='ocrx_word' id='word_1_432' title='bbox 1604 2105 1635 2133; x_wconf 92' lang='lat' dir='ltr'>et</span> <span class='ocrx_word' id='word_1_433' title='bbox 1659 2100 1690 2132; x_wconf 93' lang='lat' dir='ltr'>in</span> <span class='ocrx_word' id='word_1_434' title='bbox 1716 2106 1878 2144; x_wconf 89' lang='lat' dir='ltr'>posterum</span> 
     </span>
     <span class='ocr_line' id='line_1_88' title="bbox 1145 2153 1880 2186; baseline 0 0"><span class='ocrx_word' id='word_1_435' title='bbox 1145 2153 1377 2186; x_wconf 85' lang='lat' dir='ltr'>inviolabiliter</span> <span class='ocrx_word' id='word_1_436' title='bbox 1417 2153 1578 2185; x_wconf 84' lang='lat' dir='ltr'>observari</span> <span class='ocrx_word' id='word_1_437' title='bbox 1617 2154 1804 2186; x_wconf 85' lang='lat' dir='ltr'>mandamus</span> <span class='ocrx_word' id='word_1_438' title='bbox 1843 2163 1880 2186; x_wconf 86' lang='lat' dir='ltr'>ac</span> 
     </span>
     <span class='ocr_line' id='line_1_89' title="bbox 1146 2206 1371 2250; baseline -0.004 -12"><span class='ocrx_word' id='word_1_439' title='bbox 1146 2206 1371 2250; x_wconf 87' lang='lat' dir='ltr'>praecipimus.</span> 
     </span>
    </p>

    <p class='ocr_par' dir='ltr' id='par_1_13' title="bbox 1145 2258 1881 2620">
     <span class='ocr_line' id='line_1_90' title="bbox 1189 2258 1879 2302; baseline 0.003 -11"><span class='ocrx_word' id='word_1_440' title='bbox 1189 2260 1203 2302; x_wconf 67' lang='grc' dir='ltr'><strong>ἓ</strong></span> <span class='ocrx_word' id='word_1_441' title='bbox 1217 2259 1249 2291; x_wconf 71' lang='grc'>[1.</span> <span class='ocrx_word' id='word_1_442' title='bbox 1261 2259 1445 2298; x_wconf 78' lang='lat' dir='ltr'>Praeterea,</span> <span class='ocrx_word' id='word_1_443' title='bbox 1459 2258 1497 2290; x_wconf 90' lang='lat' dir='ltr'>ad</span> <span class='ocrx_word' id='word_1_444' title='bbox 1515 2258 1600 2290; x_wconf 88' lang='lat' dir='ltr'>hunc</span> <span class='ocrx_word' id='word_1_445' title='bbox 1613 2269 1804 2302; x_wconf 85' lang='lat' dir='ltr'>omnemque</span> <span class='ocrx_word' id='word_1_446' title='bbox 1819 2270 1879 2293; x_wconf 88' lang='lat' dir='ltr'>me-</span> 
     </span>
     <span class='ocr_line' id='line_1_91' title="bbox 1146 2311 1880 2356; baseline 0.001 -12"><span class='ocrx_word' id='word_1_447' title='bbox 1146 2312 1258 2345; x_wconf 85' lang='lat' dir='ltr'>liorem</span> <span class='ocrx_word' id='word_1_448' title='bbox 1276 2311 1379 2351; x_wconf 82' lang='lat' dir='ltr'>finem,</span> <span class='ocrx_word' id='word_1_449' title='bbox 1399 2311 1584 2344; x_wconf 85' lang='lat' dir='ltr'>auctoritate</span> <span class='ocrx_word' id='word_1_450' title='bbox 1609 2317 1640 2344; x_wconf 87' lang='lat' dir='ltr'>et</span> <span class='ocrx_word' id='word_1_451' title='bbox 1665 2317 1774 2345; x_wconf 84' lang='lat' dir='ltr'>tenore</span> <span class='ocrx_word' id='word_1_452' title='bbox 1792 2323 1880 2356; x_wconf 88' lang='lat' dir='ltr'>prae-</span> 
     </span>
     <span class='ocr_line' id='line_1_92' title="bbox 1147 2364 1880 2407; baseline 0.001 -10"><span class='ocrx_word' id='word_1_453' title='bbox 1147 2365 1239 2398; x_wconf 86' lang='lat' dir='ltr'>dictis</span> <span class='ocrx_word' id='word_1_454' title='bbox 1264 2365 1451 2407; x_wconf 87' lang='lat' dir='ltr'>deputamus</span> <span class='ocrx_word' id='word_1_455' title='bbox 1476 2368 1507 2397; x_wconf 87' lang='lat' dir='ltr'>et</span> <span class='ocrx_word' id='word_1_456' title='bbox 1530 2364 1724 2398; x_wconf 87' lang='lat' dir='ltr'>instituimus</span> <span class='ocrx_word' id='word_1_457' title='bbox 1750 2365 1783 2397; x_wconf 89' lang='lat' dir='ltr'>in</span> <span class='ocrx_word' id='word_1_458' title='bbox 1808 2365 1880 2398; x_wconf 90' lang='lat' dir='ltr'>visi-</span> 
     </span>
     <span class='ocr_line' id='line_1_93' title="bbox 1146 2418 1878 2461; baseline 0.003 -11"><span class='ocrx_word' id='word_1_459' title='bbox 1146 2423 1281 2451; x_wconf 88' lang='lat' dir='ltr'>tatorem</span> <span class='ocrx_word' id='word_1_460' title='bbox 1304 2418 1514 2460; x_wconf 82' lang='lat' dir='ltr'>apostolicum</span> <span class='ocrx_word' id='word_1_461' title='bbox 1539 2419 1672 2461; x_wconf 79' lang='lat' dir='ltr'>praefati</span> <span class='ocrx_word' id='word_1_462' title='bbox 1704 2424 1878 2452; x_wconf 85' lang='lat' dir='ltr'>conventus</span> 
     </span>
     <span class='ocr_line' id='line_1_94' title="bbox 1146 2470 1881 2512; baseline 0.003 -10"><span class='ocrx_word' id='word_1_463' title='bbox 1146 2470 1230 2512; x_wconf 84' lang='lat' dir='ltr'>(cum</span> <span class='ocrx_word' id='word_1_464' title='bbox 1247 2470 1394 2503; x_wconf 89' lang='lat' dir='ltr'>omnibus</span> <span class='ocrx_word' id='word_1_465' title='bbox 1412 2471 1611 2504; x_wconf 83' lang='lat' dir='ltr'>facultatibus</span> <span class='ocrx_word' id='word_1_466' title='bbox 1636 2471 1822 2504; x_wconf 85' lang='lat' dir='ltr'>necessariis</span> <span class='ocrx_word' id='word_1_467' title='bbox 1847 2476 1881 2504; x_wconf 81' lang='lat' dir='ltr'>et</span> 
     </span>
     <span class='ocr_line' id='line_1_95' title="bbox 1145 2523 1879 2566; baseline 0.001 -11"><span class='ocrx_word' id='word_1_468' title='bbox 1145 2523 1334 2565; x_wconf 88' lang='lat' dir='ltr'>opportunis</span> <span class='ocrx_word' id='word_1_469' title='bbox 1358 2524 1475 2555; x_wconf 84' lang='lat' dir='ltr'>nedum</span> <span class='ocrx_word' id='word_1_470' title='bbox 1504 2524 1542 2556; x_wconf 87' lang='lat' dir='ltr'>ad</span> <span class='ocrx_word' id='word_1_471' title='bbox 1564 2524 1670 2556; x_wconf 88' lang='lat' dir='ltr'>omnia</span> <span class='ocrx_word' id='word_1_472' title='bbox 1695 2529 1726 2556; x_wconf 89' lang='lat' dir='ltr'>et</span> <span class='ocrx_word' id='word_1_473' title='bbox 1751 2524 1879 2566; x_wconf 79' lang='lat' dir='ltr'>singula</span> 
     </span>
     <span class='ocr_line' id='line_1_96' title="bbox 1145 2575 1878 2620; baseline 0.004 -14"><span class='ocrx_word' id='word_1_474' title='bbox 1145 2575 1333 2618; x_wconf 74' lang='lat' dir='ltr'>praemissa,</span> <span class='ocrx_word' id='word_1_475' title='bbox 1359 2581 1453 2618; x_wconf 89' lang='lat' dir='ltr'>prout</span> <span class='ocrx_word' id='word_1_476' title='bbox 1484 2576 1619 2620; x_wconf 84' lang='lat' dir='ltr'>petitur,</span> <span class='ocrx_word' id='word_1_477' title='bbox 1646 2577 1701 2609; x_wconf 86' lang='lat' dir='ltr'>sed</span> <span class='ocrx_word' id='word_1_478' title='bbox 1727 2582 1758 2609; x_wconf 89' lang='lat' dir='ltr'>et</span> <span class='ocrx_word' id='word_1_479' title='bbox 1785 2587 1878 2620; x_wconf 79' lang='lat' dir='ltr'>quae-</span> 
     </span>
    </p>
   </div>
   <div class='ocr_carea' id='block_1_10' title="bbox 1884 206 2069 234">
    <p class='ocr_par' dir='ltr' id='par_1_14' title="bbox 1884 206 2069 234">
     <span class='ocr_line' id='line_1_97' title="bbox 1884 206 2069 234; baseline -0.011 0"><span class='ocrx_word' id='word_1_480' title='bbox 1884 208 1933 234; x_wconf 80' lang='grc' dir='ltr'>Αη.</span> <span class='ocrx_word' id='word_1_481' title='bbox 1955 207 1983 233; x_wconf 83' lang='lat' dir='ltr'>C.</span> <span class='ocrx_word' id='word_1_482' title='bbox 2002 206 2069 233; x_wconf 72' lang='lat'>1663</span> 
     </span>
    </p>
   </div>
   <div class='ocr_carea' id='block_1_11' title="bbox 1888 738 2072 812">
    <p class='ocr_par' dir='ltr' id='par_1_15' title="bbox 1888 738 2072 812">
     <span class='ocr_line' id='line_1_98' title="bbox 1916 738 2072 760; baseline -0.006 0"><span class='ocrx_word' id='word_1_483' title='bbox 1916 738 2028 760; x_wconf 78' lang='lat' dir='ltr'>confirmat</span> <span class='ocrx_word' id='word_1_484' title='bbox 2037 744 2072 759; x_wconf 81' lang='lat' dir='ltr'>ca-</span> 
     </span>
     <span class='ocr_line' id='line_1_99' title="bbox 1888 765 2072 791; baseline 0.005 -6"><span class='ocrx_word' id='word_1_485' title='bbox 1888 765 1955 791; x_wconf 80' lang='lat' dir='ltr'>pitula</span> <span class='ocrx_word' id='word_1_486' title='bbox 1987 765 2072 791; x_wconf 77' lang='lat' dir='ltr'>praein-</span> 
     </span>
     <span class='ocr_line' id='line_1_100' title="bbox 1889 793 1955 812; baseline 0 0"><span class='ocrx_word' id='word_1_487' title='bbox 1889 793 1955 812; x_wconf 79' lang='lat' dir='ltr'>serta.</span> 
     </span>
    </p>
   </div>
  </div>
 </body>
</html>
