2247 3208
175 208 224 234 An.
245 208 275 234 C.
297 208 361 235 2063

187 1953 307 1975 clausulae.

959 210 1116 232 stimmo}

372 256 412 289 ab
438 256 583 295 homine,
612 257 720 299 quaxis
745 257 912 289 occasione
938 259 986 289 rel
1012 259 1107 289 ‹taus-a

372 309 452 347 latis,
478 309 503 340 si
528 309 644 351 quilius
670 309 911 351 quomodolibet
935 310 1105 341 innodatae

371 362 522 401 existunt,
549 362 587 393 ad
613 362 759 393 ellectum
780 362 1000 404 praesentium
1021 362 1123 393 dum-v

371 420 455 447 taxat
473 415 750 457 consequendum,
775 415 885 446 harum
903 414 986 446 serie
1005 414 1105 446 absol-

371 474 481 502 ventes
506 474 539 501 et
562 470 723 502 absolutas
750 470 817 501 sore
843 473 1023 506 censentes,
1051 468 1105 499 liu-

370 521 507 555 iusmodi
544 522 832 565 supplicationibus
867 520 1033 559 inclinati,
1064 520 1103 552 de

369 581 616 607 memoratorum
641 573 863 611 cardinalium,
882 572 934 615 qui
962 582 1040 608 reni,
1054 582 1103 604 au-

369 627 442 660 ditis
463 627 620 670 partibus,
640 632 763 658 mature
782 624 1012 663 examinarunt,
1032 634 1102 657 con-

368 680 450 720 silio,
476 679 606 712 attentis
633 678 786 716 narratis,
813 676 999 709 arietoritate
1026 687 1102 719 apo-

367 732 489 771 stoliea,
503 737 614 764 tenore
629 729 859 773 praesentium,
875 729 1101 761 committimus

367 785 485 817 dilecto
503 783 567 816 tilio
588 783 807 815 commissario
828 793 882 814 seu
903 781 1100 825 praesidenti

366 837 501 881 proximi
523 837 653 880 capituli
668 836 770 869 dictae
788 835 970 878 provinciae
985 835 1030 867 Ss.
1047 835 1101 867 Lu-

366 890 470 923 doviei
495 896 527 923 et
561 889 694 922 Elzearii
725 889 808 921 tertii
841 888 967 921 Ordinis
998 889 1099 921 sancti

364 943 524 976 Francisei
539 942 797 985 congregationis
813 941 932 975 Galliae
951 952 967 973 a
981 941 1100 974 dilecto

364 996 431 1029 silio
459 996 606 1029 ministro
637 995 780 1037 generali
811 995 996 1038 deputando
1023 994 1098 1037 (qui

365 1055 472 1081 tamen
489 1049 607 1081 debeat
633 1059 701 1080 esse
728 1058 764 1079 ex
788 1048 901 1079 eadem
925 1057 1100 1089 congrega—

366 1101 462 1140 tione,
478 1101 535 1134 sed
550 1101 681 1133 alterius
697 1099 894 1143 provinciae)
913 1105 948 1131 ut
963 1100 995 1131 in
1014 1099 1098 1132 dieto

364 1155 504 1197 capitulo
530 1154 684 1197 procedat
716 1153 754 1185 ad
780 1153 968 1186 divisionem
994 1153 1097 1185 dietae

363 1206 548 1249 provinciae
580 1206 627 1238 Ss.
655 1205 805 1238 Luam-ici
839 1210 871 1237 et
902 1204 1035 1237 Elzearii
1066 1205 1097 1237 in

363 1259 442 1291 duas
467 1259 553 1291 iuxta
576 1258 683 1301 petita,
705 1258 842 1290 constito
867 1258 952 1300 quod
977 1257 1009 1289 in
1030 1268 1097 1300 par-

362 1311 449 1344 tibus
467 1311 656 1354 Aquitaniae
675 1310 865 1343 sintsaltem
885 1321 939 1343 sex
965 1321 1097 1343 eonven-

362 1370 424 1400 tus.
453 1364 508 1407 qui
533 1374 727 1406 componere
753 1364 875 1396 delient
899 1364 1097 1406 provinciam

362 1419 402 1451 de
414 1428 495 1451 novo
516 1418 704 1460 erigendam
722 1418 780 1450 sub
793 1418 883 1450 titulo
901 1418 931 1450 S.
951 1418 1096 1458 Elzearii,

362 1477 395 1505 et
418 1471 592 1504 constituat
616 1472 754 1504 confinia
783 1471 948 1514 utriusque
974 1472 1097 1515 provin-

362 1525 441 1565 ciae,
467 1530 499 1557 et
522 1525 555 1557 in
580 1525 693 1558 eodem
718 1525 859 1568 capitulo
884 1525 1014 1558 mandet
1039 1535 1096 1568 pro

361 1578 423 1610 hac
447 1578 525 1617 vice,
541 1578 675 1610 servatis
692 1577 868 1615 servandis,
887 1577 1031 1610 deveniri
1057 1578 1096 1610 ad

362 1630 556 1664 electionem
581 1630 789 1674 provincialis
815 1635 847 1662 et
870 1630 1007 1663 aliorum
1027 1630 1097 1663 osti-

361 1682 490 1716 cialium
515 1687 547 1715 et
570 1682 773 1726 superiorum
790 1682 892 1715 dictae
914 1682 1095 1725 provinciae

360 1735 401 1768 de
426 1745 507 1768 novo
533 1735 730 1778 erigendae,
757 1740 854 1778 atque
891 1735 953 1768 alia
977 1735 1093 1776 saciat,

359 1787 527 1831 provideat
550 1799 586 1821 ae
611 1788 763 1831 disponat
787 1789 826 1821 ad
861 1788 1096 1831 praescriptum

359 1839 488 1873 Ordinis
523 1841 790 1874 constitutionum
822 1845 854 1873 et
891 1841 1096 1874 decretorum

360 1893 624 1936 apostolicorum.

405 1945 420 1988 ἓ
445 1945 476 1979 3.
504 1946 724 1978 Decernentes
749 1945 880 1978 easdem
905 1950 1094 1988 praesentes

360 1997 483 2032 litteras
508 2008 637 2041 semper
653 1997 774 2038 firmas,
797 1997 917 2030 validas
938 2003 970 2030 et
995 1997 1096 2030 effica-

359 2060 413 2083 ces
434 2050 571 2083 existere
596 2055 629 2082 et
653 2050 735 2090 fore,
763 2060 902 2093 suosque
931 2050 1095 2093 plenarios

360 2109 392 2136 et
414 2102 559 2146 integros
585 2096 723 2143 effectus,
750 2103 857 2135 sortiri
879 2108 911 2135 et
935 2102 1093 2142 obtinere,

361 2166 397 2189 ae
420 2156 498 2197 illis,
514 2156 553 2189 ad
578 2166 659 2199 quos
683 2161 808 2199 spectat
823 2161 855 2188 et
871 2166 929 2199 pro
946 2161 1094 2199 tempore

360 2209 528 2253 spectabit,
552 2209 743 2253 plenissime
773 2207 960 2251 suffragari,
983 2208 1094 2252 sieque

361 2262 394 2295 in
418 2262 602 2305 praemissis
635 2272 694 2305 per
726 2272 948 2306 quoscumque
972 2262 1095 2295 iudices

360 2314 541 2348 ordinarios
555 2320 588 2348 et
611 2315 788 2358 delegatos,
806 2315 903 2347 etiam
928 2325 1096 2348 causarum

362 2367 472 2411 palatii
497 2367 668 2411 apostolici
693 2367 878 2408 auditores,
904 2367 1038 2401 iudicari
1065 2372 1097 2400 et

362 2420 489 2453 definiri
514 2421 634 2453 debere
652 2447 659 2461 ,
686 2430 721 2452 ae
744 2420 871 2453 irritum
895 2426 927 2453 et
949 2421 1045 2454 inane
1070 2421 1095 2453 si

361 2484 454 2506 secus
481 2484 578 2517 super
602 2474 653 2506 his
678 2484 696 2507 a
719 2484 893 2517 quoquam,
920 2474 1030 2518 quavis
1047 2485 1097 2507 au-

361 2526 522 2567 ctoritate,
547 2526 687 2560 scienter
710 2527 760 2560 vel
785 2526 981 2570 ignoranter,
1000 2527 1097 2560 eonti—

363 2579 448 2623 gerit
470 2580 632 2612 attentari.

444 2642 523 2670 buu.
543 2642 627 2676 Ηρηι.
641 2656 681 2672 -,-,
695 2640 862 2675 ΚρζῃΧῑῘΙΙ.
1010 2641 1045 2668 22

1117 210 1146 232 -jlt
1171 210 1212 232 Vll
1239 210 1286 231 Pr.

1791 198 1848 229 tius»

1185 257 1244 299 3¹4,
1265 256 1332 288 Non
1356 257 1562 288 obstantibus
1578 261 1606 288 et
1624 256 1754 288 minime
1774 261 1876 287 atten⁴

1122 314 1124 324 ¹
1142 310 1181 342 tis
1207 310 1349 342 decretis
1376 315 1407 341 et
1433 310 1588 342 clausulis
1607 309 1722 352 positis
1740 319 1800 352 per
1821 310 1876 341 lio-

1140 374 1198 394 nae
1225 362 1402 394 memoriae
1429 362 1620 405 episcopum
1639 373 1697 393 sen
1718 362 1875 394 vicarium

1139 416 1379 457 Agennensem,
1398 419 1429 445 et
1455 415 1717 457 quilmseumque
1745 414 1815 446 aliis
1841 415 1873 446 in

1138 466 1341 498 eontrarium
1368 466 1572 509 facientibus,
1606 467 1701 499 etiam
1739 467 1872 510 speciali

1137 518 1304 550 mentione
1331 519 1446 560 dignis,
1469 530 1504 550 ae
1529 519 1820 552 eonstitfutionilnis
1842 524 1874 552 et

1137 570 1400 603 ordinationibus
1416 571 1614 614 apostolicis,
1635 582 1762 604 necnon
1784 583 1873 614 prae-

1138 624 1277 656 fatorum
1303 623 1433 656 Ordinis
1467 628 1498 655 et
1532 624 1743 666 provinciae,
1775 625 1870 657 etiam

1135 677 1331 715 iuramento,
1353 675 1601 709 confirmatione
1617 677 1806 719 apostolica,
1822 679 1871 710 vel

1136 729 1248 772 quavis
1274 728 1427 761 firmitate
1457 729 1519 761 alia
1544 730 1718 769 roboratis,
1741 731 1870 762 statutis

1136 787 1165 815 et
1192 781 1501 821 consuetudinibus,
1522 782 1701 824 privilegiis
1728 793 1869 825 quoque,

1135 834 1270 867 indultis
1303 839 1335 866 et
1360 834 1479 866 litteris
1505 834 1695 876 apostolicis
1729 835 1760 866 in
1794 846 1871 867 eon-

1135 888 1273 920 trarium
1316 888 1575 930 praemissorum
1623 888 1871 930 quomodolibet

1135 940 1314 980 concessis,
1331 940 1530 973 confirmatis
1553 946 1585 973 et
1602 941 1781 979 innovatis3
1802 942 1870 984 qui-

1133 994 1194 1025 bus
1227 993 1378 1026 omnibus
1405 997 1437 1025 et.
1471 993 1629 1035 sirigiiliS‚
1662 993 1792 1025 illorum
1822 999 1870 1025 te-

1133 1056 1232 1078 nores
1265 1046 1498 1089 praesentibus
1520 1056 1580 1088 pro
1606 1047 1702 1089 plene
1730 1050 1762 1077 et
1782 1045 1870 1077 sussi-

1133 1099 1260 1131 eienter
1284 1098 1450 1141 expressis
1476 1109 1513 1130 ae
1542 1098 1581 1130 de
1607 1099 1708 1130 verbo
1735 1099 1773 1130 ad
1801 1109 1870 1130 ver-

1132 1152 1209 1183 bum
1226 1151 1359 1183 insertis
1384 1152 1557 1189 habentes,
1574 1150 1638 1183 illis
1656 1151 1735 1183 alias
1754 1152 1785 1182 in
1808 1162 1868 1183 suo

1132 1206 1251 1237 robore
1278 1204 1516 1247 permansuris,
1543 1205 1582 1236 ad
1608 1204 1867 1247 praemissorum

1132 1258 1296 1297 effectum,
1315 1258 1376 1290 hae
1399 1257 1468 1289 viee
1487 1258 1664 1297 dumtaxat,
1679 1257 1869 1300 specialiter

1132 1316 1163 1343 et
1177 1320 1332 1353 expresse
1349 1310 1561 1352 derogamus3
1581 1310 1768 1352 ceterisque
1789 1320 1868 1342 eon-

1131 1363 1241 1395 trariis
1268 1363 1545 1405 quibuscumque.

1174 1416 1288 1449 Datum
1310 1416 1341 1448 in
1360 1416 1442 1447 Arce
1461 1414 1657 1457 Gandulplii,
1671 1415 1866 1447 Albanensis

1131 1469 1314 1509 dioecesis,
1345 1469 1404 1501 sub
1433 1469 1553 1500 annulo
1583 1467 1781 1506 Piscatoris,
1815 1467 1867 1499 die.

1129 1531 1179 1554 xxi
1211 1521 1285 1553 maii
1321 1530 1488 1561 MDCLXIII,
1518 1519 1725 1563 pontificatus
1762 1519 1866 1552 nostri

1131 1585 1216 1607 anno
1242 1585 1282 1607 lx.

1165 1633 1224 1660 Dat.
1241 1632 1284 1661 die
1300 1634 1330 1660 21
1349 1633 1411 1660 maii
1429 1631 1506 1667 1663,
1521 1632 1619 1668 pontif.
1636 1639 1708 1660 anno
1722 1638 1759 1658 ix.

1394 1774 1604 1808 CDXXXVIII.

1130 1856 1279 1889 Decernae't
1299 1866 1338 1888 ne
1354 1855 1500 1898 deinceps
1522 1855 1558 1887 in
1576 1854 1770 1896 clefiniloriis
1793 1865 1866 1898 pro-

1173 1909 1359 1941 vinciarum
1375 1909 1517 1950 fratrum
1539 1908 1706 1940 Minorum
1732 1907 1866 1940 Ordinis

1173 1961 1277 1993 sancti
1300 1961 1470 1993 Franciscz·
1496 1960 1737 1993 recolleclorum
1772 1960 1867 2003 requi

1175 2014 1304 2047 Galliae
1333 2013 1395 2045 duo
1427 2014 1543 2056 fratres
1575 2014 1725 2056 yermani
1762 2013 1866 2046 locum

1172 2077 1228 2098 nec
1262 2076 1368 2099 vocem
1397 2065 1510 2098 habere
1533 2067 1665 2109 possint,
1689 2070 1729 2104 el,
1754 2066 1783 2098 si
1807 2066 1867 2109 qui

1173 2123 1270 2151 antea
1287 2119 1470 2159 habuerint,
1490 2123 1524 2152 ul
1549 2119 1680 2151 omnino
1697 2118 1866 2151 eoecluclan-

1175 2170 1262 2204 ίαν*ο

1321 2251 1489 2278 Alexander
1508 2251 1587 2285 Papa
1606 2251 1668 2284 VH,

1275 2296 1310 2322 ad
1330 2295 1462 2322 futuram
1481 2296 1526 2322 rei
1546 2296 1725 2323 memoriam.

1173 2367 1188 2410 ξ
1205 2366 1236 2399 l.
1255 2365 1333 2400 Cum
1349 2366 1449 2409 (sicut
1462 2366 1602 2400 dilectus
1620 2366 1706 2400 silius
1721 2366 1863 2410 Ephrem

1129 2420 1304 2461 Chasteau,
1323 2430 1423 2463 agens
1439 2424 1471 2453 et
1486 2425 1684 2463 procurator
1701 2419 1864 2464 generalis

1131 2474 1267 2507 fratrum
1292 2473 1452 2507 Minorum
1477 2473 1606 2507 Ordinis
1638 2473 1740 2506 saneti
1767 2473 1865 2505 Fran-

1112 2603 1115 2624 t
1168 2594 1178 2616 1
1196 2588 1234 2615 Ex
1248 2588 1359 2624 Regest.
1375 2587 1402 2615 in
1417 2588 1515 2616 Secret.
1533 2587 1610 2616 Brev.

1897 207 1942 230 An,
1963 208 1990 231 (ἶ,
2012 205 2075 230 10th

1959 266 2074 288 timu-tran.)

1890 294 2051 313 contrariorum.

1907 2370 2046 2397 Supplicatio.
