2247 3208
184 211 236 237 An.
253 209 281 237 C.
307 209 372 237 1564

188 903 300 924 Contraria
312 902 372 923 tollit.

242 2433 386 2457 'l‘r-'tnsltniplts

204 2459 273 2480 danda
289 2459 346 2478 tides.

420 199 483 233 ⁶236

382 258 529 290 futurum
539 254 787 298 quomodolibet
800 252 1015 295 speetalJit‚ut
1033 252 1119 284 hunc

383 312 571 355 generalem
591 309 729 341 indicem
745 308 943 350 vulgandum
962 311 994 339 et
1009 307 1121 340 obser-

381 364 520 397 vandum
552 372 612 405 pro
647 361 767 394 viribus
802 365 932 400 curent,
956 370 1119 392 memores

382 417 421 449 ad
447 415 543 448 oflicii
563 414 623 446 sibi
649 413 815 447 commissi
841 423 957 445 munus
976 412 1120 456 pertine-

383 479 418 500 re
445 473 481 499 ut
506 478 581 500 oves
608 466 762 499 dominici
789 465 895 508 gregis
922 471 986 498 tam
1018 476 1036 498 a
1067 476 1122 508 pa-

382 521 469 553 bulis
491 519 686 563 perniciosis
712 523 894 558 arceantur,
917 529 1013 561 quam
1034 519 1121 551 salu-

383 573 507 606 taribus
540 573 761 616 impleantur:
794 582 812 605 a
848 582 912 614 quo
950 571 976 603 si
1013 571 1120 614 (quod

383 626 489 669 absit)
524 636 583 669 per
615 625 770 657 malitiam
804 628 858 657 aut
887 624 1121 666 negligentiam

384 684 531 718 cessent,
557 678 701 711 omnium
732 678 909 717 malorum,
937 687 1018 720 quae
1045 677 1120 709 inde

384 722 577 774 gravissima
598 737 629 764 et
649 730 786 763 maxima
804 730 881 763 oriri
906 739 1042 762 necesse
1062 734 1120 769 est,

385 784 563 818 districtam
591 783 652 816 sibi
685 783 770 826 apud
800 793 951 815 severum
981 782 1123 815 iudicem

385 837 527 870 reddent
550 837 723 870 rationem.

429 891 444 933 ς
470 889 500 922 8.
527 889 598 922 Non
624 889 832 921 obstantibus
858 888 1057 931 apostolicis,
1085 898 1121 920 ac

386 943 418 976 in
455 942 695 975 universalibus
735 940 1053 984 provincialibusque
1091 945 1124 972 et

386 995 599 1039 synodalibus
617 994 762 1027 conciliis
788 993 892 1033 editis,
914 992 1122 1036 generalibus

386 1050 435 1081 vel
461 1048 666 1091 specialibus,
693 1046 985 1080 constitutionibus
1016 1050 1048 1077 et
1073 1055 1123 1078 or-

386 1101 628 1141 dinationibus,
656 1109 786 1132 necnon
820 1098 997 1142 quibusvis,
1025 1098 1122 1131 etiam

385 1155 582 1193 iuramento,
598 1152 847 1185 confirmatione
866 1151 1056 1195 apostolica,
1072 1152 1122 1183 vel

386 1207 500 1251 quavis
522 1206 679 1238 ‘firmitate
705 1206 767 1238 alia
792 1205 966 1245 roboratis,
993 1204 1121 1236 statutis

387 1266 419 1293 et
439 1259 745 1299 consuetudinilms,
771 1259 952 1302 privilegiis
980 1268 1121 1301 quoque,

386 1314 522 1346 indultis
545 1319 576 1346 et
601 1313 720 1346 litteris
746 1312 946 1355 apostolicis⁷
973 1312 1029 1343 sub
1056 1310 1124 1353 qui-

386 1367 582 1410 buscumque
611 1366 776 1399 tenoribus
801 1372 832 1398 et
857 1365 976 1404 formis,
993 1375 1028 1397 ac
1053 1374 1123 1395 cum

389 1420 553 1463 quibusvis
572 1419 720 1452 clausulis
738 1424 770 1451 et
786 1418 933 1456 decretis,
948 1417 979 1448 in
998 1422 1125 1449 contra-

387 1473 470 1506 rium
494 1473 743 1516 praemissorum
773 1470 1020 1514 quomodolibet
1050 1480 1126 1502 con-

388 1526 503 1565 cessis,
530 1525 738 1563 confflmatis,
764 1523 951 1567 approbatis
977 1529 1009 1555 et
1032 1522 1125 1555 inno-

387 1579 478 1619 vatis,
499 1579 614 1621 quibus
630 1578 778 1610 omnibus
796 1582 828 1609 et
840 1576 983 1619 singulis
999 1575 1124 1608 etiamsi

388 1643 446 1675 pro
477 1632 605 1665 illorum
636 1631 805 1664 sufficienti
840 1630 1049 1673 derogatione
1085 1630 1124 1662 de

388 1685 451 1718 illis
468 1696 645 1728 eorumque
669 1684 744 1717 totis
772 1684 938 1717 tenoribus
964 1683 1123 1726 specialis,

389 1737 546 1781 specifica,
577 1748 728 1781 expressa
753 1743 784 1769 et
809 1737 997 1775 individua,
1023 1746 1059 1768 ac
1085 1736 1124 1768 de

389 1791 488 1824 verbo
515 1792 553 1823 ad
578 1792 720 1829 verbnm,
745 1800 811 1823 non
837 1794 944 1822 autem
962 1800 1022 1833 per
1040 1790 1126 1822 clau—

390 1845 474 1877 sulas
490 1845 658 1886 generales
680 1844 766 1876 idem
792 1843 1013 1885 importantes‚
1039 1853 1127 1874 men-

391 1897 435 1928 tio
458 1907 514 1928 seu
540 1895 670 1938 quaevis
697 1896 759 1928 alia
785 1894 951 1938 expressio
977 1895 1128 1928 habenda

391 1954 445 1981 aut
480 1949 540 1981 alia
571 1948 730 1991 exquisita
761 1949 861 1981 forma
894 1948 932 1980 ad
967 1948 1029 1980 hoc
1061 1958 1127 1980 ser-

391 2002 494 2033 vanda
513 2002 606 2040 soret,
625 2007 755 2033 tenores
773 2000 958 2033 huiusmodi
976 2011 1129 2043 praesen-

392 2055 475 2086 tibus
496 2066 553 2097 pro
579 2056 674 2097 plene
690 2061 721 2087 et
745 2053 942 2087 sufficienter
967 2055 1127 2098 expressis

393 2114 425 2140 et
449 2107 576 2140 insertis
602 2108 774 2147 habentes,
798 2118 833 2140 ac
850 2108 986 2140 formam
1006 2107 1038 2139 in
1063 2107 1126 2139 illis

392 2161 545 2193 traditam
563 2171 622 2203 pro
638 2163 762 2193 servata
784 2161 955 2200 habentes,
970 2160 1034 2193 illis
1051 2160 1128 2192 alias

393 2213 426 2245 in
444 2224 500 2245 suo
528 2215 647 2246 robore
673 2214 898 2257 permansuris,
918 2214 957 2246 ad
974 2213 1129 2256 praernis-

394 2276 502 2298 sorum
529 2267 696 2305 effectum,
722 2266 904 2308 specialiter
924 2271 955 2298 et
979 2276 1128 2308 expresse

395 2319 600 2362 derogamus,
619 2319 797 2363 ceterisque
815 2320 984 2353 contrariis
998 2320 1130 2363 quibus-

396 2383 543 2415 eumque.

441 2426 455 2468 ξ
487 2425 518 2458 9.
551 2425 700 2458 Volumus
737 2431 844 2458 autem
876 2431 911 2458 ut
945 2426 1130 2458 earumdem

397 2478 618 2521 praesentium
636 2478 815 2510 litterarum
837 2479 1059 2521 transumptis,
1076 2489 1131 2511 seu

398 2531 561 2573 exemplis,
577 2531 672 2562 ctiam
687 2531 865 2573 impressis,
883 2542 977 2563 manu
996 2531 1130 2563 alieuius

399 2584 516 2617 notarii
535 2584 656 2627 publii-i
678 2584 880 2627 subscriptis,
894 2590 923 2616 et
938 2584 1045 2627 sigillo
1059 2595 1132 2628 per-

962 204 1062 228 BULLA
1068 204 1146 228 RIUM
1170 204 1322 228 ROMANUM

1165 261 1266 284 sonae
1287 251 1320 283 in
1333 252 1555 286 ecelesiastica
1569 254 1726 298 dignitate
1743 257 1901 291 constitu-

1165 310 1214 337 tae
1232 305 1374 345 munitis,
1394 306 1508 339 eadem
1528 317 1663 350 prorsus
1681 309 1761 342 fides
1779 311 1900 354 ubique

1165 358 1313 391 locorum
1333 363 1365 390 et
1389 358 1533 400 gentium
1566 361 1760 394 adhibeatur
1776 389 1784 403 ,
1818 374 1900 406 quae

1164 410 1244 454 ipsis
1278 411 1506 454 praesentibus
1539 412 1764 455 adhiberetur,
1796 415 1822 447 si
1854 416 1902 448 so-

1164 468 1238 496 rent
1261 463 1424 496 exhibitae
1439 465 1490 497 vel
1516 470 1680 498 ostensae.

1208 516 1322 549 Datum
1348 517 1479 557 Romae,
1506 519 1592 561 apud
1622 518 1652 551 S.
1680 519 1810 552 Mariam
1837 521 1901 554 Ma-

1164 568 1288 609 iorem,
1316 570 1377 602 sub
1413 571 1535 603 annulo
1571 571 1767 612 piscatoris,
1804 573 1854 606 die
1881 584 1900 607 v

1164 621 1270 654 martii
1301 632 1448 661 Mnctxw,
1474 623 1682 666 pontificatus
1713 626 1817 659 nostri
1842 637 1900 659 an-

1164 685 1206 707 no
1233 686 1273 708 ix.

1200 736 1257 763 Dat.
1274 736 1318 764 die
1332 738 1348 765 5
1363 738 1452 765 martii
1471 739 1551 773 1664,
1568 739 1664 774 pontif.
1681 747 1750 768 anno
1766 746 1803 768 m.

1376 908 1391 922 ,
1452 880 1602 914 anxvr

1166 958 1349 992 Juhz'laeum
1374 961 1558 993 universale
1582 961 1623 993 ad
1646 961 1792 994 divinam
1810 972 1900 1006 opem

1210 1013 1453 1056 implorandam
1473 1018 1585 1046 contra
1612 1015 1731 1047 Turcas
1745 1014 1766 1048 ¹.

1358 1093 1528 1120 Alexander
1548 1094 1625 1127 Papa
1641 1094 1693 1121 vn

1166 1145 1319 1172 Universis
1340 1145 1597 1180 christifidelibus,
1617 1150 1795 1181 praesentes
1815 1148 1901 1176 litte-

1200 1198 1249 1217 ras
1279 1191 1472 1224 inspecturis,
1498 1192 1628 1219 salutem
1652 1195 1683 1219 et
1703 1192 1898 1226 apostolicam

1200 1234 1450 1261 benedictionem.

1209 1312 1300 1350 Quod
1316 1313 1378 1346 iam
1396 1314 1520 1357 pluries
1542 1315 1671 1348 indictis
1689 1315 1819 1358 publice
1841 1326 1901 1358 per

1166 1366 1352 1399 universum
1378 1367 1593 1400 christianum
1615 1368 1729 1401 orbem
1748 1369 1901 1411 precibus

1167 1431 1184 1452 a
1208 1419 1299 1453 Patre
1326 1420 1627 1454 misericordiarum
1651 1421 1902 1464 flagrantissimo

1167 1473 1273 1505 cordis
1310 1473 1425 1505 affectu
1458 1474 1670 1516 flagitavimus
1705 1479 1741 1506 ut
1772 1485 1903 1517 rempu-

1167 1525 1285 1559 blicam
1299 1526 1510 1559 christianam
1529 1528 1567 1559 ab
1588 1527 1835 1560 imminentibus
1850 1538 1905 1570 pe-

1168 1579 1279 1612 riculis
1317 1582 1376 1611 sua
1410 1580 1528 1612 virtute
1568 1580 1652 1613 tueri
1689 1580 1901 1623 dignaretur,

1167 1632 1253 1665 idem
1267 1643 1352 1665 nunc
1365 1633 1513 1673 maxime,
1525 1634 1655 1676 quando
1671 1633 1814 1666 nefarius
1825 1633 1904 1665 Tur-

1168 1696 1279 1719 carum
1301 1691 1457 1729 tyrannus
1479 1696 1616 1728 regnum
1633 1685 1827 1728 Hungariae,
1850 1685 1904 1717 fir-

1168 1749 1253 1771 mum
1279 1739 1356 1771 olim
1382 1738 1635 1771 christianarum
1652 1749 1763 1772 rerum
1780 1738 1904 1782 praesi-

1169 1792 1266 1833 dium,
1282 1797 1329 1824 tot
1343 1792 1489 1824 cladibus
1504 1790 1618 1832 affecit,
1629 1802 1690 1824 nec
1703 1793 1808 1824 solum
1823 1792 1904 1824 illud

1170 1845 1200 1876 in
1227 1856 1318 1877 suam
1351 1850 1545 1887 potestatem
1575 1844 1707 1877 omnino
1738 1844 1902 1886 redigere,

1170 1898 1227 1930 sed
1254 1897 1351 1930 etiam
1375 1897 1450 1930 inde
1476 1897 1509 1929 in
1534 1897 1612 1930 alias
1638 1896 1833 1930 christianas
1859 1896 1906 1929 di-

1170 1951 1274 1983 tiones
1299 1951 1500 1993 irrumpere,
1526 1961 1664 1993 easque,
1691 1961 1755 1993 qua
1784 1955 1833 1982 est
1857 1949 1906 1981 in-

1171 2003 1310 2036 satiabili
1335 2003 1524 2038 dominandi
1553 2003 1706 2042 libidine,
1731 2002 1828 2034 armis
1855 2013 1907 2034 oc-

1170 2066 1300 2099 cupare,
1327 2061 1358 2088 et
1383 2056 1628 2087 lllaliumetanae
1650 2054 1803 2097 perfidiae
1830 2055 1907 2087 abo-

1171 2108 1348 2140 minatione
1373 2107 1551 2140 Ecclesiam
1575 2107 1631 2139 Dei
1664 2107 1723 2139 vivi
1754 2108 1904 2150 polluere

1170 2161 1315 2194 maximis
1331 2161 1451 2193 viribus
1467 2160 1728 2203 sorinidabilique
1747 2165 1905 2203 apparatu

1171 2214 1311 2253 molitur,
1335 2214 1442 2246 denuo
1468 2213 1647 2246 laciendum
1674 2223 1746 2245 esse
1772 2212 1906 2245 arbitra-

1171 2278 1253 2300 mur.

1215 2320 1229 2362 ἓ
1253 2319 1284 2351 ’1.
1312 2319 1399 2357 Nam,
1421 2318 1495 2351 lieet
1513 2319 1664 2362 quicquid
1683 2318 1776 2351 nobis
1795 2323 1845 2350 est
1860 2317 1905 2350 vi-

1172 2372 1256 2404 rium
1289 2377 1321 2404 et
1355 2371 1482 2404 consilii
1515 2371 1547 2403 in
1579 2382 1691 2404 causae
1726 2370 1905 2404 communis

1173 2425 1343 2457 tuitionem
1362 2430 1516 2468 prompto
1538 2431 1568 2457 et
1586 2425 1683 2457 alacri
1701 2424 1809 2456 animo
1828 2434 1905 2456 con-

1174 2479 1259 2511 ferre
1285 2488 1350 2511 non
1375 2488 1557 2519 cessemus,
1583 2488 1680 2510 vanos
1714 2482 1821 2510 tamen
1848 2476 1907 2510 sci-

1212 2593 1221 2619 l
1245 2592 1281 2619 Ex
1303 2592 1408 2627 Regest.
1430 2593 1455 2619 in
1475 2593 1576 2620 Secret.
1598 2592 1673 2619 Brev.

1906 210 1958 238 An.
1975 211 2004 238 C.
2029 212 2094 239 1604

1939 1329 2060 1350 Exordium,

1942 2326 2048 2348 llortatio.
