2247 3208
171 285 223 311 An.
242 285 269 311 C.
289 285 356 311 taos

198 448 312 474 Ruspi-usit)
327 450 352 469 de

170 479 210 499 qua
227 481 247 494 ,1)
262 475 353 496 rubrica,

196 972 294 992 mausum
307 973 351 992 sub-

167 992 208 1018 It‘ij
234 1001 261 1027 ot>
279 998 351 1019 decre-

167 1027 211 1049 1119
226 1027 316 1046 urit-ins.

328 1763 331 1765 ’
361 1755 565 1795 auctoritate,
591 1756 729 1789 iudicari
757 1762 788 1790 et
812 1757 940 1790 deliniri
963 1759 1097 1800 debere,

195 1974 351 1995 Contrariorum

169 2002 286 2026 derogatio.

204 2288 354 2315 Tritisumptu-

171 2321 215 2336 rutu
231 2315 290 2335 tides.

403 276 466 309 7024
942 287 1122 311 nrttmusn

367 334 442 376 quid
459 334 543 367 circa
563 334 653 366 illum
670 335 786 367 deinde
802 334 962 367 observari
976 335 1100 375 debeat,

365 387 455 419 Sedis
482 388 687 429 Apostolicae
714 388 833 421 iudicio
859 394 1026 420 statuatur.

408 440 467 482 gn.
484 440 660 483 Propterea
680 441 929 484 exequutionem
943 441 1101 474 dictarum

365 492 544 525 Innocentii
570 494 831 536 praedecessoris
863 495 1044 527 litterarum
1068 494 1100 526 in

365 548 401 578 ea
426 551 529 588 parte,
557 546 608 578 cui
635 557 692 589 per
710 547 908 589 supradictas
927 547 1099 580 Alexandri

363 598 627 640 praedecessoris
656 599 778 632 litteras
815 600 1004 642 derogatum
1036 610 1100 632 non

364 651 432 689 fuit,
457 651 649 683 auctoritate
676 657 708 684 et
733 657 843 685 tenore
867 653 1039 695 praedietis
1057 654 1100 686 in-

364 703 455 734 terim
481 704 725 746 suspendimus,
746 705 911 748 illamque,
930 716 1033 748 usque
1060 706 1099 739 ad

363 757 652 798 congregationem
672 758 868 799 generalem,
889 769 925 791 ex
943 759 1100 801 praescri-

362 813 416 850 pto
441 809 709 842 constitutionum
729 809 897 843 Societatis
914 811 1097 854 praedictae

363 865 448 893 iuxta
471 862 636 904 praedicta
661 862 766 904 primo
791 864 1030 902 celebrandam,
1059 864 1100 896 es-

364 913 446 945 t'ectu
473 924 582 947 carcre
602 916 750 948 volumus
765 921 862 959 atque
880 917 1095 949 decernimus.

407 966 461 1009 37.
486 964 700 1001 Decernentes
717 969 838 1011 pariter
856 970 986 1002 easdem
1004 980 1099 1012 prae-

364 1023 471 1052 sentes
496 1019 618 1052 litteras
635 1020 751 1060 firmas,
769 1022 888 1054 validas
906 1027 936 1054 et
953 1021 1098 1054 efficaces

364 1072 502 1104 existere
528 1078 558 1104 et
583 1073 672 1112 sore,
702 1084 844 1117 suosque
881 1075 1043 1117 plenarios
1068 1079 1100 1106 et

362 1124 507 1166 integros
533 1124 663 1158 effectus
689 1126 797 1159 sortiri
825 1133 855 1159 et
879 1128 1038 1167 obtinere,
1064 1138 1099 1160 ac

363 1178 402 1209 ab
427 1177 499 1217 illis,
526 1178 564 1211 ad
590 1189 672 1221 quos
688 1185 813 1222 spectat
829 1185 858 1212 et
876 1191 935 1223 pro
954 1186 1098 1224 tempore

362 1230 540 1273 spectabit,
568 1231 796 1265 inviolabiliter
821 1234 1010 1274 observari,
1038 1235 1099 1267 sic-

363 1293 426 1324 que
464 1288 494 1315 et
530 1294 594 1316 11011
628 1284 720 1316 aliter
752 1285 783 1317 in
816 1286 1004 1328 praemissis
1041 1297 1099 1329 per

363 1346 585 1379 quoscumque
612 1337 733 1370 iudices
752 1338 930 1371 ordinarios
958 1345 987 1371 et
1013 1340 1099 1372 dele-

363 1393 464 1429 gatos,
491 1389 587 1421 etiam
612 1400 780 1422 causarum
798 1392 907 1433 palatii
929 1393 1097 1434 apostolici

364 1441 546 1481 auditores,
572 1453 608 1474 ac
634 1442 778 1475 eiusdem
813 1443 843 1475 S.
871 1444 907 1476 R.
934 1444 967 1476 E.
996 1445 1099 1478 cardi-

363 1494 464 1531 nales,
492 1494 587 1526 etiam
614 1495 651 1527 de
677 1496 778 1528 latere
804 1497 936 1538 legatos,
964 1503 995 1530 et
1019 1498 1099 1530 alios

364 1546 527 1588 quoslibet
552 1558 752 1590 (piacumque
785 1550 1042 1592 praeeminentia
1068 1556 1099 1583 et

361 1603 520 1640 potestate
548 1598 718 1640 fungentes
750 1605 779 1631 et
819 1600 998 1640 suncturos,
1025 1602 1100 1633 sub-

361 1650 425 1682 lata
452 1651 497 1682 eis
524 1656 555 1682 et
580 1661 693 1683 eorum
719 1652 850 1685 cuilibet
871 1654 980 1696 quavis
1005 1655 1100 1686 aliter

362 1702 528 1735 iudicandi
555 1708 586 1735 et
612 1704 852 1747 interpretandi
890 1706 1042 1739 facultate
1069 1712 1100 1739 et

362 1818 398 1839 ac
423 1808 552 1840 irritum
578 1814 610 1841 et
634 1809 731 1842 inane
758 1811 783 1842 si
809 1821 899 1843 secus
926 1822 1026 1855 super
1047 1813 1098 1845 his

362 1871 379 1892 a
405 1872 581 1904 quoquam,
603 1862 715 1905 quavis
733 1863 938 1903 auctoritate,
959 1864 1100 1897 scienter

363 1914 412 1946 vel
438 1914 641 1955 ignoranter,
669 1915 844 1957 contigerit
868 1917 1031 1949 attentari.

409 1967 423 2009 ξ
448 1966 479 1999 8.
507 1967 576 1999 Non
604 1969 807 2001 obstantibus
825 1969 986 2012 praedicti
1011 1970 1100 2003 Inno-

364 2019 463 2051 centii
496 2021 759 2062 praedecessoris
796 2022 932 2061 litteris,
970 2033 1099 2055 necnon

364 2072 514 2104 omnibus
541 2078 572 2104 et
601 2073 736 2115 singulis
766 2074 832 2106 illis
864 2086 946 2118 quae
980 2085 1101 2108 memo-

365 2130 451 2156 ratus
489 2126 669 2158 Alexander
702 2127 936 2168 praedecessor
968 2128 998 2162 in
1035 2139 1099 2161 stus

364 2176 480 2209 litteris
505 2178 699 2220 supradictis
725 2179 828 2211 voluit
856 2190 921 2212 non
947 2181 1097 2221 obstare,

364 2229 544 2272 ceterisque
570 2231 740 2264 contrariis
767 2232 1041 2275 quibuscumque.

409 2282 423 2324 ἓ
463 2282 493 2315 O.
539 2284 688 2317 Volumus
736 2291 842 2318 autem
882 2291 917 2317 ut
957 2286 1099 2329 ipsarum

364 2337 583 2377 praesentium
604 2338 780 2371 litterarum
805 2340 1027 2383 transumptis,
1042 2351 1100 2373 seu

365 2389 530 2431 exemplis,
557 2390 653 2422 etiam
678 2391 859 2434 impressis,
883 2403 977 2425 manu
1003 2394 1099 2426 alicu-

365 2441 412 2472 ius
439 2442 554 2473 notarii
581 2443 701 2484 publici
722 2445 770 2476 vel
798 2446 967 2478 secretarii
993 2447 1098 2479 dictae

364 2494 532 2527 Societatis
565 2496 772 2539 subscriptis,
807 2503 839 2530 et
871 2498 978 2540 sigillo
1008 2510 1100 2542 prae-

364 2547 461 2589 positi
488 2548 649 2589 generalis
674 2549 817 2581 eiusdem
842 2550 1012 2584 Societatis
1041 2563 1098 2584 seu
1119 2561 1120 2576 t

365 2600 498 2632 alterius
521 2611 679 2643 personae
702 2601 733 2632 in
753 2603 972 2635 ecclesiastica
999 2605 1099 2646 digni·
1119 2618 1120 2647 j

364 2658 427 2685 tate
453 2653 645 2686 constitutae
671 2654 817 2695 munitis,
834 2656 945 2688 eadem
964 2667 1097 2699 prorsus

1146 288 1297 313 nontrttx'mt

1144 335 1222 369 tides
1254 337 1285 369 in
1319 338 1440 372 iudicio
1476 346 1508 372 et
1538 346 1625 374 extra
1658 342 1874 382 adhibeatur,

1144 400 1224 432 quae
1249 392 1473 433 praesentibus
1497 393 1576 436 ipsis
1603 395 1823 436 adhiberetur,
1850 396 1877 428 si

1144 443 1251 475 forent
1275 444 1438 478 exhibitae
1457 447 1505 479 vel
1527 451 1689 480 ostensae.

1186 497 1301 529 Datum
1326 498 1465 539 Romae,
1492 501 1576 542 apud
1604 500 1635 533 S.
1664 501 1791 533 Mariam
1817 502 1879 535 Ma-

1142 547 1267 588 iorem,
1307 551 1364 582 sub
1398 553 1518 584 annulo
1551 552 1738 593 Piscatoris,
1766 553 1817 586 die
1841 564 1879 587 xx

1143 602 1338 643 septembris
1362 613 1549 644 MDchvnl,
1583 604 1789 647 pontificatus
1822 616 1880 640 no-

1142 652 1198 684 stri
1225 664 1310 687 anno
1336 665 1371 688 11.

1176 715 1236 742 Dat.
1254 716 1296 743 die
1312 716 1345 744 20
1359 717 1521 752 septembris
1539 719 1615 752 1668,
1633 719 1726 754 pontif.
1744 728 1813 747 anno
1829 727 1860 749 11.

1443 858 1574 891 LXXIX.

1141 934 1319 967 Inbilaeum
1344 947 1402 978 pro
1426 948 1522 978 reqno
1548 939 1705 971 Polom'ae
1737 940 1879 984 aliisque

1182 989 1359 1030 qn'om'nciis
1384 994 1411 1021 et
1436 990 1611 1024 ditionibus
1632 993 1701 1034 reyz'
1722 993 1878 1026 Polom'ae

1184 1041 1333 1073 subiectis
1357 1042 1399 1074 acl
1416 1043 1661 1085 implorandum
1683 1045 1830 1077 divinam
1847 1057 1879 1079 0-

1183 1103 1256 1136 pem
1279 1104 1337 1136 pro
1359 1098 1521 1138 prosperis
1546 1097 1685 1129 eiusdem
1704 1099 1798 1140 requi
1810 1109 1880 1131 suc·

1185 1146 1331 1179 cassibus.

1360 1227 1493 1254 clemens
1515 1228 1592 1262 Papa
1612 1229 1658 1262 lx,

1261 1271 1296 1297 ad
1315 1274 1492 1304 perpetuam
1511 1272 1556 1299 rei
1577 1273 1756 1301 memoriam.

1184 1340 1228 1373 De
1254 1342 1355 1374 salute
1381 1343 1534 1376 dominici
1561 1345 1668 1387 gregis
1698 1356 1795 1378 curae
1821 1356 1878 1378 no-

1142 1399 1227 1426 strae
1253 1394 1405 1427 divinitus
1429 1396 1591 1428 commissi
1625 1402 1778 1440 paternae
1805 1399 1879 1432 clia-

1141 1446 1245 1479 ritatis
1261 1447 1367 1479 studio
1381 1448 1520 1489 solliciti,
1540 1449 1625 1481 inter
1642 1455 1689 1483 tot
1706 1456 1877 1494 tantasque

1142 1499 1306 1541 angustias
1334 1500 1450 1544 quibus
1476 1508 1585 1535 sancta
1610 1503 1706 1535 Mater
1738 1504 1878 1536 Ecclesia

1143 1551 1192 1584 his
1219 1553 1505 1586 calamitosissimis
1532 1555 1732 1598 temporibus
1759 1556 1880 1599 premi-

1142 1608 1204 1643 tur,
1230 1605 1414 1646 gravissima
1435 1617 1516 1649 quae
1535 1607 1567 1639 in
1592 1607 1703 1640 inclito
1723 1607 1878 1640 Poloniae

1142 1666 1243 1698 regno
1269 1657 1309 1689 de
1335 1658 1499 1700 praesenti
1526 1665 1665 1702 aguntur
1683 1660 1819 1703 negocia
1836 1670 1879 1692 as-

1142 1709 1231 1742 sidue
1257 1711 1413 1743 volvimus
1435 1711 1551 1752 animo,
1572 1717 1603 1744 et
1623 1712 1696 1753 illis,
1724 1717 1879 1756 quantum

1142 1761 1296 1794 Dominus
1320 1763 1440 1795 donare
1463 1763 1622 1806 dignatur,
1642 1766 1811 1798 consulere
1831 1775 1879 1797 sa-

1144 1814 1295 1856 tagimus.

1186 1867 1201 1909 ξ
1225 1866 1256 1899 ¹1.
1284 1867 1352 1900 Hoc
1376 1868 1523 1909 consilio,
1544 1874 1575 1901 et
1598 1869 1731 1912 privatis
1757 1870 1878 1902 nostris

1143 1918 1306 1951 sacrificiis
1336 1925 1431 1963 atque
1456 1921 1606 1964 precibus
1634 1921 1815 1955 accedimus
1839 1922 1878 1954 ad

1143 1982 1265 2004 sacram
1291 1973 1587 2006 misericordiarum
1615 1974 1742 2007 Domini
1767 1985 1853 2007 aram
1869 2002 1876 2016 ,

1143 2031 1173 2057 et
1199 2026 1343 2068 publicas
1370 2027 1402 2058 in
1428 2027 1510 2059 alma
1534 2027 1618 2060 Urbe
1644 2030 1754 2060 nostra
1771 2029 1879 2061 ortho-

1143 2080 1243 2112 doxae
1273 2078 1347 2111 fidei
1381 2089 1452 2112 arce
1484 2080 1650 2112 orationes
1682 2080 1878 2121 indiximus,

1142 2137 1177 2164 ut
1197 2132 1469 2165 clementissimus
1486 2132 1640 2165 Dominus
1666 2137 1786 2174 noster,
1805 2132 1879 2165 side·

1142 2184 1220 2218 1111111
1246 2195 1374 2217 suorum
1399 2186 1549 2228 precibus
1567 2191 1724 2226 exoratus,
1751 2185 1878 2228 religio-

1142 2249 1216 2270 nem
1241 2238 1450 2270 christianam
1483 2237 1644 2281 fidemque
1682 2238 1877 2271 catholicam

1144 2291 1263 2333 ubique
1276 2295 1308 2323 et
1323 2291 1516 2334 praesertim
1535 2291 1567 2323 in
1583 2297 1760 2324 memorato
1775 2302 1877 2334 regno

1142 2343 1297 2375 poloniae
1322 2343 1404 2375 tueri
1431 2348 1525 2387 atque
1550 2349 1737 2387 protegere,
1764 2354 1877 2387 pacem

1142 2401 1235 2439 atque
1262 2396 1442 2429 animorum
1474 2397 1605 2440 publico
1635 2396 1797 2430 Ecclesiae
1828 2407 1878 2430 re-

1142 2448 1259 2491 gnique
1285 2449 1372 2481 bono
1398 2449 1492 2481 unice
1518 2449 1715 2481 studentium
1745 2459 1877 2482 concor-

1142 2503 1226 2535 diam
1247 2501 1381 2535 tirmiter
1411 2502 1553 2534 stabilire
1586 2508 1681 2545 atque
1714 2501 1872 2542 solidare,

1141 2565 1379 2598 pivsperosque
1413 2566 1519 2587 rerum
1544 2564 1708 2588 successus
1734 2554 1875 2597 benigne

1142 2607 1251 2649 largiri
1278 2608 1440 2649 dignetur.
1469 2608 1501 2640 td
1526 2607 1632 2650 ipsum
1649 2613 1683 2639 ut
1708 2612 1738 2640 et
1763 2606 1876 2640 fideles

1142 2660 1285 2692 eiusdem
1311 2660 1413 2703 regni,
1431 2670 1511 2703 quos
1533 2660 1663 2702 negotia
1689 2659 1877 2692 huiusmodi

1885 292 1935 320 Αη.
1953 292 1982 319 C.
2003 293 2070 321 ⁴¹68ss

1915 1352 2055 1374 Prooemium.

1942 1876 2019 1896 Procas
2034 1875 2073 1896 il:-

1891 1902 1976 1923 rand-ae.
