2247 3208
147 217 200 244 An.
218 219 247 243 C.
269 217 333 244 ¹062

185 492 275 514 Quinam
290 491 328 512 atl-

145 518 239 537 tniuewli
248 519 274 538 ad
283 525 327 538 ina·

144 547 260 569 sisti-rium.

165 1019 265 1044 Magister
274 1025 321 1047 pro·

138 1051 213 1067 mutu*-

174 1601 204 1623 De
230 1609 317 1628 praece-

135 1629 211 1649 dmtus
225 1632 268 1650 tuin
284 1636 317 1650 vx-

135 1659 165 1675 tra
197 1659 237 1676 tum
263 1657 316 1677 intra

133 1683 258 1709 capitulum.

927 215 1116 238 ALEXANDER
1139 216 1183 239 VII
1208 217 1256 239 PP.

341 264 457 308 gaudet
471 264 560 306 prior
574 264 861 305 Barrliinonensis,
885 269 915 297 et
941 264 1079 307 quilibet

340 317 440 358 alius,
466 317 543 350 dum
568 316 671 350 officio
700 317 805 350 vicarii
836 317 998 360 generalis
1032 322 1079 349 to-

341 370 403 403 tius
435 370 602 413 religionis
635 370 794 413 fungitur,
830 371 913 403 iuxta
949 370 1078 402 decreta

339 428 522 456 nostrarum
548 424 825 457 constitutionum.

383 486 474 509 Lxxv.
501 476 674 510 Praeterea
703 476 843 509 decrevit
861 475 1077 508 etdeclaravit

337 529 540 573 praedictum
567 532 718 573 generale
744 529 963 563 definitorium
988 530 1074 571 quod

336 583 369 615 in
386 592 456 626 cap.
474 593 534 616 xxv
549 582 763 616 distinctionis
777 582 935 614 secundae
951 586 1074 614 nostra-

337 645 407 667 rum
437 636 718 675 constitutionum,
752 635 805 667 ubi
840 635 957 668 dicitur
986 634 1073 678 quod

334 688 440 721 solum
464 692 538 721 sunt
562 687 759 721 admittendi
783 687 826 720 ad
848 688 1073 731 nzaqisteri‘um

333 742 394 785 qui
426 742 549 785 fuerint
581 742 616 774 in
646 741 904 774 conclusionibus
933 741 1073 784 publicis

333 797 369 828 in
393 795 539 838 capitulo
563 795 711 838 yeneralt'
733 794 782 827 vel
800 795 999 838 provinciali
1018 805 1073 838 ap-

329 849 478 891 prohalz',
505 849 689 882 addendum
721 854 789 888 cst,
814 852 870 881 au!
898 847 1011 881 saltem
1036 849 1071 881 in

331 900 444 945 aliquo
470 901 573 934 nostri
600 900 738 935 Ordinis
762 901 895 945 colleqio
918 902 983 934 sire
1002 911 1071 934 con-

332 959 428 987 ventu
451 955 648 988 studiorum.

375 1018 479 1041 Lxxvr
515 1008 652 1052 Insuper
679 1008 881 1052 praedictum
917 1010 1069 1051 generale

332 1061 553 1095 definitorium
582 1063 691 1095 statuit
720 1074 756 1095 ac
789 1063 948 1095 ordinavit
985 1064 1069 1106 quod

331 1115 484 1158 magister
501 1116 663 1158 generalis
683 1116 715 1148 in
737 1115 980 1149 confirmatione
1000 1127 1070 1159 gra-

331 1168 390 1200 dus
415 1168 592 1211 magisterii
619 1168 768 1212 designet
800 1169 941 1212 aliquem
970 1169 1069 1212 magi-

329 1225 429 1253 strum
457 1220 682 1254 confirmatum
714 1222 747 1254 in
778 1227 998 1265 promotorem
1029 1223 1068 1257 ad

330 1275 424 1307 talem
450 1274 586 1316 gradum
612 1275 715 1308 forma
739 1280 924 1308 nostrarum
949 1276 1068 1309 consti-

329 1327 490 1360 tutionum
515 1328 764 1370 conferendum,
792 1340 809 1362 a
844 1340 907 1373 quo
938 1340 1068 1373 promo-

327 1380 450 1414 vendus
477 1381 669 1414 solemniter
694 1382 830 1424 gradum
855 1383 990 1426 recipiat
1019 1383 1068 1415 in-

329 1438 377 1467 tra
402 1434 483 1468 duos
512 1445 642 1467 menses
666 1439 742 1478 post
765 1435 1064 1469 confirmationem:

328 1487 422 1520 aliter
437 1492 544 1521 autem
566 1493 696 1521 maneat
709 1488 778 1532 ipso
796 1483 879 1522 sacto
894 1490 949 1522 tali
964 1491 1067 1532 gradu

328 1540 484 1584 privatus.

372 1604 488 1627 Lxxvn.
517 1593 687 1628 Praeterea
708 1595 770 1628 hoc
791 1595 990 1638 praedictum
1012 1606 1066 1639 ge-

328 1648 437 1680 nerale
463 1647 681 1680 definitorium
711 1648 869 1689 decrevit,
894 1648 979 1681 iuxta
1013 1649 1067 1681 de-

328 1706 452 1734 cretum
466 1701 595 1744 capituli
615 1701 774 1744 generalis
795 1701 938 1734 Toletani
957 1713 974 1735 a
996 1714 1067 1736 san-

328 1748 472 1787 ctissimo
497 1753 629 1788 domino
654 1754 784 1788 Urbano
809 1755 872 1787 VIII
897 1755 1067 1788 confirma-

329 1812 411 1848 tum,
438 1812 470 1840 et
494 1807 641 1841 similiter
665 1808 753 1840 iuxta
779 1808 910 1841 decreta
934 1809 1065 1852 capituli

328 1861 487 1903 generalis
512 1861 716 1902 Mureiensis,
743 1862 845 1904 quod,
868 1867 903 1894 ut
931 1862 1065 1896 omnino

327 1913 480 1956 deinceps
504 1913 608 1956 litigia
632 1913 718 1946 circa
748 1914 896 1947 ordinem
929 1915 1064 1948 sedendi

326 1967 486 1999 evitentur
516 1967 602 2000 inter
627 1967 799 2010 magistros
825 1973 856 2000 et
879 1973 1065 2011 praesenta—

325 2025 392 2060 tos,
410 2026 554 2053 servetur
571 2021 651 2054 ordo
668 2020 756 2053 iuxta
777 2022 895 2063 gradus
910 2032 974 2054 non
988 2032 1064 2055 vero

325 2072 536 2116 professionis
586 2074 822 2117 antiquitatem.
875 2074 1065 2108 Definitores

327 2126 510 2169 provinciae
546 2133 578 2160 et
612 2127 800 2160 definitores
836 2138 871 2161 ac
908 2129 1065 2162 electores

328 2181 516 2220 generales,
541 2181 567 2213 si
589 2180 652 2213 sint
676 2181 839 2223 magistri,
865 2183 1066 2224 praecedant

327 2242 440 2264 omnes
462 2233 543 2266 alios
566 2234 754 2276 magistros,
778 2234 803 2266 si
825 2244 901 2267 vero
918 2234 1064 2277 magistri

326 2295 392 2318 non
423 2286 555 2327 suerint,
582 2287 646 2320 sint
674 2288 835 2330 magistris
864 2288 1061 2329 immediati,

326 2339 448 2372 etiamsi
474 2351 540 2373 non
561 2340 626 2373 sint
639 2341 853 2384 praesentati,
873 2341 957 2374 inter
973 2340 1063 2385 ipsos

326 2397 433 2426 tamen
463 2394 543 2427 ordo
569 2393 767 2437 antiquitatis
793 2400 951 2428 servetur.
979 2395 1064 2430 Haec

325 2446 368 2478 ita
403 2452 477 2479 sunt
512 2452 600 2480 extra
636 2447 822 2490 capitulum.
857 2448 941 2481 Intra
977 2448 1064 2491 capi-

327 2500 428 2532 tulum
461 2510 554 2540 vero,
594 2500 619 2532 si
657 2500 697 2532 sit
733 2500 948 2543 provinciale,
985 2500 1063 2533 defi-

1121 264 1226 296 electo
1252 269 1284 297 et
1307 264 1467 298 absoluto.
1494 265 1528 298 In
1554 266 1693 310 capitulo
1714 279 1789 302 vero
1807 280 1860 311 ge-

1120 317 1239 357 nerali,
1259 317 1473 360 provinciales
1489 319 1553 352 sint
1572 319 1748 354 immedititi
1766 333 1860 366 prae-

1120 368 1237 401 sidenti
1263 369 1349 403 iuxta
1372 371 1610 414 provinciarum
1636 374 1856 418 antiquitateS,

1120 421 1237 454 deinde
1277 423 1368 465 prior
1408 424 1702 468 Barcliinonensis,
1733 428 1759 461 si
1792 440 1857 462 non

1118 473 1319 516 praesideat,
1343 481 1456 519 postea
1481 485 1671 520 procurator
1695 483 1855 523 generalis

1118 525 1149 558 in
1189 527 1276 560 curia
1311 528 1454 562 Romana
1470 558 1477 571 ‚
1517 537 1629 574 postea
1669 534 1854 569 definitores

1118 581 1287 621 generales
1330 581 1416 614 iuxta
1458 583 1684 626 antiquitatem
1726 597 1854 622 suarum

1116 632 1368 675 provinciarum,
1390 639 1421 667 et
1439 635 1577 678 denique
1602 638 1715 671 eodem
1740 640 1853 674 ordine

1116 685 1292 719 succedant
1328 697 1440 720 omnes
1476 690 1634 723 electores
1672 694 1849 733 generales.

1116 737 1205 772 Prior
1229 750 1303 772 vero
1325 740 1616 783 Barchinonensis,
1641 743 1694 786 qui
1716 745 1851 779 vicarius

1115 792 1276 834 generalis
1292 793 1387 826 totius
1405 793 1532 828 Ordinis
1551 796 1660 837 suerit,
1679 797 1763 830 intra
1780 810 1852 842 pro-

1114 845 1250 878 vinciam
1275 846 1469 889 Aragoniae,
1497 849 1522 881 si
1555 849 1651 882 suerit
1682 851 1850 893 magister,

1114 907 1227 931 omnes
1268 899 1347 932 alios
1384 901 1554 943 magistros
1592 903 1787 945 praecedat;
1824 905 1851 937 si

1113 955 1218 984 autem
1249 958 1489 995 praesentatus,
1515 964 1627 987 omnes
1651 955 1737 999 illos*
1764 962 1851 990 ante-

1113 1005 1206 1038 cedat
1230 1011 1466 1049 praesentatos.
1494 1008 1602 1041 Patres
1634 1014 1743 1042 autem
1774 1021 1850 1054 pro-

1111 1058 1264 1092 vinciales
1290 1065 1419 1093 servent
1442 1060 1526 1094 inter
1550 1072 1583 1094 se
1601 1062 1848 1105 provincialatus

1112 1112 1161 1143 sui
1187 1112 1425 1155 antiquitatem,
1444 1114 1570 1147 etiamsi
1589 1115 1651 1148 alio
1676 1116 1850 1159 fungantur

1112 1164 1228 1197 officio.
1256 1165 1340 1198 Socii
1369 1167 1514 1209 magistri
1547 1169 1710 1211 generalis
1741 1171 1849 1203 locum

1111 1217 1252 1250 habeant
1286 1218 1507 1253 immediatum
1542 1222 1687 1265 patribus
1719 1223 1849 1266 provin-

1110 1270 1195 1311 ciae,
1211 1271 1244 1303 in
1265 1282 1326 1314 qua
1343 1272 1521 1314 extiterint,
1540 1275 1584 1306 ita
1603 1279 1638 1307 ut
1656 1286 1768 1308 omnes
1786 1286 1849 1308 ma-

1111 1324 1228 1368 gistros
1247 1325 1456 1369 praecedant.
1475 1326 1584 1360 Patres
1605 1328 1752 1370 graduati
1773 1328 1849 1362 alia-

1109 1389 1179 1411 rum
1204 1379 1461 1422 provinciarum,
1488 1380 1521 1413 in
1545 1391 1746 1424 quacumque
1772 1392 1849 1425 pro-

1110 1432 1215 1465 vincia
1233 1432 1272 1465 de
1292 1432 1423 1465 licentia
1441 1433 1648 1477 superiorum
1666 1434 1845 1475 extiterint,

1110 1486 1173 1519 sint
1207 1486 1386 1519 immediati
1419 1487 1582 1529 graduatis
1618 1488 1689 1521 talis
1721 1488 1848 1532 provin-

1109 1539 1192 1581 ciae,
1211 1539 1256 1572 ita
1276 1544 1311 1571 ut
1330 1539 1356 1572 si
1375 1539 1471 1573 suerit
1487 1541 1660 1583 magister,
1678 1541 1848 1574 immedia-

1109 1597 1157 1625 tus
1183 1592 1333 1625 omnibus
1363 1592 1546 1635 magistris,
1574 1598 1605 1626 et
1635 1594 1661 1627 si
1693 1605 1833 1638 praesen

1109 1651 1208 1686 tatus,
1235 1646 1383 1679 omnibus
1409 1647 1635 1689 praesentatis.

1756 211 1820 244 ’105
1866 221 1915 248 An.
1932 221 1960 248 C.
1983 222 2050 250 166²

1152 1710 1282 1733 Lxxvni.
1310 1699 1399 1739 Cum,
1427 1709 1464 1732 ex
1497 1699 1627 1733 decreto
1652 1701 1845 1735 sanctissimi
1871 1707 2042 1738 Spoliasratrum

1109 1752 1230 1785 domini
1255 1752 1429 1785 Clementis
1453 1751 1530 1794 VIII,
1549 1752 1634 1786 bona
1657 1753 1797 1794 stabilia,
1816 1759 1848 1787 et

1108 1806 1146 1839 ad
1171 1806 1349 1849 legitimam
1375 1805 1481 1838 fratris
1514 1815 1530 1838 e
1562 1805 1626 1838 vita
1658 1806 1847 1840 decedentis

1108 1859 1320 1902 pertinentia,
1351 1868 1431 1902 quac
1464 1858 1550 1892 iuxta
1580 1859 1845 1893 constitutionem

1108 1912 1299 1956 spectabant
1319 1912 1358 1945 ad
1379 1912 1510 1945 domum
1532 1912 1586 1945 ubi
1607 1912 1847 1955 professionem

1108 1965 1228 2006 emisit,
1261 1965 1326 1998 sint
1358 1965 1557 1998 conserenda
1589 1970 1621 1997 et
1652 1965 1785 1998 veniant
1814 1966 1846 1998 in

1107 2018 1155 2051 ius
1180 2018 1381 2057 monasterii,
1407 2017 1461 2050 ubi
1486 2017 1559 2051 talis
1584 2018 1756 2061 religiosus
1790 2019 1847 2052 ha-

1107 2072 1209 2105 bitum
1244 2071 1411 2115 religionis
1448 2071 1608 2115 suscepit;
1643 2072 1846 2115 praedictum

1107 2126 1259 2168 generale
1297 2124 1534 2165 definitorium,
1561 2124 1763 2158 inhaerendo
1787 2130 1847 2158 sta-

1108 2178 1183 2211 tutis
1200 2178 1416 2222 capitulorum
1438 2177 1640 2221 generalium
1661 2178 1844 2220 Hobtensis,

1107 2231 1304 2266 Burtinensis
1330 2236 1361 2264 et
1384 2231 1584 2272 Murciensis,
1608 2232 1716 2264 statuit
1741 2237 1772 2265 ct
1796 2231 1846 2265 de-

1108 2285 1212 2319 cernit
1229 2285 1313 2328 quod
1333 2284 1419 2317 bona
1436 2284 1569 2317 mobilia
1586 2284 1633 2318 sic
1651 2285 1846 2317 distribuan-

1109 2344 1177 2372 tur:
1204 2339 1335 2372 habitus
1368 2344 1400 2372 et
1432 2343 1537 2372 vestes
1565 2338 1648 2371 inter
1671 2338 1844 2381 religiosos

1106 2393 1206 2436 magis
1232 2391 1432 2435 indigentes,
1451 2391 1526 2424 libri
1550 2402 1624 2425 vero
1649 2402 1665 2424 a
1689 2392 1844 2434 magistro

1105 2447 1154 2479 vel
1185 2445 1376 2490 provinciali
1414 2445 1627 2478 conventibus
1665 2445 1845 2478 studiorum

1106 2500 1224 2543 (prout
1243 2497 1356 2531 melius
1375 2497 1575 2541 expedierit)
1594 2497 1841 2541 impertiantur:

325 2552 446 2585 nitores
479 2553 663 2596 provinciae
697 2554 892 2586 antecedunt
926 2565 1060 2594 omnes,
1105 2553 1167 2587 alia
1191 2558 1297 2585 tamen
1320 2551 1406 2584 bona
1431 2551 1479 2594 (si
1506 2561 1588 2595 quae
1614 2550 1771 2594 suerint),
1792 2560 1843 2584 so-

326 2611 459 2649 excepto
499 2606 702 2649 praesidente
740 2612 771 2638 vt
806 2607 1057 2650 provincialibus

398 2672 476 2701 Bau*
506 2670 592 2698 Rom.
635 2669 693 2699 Vol.
714 2669 804 2697 XI'II.
965 2671 999 2697 14

1141 2618 1153 2643 1
1174 2614 1270 2651 Aptius
1289 2613 1348 2650 lege
1367 2613 1440 2641 alios
1459 2613 1504 2650 (R.
1525 2617 1576 2650 T.).

1858 1734 2010 1757 detunctorum.
