2247 3208
147 208 196 236 An.
214 208 242 236 C.
266 208 334 236 1662

197 428 326 449 Sacerdotes

139 456 179 475 iter
188 455 326 478 agentcsubi-

139 487 180 507 que
196 487 280 503 sacrum
296 482 325 503 fa-

138 509 205 530 ciant.

159 905 230 926 Nullus
240 906 322 931 religio-

137 939 172 954 sus
193 933 324 959 ingrediatur

137 961 207 980 aulam
242 966 322 985 regiam

136 987 184 1011 nisi,
200 988 241 1008 etc.

171 1488 261 1514 Negotia
280 1494 321 1509 uon

139 1515 213 1535 eadem
235 1515 269 1536 die
291 1521 322 1535 ro·

137 1542 246 1561 solvuntur
281 1547 322 1568 qua

137 1569 258 1595 psat-posita
267 1571 321 1589 suut.

930 210 1117 236 ALEXANDER
1141 213 1184 237 vn
1211 214 1257 236 PP.

342 257 377 290 in
402 257 540 290 articulo
558 256 672 290 mortis
698 257 868 292 humiliter
885 259 1032 293 habitum
1047 265 1079 293 et

341 310 587 354 professionem
613 310 783 353 petierint,
810 322 876 345 non
912 317 1019 346 tamen
1044 318 1079 346 ut

342 364 430 396 inter
453 374 513 396 nos
538 363 655 397 iterum
681 371 936 398 commorentur.

386 427 495 450 vanl.
528 417 666 461 Insuper
700 423 857 451 statutum
894 419 954 451 suit
991 420 1078 462 quod

342 469 489 511 religiosi
516 471 708 503 sacerdotes
740 471 804 504 iter
827 476 981 513 agentes,
1008 472 1079 504 ubi-

341 533 482 566 cumque
509 523 714 556 occasionem
736 533 864 556 sacrum
890 524 1077 557 celebrandi

340 575 536 618 repererint,
552 586 617 608 non
635 575 909 619 praetermittant.
924 574 1077 619 Nullique

342 629 499 671 religioso
518 631 616 662 causa
633 628 829 661 infirmitatis
856 629 953 661 detur
976 629 1078 662 licen-

342 681 385 714 tia
411 682 450 715 de
480 682 680 714 monasterio
717 681 857 714 exeundi
889 682 928 714 ad
962 682 1076 714 domos

342 735 529 775 seculares;
549 745 649 777 super
666 745 730 777 quo
749 734 969 768 conscientiae
983 746 1077 779 prae-

339 789 481 820 latorum
503 792 692 828 onerantur,
712 793 747 820 ut
764 788 908 821 decrevit
921 790 1075 831 generale

339 840 520 884 capitulum
545 840 741 873 Murciense.

382 904 463 928 Lxlx.
498 894 672 929 Praeterea
705 894 899 938 approbavit
932 906 969 928 ac
999 906 1077 928 con-

338 946 474 980 firmavit
506 946 707 990 praedictum
741 949 894 990 generale
927 947 1077 982 definito-

337 1000 442 1041 rium,
471 1000 557 1043 quod
591 1000 757 1033 decretum
782 1000 841 1033 suit
865 1012 883 1033 a
907 1002 1075 1044 praedicto

338 1053 484 1096 capitulo,
495 1053 641 1095 generali
656 1053 839 1093 Murciensi,
852 1064 970 1097 nempe
989 1056 1075 1097 quod

338 1106 444 1140 nullus
470 1105 642 1148 religiosus
669 1106 786 1139 audeat
806 1106 933 1149 ingredi
954 1108 1074 1140 curiam

338 1158 462 1201 regiam
491 1158 554 1192 nisi
579 1159 762 1192 immediate
796 1164 871 1202 post
904 1160 1074 1193 duodecim

339 1211 438 1244 horas
465 1211 723 1244 commendatori
759 1217 937 1244 conventus
970 1212 1076 1245 Matri-

339 1263 440 1297 tensis
460 1275 495 1296 se
512 1264 788 1308 praesentaverit3
809 1265 895 1308 quod
913 1265 939 1297 si
958 1265 1074 1309 aliquis

338 1317 537 1351 eontrarium
558 1317 681 1358 fecerit,
704 1328 721 1350 a
742 1318 1006 1351 commendatore
1027 1319 1075 1351 in-

338 1376 533 1411 carceretur,
561 1371 666 1404 donec
690 1382 707 1404 a
732 1371 922 1414 provinciali
947 1373 1074 1406 veniam

337 1424 486 1467 recipiat.

383 1488 450 1511 Lxx.
479 1479 651 1512 Praeterea
687 1479 880 1522 approbavit
904 1486 935 1512 et
959 1479 1076 1513 confir-

338 1533 437 1566 mavit
462 1533 663 1575 praedictum
681 1535 835 1575 generale
855 1533 1074 1566 definitorium

339 1586 505 1619 decretum
530 1586 662 1629 capituli
692 1587 856 1629 generalis
882 1587 1028 1620 Toletani
1058 1599 1075 1620 a

338 1638 481 1681 capitulo
499 1639 644 1681 generali
662 1639 833 1672 Murciensi
854 1639 1004 1672 similiter
1020 1651 1075 1683 ap—

337 1691 509 1735 probatum
534 1697 566 1724 et
590 1692 838 1733 confirmatum,
865 1693 1019 1726 videlicet
1041 1699 1075 1725 ut

338 1745 463 1777 nullum
486 1745 653 1787 negotium
686 1745 726 1777 ad
761 1745 847 1779 bona
884 1747 1074 1789 temporalia

339 1803 555 1830 conventuum
575 1798 756 1841 pertinens,
777 1799 863 1841 quod
880 1799 1024 1842 patribus
1041 1800 1074 1832 in

340 1850 481 1893 capitulo
507 1851 646 1894 proponi
672 1862 843 1884 necessum
867 1852 930 1892 sit,
959 1853 1074 1885 eodem

340 1903 404 1943 die,
429 1914 492 1946 quo
514 1903 718 1946 proponitur,
741 1905 940 1945 resolvatur,
963 1906 1020 1938 sed
1041 1906 1073 1938 in

340 1955 426 1988 diem
451 1962 643 1999 sequentem
668 1956 735 1989 eius
766 1958 922 1990 resolutio
948 1957 1075 1991 differa-

339 2013 400 2041 tur.
429 2009 693 2052 Praecipiturque
730 2010 874 2053 patribus
911 2021 1074 2044 commen-

340 2062 506 2095 datoribus
524 2062 557 2094 in
574 2062 689 2095 virtute
708 2068 838 2096 sanctae
853 2063 1071 2103 obedientiae,

341 2120 373 2148 et
396 2115 455 2147 sub
479 2117 586 2158 poena
609 2116 801 2159 privationis
821 2116 1010 2157 officiorum,
1034 2128 1073 2150 ne

340 2168 373 2200 in
398 2168 595 2201 contrarium
624 2169 718 2201 huius
750 2169 871 2202 decreti
901 2170 1076 2213 quidquam

341 2227 454 2264 agant;
473 2222 571 2265 idque
590 2223 782 2256 observetur
798 2223 1075 2267 quotiescumque,

340 2284 375 2306 re
401 2275 501 2317 gravi,
525 2275 752 2319 cuiuscumque
772 2277 927 2309 materiae
948 2276 1002 2310 illa
1021 2277 1072 2315 sit,

341 2328 512 2371 proposita
536 2329 721 2368 conventui,
738 2329 854 2372 aliquis
869 2340 906 2362 ex
925 2330 1074 2362 fratribus

341 2379 481 2413 affirmet
506 2391 540 2413 se
566 2380 606 2413 ad
630 2380 718 2414 illius
743 2382 979 2419 resolutionem
999 2393 1093 2421 eon-¹

342 2434 516 2467 sultatione
549 2439 581 2466 et
611 2435 717 2467 studio
753 2435 927 2477 indigere3
962 2441 994 2468 et
1017 2436 1075 2468 sub

343 2486 467 2519 eisdem
492 2487 608 2530 poenis
641 2487 839 2530 praecipitur
869 2489 1076 2521 commenda—

343 2539 468 2572 toribus
492 2550 533 2572 ne
555 2539 719 2583 supplicas
738 2545 767 2572 et
786 2540 972 2583 petitiones,
993 2552 1076 2584 quae

342 2603 403 2640 pro
428 2593 570 2638 negotiis
596 2598 812 2626 conventuum
837 2593 1008 2626 mittuntur
1036 2594 1075 2626 ad

1114 260 1302 303 superiores
1335 261 1525 306 subscrIptis
1557 264 1743 297 nominibus
1774 265 1849 298 reli—

1114 313 1290 354 giosorum,
1311 314 1515 348 subscribere
1541 317 1750 359 compellant,
1771 317 1847 360 quin

1114 365 1201 407 prius
1226 366 1259 398 in
1280 367 1420 410 capitulo
1438 370 1535 411 pleno
1556 371 1716 412 legantur,
1737 370 1847 414 ibique

1114 418 1242 460 publice
1272 420 1311 451 ab
1337 421 1486 453 omnibus
1511 422 1774 464 subscribantur;
1802 429 1844 463 et,

1114 471 1172 503 sub
1197 474 1303 514 poena
1335 473 1494 515 gravioris
1532 476 1644 518 culpae
1679 487 1738 518 per
1766 477 1846 510 duos

1114 534 1256 564 menses,
1284 525 1484 568 praecipitur
1501 527 1664 569 religiosis
1683 539 1723 561 ne
1752 529 1848 561 aliter

1113 577 1296 619 p1·aedictas
1336 579 1511 621 petitiones
1551 580 1756 615 subscribere
1793 593 1847 614 au-

1113 629 1212 662 deant
1235 631 1285 663 vel
1311 637 1530 674 praesumant,
1554 638 1588 665 ut
1608 634 1772 666 decretum
1790 635 1848 666 suit

1112 682 1144 714 in
1162 683 1330 725 praedicto
1343 684 1483 726 capitulo
1498 685 1644 727 generali
1658 685 1842 719 Murciensi.

1155 745 1236 768 Lxxl.
1264 736 1349 775 Cum,
1369 747 1406 769 ex
1425 737 1557 770 decreto
1575 739 1771 771 sanctissimi
1789 739 1846 772 do-

1112 787 1189 819 mini
1215 788 1390 822 Clementis
1414 790 1489 830 vul,
1513 801 1609 824 nemo
1630 792 1670 824 ad
1690 803 1846 835 praesen-

1112 845 1251 874 taturam
1276 843 1393 885 exponi
1419 843 1534 886 possit,
1557 844 1611 887 qui
1637 855 1704 878 non
1728 845 1847 887 legerit

1111 894 1210 935 (ultra
1240 900 1306 927 tres
1343 906 1446 929 annos
1467 897 1603 939 „logicae
1636 903 1668 930 et
1698 898 1846 941 philoso-

1110 946 1233 990 phiae)
1259 948 1339 981 duos
1373 948 1454 981 alios
1485 950 1685 993 theologiam
1719 951 1846 984 schola-

1111 1000 1236 1041 sticam,
1264 1001 1449 1035 assistendo
1475 1003 1750 1043 c011sereutiis,et
1773 1004 1844 1037 aliis

1111 1054 1233 1087 actibus
1265 1066 1325 1098 pro
1350 1056 1513 1098 magistris
1540 1056 1776 1099 designandis;
1804 1057 1846 1089 si-

1111 1107 1230 1140 militer
1253 1109 1359 1140 nullus
1386 1109 1425 1141 ad
1450 1109 1671 1151 magisterium
1700 1111 1842 1151 assumi,

1111 1160 1163 1203 qui
1189 1171 1255 1192 non
1280 1162 1399 1203 legerit
1423 1162 1569 1204 quotidie
1600 1173 1697 1195 unam
1732 1164 1845 1196 lectio-

1111 1224 1184 1245 nem
1199 1214 1385 1256 theologiae
1401 1215 1615 1247 scholasticae
1630 1226 1689 1258 per
1705 1217 1845 1259 spatium

1111 1277 1165 1299 sex
1203 1277 1361 1299 annorum
1398 1277 1495 1310 supra
1527 1268 1601 1301 illos
1628 1269 1771 1312 quinque
1805 1271 1845 1303 ad

1110 1325 1391 1363 praesentaturam
1424 1321 1624 1363 requisitos,
1660 1327 1692 1354 et
1716 1322 1769 1365 qui
1805 1323 1845 1356 de

1110 1383 1184 1405 sero
1211 1383 1343 1416 semper
1367 1373 1509 1406 adsuerit
1533 1374 1762 1415 conserentiis,
1791 1381 1846 1408 aut

1110 1425 1342 1469 praesidendo,
1362 1431 1416 1458 aut
1433 1427 1635 1469 replicando,
1654 1432 1846 1471 etunoquo-

1110 1489 1170 1522 que
1197 1489 1283 1511 anno
1309 1479 1513 1522 praesederit
1548 1479 1641 1512 alicui
1668 1480 1751 1512 actui
1786 1491 1846 1523 pu-

1110 1532 1207 1571 blico,
1224 1542 1280 1564 seu
1294 1532 1432 1575 publicis
1446 1532 1731 1575 disputationibus:
1750 1544 1845 1576 prae-

1110 1585 1228 1617 dictum
1261 1586 1415 1627 generale
1453 1585 1675 1618 definitorium
1701 1586 1845 1618 decrevit

1110 1643 1139 1670 et
1166 1639 1310 1670 declarat
1335 1638 1436 1681 quod,
1464 1638 1489 1670 si
1514 1639 1654 1671 lectores
1680 1638 1713 1670 in
1735 1640 1845 1672 cathe-

1110 1692 1166 1724 dra
1189 1691 1325 1724 alicuius
1362 1692 1583 1725 universitatis
1610 1692 1673 1735 <de
1714 1692 1845 1725 licentia

1109 1750 1216 1777 tamen
1235 1744 1456 1788 superiorum)
1471 1745 1593 1777 suerint
1607 1744 1753 1788 occupati
1775 1745 1842 1778 sive

1108 1798 1141 1830 in
1166 1798 1306 1830 lectione
1333 1798 1487 1831 continua
1507 1798 1625 1831 artium
1647 1798 1713 1831 sive
1732 1809 1843 1831 sacrae

1110 1851 1295 1894 theologiae
1315 1861 1374 1894 per
1394 1851 1532 1894 spatium
1558 1851 1700 1894 quinque
1718 1853 1768 1884 vel
1786 1862 1844 1883 un-

1109 1904 1212 1937 decim
1237 1915 1408 1943 annorum,
1430 1905 1468 1936 ad
1489 1910 1772 1946 praesentaturam
1792 1905 1841 1937 vel

1108 1957 1330 1999 nmgisterium
1357 1957 1477 1989 assumi
1503 1962 1653 2000 possunt.

1151 2021 1244 2044 Lxxn.
1272 2011 1456 2049 Praeterea,
1477 2021 1547 2044 cum
1567 2011 1655 2043 iuxta
1676 2011 1842 2044 decretum

1108 2117 1238 2149 Urbano
1262 2117 1324 2149 VIII
1351 2116 1587 2157 confirmatum,
1612 2119 1722 2150 nullus
1742 2119 1780 2150 ad
1798 2119 1843 2151 le-

1109 2176 1232 2202 cturam
1268 2169 1386 2202 artium
1420 2171 1470 2203 vel
1507 2181 1617 2203 sacrae
1655 2171 1842 2214 theologiae

1109 2228 1350 2267 promoveatur,
1375 2223 1437 2255 nisi
1462 2223 1543 2256 sacta
1569 2224 1789 2267 oppositione,
1810 2225 1843 2258 in

1110 2287 1172 2320 qua
1197 2286 1257 2319 per
1281 2286 1378 2308 unam
1411 2276 1524 2308 horam
1550 2277 1589 2309 de
1614 2277 1750 2309 materia
1775 2288 1845 2310 soru

1110 2329 1166 2361 tita
1196 2339 1255 2372 per
1289 2328 1548 2371 vigintiquatuor
1582 2329 1681 2361 horas
1717 2334 1845 2362 antece-

1110 2383 1224 2415 dentes
1250 2381 1378 2424 publice
1412 2382 1518 2424 legat,
1551 2386 1583 2413 et
1612 2392 1673 2425 per
1704 2382 1843 2425 spatium

1110 2434 1243 2467 alterius
1263 2434 1363 2466 horae
1391 2433 1590 2476 argumentis
1616 2434 1843 2477 oppositorum

1110 2487 1296 2526 satisfaciat,
1318 2496 1380 2529 quo
1407 2486 1553 2519 examine
1571 2492 1652 2528 aeto,
1678 2492 1842 2530 tamquam

1111 2539 1276 2572 sufficiens
1305 2539 1522 2582 approbetur;
1557 2539 1756 2582 praedictum
1789 2550 1843 2582 ge-

1110 2594 1219 2625 nerale
1243 2592 1463 2626 definitorium
1482 2593 1656 2626 declaravit
1680 2594 1777 2637 quod,
1803 2593 1841 2635 si,

1864 216 1912 245 Au.
1926 217 1954 243 C.
1979 217 2045 245 1662

1932 752 2043 778 nequiora

1860 777 1885 797 ad
1902 782 2042 802 magistet-unu

1862 805 1892 824 vrl
1921 808 2042 829 praemuta-

1860 833 1935 851 turam,

1883 2019 1993 2045 fir-quisita
2013 2018 2039 2039 aa

1855 2045 1956 2066 lecturam
1964 2046 2039 2066 artium

1108 2063 1239 2106 capituli
1259 2063 1421 2106 generalis
1435 2063 1581 2097 Toletani
1600 2075 1617 2096 a
1634 2064 1840 2098 sanctissimo
1858 2074 1889 2093 vel
1910 2073 2038 2098 [booles-ae-
