2247 3208
226 263 278 289 An.
300 261 414 290 &1567

462 251 526 285 482

419 309 526 342 divina
546 308 737 350 disponente
753 303 963 347 providentia,
981 301 1074 334 nobis
1092 309 1152 332 me·

417 361 486 394 ritis
510 360 586 392 licet
602 357 781 401 imparibus
800 356 971 395 commissi,
988 355 1070 388 nihil
1086 366 1152 387 ma-

418 414 465 455 gis
492 412 584 445 cordi
610 411 651 444 sit
670 421 765 454 quam
783 420 938 453 personas
959 408 1153 441 ecclesiasti-

417 477 469 499 cas
486 466 524 498 ab
543 463 808 497 extraordinariis
826 462 981 496 oneribus
993 462 1152 494 immunes

416 528 546 560 semper
571 526 781 555 conservare,
807 516 916 559 idque,
945 515 1003 548 uisi
1030 526 1153 548 sumina

416 570 590 604 necessitas
615 575 720 612 cogat,
746 580 781 602 re
808 569 878 612 ipsa
903 569 1010 601 animo
1036 573 1152 600 statue-

415 624 533 663 rimus;
561 622 782 662 nihilominus,
809 622 891 654 sicut
915 622 976 654 iam
1002 621 1152 654 omnibus

415 682 527 709 notum
551 685 621 708 esse
647 675 751 714 debet,
770 684 842 707 cum
859 673 1031 706 Turcarum
1050 679 1153 716 tyran-

416 739 477 762 nus
502 728 661 761 nefarium
679 728 813 767 bellum,
836 727 923 770 quod
948 737 965 758 a
990 726 1102 768 viginti
1121 731 1152 758 et

415 781 552 824 amplius
577 779 669 812 annis
694 779 820 812 dilectis
837 779 910 813 tiliis
929 778 1093 811 nobilibus
1113 778 1151 810 vi-

414 834 459 867 ris
483 833 554 866 duci
579 838 611 866 et
635 832 778 865 dominio
803 832 995 865 Venetorum
1019 831 1148 871 intulit,

415 886 510 920 etiam
534 896 610 918 num
634 885 757 927 ingenti
788 889 942 928 apparatu
959 911 966 924 ,
994 883 1152 916 maximis-

415 951 477 984 que
503 940 624 973 viribus
648 944 885 983 prosequatur,
918 944 949 971 et
980 945 1152 982 propterea

413 993 477 1037 ipsi
514 993 577 1026 dux
602 998 634 1025 et
669 992 847 1025 dominium
878 992 1017 1025 maiores
1055 1003 1149 1035 quam

412 1056 555 1089 unquam
574 1051 667 1078 antea
692 1050 756 1077 tam
773 1044 949 1077 maritimas
970 1056 1064 1088 quam
1094 1051 1149 1079 ter-

412 1104 531 1132 restres
557 1098 685 1141 copias,
711 1103 746 1130 ut
769 1108 803 1131 se
829 1108 949 1140 suaque
981 1104 1147 1139 tueantur,

412 1162 527 1195 parare
545 1157 577 1184 et
593 1151 766 1191 instruere,
784 1162 819 1184 ac
835 1151 974 1195 proinde
1000 1152 1149 1195 ingentes

412 1215 568 1247 expensas
608 1205 711 1237 facere
749 1204 846 1237 modo
888 1205 1146 1247 compellantur:

412 1267 480 1297 1105,
496 1257 737 1290 considerantes
752 1267 817 1290 non
831 1258 938 1290 minus
955 1258 1148 1290 clericorum

413 1320 509 1353 quam
534 1310 689 1342 laicorum
714 1310 896 1350 interesse,
923 1315 957 1342 ut
982 1320 1038 1349 ea,
1066 1321 1147 1353 quae

412 1362 452 1395 ad
484 1362 710 1395 defensionem
747 1363 932 1396 huiusmodi
968 1364 1148 1396 necessaria

412 1420 495 1454 sunt,
514 1415 622 1447 studio
643 1420 882 1458 comparentur,
898 1425 961 1458 quo
980 1416 1147 1448 christiani

411 1467 551 1500 nominis
582 1468 692 1500 hostes
722 1467 933 1500 infensissimi
958 1479 975 1500 a
999 1468 1148 1501 christifi-

412 1520 531 1554 delium
549 1521 737 1561 cervicibus,
753 1521 923 1554 adiuvante
941 1521 1086 1562 Domino,
1103 1533 1148 1555 re·

410 1574 585 1617 pellantur,
613 1574 759 1616 cogimur
775 1575 814 1607 de
831 1574 974 1607 universi
995 1576 1073 1608 cleri
1093 1576 1149 1608 do-

409 1626 500 1659 minii
526 1626 636 1660 Veneti
662 1626 864 1659 facultatibus
888 1627 921 1659 in
947 1627 1009 1660 hoc
1026 1628 1148 1669 gravis-

411 1680 492 1712 simo
518 1679 863 1722 periculosissimoque
893 1690 967 1712 casu
998 1680 1147 1713 fiduciam

411 1743 558 1771 sumere,
585 1737 753 1775 sperantes
780 1733 867 1775 quod
891 1733 953 1775 ipsi
980 1733 1042 1766 hoc
1067 1744 1146 1766 onus

410 1785 638 1827 urgentissima
655 1785 847 1818 necessitate
866 1790 897 1818 et
916 1786 1092 1819 iustissima
1109 1787 1147 1819 de

412 1841 507 1871 causa
532 1849 549 1870 a
573 1838 668 1870 nobis
694 1838 755 1870 sibi
780 1838 969 1881 inpositum
995 1850 1098 1882 aequo
1116 1850 1148 1872 a·

999 252 1177 277 nt‘ttsnu‘u
1202 249 1353 274 nomxun

1173 297 1317 336 =1nitani,
1343 296 1434 329 cuius
1459 296 1592 337 iratres,
1616 307 1675 339 pro
1701 295 1874 328 munienda
1899 299 1930 327 et

1196 350 1398 383 defendenda
1429 349 1580 381 adversus
1612 349 1778 391 improbos
1804 358 1930 380 eorum-

1196 403 1268 435 dem
1289 402 1459 434 Turcarum
1485 405 1617 434 conatus
1643 401 1749 433 insula
1772 401 1929 439 Melitana,

1196 455 1401 498 gravissimos
1425 459 1569 496 sumptus
1595 453 1703 485 subire
1722 458 1754 485 et
1778 463 1929 495 magnum

1196 519 1248 540 aes
1273 507 1413 540 alienum
1430 498 1632 539 contrahere
1653 505 1817 548 oportuit),
1835 515 1930 547 regu-

1196 560 1320 599 larium,
1349 570 1418 591 cum
1443 561 1517 591 cura
1537 564 1569 591 et
1588 558 1656 591 sinc
1674 560 1761 595 cura,
1786 558 1819 589 in
1845 557 1929 590 dicto

1196 611 1338 645 dominio
1352 611 1570 651 existentium,
1586 622 1603 643 a
1616 610 1856 643 venerabilibus
1873 609 1932 641 sra-

1195 665 1297 697 tribus
1322 656 1533 708 patriarchis,
1559 663 1832 706 archiepiscopis,
1865 662 1931 704 cpi-

1195 717 1299 760 scopis
1327 723 1358 750 et
1383 717 1507 750 dilectis
1533 716 1605 748 filiis
1630 716 1742 748 electis
1758 743 1765 755 ,
1793 714 1930 747 admini-

1194 771 1397 810 stratoribus,
1423 768 1719 808 commendatariis,
1746 768 1929 807 abbatibus,

1195 823 1369 866 prioribus,
1394 822 1598 866 praepositis,
1624 821 1788 865 praelatis,
1810 820 1930 863 capitu-

1194 876 1240 915 lis,
1268 876 1487 915 conventibus,
1505 875 1685 917 ceterisque
1704 873 1856 918 personis
1879 884 1931 905 ec-

1194 929 1381 961 clesiasticis
1396 929 1591 961 secularibus
1607 933 1636 960 et
1650 927 1851 969 regularibus
1865 925 1931 968 qui-

1193 983 1407 1025 buscumque,
1421 986 1482 1014 tam
1498 992 1561 1013 non
1579 980 1734 1023 meniptis
1748 990 1841 1022 quam
1858 990 1929 1022 quo-

1194 1033 1376 1066 modolibet
1400 1033 1563 1076 exemptis,
1584 1038 1614 1065 et
1635 1031 1838 1075 quantumvis
1864 1030 1929 1074 pri-

1194 1087 1363 1130 vilegiatis,
1390 1087 1486 1120 etiam
1512 1087 1543 1120 S.
1563 1087 1600 1119 R.
1627 1087 1661 1119 E.
1691 1084 1927 1124 cardinalibus,

1193 1150 1320 1172 necnon
1344 1139 1374 1172 S.
1395 1139 1580 1179 Benedicti,
1608 1139 1638 1171 S.
1668 1137 1856 1180 Augustini,
1882 1137 1930 1170 Ci-

1193 1192 1397 1232 sterciensis,
1422 1191 1658 1232 Cluniacensis,
1685 1191 1929 1224 praemonstra-

1192 1246 1299 1286 tensis,
1313 1245 1562 1286 Carthusiensis,
1573 1245 1836 1286 Camaldulensis,
1846 1245 1930 1278 Mon-

1194 1299 1231 1331 tis
1256 1298 1389 1338 Oliveti,
1414 1299 1510 1332 Vallis
1536 1298 1728 1337 Umbrosae,
1755 1299 1930 1331 monacho-

1192 1362 1260 1383 rum
1286 1351 1493 1384 eremitarum
1525 1351 1556 1384 S.
1583 1351 1781 1394 Hieronymi,
1797 1356 1828 1383 et
1852 1361 1930 1394 quo-

1191 1414 1402 1447 rumcumque
1434 1404 1568 1437 aliorum
1600 1403 1774 1443 Ordinum,
1801 1413 1927 1436 necnon

1191 1455 1403 1497 Cas-simensis,
1430 1456 1507 1489 alias
1533 1456 1563 1489 S.
1584 1456 1734 1497 Iustinae,
1761 1457 1790 1489 S.
1819 1456 1927 1490 Salva-

1193 1508 1270 1541 toris
1296 1514 1327 1542 et
1350 1509 1593 1550 Lateranensis,
1619 1510 1819 1553 aliarumque
1853 1519 1930 1543 con-

1191 1562 1425 1604 gregationum,
1452 1568 1515 1595 tam
1539 1563 1679 1595 virorum
1697 1574 1792 1606 quam
1818 1563 1928 1596 mulie-

1190 1625 1283 1655 rum,
1311 1614 1407 1647 etiam
1440 1614 1606 1648 Societatis
1631 1615 1710 1655 Iesu,
1737 1620 1770 1648 et
1794 1615 1928 1649 aliorum

1191 1668 1466 1709 mendicantium,
1494 1679 1530 1701 ex
1563 1669 1735 1712 privilegio
1770 1670 1819 1703 vel
1851 1669 1929 1703 alias

1190 1721 1274 1753 bona
1288 1721 1467 1754 immobilia
1495 1731 1549 1754 seu
1567 1727 1671 1755 certos
1689 1722 1836 1755 redditus
1855 1733 1929 1766 quo-

1192 1784 1255 1817 quo
1281 1775 1378 1807 niodo
1404 1774 1638 1808 ecclesiasticos
1665 1775 1870 1816 habentium,
1896 1775 1927 1808 in

1192 1827 1336 1860 dominio
1360 1828 1528 1871 praedicto
1549 1829 1713 1869 ecclesias,
1733 1829 1928 1862 monasteria

1940 246 1988 272 An.
2010 243 2037 271 C.
2058 243 2123 272 ¹667

1191 1884 1222 1912 et
1235 1879 1295 1912 alia
1309 1880 1464 1913 beneficia
1474 1881 1695 1914 ecclesiastica
1706 1881 1927 1915 obtinentibus

1192 1937 1223 1964 ct
1249 1932 1368 1964 fructus
1402 1934 1628 1974 ecclesiarum,
1655 1935 1927 1968 monasteriorum

1191 1990 1222 2017 et
1238 1985 1471 2018 beneficiorum
1490 1987 1684 2028 huiusmodi,
1705 1998 1832 2020 necnon
1854 1999 1928 2031 pen-

1191 2037 1297 2070 siones
1315 2049 1436 2071 annuas
1450 2045 1746 2083 quantumcumque
1761 2045 1926 2083 exemptas

1191 2095 1223 2122 et
1239 2090 1297 2121 sub
1312 2092 1474 2134 quibusvis
1499 2092 1760 2135 obligationibus,
1780 2093 1875 2125 etiam
1894 2093 1926 2125 in

1191 2142 1292 2174 forma
1306 2154 1451 2176 camerae
1464 2155 1502 2187 ap
1519 2145 1661 2177 ›stolicae
1680 2150 1711 2177 et
1728 2144 1924 2186 iuramento,

1191 2194 1286 2227 etiam
1322 2206 1391 2228 cuin
1425 2197 1627 2239 susceptione
1661 2208 1871 2230 censurarum
1896 2203 1928 2230 et

1192 2249 1230 2281 de
1256 2259 1321 2282 non
1350 2250 1629 2283 contraveniendo
1646 2277 1653 2291 ,
1680 2261 1715 2282 ac
1740 2250 1837 2284 etiam
1864 2251 1927 2284 sor-

1191 2308 1272 2335 tasse
1291 2303 1331 2335 de
1348 2313 1413 2335 non
1439 2303 1641 2346 impetrando
1660 2303 1778 2346 gratias
1799 2308 1926 2336 nostras

1190 2361 1302 2387 contra
1320 2366 1375 2388 eos
1401 2361 1432 2387 et
1456 2356 1620 2388 concessis
1639 2367 1704 2389 non
1722 2357 1842 2389 utendo
1862 2357 1927 2389 val-

1191 2409 1273 2448 latis,
1301 2414 1333 2441 et
1358 2410 1465 2441 forsan
1486 2409 1555 2442 aliis
1577 2409 1672 2442 etiam
1691 2409 1924 2442 efficacioribus

1167 2477 1169 2481 ·
1190 2462 1324 2494 cautelis
1349 2468 1381 2494 et
1406 2462 1543 2494 decretis
1570 2473 1606 2494 ac
1630 2461 1803 2502 clausulis,
1828 2472 1926 2505 super

1190 2514 1304 2547 iisdem
1331 2514 1487 2547 fructibus
1514 2521 1545 2548 et
1569 2515 1802 2558 pensionibus,
1830 2515 1926 2547 etiam

1189 2567 1293 2599 medio
1319 2568 1503 2601 cedularum
1530 2568 1664 2608 banchi,
1691 2578 1747 2600 seu
1773 2567 1926 2600 informa

1189 2624 1324 2669 depositi
1352 2623 1556 2663 halwutilnis,
1574 2628 1605 2654 et
1618 2622 1700 2654 intra
1717 2626 1925 2665 praesentem

245 1903 310 1924 unum
331 1903 398 1923 >ab-1-
412 1892 498 1924 nimo
524 1892 607 1924 serre
626 1902 690 1924 non
708 1892 912 1924 recusabunt.
936 1892 1021 1925 Motu
1039 1893 1146 1936 itaque

216 1930 302 1975 illitum
316 1933 399 1985 533322'33
410 1945 554 1988 proprio,
581 1955 618 1977 ac
643 1954 679 1977 ex
702 1946 790 1977 certa
810 1944 944 1977 scientia
965 1955 1001 1978 ac
1024 1948 1147 1978 matura

217 1989 272 2028 illi}
286 1988 399 2037 ”frio-iiiii
412 1997 645 2030 deliberatione
671 1997 802 2037 nostris,
826 1997 930 2040 deque
952 1998 1147 2039 apostolicae

217 2035 580 2093 Turcasm'⁹⁰⁰'L'potcstatis
605 2049 817 2092 plenitudine,
842 2060 942 2082 unum
967 2050 1146 2083 subsidium

411 2109 540 2135 centum
555 2102 691 2135 millium
705 2108 869 2134 scutorum
885 2102 953 2134 auri
975 2113 1071 2145 super
1085 2113 1147 2135 om-

411 2156 504 2189 nibus
522 2161 552 2188 et
569 2155 704 2198 singulis
723 2155 895 2195 fructibus,
921 2155 1102 2188 redditibus
1117 2161 1148 2187 et

412 2209 635 2252 proventibus,
664 2209 842 2241 secundum
873 2218 980 2240 verum
1005 2218 1147 2241 annuum

411 2262 553 2293 valorem
572 2261 752 2304 praesentis
767 2260 852 2301 anni,
872 2271 1147 2303 quarumcumque

413 2315 653 2353 cathedralium,
670 2314 764 2347 etiam
779 2313 1102 2356 metropolitanarum
1116 2319 1148 2346 et

411 2367 688 2410 patriarchalium,
715 2373 809 2409 atque
835 2366 970 2399 aliarum
995 2365 1147 2399 ecclcsia-

410 2430 482 2451 rum
507 2430 541 2451 ac
567 2419 859 2459 monasteriorum,
886 2418 1089 2461 prioratuum
1116 2423 1147 2450 et

409 2471 642 2505 beneficiorum
657 2472 946 2504 ecclesiasticorum
959 2471 1147 2503 secularium

411 2535 702 2568 quorumrumque,
721 2535 757 2556 ac
783 2525 1000 2567 hospitalium,
1021 2529 1052 2556 et
1070 2530 1154 2566 quo-⁴

410 2579 528 2611 rumvis
554 2578 718 2615 Ordinum,
740 2577 834 2610 ctiam
860 2577 1048 2610 militiarum
1066 2577 1145 2619 (non

413 2637 520 2665 tamen
547 2630 716 2674 hospitalis
746 2629 776 2662 S.
805 2629 932 2662 loannis
962 2629 1167 2671 Hierosoly<
