2247 3208
87 225 136 253 An.
153 224 181 254 C,
206 225 272 252 1002

873 231 1059 255 ALEXANDER
1083 233 1127 256 vn
1153 234 1200 257 PP.

284 273 367 306 xime
393 275 593 308 celebratum
619 284 866 318 concurrentes,
894 279 1017 311 hiema-
1051 290 1135 320 uem,
1157 287 1188 314 et
1205 292 1262 324 pro
1280 282 1392 315 maiori
1409 282 1627 316 declaratione
1648 283 1782 326 praefati

284 326 368 360 libus
393 329 551 361 molestiis
569 330 754 372 glacierum,
774 332 895 364 nivium
914 332 1017 364 ssumi-
1051 333 1181 373 ‹lecreti,
1201 335 1310 367 statuit
1328 336 1426 378 quod,
1448 336 1473 367 si
1492 341 1629 379 quatuor
1652 347 1782 369 menses

283 391 424 424 numque
450 382 673 416 inundantium
695 384 726 416 in
754 385 921 418 itineribus
943 391 1014 417 sunt

1050 396 1067 417 a
1093 386 1257 419 vacatione
1279 390 1485 429 generalatus
1504 390 1695 432 expleantur
1708 394 1782 422 ante

282 433 380 476 passi,
408 435 484 477 quin
510 441 541 468 et
565 438 692 470 vocales
714 438 752 470 ad
771 438 945 481 capitulum
962 448 1016 480 ‘gc-
1050 438 1218 472 sabbatum
1250 440 1460 473 pentecostes
1477 468 1484 481 ,
1513 442 1690 474 celebratio
1724 453 1779 475 ca-

282 488 392 520 uerale
418 488 683 523 Barchinonense
709 490 918 534 praeteritum
939 501 1016 524 con-

282 545 412 574 vocatos
430 542 664 576 canicularibus
691 543 844 576 ferventis
866 544 943 577 solis
965 555 1015 576 ca-

281 594 402 627 loribus
418 606 624 639 summopere
639 601 770 628 vexatos
788 596 896 637 fuisse,
912 596 1015 629 idem-

281 656 341 690 que
361 658 492 691 semper
508 648 676 681 imminere
693 648 883 692 periculum,
904 655 936 682 et
953 649 1014 682 alia

280 700 418 733 maxima
442 701 648 734 incommoda
673 702 721 743 (ut
737 701 763 734 si
789 702 955 744 contingat
982 702 1013 734 in

280 753 393 786 maiori
430 753 637 787 hebdomada
669 755 841 798 celebrari)
877 756 1012 799 provide

278 806 519 850 prudenterque
545 807 672 847 timeri,
699 808 725 840 si
751 808 890 851 capitula
915 820 1013 851 gene-

277 858 356 891 ralia
381 859 484 892 sutura
509 859 608 902 (iuxta
625 860 791 893 decretum
809 861 939 904 capituli
958 863 1015 904 ge-'

277 911 397 945 neralis
422 911 568 945 Toletani
594 923 611 945 a
636 913 843 947 sanctissimo
879 914 1011 947 domino

276 969 390 997 nostro
411 964 541 998 Urbano
557 966 621 998 vul
645 965 895 1010 confirmatum),
913 967 1010 1011 magi-

276 1022 377 1049 stratu
409 1017 536 1051 Ordinis
569 1019 682 1062 quovis
719 1020 817 1053 modo
854 1011 1010 1061 vacante,

277 1075 413 1114 quatuor
437 1072 542 1104 solum
567 1072 734 1105 mensibus
761 1073 911 1116 expletis,
932 1085 1011 1117 quo-

276 1134 412 1167 cumque
437 1123 512 1156 anni
531 1130 676 1168 tempore
695 1125 826 1165 accidat,
844 1126 1011 1159 celebren-

277 1182 342 1209 tur:
368 1176 568 1220 praedictum
593 1179 746 1220 generale
773 1178 1009 1219 definitorium,

276 1234 323 1262 tot
357 1229 593 1263 calamitatibus
630 1241 799 1264 occurrere
834 1237 1006 1275 satagens,

275 1292 448 1325 carumque
473 1293 658 1326 pressuram
684 1285 821 1317 evadere
848 1285 1005 1328 cupiens,

273 1333 358 1366 seria
385 1339 417 1367 et
441 1337 565 1367 matura
596 1336 775 1369 attentione
802 1337 946 1370 decrevit
975 1343 1009 1370 ut

272 1386 304 1419 in
329 1392 495 1431 posterum
519 1388 694 1432 capitulum
721 1391 883 1432 generale,
908 1391 1009 1434 magi-

273 1445 372 1473 stratu
395 1440 523 1473 Ordinis
550 1441 662 1484 quovis
687 1443 785 1475 modo
806 1449 954 1483 micante,
982 1444 1007 1476 si

271 1504 330 1537 per
355 1499 492 1537 quatuor
526 1505 656 1527 menses
682 1501 756 1528 ante
783 1496 899 1529 festum
924 1497 1006 1530 Pen-

272 1552 411 1580 tecostes
437 1547 469 1580 id
495 1549 652 1589 evenerit,
671 1549 702 1581 in
719 1549 827 1592 vigilia
846 1550 920 1582 dicti
936 1551 1006 1583 sesti

271 1601 468 1641 celebretur3
504 1601 530 1634 si
563 1606 670 1634 autem
701 1603 896 1635 successerit
920 1614 1006 1637 mors

272 1653 416 1696 magistri
437 1653 610 1696 generalis,
631 1655 679 1688 vel
697 1655 759 1688 alia
775 1660 810 1688 ut
826 1656 1007 1699 praefertur

272 1707 402 1747 vacatio,
422 1707 506 1740 intra
530 1713 657 1751 tempus
684 1714 821 1752 quatuor
844 1709 1004 1742 mensium

271 1766 344 1793 ante
370 1760 488 1793 diCtum
512 1761 644 1802 festum,
672 1767 745 1794 tunc
771 1763 810 1795 ad
837 1763 1006 1796 sabbatum

271 1813 450 1846 dominicae
472 1815 584 1847 tertiae
603 1815 744 1847 octobris
766 1815 911 1849 eiusdem
929 1816 1005 1848 anni

271 1866 448 1899 celebratio
473 1867 604 1910 capituli
626 1869 787 1910 generalis
814 1868 1002 1902 differatur:

271 1925 302 1951 et
327 1919 475 1952 similiter
499 1920 525 1952 si
550 1921 754 1963 magistratus
773 1922 895 1954 vacatio
913 1932 1006 1965 prae-

272 1971 353 2005 dicta
379 1982 436 2016 per
461 1978 598 2016 quatuor
630 1984 759 2006 menses
785 1980 858 2007 ante
887 1975 1005 2007 dictum

271 2026 440 2059 sabbatum
460 2025 642 2059 dominicae
658 2027 772 2060 tertiae
791 2028 932 2060 octobris
955 2039 1005 2060 ac-

271 2078 394 2117 ciderit,
415 2078 447 2110 in
474 2078 527 2111 tali
549 2079 684 2112 sabbato
703 2079 805 2112 dictae
825 2080 1003 2113 dominicae

271 2132 473 2171 celebretur;
501 2131 527 2163 si
553 2137 658 2164 autem
684 2132 766 2165 iutra
783 2139 909 2176 tempus
929 2145 1005 2176 qua-

273 2190 344 2217 tuor
367 2184 526 2217 mensium
562 2190 635 2218 ante
669 2185 784 2218 dictam
811 2186 1004 2219 dominicam

273 2237 398 2270 tertiam
424 2237 564 2270 octobris
583 2238 762 2281 contigerit,
782 2244 855 2271 tunc
872 2240 910 2271 ad
932 2240 1005 2272 sal]-

272 2292 377 2323 batam
417 2302 474 2324 seu
506 2292 645 2334 vigiliam
683 2293 891 2325 Pentecostes
929 2292 1003 2325 anni

270 2344 454 2377 immediate
486 2345 580 2377 futuri
606 2346 827 2378 transferatur.
855 2346 1005 2388 Insuper-

271 2409 332 2441 que
359 2398 501 2431 decrevit
524 2399 723 2442 praedictum
749 2400 900 2442 generale
927 2399 1005 2432 deli-

270 2450 433 2491 nitorium,
454 2452 594 2495 propriis
620 2452 823 2485 inhaerendo
849 2452 1004 2485 constitu-

272 2503 422 2543 tionibus,
440 2505 694 2537 celehrationem
719 2505 931 2548 capitulorum
950 2511 1021 2547 ger*

271 2557 428 2590 neraliuin
459 2568 589 2601 semper
620 2559 652 2591 in
685 2560 842 2600 sabbato,
875 2565 907 2592 et
936 2570 1002 2592 non

270 2609 330 2642 alia
356 2610 406 2644 die
429 2610 496 2644 fieri
523 2612 655 2645 debere.
680 2611 769 2645 Unde
795 2612 828 2645 in
854 2613 940 2645 hunc
967 2612 1003 2644 si-

1050 489 1140 532 piluli
1165 490 1221 524 fiat
1251 492 1283 524 in
1320 493 1455 526 sabbato
1489 493 1719 535 Pentecostes;
1751 500 1783 528 et

1050 542 1205 585 similiter,
1228 544 1254 577 si
1276 546 1467 588 expleantur
1486 552 1559 579 ante
1587 547 1781 581 dominicam

1050 596 1174 628 tertiam
1215 598 1357 632 octobris
1378 625 1384 639 ‚
1434 599 1609 633 celebratio
1650 601 1780 644 capituli

1048 649 1102 682 tiat
1125 650 1158 682 in
1183 651 1320 684 sabbato
1355 657 1430 685 ante
1463 653 1657 686 dominicam
1689 665 1781 698 prae-

1048 701 1164 736 dictam
1189 703 1316 737 tertiam
1345 705 1508 745 octobris3
1544 705 1569 738 si
1601 716 1678 739 vero
1705 717 1781 750 qua-

1048 759 1119 787 tuor
1153 766 1284 789 mensos
1318 767 1335 789 a
1368 757 1536 790 vacatione
1574 759 1779 800 generalatus

1048 808 1240 849 expleantur
1260 814 1335 851 post
1353 810 1468 841 sestam
1493 810 1716 852 Pentecostes,
1732 811 1781 844 in-

1047 865 1093 892 tra
1118 865 1262 893 octavam
1278 866 1385 894 tamen
1403 862 1478 895 dicti
1497 863 1583 903 sesti,
1603 864 1779 896 celebratio

1045 913 1175 956 capituli
1208 915 1371 956 generalis
1402 915 1456 948 fiat
1485 915 1517 948 in
1543 916 1678 949 sabbato
1704 922 1779 949 ante

1045 966 1239 999 dominicam
1263 967 1316 1000 SS.
1343 967 1527 1009 Trinitatis;
1558 974 1590 1002 et
1621 968 1779 1009 similiter,

1045 1018 1070 1051 si
1095 1020 1251 1062 praedicti
1277 1026 1415 1064 quatuor
1438 1032 1568 1055 menses
1598 1022 1701 1055 dictae
1726 1033 1779 1055 va-

1044 1073 1180 1106 cationis
1206 1075 1399 1117 expleantur
1415 1081 1490 1118 post
1507 1075 1623 1109 dictam
1641 1076 1779 1110 domini-

1043 1136 1112 1158 cam
1136 1127 1273 1167 tertiam,
1294 1128 1377 1160 intra
1395 1134 1538 1162 octavam
1555 1134 1664 1162 tamen
1682 1129 1776 1170 illius,

1043 1179 1218 1217 celebratio
1244 1181 1374 1224 capituli
1400 1181 1562 1224 generalis
1579 1181 1634 1216 siat
1655 1182 1687 1215 in
1705 1183 1779 1216 sab·-

1043 1232 1117 1264 bato
1143 1231 1247 1275 primo
1271 1238 1346 1276 post
1370 1234 1485 1267 dictam
1518 1235 1645 1268 tertiam
1676 1234 1778 1268 domi-

1042 1284 1147 1318 nicam
1172 1286 1326 1327 octobris,
1348 1291 1380 1319 et
1397 1296 1463 1319 non
1477 1288 1571 1328 ultra,
1589 1298 1629 1321 ne
1656 1289 1696 1321 ob
1714 1294 1778 1321 tam

1042 1348 1160 1380 paucos
1187 1337 1255 1371 dies
1282 1339 1399 1372 electio
1435 1340 1580 1383 magistri
1613 1341 1775 1384 generalis

1041 1390 1074 1423 in
1100 1396 1163 1424 tam
1196 1393 1328 1434 longum
1364 1398 1489 1436 tempus
1523 1393 1699 1427 differatmn
1726 1394 1777 1427 In-

1042 1445 1135 1477 terim
1160 1450 1275 1485 autem,
1302 1446 1408 1478 donec
1426 1445 1600 1489 capitulum
1621 1449 1775 1490 generale

1042 1508 1188 1541 novaque
1222 1498 1338 1531 electio
1369 1498 1444 1539 fiat,
1472 1499 1562 1542 prior
1586 1501 1775 1534 monasterii

1041 1551 1316 1584 Barchinonensis
1343 1562 1474 1594 semper
1498 1552 1539 1584 sit
1563 1559 1658 1596 caput
1683 1559 1714 1586 et
1730 1554 1775 1586 vi-

1040 1603 1143 1636 carius
1170 1604 1331 1647 generalis
1358 1604 1453 1637 totius
1479 1605 1660 1648 religionis.
1680 1607 1775 1639 Prae-

1040 1656 1222 1700 dictumque
1257 1658 1410 1699 generale
1445 1657 1663 1692 definitorium
1699 1670 1774 1703 sup-

1040 1709 1170 1752 pliciter
1181 1716 1214 1742 et
1227 1709 1392 1743 humiliter
1408 1716 1519 1743 exorat
1536 1711 1773 1745 sanctissimum

1040 1763 1204 1795 dominum
1229 1769 1375 1795 nostrum
1395 1763 1513 1806 Papam
1533 1770 1567 1797 ut
1588 1764 1773 1798 huiusmodi

1039 1816 1203 1848 decretum
1217 1826 1274 1859 pro
1289 1818 1346 1848 sua
1359 1816 1559 1858 benignitate
1571 1817 1773 1857 confirmare,

1039 1874 1070 1901 et
1094 1869 1274 1911 praefatum
1292 1869 1366 1901 dicti
1384 1869 1514 1912 capituli
1533 1870 1696 1913 generalis
1714 1870 1773 1903 To-

1038 1921 1137 1953 letani
1155 1922 1193 1954 ad
1214 1921 1314 1964 ipsius
1340 1922 1526 1955 instantiam
1551 1923 1773 1956 confirmatum

1039 1984 1056 2006 a
1081 1974 1284 2007 sanctissimo
1309 1973 1438 2007 Urbano
1468 1975 1550 2016 VIII,
1578 1981 1674 2019 prout
1698 1975 1773 2008 huic

1039 2028 1262 2069 contrariatur,
1290 2028 1447 2070 derogare
1475 2028 1637 2071 dignetur.

1083 2091 1124 2113 lv.
1152 2080 1230 2113 Item
1254 2081 1453 2124 praedictum
1479 2083 1632 2124 generale
1659 2082 1773 2116 defini-

1039 2134 1154 2166 torium
1180 2134 1321 2167 decrevit
1345 2140 1380 2167 ut
1405 2135 1558 2179 deinceps
1591 2136 1624 2168 in
1656 2147 1773 2180 perpe-

1038 2192 1124 2219 tuum
1151 2188 1357 2220 celebrentur
1390 2189 1528 2231 capitula
1564 2189 1773 2232 provincialia

1039 2251 1138 2273 verno
1164 2246 1326 2284 tempore,
1351 2241 1554 2275 circumcirca
1579 2243 1773 2276 dominicam

1040 2294 1191 2331 Camala,
1217 2295 1352 2327 sabbato
1379 2301 1452 2327 ante
1478 2295 1593 2339 ipsam,
1619 2301 1650 2328 et
1675 2297 1772 2340 quod,

1039 2347 1063 2378 si
1089 2347 1121 2378 in
1147 2347 1231 2380 dicto
1253 2353 1400 2391 tempore
1417 2349 1622 2391 magistratus
1641 2349 1771 2383 Ordinis

1038 2402 1207 2441 vacaverit,
1235 2401 1365 2444 capituli
1392 2403 1441 2435 vel
1466 2403 1679 2446 capitulorum
1698 2414 1773 2447 pro-

1038 2453 1221 2486 vincialium
1255 2455 1432 2488 celebratio
1466 2467 1568 2499 usque
1605 2456 1644 2489 ad
1676 2456 1772 2490 aliam

1037 2507 1230 2540 dominicam
1256 2507 1389 2541 Camala
1420 2508 1602 2542 immediate
1636 2510 1772 2542 suturam

1037 2566 1249 2603 prorogetur3
1276 2565 1310 2592 ut
1334 2560 1378 2592 sic
1403 2560 1458 2593 siat
1477 2561 1673 2594 conformius
1695 2573 1771 2594 con-

1037 2612 1255 2645 stitutionibus
1270 2613 1450 2656 religionis,
1467 2614 1552 2646 iuxta
1567 2620 1660 2658 caput
1677 2625 1770 2657 quar-

1831 2092 1884 2112 erm

1789 2120 1878 2143 capitula

1788 2146 1886 2166 celebrat]

1712 225 1754 260 85
1800 236 1849 264 An.
1869 235 1898 263 c.
1917 235 1983 263 1662

1888 2092 1970 2113 invium

1888 2121 1971 2164 [pratulo

1890 2153 1924 2166 til.
