2247 3208
226 236 274 262 An.
290 234 319 262 G.
342 233 410 261 1664

455 222 518 255 226

421 281 459 312 ab
485 277 634 311 omnibus
659 272 804 306 censuris
821 275 853 304 et
877 268 992 314 poenis
1009 266 1156 311 supradi-

422 332 480 364 ctis
506 330 537 361 in
565 329 666 360 forma
691 324 854 357 Ecclesiae
875 322 1031 355 consueta
1050 319 1157 352 absol-

422 382 539 419 vendi,
565 391 601 412 ae
625 389 697 411 cum
724 377 769 409 eis
796 386 892 419 super
916 372 1157 416 irregularitate

423 445 484 479 per
509 444 564 466 eos
589 434 626 465 ea
651 432 690 464 de
716 431 810 463 causa
840 429 1005 461 eontracta
1030 426 1160 469 dispen-

424 487 527 526 sandi,
553 495 674 528 eosque
701 482 933 517 rebabilitandi
952 485 984 513 et
1001 480 1039 512 ad
1057 477 1160 522 pristi-

402 545 406 547 ’
424 551 501 573 num
518 544 635 572 statum
652 536 864 576 restituendi,
883 538 1055 578 praeterea
1074 532 1159 565 viros

425 591 665 626 ecclesiasticos
690 590 834 632 probos,
859 598 896 620 ac
920 586 983 619 tide
1009 590 1041 618 et
1064 584 1161 617 sacul-

427 646 547 679 tatibus
573 644 719 682 idoneos,
738 642 776 674 ad
798 640 979 684 praemissa
1003 637 1111 671 omnia
1131 641 1163 669 et

427 698 555 739 singula
581 693 792 738 exequutioni
818 691 1038 725 mandandum
1060 689 1162 732 (exce-

407 754 409 757 ’
427 751 490 793 ptis·
507 755 612 781 tamen
627 746 807 779 indictione
823 749 855 777 et
867 742 1076 787 impositione
1090 740 1163 773 sub-

428 802 501 835 sidii
528 807 560 834 et
583 798 844 838 contributiouis,
864 808 899 829 ac
917 796 1087 834 taxatione,
1110 794 1164 826 de·

430 853 659 888 terminatione
685 857 717 884 et
741 850 962 883 declaratione
980 854 1045 880 tam
1066 857 1165 889 quan-

431 909 528 941 titatis
554 907 656 950 ipsius
682 904 818 937 subsidii
849 908 881 935 et
912 899 1163 935 contributionis

431 972 528 1005 quam
540 964 681 992 ratarum
696 956 882 1000 portionum
895 966 911 987 a
925 953 1062 995 singulis
1076 961 1166 995 prae—

431 1014 522 1046 dictis
547 1010 728 1054 respective
754 1007 1032 1051 praestandarum,
1058 1014 1095 1036 ac
1110 1003 1168 1036 bo-

431 1077 547 1098 norum
573 1063 737 1097 stabilium
762 1061 794 1093 in
819 1070 949 1093 causam
967 1057 1167 1102 praedictam

432 1117 682 1151 alienandorum
717 1113 878 1146 electione
911 1116 943 1144 et
971 1109 1187 1143 determina-¹

419 1171 540 1214 tione,
567 1179 647 1212 quas
673 1178 690 1199 a
715 1165 806 1199 vobis
841 1164 919 1198 solis
935 1190 943 1204 ,
970 1164 1020 1196 vel
1052 1161 1167 1194 maiori

418 1223 523 1266 'parte
549 1226 711 1260 vestrum,
738 1219 821 1251 sicut
844 1215 1071 1261 praemittitur,
1098 1213 1166 1247 fieri

433 1274 599 1316 volumus)
625 1270 865 1305 commissarios
889 1274 1024 1309 vestros
1043 1272 1170 1301 exacto-

434 1339 500 1367 res,
528 1328 724 1359 collectores
750 1329 782 1356 et
806 1328 995 1356 executores
1012 1321 1044 1353 in
1062 1320 1171 1362 singu-

435 1381 474 1414 lis
499 1379 682 1413 civitatibus
702 1383 734 1410 et
751 1375 969 1414 dioecesibus,
993 1372 1169 1417 provinciis

437 1440 469 1467 et
489 1434 568 1467 locis
586 1442 776 1475 regnorum,
796 1430 1034 1468 archidueatus,
1053 1438 1089 1460 ac
1105 1426 1171 1459 Sta·

437 1494 526 1520 tuum
541 1492 572 1519 et
586 1485 804 1519 dominiorum
818 1482 1172 1527 praedictorum‚quot-

437 1545 516 1583 (piot.
539 1538 694 1572 videretis
721 1536 887 1580 expedire,
911 1546 982 1567 cum
1008 1533 1104 1567 simili
1123 1533 1171 1565 vel

437 1594 574 1627 limitata
597 1596 767 1634 potestate,
782 1587 1002 1622 constituendi
1020 1592 1052 1620 et
1072 1587 1173 1629 depu-

438 1647 539 1685 tandi,
564 1645 705 1687 illosque
724 1642 859 1676 arbitrio
876 1645 984 1674 vestro
1003 1650 1174 1673 removen-

440 1699 471 1731 di
497 1704 528 1731 et
558 1696 751 1735 revocandi,
776 1706 813 1727 ac
844 1694 923 1727 alios
957 1703 1070 1726 eorum
1101 1693 1173 1725 loco

442 1752 535 1784 toties
561 1750 688 1794 quoties
707 1759 789 1792 opus
809 1748 909 1781 suerit
932 1746 1110 1790 deputandi
1139 1756 1175 1778 ac

439 1802 652 1846 satirogmidn
678 1802 711 1834 in
736 1801 963 1844 delinquentes
987 1800 1039 1832 vel
1063 1803 1175 1832 contu-

440 1867 558 1896 maccs,
570 1866 628 1898 per
641 1865 708 1895 νος,
718 1855 767 1887 vel
782 1853 892 1893 alium,
904 1863 961 1885 seu
976 1852 1066 1892 alios,
1078 1851 1176 1885 etiam

441 1909 634 1952 simpliciter
650 1913 681 1940 et.
702 1908 740 1940 de
766 1908 877 1950 plano,
897 1916 933 1938 ac
950 1906 1018 1938 sine
1038 1904 1177 1948 strepitu

442 1968 474 1995 ct
498 1962 599 2004 figura
625 1960 753 2000 iudicii,
778 1958 967 2003 inquirendi
1001 1963 1033 1991 et
1062 1967 1177 2001 proce-

443 2015 552 2054 dendi,
578 2024 697 2057 eosque
723 2013 840 2046 debitis
865 2012 980 2056 poenis
994 2016 1026 2044 et
1038 2011 1178 2044 animad-

442 2067 647 2100 versionibus
672 2065 844 2109 puniendi;
869 2066 983 2098 modos
1001 2069 1032 2097 et
1057 2065 1176 2097 formas

443 2121 474 2153 in
502 2119 692 2163 praemissis
719 2116 1177 2161 servandospraescribendi,

445 2173 541 2206 dubia
566 2182 790 2215 quaecumque
811 2171 844 2203 in
860 2169 1048 2214 praemissis
1069 2170 1178 2202 forsan

446 2226 570 2258 oritura
595 2224 789 2264 declarandi,
812 2234 848 2256 ac
871 2234 1004 2267 prorsus
1022 2222 1131 2255 omnia
1148 2227 1181 2255 et

447 2279 575 2320 singula
600 2277 631 2309 in
658 2276 854 2320 praemissis,
880 2281 912 2309 et
935 2276 1019 2309 eirca
1045 2286 1082 2308 ea
1100 2285 1180 2318 quo-

449 2333 493 2365 vis
508 2332 604 2364 modo
618 2331 803 2363 necessaria
817 2335 849 2363 et
862 2335 1056 2373 opportuna,
1075 2328 1182 2362 etiam-

448 2385 474 2417 si
506 2385 580 2417 talia
613 2384 721 2416 forent
745 2394 827 2426 quae
858 2383 1042 2415 mandatum
1074 2380 1181 2423 exige-

449 2443 523 2470 rent
548 2437 650 2479 magis
672 2437 810 2479 speciale
837 2447 934 2479 quam
954 2434 1182 2479 praesentibus

449 2491 489 2522 sit
514 2500 716 2533 expressum,
736 2488 883 2528 faciendi,
904 2487 1048 2531 gerendi,
1071 2487 1183 2519 decer-

449 2544 559 2581 nendi,
587 2542 747 2575 statuendi
772 2548 803 2574 ct
820 2541 1012 2584 exequendi,
1032 2538 1184 2583 plenissi-

449 2609 533 2631 mam
569 2603 600 2629 et
631 2595 862 2639 amplissimam
896 2605 931 2627 ac
962 2592 1180 2626 omnimodam

995 219 1173 244 BULLARIUM
1197 217 1347 242 ROMANUM

1198 265 1392 304 facultatem,
1420 263 1584 297 licentiam
1602 267 1634 295 et
1650 266 1859 305 potestatem,
1879 271 1932 293 au·
1945 272 1957 279 ³

1199 317 1348 351 ctoritate
1384 315 1565 360 praedicta,
1587 307 1780 348 'earumdem
1816 318 1931 346 tenore

1199 369 1428 414 praesentium,
1454 368 1621 401 tribuimus
1645 373 1677 400 et
1700 367 1916 410 impertimur.

1243 424 1257 467 ἓ
1287 423 1319 455 4.
1357 423 1510 455 Volumus
1541 426 1670 461 autem,
1704 426 1739 452 ut
1774 419 1931 463 pecuniae

1201 485 1436 519 quaecumque,
1454 485 1492 507 ex
1512 473 1650 507 subsidii
1671 477 1703 506 et
1726 473 1934 506 contributio-

1201 530 1250 561 nis
1266 528 1452 561 huiusmodi
1467 527 1646 566 exactione,
1667 536 1793 559 necnon
1811 536 1848 558 ex
1862 535 1934 558 ven-

1202 581 1397 619 ditionibus,
1425 579 1687 613 distractionibus
1712 582 1744 611 et
1767 577 1935 611 alienatio-

1201 634 1297 666 nibus
1313 634 1473 666 bonorum
1489 631 1729 675 praedictorum
1747 630 1829 662 sicut
1843 640 1937 674 prae-

1203 685 1341 718 mittitur
1358 684 1524 724 faciendis,
1541 683 1787 727 quomodolibet
1801 693 1938 726 proven-

1203 743 1294 771 turae
1310 743 1342 771 et
1354 738 1561 780 redigendae,
1576 741 1756 770 memorato
1770 736 1936 779 Leopoldo

1204 791 1273 833 regi
1299 791 1332 823 in
1356 791 1588 834 imperatorem
1624 789 1729 822 electo
1744 815 1752 828 ,
1776 799 1835 821 seu
1869 788 1938 821 eius

1205 844 1381 883 ministris,
1414 854 1431 875 a
1456 843 1545 876 vobis
1570 853 1628 875 seu
1661 853 1677 874 a
1710 840 1939 874 commissariis

1205 897 1321 929 vestris
1348 897 1387 928 de
1412 895 1546 938 speciali
1571 895 1722 927 mandato
1747 899 1855 927 vestro
1880 904 1939 937 per

1207 959 1262 982 vos
1287 949 1470 991 subscripto
1496 948 1663 981 tradantur
1689 952 1720 980 et
1744 947 1940 989 consignen-

1207 1007 1270 1041 tur,
1297 1002 1336 1034 ad
1363 1001 1424 1034 hoc
1449 1007 1484 1033 ut
1514 1001 1547 1033 in
1578 1000 1778 1043 praedictam
1810 1011 1941 1033 causam

1207 1055 1285 1088 belli
1318 1059 1431 1087 contra
1464 1053 1606 1093 Turcas,
1634 1057 1665 1085 et
1688 1063 1753 1087 non
1784 1053 1816 1085 in
1846 1053 1941 1086 aliam

1208 1106 1596 1151 quamcumque,omnino
1610 1109 1847 1146 convertantur,
1858 1106 1943 1149 ipsa-

1208 1170 1344 1203 rumque
1369 1159 1601 1203 pecuniarum,
1629 1169 1710 1202 quae
1736 1158 1782 1191 sic
1806 1158 1942 1192 traditae

1209 1219 1241 1247 et
1265 1214 1470 1256 consignatae
1496 1213 1624 1252 suerint,
1641 1211 1786 1245 rationes
1807 1211 1944 1244 seorsim

1210 1267 1413 1307 habeantur,
1445 1276 1510 1309 quo
1543 1266 1582 1298 de
1615 1275 1726 1298 earum
1753 1264 1944 1308 erogatione

1210 1321 1242 1353 in
1267 1329 1395 1353 eausam
1420 1319 1499 1352 belli
1521 1318 1710 1351 huiusmodi
1728 1318 1849 1350 certius
1867 1328 1946 1360 quo-

1211 1382 1349 1415 cumque
1374 1377 1521 1414 tempore
1542 1375 1692 1403 constare
1710 1370 1826 1413 possit·,
1845 1379 1946 1413 super

1212 1425 1329 1468 quibus
1344 1424 1480 1467 aliisque
1495 1423 1646 1457 omnibus
1664 1423 1840 1466 etsingulis
1854 1433 1947 1466 prae-

1212 1477 1321 1511 missis
1345 1482 1468 1511 vestras
1492 1482 1742 1520 vestrorumque
1760 1476 1948 1509 commissa-

1213 1532 1349 1571 riorum,
1362 1535 1612 1574 exequutorum,
1626 1534 1814 1563 exactorum
1831 1533 1863 1561 et
1881 1530 1947 1562 col-

1213 1586 1373 1618 lectorum
1398 1582 1614 1616 conscientias
1642 1592 1826 1615 oneramus.
1852 1582 1948 1614 Prae-

1214 1642 1304 1670 terea
1329 1646 1442 1669 omnes
1478 1641 1508 1668 et
1544 1635 1687 1678 singulas
1720 1634 1948 1674 venditiones,

1216 1689 1445 1723 distractiones
1463 1692 1495 1720 et
1512 1687 1739 1728 alienationes,
1756 1698 1773 1719 a
1787 1686 1878 1719 vobis
1892 1697 1950 1719 seu

1215 1741 1448 1776 commissariis
1465 1740 1580 1773 vestris
1598 1740 1823 1783 praesentium
1838 1739 1950 1782 vigore

1217 1796 1390 1835 faciendas,
1415 1804 1543 1827 necnon
1568 1794 1787 1826 instrumenta
1808 1793 1951 1836 desuper

1216 1854 1252 1882 ut
1274 1848 1458 1893 praefertur
1482 1846 1679 1880 celebranda
1692 1850 1723 1878 et
1739 1845 1950 1885 conficienda,

1217 1913 1289 1936 cum
1302 1901 1453 1935 omnibus
1470 1905 1502 1933 et
1518 1900 1653 1943 singulis
1667 1899 1744 1932 inde
1761 1897 1953 1942 ceteroquin

1218 1955 1363 1998 legitime
1388 1953 1589 1997 sequuturis,
1624 1963 1662 1985 ex
1686 1962 1771 1985 nunc
1794 1956 1893 1994 prout
1916 1961 1953 1983 ex

1219 2014 1297 2041 tunc
1321 2012 1353 2040 et
1376 2017 1393 2040 e
1419 2011 1543 2045 contra,
1570 2005 1759 2038 auctoritate
1783 2009 1815 2036 et
1839 2009 1953 2036 tenore

1219 2061 1392 2106 praedictis
1418 2059 1647 2093 confirmamus
1672 2064 1705 2090 et
1721 2058 1954 2100 approbamus,

1220 2115 1352 2158 illisque
1370 2112 1565 2146 inviolabilis
1585 2110 1784 2154 apostolicae
1795 2109 1955 2142 firmitatis

1220 2168 1320 2200 robur
1344 2165 1527 2205 adiicimus,
1554 2175 1591 2196 ac
1614 2174 1726 2196 omnes
1751 2167 1783 2195 et
1802 2163 1952 2205 singulos

1220 2220 1301 2253 iuris
1325 2224 1358 2251 et
1382 2218 1455 2251 sacti
1480 2218 1637 2256 desectus,
1656 2216 1753 2249 etiam
1777 2225 1955 2248 consensus

1222 2273 1380 2305 interesse
1405 2277 1439 2303 ut
1462 2270 1648 2314 praefertur
1679 2268 1888 2308 habentium,
1921 2278 1957 2300 ac

1223 2325 1463 2358 solemnitatum
1488 2332 1765 2367 quarumcumque
1797 2321 1894 2354 etiam
1923 2322 1957 2354 in

1224 2378 1384 2411 similibus
1400 2378 1439 2410 de
1458 2377 1651 2410 necessitate
1670 2375 1956 2414 observandarum,

1225 2432 1351 2465 etiamsi
1378 2431 1457 2463 tales
1482 2430 1546 2462 sint
1576 2434 1611 2461 ut
1641 2428 1772 2461 nonnisi
1805 2427 1885 2459 sacta
1917 2426 1957 2459 de

1226 2484 1272 2517 eis
1298 2483 1465 2516 individua
1488 2482 1654 2515 mentione
1679 2480 1782 2513 sanari
1808 2478 1958 2523 possint,

1226 2538 1251 2570 si
1277 2538 1329 2580 qui
1357 2537 1497 2579 desuper
1520 2533 1763 2573 intervenerint,
1786 2537 1840 2565 aut
1858 2532 1959 2564 inter-

1227 2590 1351 2624 venisse
1388 2589 1660 2632 quandocumque
1692 2585 1957 2630 praetendantur,

1933 212 1982 238 An.
1998 210 2028 238 C.
2051 210 2120 237 1664

1989 429 2125 451 eondiuones

1943 458 2096 483 praescriptae.
