2247 3208
231 260 281 288 Aa.
300 260 332 298 c..
353 262 418 289 1669
465 253 527 286 800

243 2384 335 2405 Poenam
347 2390 410 2413 supu-

224 2412 316 2431 rmrnlnus
324 2412 410 2436 perunt-

224 2438 317 2457 tcutibus
341 2438 409 2458 iniun-

225 2466 261 2490 git.

428 310 571 344 districte
586 308 798 352 prohibemus
815 306 935 350 pariter
948 310 980 338 et
995 303 1160 338 interdici·

426 374 504 403 mus,
521 373 560 395 ne
573 361 762 394 mercaturis
778 365 809 392 et
827 358 1101 402 negotiationibus
1114 368 1160 390 se-

426 416 587 449 cularibus
609 413 810 452 huiusmodi,
842 412 956 455 quovis
981 415 1157 454 praetextu,

426 470 528 508 titulo,
550 468 670 505 colore,
698 466 841 509 ingenio,
860 467 964 505 causa,
990 465 1157 498 occasione

425 526 457 553 et.
480 521 591 559 forma,
618 519 713 552 etiam
736 520 849 559 semel,
869 528 928 561 per
948 528 991 557 se,
1018 522 1071 549 aut
1092 527 1159 549 me-

425 573 587 606 diantibus
622 571 797 611 ministris,
824 581 879 604 seu
912 570 982 603 aliis
1012 570 1159 613 personis

424 625 636 665 subsidiariis,
663 624 782 657 directe
812 625 863 657 vel
888 624 1042 656 indirecte
1059 650 1066 663 ,
1094 628 1157 655 tam

424 678 555 711 nomine
574 677 716 720 proprio,
736 688 831 720 quam
856 687 984 709 suarum
1004 677 1159 719 respecti-

423 742 460 764 ve
485 731 679 774 religionum
710 741 765 763 seu
790 730 1096 773 congregationum,
1122 741 1158 762 ac

423 785 621 825 societatum,
641 783 736 816 etiam
760 783 840 824 Iesu,
858 784 907 816 vel
922 783 1060 816 aliorum
1078 793 1158 825 quo-

422 838 583 877 rumlibet,
611 841 643 870 et
667 837 744 870 alias
771 836 882 880 quovis
907 837 1004 869 modo
1030 841 1062 868 et
1086 847 1158 879 qua-

421 891 634 934 litercumque
654 900 687 922 se
709 890 923 933 ingerantvel
940 889 1154 922 immisceant.

422 944 466 977 Ac
490 954 526 976 ex
552 953 648 983 nunc,
674 948 770 986 prout
787 953 823 975 ex
842 947 929 983 tunc,
948 946 980 975 et
996 953 1013 975 e
1031 947 1155 983 contra,

420 1001 595 1040 postquam
619 1006 710 1028 casus
736 995 889 1036 evenerit,
907 1005 1030 1028 merces
1055 999 1086 1027 et
1110 996 1158 1027 lu-

421 1059 474 1082 cra
509 1059 756 1092 quaecumque,
784 1059 866 1092 quae
899 1059 936 1081 ex
973 1048 1156 1081 huiusmodi

420 1102 610 1135 mercaturis
646 1107 678 1134 et
701 1101 977 1144 negotiationibus
1001 1112 1158 1144 provene-

420 1156 485 1190 rint
503 1160 534 1188 et
550 1156 753 1200 provenient,
770 1156 801 1188 in
817 1166 895 1188 usus
909 1160 941 1188 et
953 1156 1156 1189 commodum

419 1219 601 1253 pauperum
615 1235 622 1248 ,
649 1208 861 1251 hospitalium
874 1236 881 1248 ,
907 1208 1156 1241 seminariorum

420 1261 711 1295 ecclesiasticorum
746 1272 781 1294 ac
822 1261 1042 1304 operariorum
1076 1261 1156 1302 (non

419 1319 529 1347 tamen
553 1314 749 1357 religionum
765 1340 772 1354 ,
800 1313 1089 1356 congregationum
1125 1319 1157 1346 et

419 1367 618 1407 societatum,
645 1367 741 1399 etiam
766 1367 845 1407 Iesu,
872 1377 928 1399 seu
951 1365 1087 1398 instituti
1106 1377 1156 1399 eo-

418 1432 500 1461 rum,
520 1421 572 1464 qui
594 1421 626 1453 in
643 1419 830 1463 praemissis
848 1420 897 1452 vel
916 1419 1002 1452 circa
1022 1430 1059 1452 ea
1077 1419 1157 1452 deli-

420 1474 556 1518 querint,
571 1474 627 1506 sed
646 1474 782 1506 aliorum
797 1483 862 1505 non
883 1472 1154 1515 delinquentium)

420 1528 536 1560 harum
562 1526 647 1559 serie
673 1526 886 1569 applicamus,
905 1525 959 1568 qui
984 1530 1156 1557 teneantur

419 1579 609 1621 consignare
639 1589 763 1611 merces
793 1583 825 1611 et
853 1579 943 1610 lucra
968 1577 1155 1610 huiusmodi

419 1619 783 1672 locorumffirdinariis,
809 1641 865 1663 seu
891 1641 1003 1663 eorum
1027 1630 1154 1662 vicariis

419 1685 451 1718 in
477 1684 699 1728 spiritualibus
724 1683 939 1727 generalibus,
959 1688 1014 1716 aut
1038 1683 1156 1716 officia-

419 1738 515 1777 libus,
536 1738 585 1770 vel
604 1736 791 1780 apostolicis
817 1735 944 1769 vicariis
969 1746 1026 1768 seu
1050 1736 1157 1779 provi-

419 1790 527 1825 cariis.
544 1790 589 1823 Si¹
604 1801 690 1831 vero,
706 1795 868 1833 tamquam
883 1789 986 1822 dictae
1001 1788 1091 1822 Sedis
1107 1790 1157 1822 de-

418 1844 529 1886 legati,
550 1844 605 1876 illa
624 1849 659 1876 ut
675 1843 865 1886 praefertur,
884 1847 916 1875 et
939 1853 1004 1874 non
1022 1842 1054 1874 in
1075 1842 1155 1875 alios

419 1908 511 1936 usus,
547 1896 742 1929 distribuere
769 1900 800 1928 et
824 1905 960 1938 erogare
992 1895 1154 1935 debeant;

419 1959 517 1993 super
538 1949 654 1992 quibus
676 1959 786 1981 eorum
804 1947 1034 1981 conscientiam
1052 1948 1158 1980 distri-

419 2007 469 2035 cte
493 2012 679 2034 oneramus.
706 2001 744 2034 Et
767 2001 840 2044 quia
864 2001 896 2033 in
922 2000 1105 2043 praemissis
1125 2005 1157 2033 et

420 2055 503 2088 circa
522 2065 559 2088 ea
579 2055 804 2098 delinquentes
822 2060 856 2087 ut
874 2054 1047 2097 plurimum
1064 2065 1157 2098 prac-

419 2113 507 2142 textu
526 2107 726 2141 necessitatis
744 2118 803 2151 pro
820 2117 930 2140 eorum
947 2107 1156 2140 missionibus

418 2171 452 2194 se
483 2171 635 2194 excusare
668 2165 900 2204 praesumunt,
931 2160 1155 2193 excusationes

419 2215 607 2247 huiusmodi
642 2215 687 2247 eis
721 2224 870 2247 eorumve
904 2213 1040 2246 cuilibet
1067 2214 1156 2246 nullo

418 2268 515 2300 modo
533 2267 699 2310 suffragari
717 2277 810 2310 posse
831 2267 881 2299 vel
904 2266 1024 2299 debere
1047 2266 1157 2299 decer-

419 2321 526 2353 nimus
551 2326 582 2353 et
607 2321 817 2353 declaramus.

463 2373 531 2416 §lu
559 2373 694 2416 Insuper
726 2373 918 2406 eisdemmet
950 2372 1094 2405 censuris
1126 2376 1158 2404 et

420 2425 534 2469 poenis
554 2425 746 2458 innodamus
764 2432 795 2458 et
819 2426 990 2458 innodatos
1016 2425 1083 2457 sore
1103 2425 1157 2457 de-

420 2480 579 2511 claramus
596 2479 782 2522 superiores
800 2479 1015 2519 immediatos,
1029 2489 1065 2511 ac
1082 2488 1157 2521 pro-

420 2532 575 2565 vinciales
600 2537 631 2564 et
647 2534 814 2575 generales
838 2533 1076 2576 praedictorum
1100 2532 1157 2564 Or-

459 2649 469 2676 ¹l
493 2648 587 2676 Potius
602 2646 707 2674 videtur
721 2646 866 2682 legendum
881 2647 908 2673 Ii
922 2654 970 2683 pro
986 2646 1020 2674 Si
1035 2646 1072 2682 (n.
1089 2647 1139 2681 τ,).

1007 258 1187 282 BL'LLARIUM
1211 257 1362 282 ROMANUM

1203 304 1333 345 dinum,
1359 306 1645 348 congregationum
1676 315 1708 341 et
1738 310 1933 351 societatum,

1203 356 1297 389 etiam
1311 357 1391 397 lesu,
1405 358 1460 400 qui
1475 369 1587 391 eorum
1601 361 1778 403 respective
1791 363 1936 396 subditos

1202 409 1233 441 in
1265 410 1454 452 praemissis
1489 412 1539 444 vel
1567 411 1651 444 circa
1683 424 1720 446 ea
1752 414 1847 447 etiam
1879 426 1935 458 pro

1202 461 1297 494 unica
1319 462 1387 495 vice
1413 464 1658 505 quomodolibet
1682 465 1909 510 delinquentes
1927 496 1934 509 ,

1201 515 1313 547 saltem
1338 526 1398 558 per
1421 516 1614 549 amotionem
1647 517 1776 551 illorum
1808 530 1825 560 a
1857 521 1935 553 locis

1201 568 1363 600 commissi
1382 578 1440 611 per
1454 579 1509 601 eos
1522 569 1641 609 delicti,
1655 581 1720 603 non
1737 571 1934 614 puniverint,

1201 631 1218 652 a
1243 621 1404 653 sententia
1420 632 1495 654 vero
1521 623 1864 657 excommunicationis
1877 625 1936 658 hu-

1200 673 1338 706 iusmodi
1365 685 1424 717 per
1457 676 1641 718 superiores
1669 677 1717 709 vel
1746 677 1843 710 alium
1877 689 1933 712 seu

1201 726 1280 758 alios
1299 737 1528 770 quoscumque,
1547 727 1642 760 etiam
1659 729 1770 771 quavis
1789 729 1934 763 facultate

1201 778 1360 820 suffultos,
1380 790 1477 813 nemo
1497 791 1532 813 ex
1552 781 1725 824 praedictis
1745 782 1935 826 delinquen-

1201 833 1284 865 tibus
1299 833 1421 866 absolvi
1434 834 1545 876 possit,
1563 840 1791 878 praeterquam
1807 836 1840 868 in
1858 847 1936 870 mor-

1201 885 1239 917 tis
1264 885 1400 919 articulo
1417 887 1616 927 constitutus,
1635 888 1696 920 nisi
1711 889 1807 921 lucris
1826 889 1936 922 huius-

1200 939 1286 971 modi
1307 939 1395 982 prius
1421 941 1589 974 restitutis,

1948 261 1995 288 An.
2013 261 2040 288 C.
2064 262 2130 289 16⁶9

1243 992 1257 1034 g
1282 991 1313 1024 5.
1340 992 1557 1026 Decernentes
1582 995 1713 1027 easdem
1744 1001 1934 1039 praesentes
1970 1006 2082 1027 Decretum
2100 1007 2129 1027 ir-

1200 1045 1323 1077 litteras
1342 1045 1421 1077 etin
1447 1046 1492 1078 eis
1517 1052 1670 1079 contenta
1695 1059 1932 1092 quaecumque,

1200 1098 1296 1131 etiam
1314 1109 1350 1131 ex
1368 1109 1405 1132 eo
1430 1100 1516 1142 quod
1542 1100 1573 1132 in
1591 1101 1776 1143 praemissis
1802 1102 1933 1135 interes<

1200 1161 1233 1183 se
1259 1151 1414 1184 habentes
1446 1162 1503 1184 seu
1537 1153 1657 1186 habere
1690 1154 1934 1197 quomodolibet

1198 1205 1465 1247 praetendentes,
1499 1211 1531 1238 et
1565 1206 1618 1238 alii
1644 1206 1802 1250 quilibet,
1830 1208 1934 1240 cuius-

1199 1254 1334 1301 cumque
1360 1262 1471 1298 status,
1498 1259 1628 1301 gradus,
1654 1259 1797 1299 ordinis,
1821 1271 1935 1303 prace-

1199 1312 1374 1345 minentiae
1401 1317 1432 1345 et
1457 1312 1630 1355 dignitatis,
1651 1324 1707 1346 seu
1729 1313 1806 1347 alias
1831 1314 1935 1357 speci-

1199 1366 1259 1398 fica
1283 1370 1315 1398 et
1339 1365 1504 1398 individua
1536 1366 1700 1399 mentione
1737 1367 1840 1409 digni,
1871 1367 1934 1400 illis

1200 1429 1264 1451 non
1288 1418 1521 1458 consenserint,
1546 1429 1605 1451 nec
1629 1419 1667 1452 ad
1687 1430 1731 1452 ·ea
1755 1420 1867 1461 vocati,
1893 1420 1936 1452 ci-

1200 1472 1255 1504 tati
1273 1476 1305 1504 et
1321 1471 1432 1511 auditi,
1449 1482 1553 1515 neque
1569 1482 1691 1513 causae,
1706 1478 1842 1516 propter
1855 1483 1934 1516 quas

1200 1525 1285 1567 ipsae
1310 1529 1498 1567 praesentes
1525 1523 1714 1565 emanarint,
1737 1523 1936 1558 sufficienter

1200 1578 1363 1617 adductae,
1389 1577 1569 1610 verificatae
1602 1583 1633 1610 et
1658 1577 1845 1611 iustificatae
1870 1578 1936 1611 sue-

1200 1631 1284 1670 rint,
1311 1635 1365 1662 aut
1388 1640 1425 1662 ex
1451 1630 1512 1663 alia
1537 1641 1740 1674 quacumque
1766 1635 1936 1674 quantum-

1200 1683 1246 1716 vis
1270 1683 1362 1722 iusta,
1389 1683 1443 1726 pia
1468 1689 1499 1716 et
1523 1683 1724 1726 privilegiata
1752 1685 1864 1724 causa,
1889 1694 1936 1717 co-

1200 1737 1279 1777 lore,
1300 1742 1467 1779 praetextu
1494 1741 1525 1769 et
1550 1737 1667 1780 capite,
1696 1736 1791 1769 etiam
1813 1737 1846 1770 in
1863 1747 1936 1770 cor-

1200 1800 1279 1833 pore
1314 1789 1393 1822 iuris
1425 1790 1554 1830 clauso,
1581 1790 1676 1823 etiam
1710 1790 1872 1831 enormis,
1904 1801 1936 1823 e-

1200 1843 1424 1876 normissimae
1456 1847 1489 1875 et
1517 1843 1625 1876 totalis
1655 1843 1818 1884 laesionis,
1845 1844 1936 1876 nullo

1199 1907 1341 1940 unquam
1377 1901 1523 1939 tempore
1559 1896 1597 1929 de
1634 1897 1852 1940 subreptionis
1886 1897 1936 1930 vel

1201 1949 1409 1992 obreptionis,
1437 1955 1490 1982 aut
1514 1949 1670 1982 nullitatis
1694 1949 1780 1989 vitio,
1806 1960 1864 1982 seu
1889 1949 1937 1982 in-

1201 2002 1353 2035 tentionis
1369 2007 1499 2035 nostrae
1511 2007 1564 2034 aut
1577 2003 1733 2035 interesse
1748 2002 1936 2035 habentium

1200 2065 1396 2095 consensus,
1424 2055 1525 2088 aliove
1550 2055 1697 2098 quolibet
1720 2055 1816 2088 etiam
1842 2066 1938 2098 quan-

1201 2108 1317 2140 tumvis
1346 2118 1462 2150 magno
1491 2113 1522 2141 et
1553 2108 1757 2141 substantiali
1789 2119 1824 2140 ac
1848 2108 1937 2141 inco-

1201 2161 1297 2203 gitato
1327 2165 1359 2193 et
1384 2161 1624 2203 inexcogitabili
1657 2161 1785 2193 defectu
1817 2160 1933 2200 notari,

1200 2213 1395 2257 impugnari,
1422 2213 1563 2256 infringi,
1591 2213 1778 2253 retractari,
1806 2213 1838 2245 in
1859 2224 1936 2246 con-

1200 2267 1388 2299 troversiam
1409 2266 1525 2305 vocari,
1548 2271 1601 2299 aut
1620 2267 1659 2299 ad
1684 2266 1840 2299 terminos
1857 2265 1934 2299 iuris

1199 2319 1326 2359 reduci,
1358 2329 1412 2351 seu
1452 2320 1604 2352 adversus
1639 2319 1710 2352 illas
1747 2319 1934 2362 aperitionis

1199 2372 1274 2412 oris,
1301 2372 1514 2405 restitutionis
1540 2372 1572 2404 in
1596 2372 1777 2414 integrum,
1809 2372 1934 2405 aliudve

1200 2426 1424 2469 quodcumque
1450 2425 1538 2465 iuris,
1563 2425 1637 2458 sacti
1658 2426 1706 2458 vel
1733 2425 1854 2467 gratiae
1886 2435 1936 2458 re-

1199 2478 1341 2511 medium
1367 2478 1519 2511 intentari
1539 2479 1587 2510 vel
1608 2477 1785 2521 impetrari,
1803 2488 1859 2510 seu
1876 2478 1936 2510 iin-

1199 2537 1334 2575 petrato,
1354 2532 1520 2564 autetiam
1545 2536 1643 2571 motu,
1670 2531 1803 2563 scientia
1827 2536 1859 2563 ct
1876 2542 1935 2575 po-

1201 2585 1323 2618 testatis
1348 2584 1550 2629 plenitudine
1567 2584 1701 2628 paribus
1719 2594 1870 2617 concesso
1885 2586 1934 2619 vel

1201 2643 1349 2671 emanato
1374 2638 1557 2682 quempiam
1582 2637 1615 2670 in
1636 2637 1754 2670 iudicio
1774 2638 1824 2670 vel
1848 2643 1938 2672 extra

1944 1034 2016 1054 fitam.
