2247 3208
105 237 154 264 An.
172 236 199 264 C.
224 235 290 263 1662

179 1353 291 1384 Dprogatio

109 1384 268 1404 contrariorum.

889 226 1077 256 A‘rexaxnen
1100 231 1143 256 vn
1170 231 1217 254 rr.

303 284 492 318 eorumdem
517 281 732 315 cardinalium
753 281 917 314 sententia
943 279 1037 312 nobis

303 338 498 379 referretur)
513 335 661 375 consilio,
677 335 825 367 camdem
844 333 1039 366 electionem

302 390 499 423 vicariorum
524 388 760 432 capitularium,
780 393 812 420 et
837 398 874 419 ca
900 394 981 429 quac
998 386 1037 417 ab

303 442 367 475 illis
386 442 432 475 sic
453 442 566 475 clectis
587 442 716 474 suerunt
735 439 919 473 successive
935 443 1036 481 gesta,

303 495 434 529 minime
463 495 569 528 valida
601 495 719 534 t'uissc,
746 493 857 536 sicque
886 491 918 524 in
943 501 1037 534 prae-

302 549 410 582 missis
435 560 496 592 per
520 558 739 592 quoscumque
759 545 882 578 iudices
908 544 1037 577 ordina-

304 603 370 635 rios
386 608 415 635 et
435 603 614 644 delegatos,
634 601 730 633 etiam
744 609 913 632 causarum
926 597 1036 642 palatii

304 655 477 699 apostolici
503 654 677 690 auditores,
705 664 741 685 ac
766 652 796 685 S.
824 652 860 684 R.
879 652 913 684 E.
934 651 1038 684 cardi-

304 709 395 741 nales
417 708 513 743 etiam
532 708 571 740 de
597 708 698 740 latere
716 707 851 748 legatos
867 705 1037 747 dictaeque
1054 739 1056 745 y

304 761 396 795 Sedis
414 760 562 799 11t111ciOS‚
582 765 614 792 et
633 759 714 792 alios
732 758 905 802 quoslibet,
925 757 1037 801 quavis

304 814 496 847 auctoritate
535 819 566 845 et
601 817 763 856 potestate
799 812 971 854 fungentes
1007 816 1040 843 et

305 869 482 906 t'uncturos,
501 867 627 898 sublata
653 866 699 898 eis
718 871 749 897 et
777 875 890 897 eorum
907 864 1040 896 cuilibet

305 920 416 964 quavis
442 919 536 952 aliter
560 918 723 952 iudicandi
750 922 782 950 et
800 916 1038 960 interpretandi

304 972 455 1006 facultate
481 975 513 1003 et
538 969 740 1007 auctoritate,
767 968 903 1001 iudicari
928 972 960 1000 et
985 968 1040 1000 de-

304 1025 390 1057 finiri
421 1025 563 1063 debere,
599 1034 635 1055 ac
664 1022 789 1055 irritum
820 1027 852 1054 et
883 1021 1039 1059 inanesi

305 1088 399 1111 secus
426 1088 525 1120 super
550 1076 599 1109 liis
618 1087 634 1108 a
656 1086 826 1119 quoquam,
853 1075 963 1118 quavis
985 1085 1040 1106 au-

306 1131 466 1169 ctoritate,
493 1130 637 1163 scienter
661 1130 712 1161 vel
738 1129 937 1170 ignoranter,
964 1138 1040 1160 con-

307 1184 416 1227 tigerit
443 1183 604 1221 attentari,
631 1182 823 1215 auctoritate
849 1181 1037 1224 apostolica,

307 1243 422 1269 tenore
447 1235 680 1280 praesentium,
702 1235 903 1267 declaramus
929 1239 961 1266 et
985 1234 1040 1266 de-

307 1290 481 1323 cernimus.

349 1343 364 1385 §
388 1343 419 1375 4.
439 1342 508 1374 Non
527 1341 728 1374 obstantibus
755 1339 1039 1373 constitutionibus

307 1401 339 1429 et
363 1394 622 1428 ordinationibus
648 1393 839 1437 apostolicis
855 1419 863 1433 ,
890 1403 1037 1433 necnon,

307 1454 465 1492 quatenus
493 1458 574 1491 opus
600 1447 652 1488 sit,
681 1446 785 1479 dictae
804 1446 964 1480 ecclesiae
982 1446 1040 1479 Pa-

306 1501 464 1539 risiensis,
476 1501 573 1534 etiam
586 1501 777 1539 iuramento,
793 1499 1039 1532 confirmatione

307 1555 496 1598 apostolica,
523 1554 573 1586 vel
596 1552 706 1596 quavis
732 1552 882 1585 firmitate
909 1553 971 1585 alia
989 1563 1040 1586 ro-

305 1607 439 1648 boratis,
459 1607 586 1639 statutis
613 1612 645 1639 et
669 1606 969 1646 consuetudinilnls,
989 1617 1040 1640 ce-

306 1659 450 1703 terisque
477 1658 649 1691 contrariis
676 1657 945 1702 quibuscumque.

349 1713 464 1746 Datum
489 1713 625 1752 Romae,
652 1713 739 1755 apud
765 1712 795 1745 S.
823 1712 953 1745 Mariam
979 1713 1041 1744 Ma-

306 1766 423 1805 iorem,
451 1767 510 1799 sub
536 1767 658 1799 annulo
684 1765 873 1805 piscatoris,
901 1765 951 1798 dic
976 1776 1040 1799 xvn

307 1818 376 1851 iulii
412 1828 565 1858 MDCLXII,
602 1818 810 1861 pontificatus
846 1818 952 1851 nostri
986 1829 1041 1851 an-

307 1882 349 1904 no
374 1882 443 1905 v111.

342 1933 398 1961 Dat.
420 1933 462 1961 die
484 1934 515 1960 17
535 1933 608 1961 iulii¹
630 1933 708 1967 1652,
723 1932 818 1968 pontis.
831 1940 901 1960 anno
916 1939 970 1960 vttt.

582 2068 752 2115 cccxcvr

305 2140 472 2174 Revocatio
490 2139 709 2183 quarumdam
724 2139 971 2172 ordinationum
987 2150 1044 2183 per

350 2193 594 2225 universitatem
608 2197 636 2225 et
650 2193 795 2225 homines
809 2193 891 2225 artis
902 2194 1044 2226 vaccina·
1058 2190 1060 2213 ¹

349 2246 475 2278 riorum
492 2246 586 2278 Urbis
598 2257 616 2278 a
629 2246 695 2279 Suet
710 2246 886 2279 Sanctitate
900 2257 958 2290 per
970 2247 1043 2280 Bre-

350 2309 385 2332 ve
406 2299 670 2341 confirmatarum
684 2327 691 2340 ‚
717 2310 789 2332 cum
805 2299 926 2333 decreto
943 2300 1041 2343 quod,

1117 278 1305 310 servabatur
1335 280 1511 320 antequam
1537 277 1640 310 dictae
1664 276 1810 309 declara-

1119 332 1217 364 tiones
1242 335 1269 364 et
1289 332 1389 364 Breve
1414 329 1628 364 emanarent‘.

1265 421 1430 449 Alexander
1449 422 1527 455 Papa
1546 421 1614 454 vll,

1191 467 1226 492 ad
1247 468 1423 499 perpetuam
1445 465 1490 492 rei
1509 465 1678 493 memoriam

1739 220 1781 252 47
1828 227 1917 255 Aac.
1943 227 2010 254 1662

1115 543 1129 586 ἓ
1151 543 1182 576 1.
1207 544 1293 576 Alias
1319 549 1511 576 emanarunt
1535 544 1662 576 anobis
1682 544 1808 578 litterae
1852 555 1934 577 Priores
1959 561 2008 576 sum

1825 583 1905 603 litteras
1936 588 2009 603 racuu-

1071 597 1103 629 in
1130 596 1225 629 simili
1251 597 1355 629 forma
1379 596 1499 635 Brevis,
1533 597 1655 629 tenoris
1682 597 1734 640 qui
1760 608 1811 630 se·
1825 612 1857 630 sei
1872 610 1974 630 ronna-x.

1072 650 1187 693 quitur,
1215 649 1382 682 videlicet:
1416 649 1604 683 Aleoeander
1626 650 1721 693 Papa
1750 651 1814 683 VII

1071 703 1113 735 ad
1136 704 1284 745 futuram
1298 703 1345 735 rei
1358 703 1557 736 memoriam.
1571 703 1695 746 Exponi
1712 702 1810 736 Nobis

1071 766 1177 800 nuper
1201 756 1367 797 fecerunt,
1391 755 1479 789 etc.2.

1116 809 1129 851 ξ
1154 808 1185 841 2.
1213 808 1289 841 Cum
1318 813 1432 847 autem,
1467 808 1549 841 sicut
1576 808 1814 852 plurimarum³

1072 872 1289 905 personarum
1314 861 1377 894 fide
1403 861 1574 904 dignarum
1593 863 1695 895 relatu
1716 863 1810 895 nobis

1072 915 1220 954 innotuit,
1240 914 1348 947 dilecti
1366 914 1422 947 filii
1440 915 1591 947 consules
1611 915 1714 948 dictae
1732 916 1810 948 artis

1073 967 1331 1000 vaccinariorum
1356 972 1518 1011 potestate
1544 967 1605 1000 sibi
1630 978 1691 1011 per
1715 978 1812 1011 prae-

1073 1021 1212 1053 inscrtas
1240 1021 1478 1053 declarationes
1504 1031 1561 1053 seu
1586 1020 1810 1054 ordinationes

1074 1073 1210 1107 anobis
1240 1079 1276 1106 ut
1309 1074 1494 1117 praefertur
1526 1073 1733 1106 confirmatas
1765 1079 1812 1107 at-

1074 1128 1192 1160 tributa
1224 1128 1404 1167 abutantur,
1439 1127 1614 1171 graviaque
1645 1128 1721 1161 inde
1755 1138 1812 1161 na·

1074 1186 1204 1213 scantur
1237 1179 1501 1213 inconvenientia
1532 1190 1597 1213 non
1631 1180 1701 1213 sine
1732 1181 1810 1214 boni

1074 1233 1195 1276 publici
1221 1233 1425 1272 detrimento,
1463 1244 1499 1266 ac
1524 1233 1639 1266 artium
1664 1233 1811 1267 vaccina-

1055 1311 1057 1318 .
1074 1286 1197 1319 riorum
1215 1291 1246 1319 et
1258 1286 1529 1326 macellariorum,
1545 1287 1739 1330 illarumque
1753 1287 1812 1320 ho-

1074 1339 1195 1372 minum
1220 1340 1337 1372 damno
1363 1344 1395 1372 et
1418 1339 1637 1383 praeiudicio:
1664 1351 1734 1380 nos,
1754 1351 1812 1384 op-

1073 1398 1248 1436 portunum
1266 1392 1317 1425 his
1334 1393 1427 1425 malis
1446 1393 1626 1426 remedium
1643 1393 1810 1433 adhibere,

1074 1457 1202 1479 necnon
1228 1446 1378 1489 publicae
1404 1446 1614 1490 privataeque
1642 1447 1812 1480 hominum

1075 1500 1233 1533 dictarum
1258 1499 1374 1532 artium
1404 1499 1533 1532 utilitati
1559 1501 1732 1533 consulere
1758 1511 1812 1533 cu-

1074 1554 1211 1597 pientes,
1226 1559 1315 1586 motu
1332 1553 1477 1597 proprio,
1497 1564 1533 1586 ac
1555 1564 1591 1586 ex
1606 1556 1694 1586 certa
1706 1554 1812 1587 scien-

1075 1607 1116 1640 tia
1142 1612 1173 1639 et
1196 1609 1320 1640 matura
1346 1606 1583 1640 deliberatione
1600 1607 1730 1647 nostris,
1757 1607 1813 1640 de-

1076 1670 1137 1704 que
1170 1659 1372 1703 apostolieae
1398 1659 1568 1703 potestatis
1594 1659 1810 1703 plenitudine,

1075 1713 1314 1747 declarationes
1348 1724 1405 1746 seu
1439 1713 1672 1753 ordinationes,
1699 1724 1736 1746 ae
1760 1724 1813 1746 su-

1074 1777 1134 1811 per
1166 1777 1279 1800 eorum
1311 1765 1558 1800 confirmatione
1595 1772 1627 1800 et
1650 1767 1813 1810 approba·

1075 1820 1162 1854 tione
1188 1820 1355 1863 expeditas
1380 1819 1504 1852 litteras
1529 1824 1657 1852 nostras
1683 1819 1813 1862 praein-

1076 1879 1188 1913 sertas,
1217 1872 1389 1916 omniaque
1412 1878 1444 1905 et
1460 1872 1587 1914 singula
1604 1871 1637 1904 in
1654 1871 1717 1905 illis
1736 1882 1813 1904 con-

1077 1930 1164 1958 tenta
1196 1930 1228 1958 et
1257 1935 1422 1968 expressa,
1450 1930 1564 1957 tenore
1590 1925 1812 1968 praesentium

1076 1984 1236 2022 perpetuo
1269 1988 1469 2018 revocamus,
1500 1979 1705 2020 abrogamus,
1743 1989 1813 2011 cas-

1077 2042 1194 2071 samus,
1212 2031 1377 2064 irritamus
1396 2036 1428 2063 et
1444 2032 1657 2071 annullamus,
1676 2031 1813 2064 viribus-

1078 2096 1139 2129 que
1172 2090 1203 2117 et
1227 2083 1342 2117 effectu
1372 2084 1501 2128 penitus
1533 2089 1565 2117 et
1596 2084 1728 2117 omnino
1760 2095 1813 2117 va-

1077 2148 1217 2177 cuamus,
1244 2148 1280 2170 ae
1305 2143 1465 2177 revocata,
1485 2138 1650 2180 abrogata,
1677 2143 1811 2177 cassata,

1077 2191 1176 2231 irrita,
1211 2196 1243 2223 et
1273 2191 1377 2230 nulla,
1410 2190 1599 2234 viribusque
1632 2195 1664 2224 et
1697 2189 1813 2223 effectu

1079 2254 1176 2277 vacua
1202 2254 1275 2276 esse
1308 2248 1340 2276 et
1362 2248 1523 2286 perpetuo
1548 2244 1642 2283 sore;
1669 2253 1811 2284 necnon,

1077 2298 1163 2331 circa
1198 2302 1384 2330 contractus
1429 2307 1529 2340 super
1568 2296 1709 2340 pellibus
1750 2302 1813 2329 tam

351 2353 437 2385 circa
467 2356 645 2385 contractus
680 2363 775 2396 super
805 2352 946 2396 pellibus
977 2357 1040 2385 tam
1077 2350 1278 2384 concinnatis
1311 2360 1406 2394 quam
1430 2349 1563 2382 rudibus
1588 2359 1645 2382 seu
1669 2349 1813 2382 nondum

351 2405 553 2438 concinnatis
578 2416 677 2449 quom
701 2405 835 2438 rudibus
865 2406 1039 2447 ineundas,
1077 2403 1277 2437 concinnatis
1313 2403 1492 2443 ineundos,
1532 2407 1564 2435 et
1598 2402 1813 2446 aperitionem

351 2459 564 2503 aperitionem
598 2469 757 2492 novarum
784 2460 1014 2504 apothecarum
1030 2487 1039 2500 ,

351 2516 380 2545 et
407 2512 599 2545 divisionem
624 2512 851 2553 macettorum,
882 2513 909 2545 is
938 2513 1042 2556 stylus

1112 2495 1121 2520 1
1142 2493 1178 2519 Ex
1194 2479 1301 2527 Regest.
1317 2491 1343 2518 in
1358 2492 1461 2519 Secret.
1478 2491 1556 2519 Brev.

1111 2538 1127 2564 2
1147 2537 1211 2564 Vide
1231 2537 1342 2564 Constit.
1363 2543 1479 2564 ccxxvni
1494 2538 1544 2572 (al.
1561 2536 1623 2569 226)
1641 2536 1722 2563 huius
1742 2535 1812 2563 Pon-

352 2565 390 2598 de
409 2570 507 2599 cetero
532 2566 568 2598 in
589 2570 782 2609 perpetuum
808 2570 959 2606 servetur,
984 2567 1043 2610 qui
1077 2583 1165 2616 tineis,
1188 2586 1255 2609 tom.
1278 2589 1334 2614 XVI,
1350 2589 1410 2617 pag.
1432 2581 1494 2608 427.

344 2629 357 2655 1
374 2627 445 2655 Edit.
461 2627 541 2655 Maia.
558 2627 591 2655 ad
608 2636 691 2664 marg.
710 2628 790 2656 habet
804 2628 883 2656 iunii
896 2632 932 2662 (n.
951 2629 999 2663 T.).

1111 2628 1128 2654 3
1147 2627 1218 2654 Edit.
1239 2626 1318 2654 main.
1335 2626 1399 2662 legit
1414 2626 1580 2661 plurimum
1595 2626 1632 2660 (R.
1649 2626 1696 2659 12).

1854 820 1892 841 Eis
1908 823 2002 843 revocat.
