2247 3208
125 217 174 244 An.
190 215 219 242 C.
241 215 308 242 1652

162 1114 219 1135 ttaee
235 1116 303 1135 omnia

119 1142 200 1161 semri
212 1141 303 1161 mandat.

140 1688 259 1709 Clausulae.

332 216 336 219 ’
908 206 1093 233 ΑῘᾸΞΧᾹΝὈΕΠ
1116 209 1160 232 vu
1185 209 1232 232 1³1³.

322 262 392 295 tulo
417 261 563 305 generali
589 259 774 293 confirmari
796 259 834 291 ad
854 258 941 291 aliutl
957 257 1056 289 trien-

321 316 412 348 nium
445 315 479 347 in
514 314 622 348 officio
664 313 869 352 assistentis,
906 312 1055 354 illudque

322 368 463 401 durante
498 366 642 399 triennio
675 365 863 398 huiusmodi
900 373 1055 396 exercere

321 420 418 453 etiam
437 429 498 463 pro
518 429 556 452 eo
579 424 728 461 tempore
745 417 831 460 quod
856 417 941 448 ultra
961 425 1056 458 prae-

320 473 423 506 fatum
455 473 655 505 novennium
688 475 850 504 excurret.
887 469 946 501 Alii
977 478 1055 500 vero

321 527 386 559 duo
413 527 628 565 assistentes,
656 525 710 568 qui
736 526 884 565 tempore
910 521 1056 554 celebra-

319 579 419 612 tionis
445 579 579 622 capituli
605 577 769 620 generalis
794 575 993 608 novennium
1022 574 1055 606 in

320 684 504 717 officiorum
527 683 751 726 praefatorum
769 681 986 724 complevisse
1004 689 1055 711 re-

319 736 501 778 perientur,
528 735 561 766 in
582 735 744 767 eiusmodi
771 732 955 766 assistentis
984 742 1054 763 mu-

318 798 399 821 nere
424 793 591 831 nequeant
609 786 795 820 confirmari
812 813 818 825 ,
837 785 893 817 sed
912 785 951 817 ab
965 785 1052 816 omni

319 841 426 875 officio
452 847 485 874 et
515 841 672 883 dignitate
698 850 759 883 per
791 838 969 871 triennium
1000 847 1053 869 va-

318 905 393 928 care
419 894 579 933 debeant,
607 893 692 925 sicut.
724 902 825 934 supra
858 899 1051 933 expressum

318 952 388 987 est;
423 952 613 979 remanente
641 951 749 977 tamen
779 953 911 986 semper
942 942 989 974 eis
1014 942 1052 974 li-

317 1001 398 1033 bero
435 1000 525 1032 aditu
562 999 601 1031 ad
633 998 858 1040 generalatum
891 996 980 1028 iuxta
1014 1004 1051 1026 ea

319 1063 402 1096 quae
428 1052 581 1095 superius
608 1050 842 1083 ordinavimus.

361 1106 376 1148 ἓ
395 1105 426 1137 6.
453 1105 623 1137 Postremo
639 1103 748 1136 onmia
767 1108 796 1134 et
811 1102 940 1143 singula
956 1110 1052 1143 prae-

318 1158 418 1190 missa
443 1158 482 1189 ab
507 1157 585 1196 illis,
612 1156 651 1188 ad
677 1165 759 1198 quos
785 1158 913 1197 spectat
937 1157 968 1185 et
989 1162 1049 1195 pro

317 1216 466 1252 tempore
492 1208 650 1252 spectabit
678 1206 924 1250 quomodolibet
944 1205 977 1236 in
1002 1205 1051 1235 su-

316 1269 435 1302 turum,
455 1263 515 1294 sub
536 1261 728 1304 privationis
754 1259 843 1291 roeis
869 1259 992 1290 activae
1018 1262 1049 1290 et

313 1316 474 1359 passivae,
501 1326 537 1346 ae
562 1319 741 1357 perpetuae
767 1311 983 1344 inhabilitatis
1009 1311 1048 1342 ad

313 1367 491 1400 obtinenda
516 1366 621 1399 officia
647 1366 751 1398 dictae
766 1363 1047 1406 Congregationis,

311 1430 439 1453 necnon
474 1418 822 1452 excommunicationis
856 1417 939 1448 latae
974 1426 1048 1448 sen-

311 1472 433 1505 tentiae
458 1472 574 1514 poenis
611 1481 671 1513 per
703 1474 973 1502 contraventores
1007 1479 1045 1501 eo

311 1525 382 1567 ipso
409 1524 532 1566 absque
558 1523 621 1555 alia
639 1523 860 1555 declaratione
875 1522 1047 1554 incurren-

312 1578 372 1617 dis,
398 1576 633 1609 inviolabiliter
659 1581 690 1608 et
713 1576 910 1607 inconcusse
932 1575 1046 1607 obser-

311 1630 377 1662 vari
403 1629 594 1661 mandamus
621 1633 653 1660 et
676 1628 910 1671 praecipimus.

354 1683 368 1724 ἓ
394 1682 423 1714 7.
450 1682 671 1714 Decernentes
698 1680 828 1712 easdem
850 1683 1043 1722 fwaesentes

312 1735 447 1773 litteras,
467 1739 499 1766 et
515 1734 547 1765 in
565 1733 611 1765 eis
630 1738 785 1765 contenta
804 1742 1042 1774 quaecumque,

312 1787 410 1820 etiam
435 1797 471 1829 ex
497 1797 536 1819 eo
562 1787 649 1829 quod
671 1786 869 1828 quicumque
895 1785 927 1816 in
948 1795 1043 1827 prae-

311 1841 419 1873 missis
446 1850 502 1872 seu
530 1850 643 1872 eorum
669 1839 778 1881 aliquo
800 1838 960 1870 interesse
988 1838 1044 1869 lia-

310 1893 426 1925 bentes
453 1903 510 1925 seu
535 1893 657 1924 habere
677 1891 923 1934 quomodolibet
948 1901 1043 1933 prae-

312 1945 497 1984 tendentes,
525 1944 668 1977 cuiusvis
695 1949 810 1983 status,
838 1943 970 1985 gradus,
990 1953 1042 1975 01·-

311 1999 420 2037 dinis,
456 1997 654 2030 conditionis
695 2002 725 2029 et
765 1996 956 2038 diguitatis,
987 2000 1039 2027 aut

309 2051 387 2083 alias
413 2051 548 2093 speciali
574 2055 606 2083 et
625 2050 793 2082 individua
812 2049 978 2081 mentione
994 2049 1042 2080 di-

308 2103 362 2145 gni
388 2103 540 2142 existant,
556 2103 620 2135 illis
637 2112 703 2134 non
726 2101 966 2141 consensemint,
986 2106 1038 2133 aut

306 2157 346 2188 ad
372 2166 410 2188 ea
434 2155 535 2194 citati,
563 2155 667 2187 vocati
694 2160 725 2186 et
750 2154 865 2193 auditi,
886 2164 944 2186 seu
965 2165 1040 2186 cau-

306 2218 360 2240 sae
376 2234 384 2247 ,
418 2213 556 2250 propter
586 2218 666 2250 quas
691 2211 884 2249 praesentes
910 2216 1040 2238 emana-

305 2265 390 2299 runt,
406 2260 578 2299 adductae,
595 2258 777 2292 verisieatae
797 2264 829 2291 et
845 2257 1038 2291 iustificatae

304 2322 370 2345 non
406 2312 554 2352 suerint,
587 2317 641 2344 aut
674 2322 710 2344 ex
740 2311 802 2344 alia
833 2322 1038 2354 quacumque

305 2365 513 2408 quantumvis
538 2366 624 2398 iusta
640 2392 647 2405 ,
673 2365 820 2407 legitima
852 2370 883 2397 et
907 2365 1039 2408 privile-

304 2417 390 2460 giata
406 2421 514 2458 eausa,
539 2420 659 2458 colore,
679 2423 850 2461 praetextu
868 2423 900 2450 et
921 2418 1036 2460 capite,

305 2471 403 2503 etiam
428 2471 461 2503 in
486 2480 626 2514 corpore
663 2471 743 2503 iuris
777 2471 889 2503 clauso
906 2497 913 2510 ‚
940 2470 1038 2502 etiam

306 2525 451 2556 enormis
467 2551 475 2564 ,
507 2524 755 2557 enormissimae
782 2530 813 2555 et
839 2524 947 2556 totalis
973 2524 1039 2555 lae-

305 2576 421 2619 sionis,
446 2578 536 2610 nullo
562 2587 704 2620 unquam
731 2582 879 2620 tempore
905 2576 944 2608 de
963 2576 1039 2608 sub-

1090 256 1250 299 reptionis
1274 255 1325 288 vel
1351 254 1556 298 obreptionis
1583 258 1638 287 aut
1665 254 1825 287 nullitatis

1090 310 1181 349 vitio,
1208 319 1267 341 seu
1290 308 1481 341 intentionis
1506 312 1639 340 nostrae
1663 311 1718 339 aut
1740 306 1825 339 inte-

1091 371 1180 394 resse
1201 361 1391 393 habentium
1415 370 1596 393 consensus
1619 360 1723 393 aliove
1744 368 1826 401 quo-

1090 415 1170 446 libet
1207 413 1415 456 quantumvis
1455 423 1573 455 magno
1605 418 1636 445 et
1673 413 1826 445 substan-

1089 466 1157 498 tiali
1172 466 1301 498 deseetu
1320 466 1439 505 notari,
1458 466 1656 508 impugnari,
1676 466 1823 508 infringi,

1090 519 1264 551 retractari
1281 545 1288 559 ,
1315 519 1346 550 in
1374 518 1633 550 controversiam
1660 519 1822 560 revocari,

1089 575 1143 603 aut
1169 571 1206 603 ad
1234 570 1393 603 terminos
1425 570 1505 602 iuris
1531 570 1658 611 reduci,
1685 581 1743 603 seu
1768 571 1823 603 ad-

320 632 507 664 assistentis
540 631 591 663 vel
620 630 684 662 alio
710 639 768 661 seu
793 629 864 661 aliis
893 627 1053 660 maiorum
1070 631 1072 658 t
1089 633 1202 655 versus
1228 623 1299 655 illas
1326 623 1519 665 aperitionis
1542 623 1621 661 oris,
1640 623 1823 656 restitutio-

1088 676 1138 708 nis
1164 677 1197 708 in
1222 676 1386 718 integrum
1403 703 1410 715 ,
1437 676 1564 708 aliudve
1590 676 1822 719 quodcumque

1088 728 1189 769 iuris,
1216 729 1289 762 sacti
1323 730 1373 761 vel
1404 729 1527 771 gratiae
1560 728 1744 761 remedium
1774 728 1823 760 in-

1090 782 1207 814 tentari
1232 783 1283 814 vel
1319 782 1511 825 impetrari,
1540 786 1596 813 aut
1619 781 1820 823 impetrato,

1086 835 1136 866 rel
1163 835 1260 866 etiam
1286 839 1399 873 motu,
1427 834 1564 866 scientia
1589 839 1621 866 et
1645 833 1821 876 potestatis

1086 887 1437 930 plenitudineparibus
1448 897 1616 926 concesso,
1633 886 1821 929 quempiam

1086 940 1119 971 in
1144 940 1266 973 iudicio
1297 941 1348 973 vel
1379 945 1469 972 extra
1501 940 1582 973 illud
1614 939 1660 971 uti
1698 949 1756 972 seu
1787 949 1822 972 se

1086 992 1197 1024 iuvare
1221 1003 1333 1035 posse,
1361 993 1417 1026 sed
1442 993 1531 1036 ipsas
1557 997 1750 1036 praesentes
1769 993 1822 1025 lit-

1042 1056 1047 1060 ’
1086 1050 1173 1078 teras
1199 1056 1333 1089 semper
1356 1046 1480 1087 firmas,
1506 1046 1630 1079 validas
1655 1051 1688 1079 et
1713 1045 1820 1079 effica-

1086 1108 1139 1130 ces
1166 1098 1305 1131 existere
1324 1104 1357 1131 et
1381 1099 1462 1139 sore,
1482 1109 1626 1141 suosque
1651 1098 1819 1141 plenarios

1085 1156 1117 1182 et
1142 1151 1288 1193 integros
1307 1151 1440 1184 effectus
1460 1151 1571 1184 sortiri
1599 1156 1631 1183 et
1655 1151 1818 1190 obtinere,

1085 1204 1196 1246 sicque
1223 1208 1254 1236 et
1279 1215 1344 1237 non
1371 1205 1466 1237 aliter
1490 1204 1521 1236 in
1539 1203 1730 1247 praemissis
1750 1213 1818 1236 om-

1083 1256 1179 1287 nibus
1206 1261 1238 1288 et
1263 1256 1399 1298 singulis
1418 1256 1559 1295 censeri,
1579 1262 1676 1299 atque
1694 1256 1738 1289 ita
1758 1265 1820 1299 per

1084 1319 1309 1352 quoscumque
1335 1309 1460 1342 iudices
1494 1309 1679 1342 ordinarios
1705 1315 1737 1341 et
1763 1309 1819 1341 de-

1082 1363 1220 1403 legatos,
1247 1362 1345 1401 etiam
1365 1373 1537 1395 causarum
1555 1363 1667 1405 palatii
1685 1368 1818 1405 aposto-

1082 1415 1134 1447 lici
1161 1415 1341 1453 auditores,
1368 1425 1404 1447 ae
1429 1415 1458 1447 S.
1487 1415 1524 1446 P..
1552 1415 1585 1446 E.
1618 1414 1815 1455 cardinales,

1082 1467 1178 1499 etiam
1204 1467 1243 1499 de
1268 1468 1371 1500 latere
1396 1468 1541 1509 legatos,
1569 1467 1690 1500 aliosve
1717 1478 1817 1510 quos-

1080 1519 1180 1559 libet,
1208 1520 1321 1564 quavis
1358 1520 1553 1553 auctoritate
1589 1525 1621 1553 et
1650 1526 1814 1563 potestate

1080 1573 1254 1615 fungentes
1280 1578 1312 1605 et
1337 1573 1528 1613 suncturos,
1556 1574 1684 1605 sublata
1710 1574 1756 1606 eis
1783 1579 1815 1605 et

1080 1636 1194 1658 eorum
1220 1625 1353 1659 cuilibet
1380 1625 1494 1668 quavis
1527 1626 1623 1657 aliter
1647 1625 1813 1658 iudicandi

1079 1683 1108 1710 et
1124 1677 1365 1721 interpretandi
1384 1678 1535 1709 facultate
1557 1682 1589 1710 et
1607 1678 1811 1718 auctoritate,

1077 1730 1214 1763 iudicari
1242 1736 1273 1763 et
1298 1729 1426 1763 definiri
1459 1730 1593 1770 debere,
1620 1741 1657 1763 ae
1682 1730 1812 1762 irritum

1078 1789 1107 1815 et
1124 1784 1219 1817 inane
1241 1784 1267 1816 si
1285 1794 1380 1816 secus
1401 1793 1502 1826 super
1520 1783 1570 1815 his
1591 1794 1608 1815 a
1633 1793 1810 1826 quoquam,

1077 1837 1189 1878 quavis
1216 1836 1412 1868 auctoritate
1432 1863 1439 1875 ,
1466 1836 1610 1868 scienter
1635 1837 1685 1869 vel
1720 1836 1812 1878 igno-

1076 1895 1200 1929 ranter,
1228 1889 1404 1931 contigerit
1421 1890 1588 1921 attentari.

1119 1943 1133 1984 ξ
1157 1941 1187 1974 8.
1210 1942 1280 1974 Non
1298 1941 1505 1974 obstantibus
1530 1941 1736 1984 praemissis,
1760 1952 1809 1983 ae,

1076 2001 1237 2038 quatenus
1264 2005 1346 2038 opus
1373 1995 1426 2035 sit,
1453 1996 1567 2027 nostra
1592 2000 1623 2027 et
1649 1995 1810 2027 cancella-

1075 2048 1142 2079 riae
1167 2048 1369 2090 apostolieae
1388 2048 1502 2089 regula
1520 2047 1559 2079 de
1577 2057 1643 2079 non
1664 2047 1809 2080 tollendo

1074 2100 1145 2132 iure
1171 2100 1335 2142 quaesito,
1355 2099 1493 2142 aliisque
1517 2099 1809 2132 constitutionibus

1075 2158 1105 2185 et
1140 2152 1403 2185 ordinationibus
1435 2152 1626 2195 apostolicis
1644 2179 1652 2193 ,
1679 2162 1807 2185 necnon

1073 2205 1357 2248 Congiegationis,
1384 2205 1627 2248 provinciarum
1654 2211 1686 2238 et
1710 2207 1810 2239 eolle-

1073 2259 1116 2301 gii
1148 2258 1418 2301 praedictorum,
1446 2259 1584 2301 aliisque
1616 2259 1807 2301 quibusvis,

1073 2311 1169 2343 etiam
1191 2311 1389 2351 iuramento,
1409 2310 1657 2343 confirmatione
1676 2316 1808 2353 aposto-

1072 2364 1145 2403 liea,
1172 2364 1223 2396 vel
1249 2364 1362 2406 quavis
1377 2363 1529 2396 firmitate
1548 2364 1610 2396 alia
1629 2363 1804 2402 roboratis,

1072 2417 1202 2449 statutis
1229 2421 1260 2449 et
1285 2417 1594 2456 consuetudinibus,
1620 2416 1802 2459 privilegiis

1072 2480 1216 2512 quoque,
1243 2470 1378 2502 indultis
1405 2474 1437 2501 et
1462 2469 1580 2501 litteris
1599 2468 1804 2511 apostolicis,

1071 2522 1131 2553 sub
1157 2522 1420 2564 quibuscumque
1437 2522 1612 2553 verborum
1635 2520 1817 2552 tenoribus-

1072 2581 1103 2608 et
1128 2576 1253 2615 formis,
1280 2586 1315 2608 ac
1341 2586 1413 2608 cum
1441 2575 1608 2618 quibusvis
1632 2575 1726 2614 etiam
1749 2573 1788 2605 «le

1839 206 1890 232 Αη.
1905 205 1934 231 C.
1958 204 2024 231 ¹662

1826 1944 1936 1966 Conium
1948 1948 1999 1966 :omi
