2247 3208
186 248 241 274 An.
262 246 288 273 c,
310 244 377 272 1664
423 235 486 269 3202

377 301 515 335 cumque
540 287 792 332 aggravantibus
815 291 878 317 tam
902 292 1112 328 personarum

378 355 473 389 quam
497 353 612 381 rerum,
639 346 819 383 temporum
844 343 873 371 et
903 338 1055 376 locorum,
1082 346 1113 368 a·

378 399 458 430 liove
485 394 593 438 quovis
619 397 765 436 respectu
791 400 942 434 expressa
962 394 994 421 et
1017 388 1113 432 speci-

377 451 468 482 ficata
493 458 556 481 non
593 447 673 485 sint,
707 455 742 477 ac
772 455 809 477 ex
845 442 1009 486 quibusvis
1045 441 1114 473 aliis

379 502 482 535 causis
508 499 711 544 quantumvis
735 496 886 539 legitimis
911 500 943 528 et
961 493 1112 533 iuridicis,

379 562 410 588 et
435 564 471 587 ex
486 562 689 597 quocumque
704 555 879 594 praetextu,
905 549 997 581 titulo
1015 552 1046 580 et
1065 557 1115 579 ca-

377 608 443 651 pite
469 607 564 640 etiam
596 605 627 637 in
660 614 792 647 corpore
818 602 895 635 iuris
921 602 1049 639 clauso,
1076 599 1114 632 de

379 659 595 703 subreptionis
614 658 663 690 vel
688 655 889 700 obreptionis
916 659 969 686 ant
989 653 1117 686 nullita-

378 714 417 747 tis
441 713 526 752 vitio,
541 721 597 743 seu
613 709 800 743 intentionis
818 713 944 741 nostrae
968 707 1017 738 vel
1042 714 1116 748 quo-

378 767 424 800 vis
449 766 511 799 alio
536 763 736 808 quantumvis
761 772 887 804 magno,
902 757 1114 797 substantiali,

379 819 514 859 formali,
541 817 713 860 incogitato
727 820 758 848 et
775 812 973 857 incogitabili
991 812 1115 845 defectu

379 871 491 911 notari,
520 869 711 913 impugnari,
728 866 886 909 redargui,
910 864 1050 907 infringi,
1069 874 1117 896 re-

378 924 514 964 tractari,
536 921 673 961 limitari,
698 919 883 959 modificari,
903 916 1052 956 rescindi,
1067 926 1117 948 an-

378 976 504 1016 nullari,
531 976 568 1008 ad
596 974 747 1007 terminos
766 971 842 1004 iuris
860 969 978 1009 reduci,
991 970 1041 1001 vel
1062 969 1117 1001 ad-

378 1040 487 1064 versus
505 1029 575 1061 illas
593 1025 781 1070 aperitionis
806 1024 879 1063 oris,
906 1021 1116 1055 restitutionis

378 1085 411 1116 in
438 1083 606 1124 integrum,
633 1078 757 1111 aliudve
784 1077 1008 1120 quodcumque
1028 1073 1114 1113 iuris,

380 1137 453 1169 sacti
476 1136 525 1168 vel
564 1133 682 1176 gratiae
718 1130 895 1163 remedium
931 1127 1114 1170 impetrari,

380 1199 436 1222 seu
461 1187 557 1220 etiam
581 1190 689 1224 motu,
727 1182 859 1215 scientia
891 1186 920 1214 et
949 1180 1117 1224 potestatis

380 1240 582 1286 plenitudine
602 1238 734 1281 paribus
750 1236 891 1276 concedi,
911 1238 964 1267 aut
984 1234 1027 1266 ita
1046 1243 1117 1266 con-

381 1304 468 1327 cesso
495 1291 678 1335 quempiam
703 1289 735 1322 in
760 1288 878 1321 iudicio
897 1288 947 1320 vel
968 1291 1056 1319 extra
1086 1285 1117 1331 i17

380 1347 435 1380 lud
461 1345 506 1377 uti
520 1345 704 1376 nullatenus
720 1351 861 1384 unquam
879 1349 983 1383 posse,
1002 1339 1118 1372 minus-
1140 1338 1142 1347 '

382 1410 443 1442 que
469 1399 552 1441 ipsas
572 1394 891 1439 praesenteslitteras
908 1393 966 1425 sub
991 1392 1117 1436 quibus-

380 1453 425 1485 vis
451 1450 601 1483 similium
626 1450 674 1482 rel
700 1447 900 1481 dissimilium
933 1447 1118 1479 facultatum

382 1510 412 1537 et
436 1503 609 1546 gratiarum
643 1500 915 1539 revocationibus,
940 1498 1118 1542 suspensio-

381 1558 484 1596 nibus,
512 1554 765 1593 limitationibns,
788 1553 837 1585 vel
862 1552 931 1585 aliis
951 1551 1118 1584 contrariis

382 1609 653 1654 dispositionibus,
680 1607 773 1640 etiam
799 1617 856 1649 per
880 1616 937 1638 nos
962 1610 991 1638 et
1009 1605 1118 1637 Roma-

381 1675 439 1697 nos
465 1663 633 1696 Pontifices
666 1671 864 1694 successores
894 1664 1040 1698 nostros,
1066 1658 1119 1691 Se-

383 1719 518 1760 demque
545 1716 720 1759 praefatam
737 1742 744 1755 ,
770 1715 829 1747 sub
863 1711 1117 1757 quibuscumque

380 1771 550 1803 verborum
583 1769 748 1801 tenoribus
773 1774 803 1800 et,
828 1767 955 1807 formis,
982 1776 1017 1798 ac
1047 1776 1118 1797 cum

382 1823 579 1866 quibuslibet
592 1821 741 1854 clausulis
759 1827 789 1853 et
809 1820 952 1859 decretis,
975 1818 1118 1861 quando-

382 1886 517 1918 cumque
534 1874 694 1914 faciendis,
711 1872 944 1916 comprehendi
962 1877 1015 1904 aut
1034 1882 1119 1904 com-

382 1929 559 1972 prehensas
585 1927 725 1967 censeri,
752 1926 807 1958 sed
840 1935 967 1968 semper
991 1925 1030 1957 ab
1055 1925 1118 1957 illis

383 1986 538 2023 exceptas,
554 1986 585 2012 et
609 1979 874 2022 spiotiescuinquc
899 1978 972 2010 illae
993 1987 1119 2010 emana-

384 2034 492 2073 verint,
521 2033 612 2065 toties
638 2033 670 2064 in
696 2032 874 2075 pristinum,
890 2031 1119 2064 firmissimum-

383 2098 446 2129 que
472 2091 503 2118 et
526 2086 773 2125 validissimum,
801 2095 837 2117 ac
870 2095 959 2125 eum,
991 2084 1024 2116 in
1056 2094 1137 2126 quo3

384 2146 475 2171 antea
502 2138 742 2181 ‹piemodolibet
767 2142 868 2177 erant,
888 2142 1002 2169 statum
1028 2135 1120 2169 resti-

383 2199 474 2232 tutas,
501 2192 656 2235 repositas
682 2196 713 2224 et
737 2191 881 2234 plenarie
898 2191 1117 2233 reintegratas,

386 2257 422 2278 ac
440 2247 478 2278 de
500 2255 580 2277 novo
602 2244 704 2283 etiam,
725 2244 783 2276 sub
800 2252 1002 2287 quacumque
1020 2248 1120 2286 poste·

383 2297 462 2331 riori
481 2298 553 2330 data
578 2308 635 2340 per
661 2303 689 2329 te
714 2303 745 2329 ct
769 2297 855 2336 alios,
883 2297 922 2329 ad
948 2307 1026 2339 quos
1051 2306 1120 2338 spe-

384 2356 447 2384 ctat
463 2356 495 2382 et
513 2362 571 2393 pro
593 2356 735 2393 tempore
765 2350 942 2393 spectabit,
971 2360 1119 2383 eorumve

385 2403 570 2448 quemlibet,
591 2403 858 2446 quandocumque
880 2402 1029 2445 eligenda
1045 2412 1120 2434 con-

385 2466 490 2489 cessas
515 2455 671 2497 intelligi,
698 2460 918 2498 perpetuoque
945 2455 1065 2488 validas
1089 2460 1121 2487 et

385 2509 527 2541 efficaces
553 2509 688 2540 existere
713 2513 744 2540 et
769 2508 854 2547 sore,
885 2518 1021 2550 suosque
1053 2508 1120 2550 ple-

385 2563 492 2595 narios
512 2566 544 2593 et
568 2560 710 2603 integros
735 2560 865 2593 effectus
885 2560 990 2593 sortiri
1015 2565 1047 2593 et
1069 2560 1121 2593 ob-

385 2615 502 2655 tinere,
530 2624 565 2646 ac
590 2613 667 2654 tibi,
693 2613 906 2656 omnibusque
932 2617 963 2645 et
987 2613 1120 2655 singulis

960 234 1140 259 BULLARIUM
1164 233 1317 260 ROMANUM

1154 282 1313 324 praefatis,
1340 294 1428 326 quos,
1454 289 1489 316 ut
1511 286 1698 328 praefertur,
1725 287 1892 321 absolven-

1155 335 1211 367 dos
1236 339 1267 367 et
1291 335 1475 369 liberandos
1492 337 1627 378 duxeris,
1646 339 1678 371 in
1698 336 1846 373 om‘nibus
1860 346 1892 374 et

1155 398 1212 430 per
1231 388 1340 421 omnia
1357 389 1541 432 plenissime
1558 389 1736 434 suffragari·y
1754 403 1889 434 necnon,

1156 441 1188 473 in
1213 446 1362 474 eventum
1387 452 1450 485 quo
1468 453 1564 485 super
1588 445 1779 486 praemissis,
1808 446 1893 479 inde-

1156 504 1218 536 que
1244 494 1410 534 secuturis,
1436 499 1489 526 aut
1513 505 1625 528 eorum
1650 496 1758 539 aliqua
1782 507 1890 540 parte,

1156 546 1396 589 ambiguitatem
1409 573 1416 587 ,
1443 548 1707 588 controversiam,
1740 550 1870 584 dubium
1883 578 1890 592 ,

1156 599 1244 632 litem
1267 600 1316 632 vel
1341 601 1601 641 contentionem,
1629 601 1820 636 iudicialiter
1843 605 1892 637 vel

1156 652 1440 686 extraiudicialiter
1464 653 1540 686 oriri
1564 654 1613 687 vel
1644 655 1765 688 moveri
1791 656 1893 689 conti-

1157 705 1246 747 gerit,
1263 716 1390 749 semper
1403 706 1441 739 ad
1460 706 1504 738 tui
1533 706 1733 750 aliorumque
1750 708 1893 742 omnium

1157 763 1189 791 et
1212 759 1411 801 singulorum
1432 759 1656 802 praefatorum,
1676 760 1794 803 quibus
1807 761 1893 795 abso-

1157 812 1313 845 lutionem
1334 819 1365 846 et
1381 812 1604 847 liberationem
1619 813 1803 846 huiusmodi
1823 824 1893 847 con-

1157 865 1302 905 cesseris,
1329 865 1539 906 commodum,
1565 865 1737 899 utilitatem
1757 871 1788 899 et
1807 866 1894 900 savo-

1157 928 1224 950 rem
1248 918 1371 958 resolvi,
1399 918 1511 959 decidi,
1539 919 1668 952 decerni
1687 924 1718 952 et
1741 919 1894 963 interpre-

1157 970 1293 1012 pretari3
1320 970 1428 1013 sicque
1454 976 1485 1003 et
1508 981 1574 1004 non
1591 972 1683 1005 aliter
1695 971 1728 1004 in
1745 972 1894 1005 omnibus

1158 1027 1190 1055 et
1212 1022 1347 1065 singulis
1379 1023 1561 1066 praemissis
1592 1034 1650 1067 per
1678 1035 1894 1068 quoscumque

1157 1076 1278 1109 iudices
1303 1075 1482 1109 ordinarios
1515 1081 1547 1109 et
1579 1077 1765 1120 delegatos,
1798 1077 1892 1110 etiam

1157 1139 1323 1162 causarum
1347 1129 1455 1172 palatii
1481 1129 1646 1172 apostolici
1672 1130 1845 1171 auditores,
1859 1141 1895 1163 ac

1158 1181 1188 1214 S.
1216 1182 1253 1214 R.
1282 1181 1316 1215 E.
1354 1183 1581 1223 camerarium,
1608 1192 1663 1216 seu
1696 1194 1894 1226 procamera-

1157 1234 1248 1275 rium,
1268 1240 1299 1267 et
1319 1235 1396 1267 alios
1410 1235 1597 1273 cardinales.
1618 1236 1713 1268 etiam
1738 1237 1776 1269 de
1794 1237 1894 1270 latere

1158 1288 1299 1330 legatos,
1326 1288 1533 1331 ipsorumque
1558 1288 1768 1321 cardinalium
1798 1290 1895 1323 colle-

1158 1340 1254 1383 gium,
1281 1351 1407 1373 necnon
1433 1341 1668 1374 thesaurarium
1693 1343 1892 1384 generalem,

1158 1393 1394 1436 praesidentes,
1421 1394 1554 1427 clericos
1584 1399 1615 1427 et
1644 1395 1895 1429 commissarium

1159 1446 1359 1488 generalem,
1386 1446 1593 1489 vicelegatos,
1620 1451 1760 1480 rectores
1785 1453 1817 1480 et
1840 1459 1896 1491 gu—

1158 1499 1368 1540 bernatores,
1404 1499 1520 1532 aliosve
1554 1500 1714 1543 quoslibet
1748 1500 1838 1533 Sedis
1863 1506 1896 1534 et

1158 1562 1302 1585 camerae
1327 1553 1542 1595 praefatarum
1572 1552 1723 1586 officiales
1747 1558 1778 1586 et
1801 1554 1895 1586 mini-

1158 1609 1248 1645 stros,
1268 1616 1468 1648 quacumque
1493 1606 1735 1648 praeminentia,
1757 1607 1894 1640 auctori-

1159 1663 1222 1691 tate
1248 1663 1279 1691 et
1302 1664 1457 1701 potestate
1483 1659 1666 1702 praeditos,
1694 1659 1839 1692 suffultos
1864 1665 1896 1693 et

1160 1711 1349 1754 fungentes,
1376 1717 1406 1744 et
1431 1712 1700 1755 quandocumque
1720 1712 1893 1754 suncturos,

1159 1764 1284 1797 sublata
1308 1764 1353 1797 eis
1378 1769 1409 1797 et
1433 1775 1543 1798 eorum
1561 1764 1693 1798 cuilibet
1713 1766 1822 1808 quavis
1842 1766 1895 1799 ali-

1160 1822 1207 1850 ter
1230 1817 1393 1850 iudicandi
1419 1823 1450 1851 et
1475 1818 1717 1861 interpretandi,
1744 1819 1894 1852 facultate

1160 1875 1191 1903 et
1214 1871 1411 1912 auctoritate,
1436 1870 1571 1903 iudicari
1597 1876 1628 1904 et
1653 1871 1778 1904 definiri
1803 1872 1895 1905 debe-

1159 1934 1214 1964 re,
1241 1934 1277 1956 ac
1306 1924 1431 1956 irritum
1456 1928 1488 1956 et
1512 1924 1607 1956 inane
1631 1923 1656 1956 si
1684 1934 1774 1956 secus
1799 1934 1894 1967 super

1161 1977 1211 2010 his
1237 1988 1253 2009 a
1274 1987 1443 2020 quoquam,
1457 1977 1565 2019 quavis
1582 1977 1778 2017 auctoritate,
1794 1977 1895 2010 scien-

1161 2036 1208 2063 ter
1232 2031 1281 2063 vel
1306 2030 1500 2072 ignoranter,
1515 2030 1685 2073 contigerit
1709 2031 1870 2063 attentari.

1204 2083 1219 2126 ἓ
1243 2083 1274 2115 4.
1302 2083 1371 2115 Non
1392 2083 1598 2116 obstantibus
1619 2083 1766 2115 omnibus
1787 2087 1819 2115 et
1835 2082 1896 2115 sin-

1161 2136 1243 2179 gulis
1270 2136 1462 2179 praemissis,
1485 2146 1521 2168 ac
1537 2135 1638 2168 felicis
1661 2135 1896 2168 recordationis

1161 2188 1206 2221 Pii
1231 2188 1267 2221 IV
1292 2193 1323 2221 et
1346 2188 1428 2221 PiiV
1453 2189 1674 2221 Romanorum
1702 2188 1896 2221 Pontificum

1161 2242 1445 2285 praedecessorum
1469 2246 1654 2274 nostrorum
1679 2241 1793 2284 quibus
1810 2251 1898 2274 cave-

1161 2300 1213 2328 tur
1238 2294 1421 2327 huiusmodi
1448 2294 1567 2337 gratias
1589 2305 1646 2327 seu
1674 2294 1897 2327 absolutiones

1161 2359 1227 2382 non
1252 2349 1370 2389 valere,
1393 2359 1453 2380 nec
1470 2347 1634 2391 suffragari
1657 2347 1719 2380 nisi
1745 2348 1809 2380 reis
1826 2357 1898 2380 con-

1160 2402 1279 2435 stitutis
1303 2402 1337 2435 in
1361 2401 1564 2441 carceribus,
1594 2411 1721 2434 necnon
1751 2401 1896 2434 eiusdem

1161 2456 1207 2488 Pii
1231 2455 1267 2488 IV
1292 2455 1550 2499 praedecessoris
1582 2455 1621 2488 de
1654 2454 1764 2497 gratiis
1789 2455 1898 2497 quale-

1161 2516 1298 2549 cumque
1322 2506 1476 2539 interesse
1511 2505 1614 2538 dictae
1646 2515 1791 2537 camerae
1818 2515 1897 2547 quo-

1161 2559 1341 2591 modolibet
1366 2557 1639 2590 concernentibus
1664 2557 1697 2588 in
1715 2557 1827 2589 eadem
1844 2567 1896 2589 ca-

1162 2613 1251 2644 mera
1275 2611 1358 2644 intra
1374 2616 1497 2644 certum
1515 2615 1589 2642 tunc
1612 2619 1798 2653 expressum
1820 2614 1896 2642 tem-

1901 242 1952 267 An.
1974 240 2003 268 C.
2022 240 2088 268 1664

1975 2087 2091 2113 Dei-ogauo

1908 2114 2067 2135 contrariorum.
