2247 3208
100 161 152 187 An.
170 159 196 186 (ἶ.
222 159 289 187 1667

127 326 223 348 Pontifex
236 332 284 348 con-

97 351 174 375 firmat.

131 1707 230 1729 necui-at
248 1709 288 1727 ter-

104 1737 156 1756 lznm
195 1735 289 1755 iis-tato-

105 1767 147 1781 νειιι
202 1762 288 1787 aliaque

103 1790 189 1811 maun.
218 1791 239 1809 ut.
269 1793 289 1808 tn

105 1816 191 1836 manca

924 160 1067 184 ermittfts
1092 161 1123 184 tx
1147 161 1194 184 PP.

295 214 331 242 ut
353 208 440 242 infra
464 208 636 252 indulgere
663 208 701 242 de
727 208 930 251 beni-gnitate
961 219 1039 252 apo-

296 262 410 296 stolica
436 263 658 305 dignaremur.

296 369 382 413 regis
409 369 487 402 votis
514 369 574 402 hac
591 369 623 402 in
644 380 690 410 re,
708 375 863 413 quantum
882 380 955 403 cum
978 369 1039 402 Do-

297 422 386 455 mino
411 424 604 466 possumus,
631 422 847 455 favorabiliter
871 433 1036 462 annuere,

297 486 334 509 ac
353 475 474 509 salubri
493 475 732 519 praedictarum
745 476 943 515 monialium,
959 485 1038 518 quae

295 529 493 563 christianae
518 529 647 572 pietatis
673 529 873 572 aliarumque
906 528 1040 570 religio-

297 593 406 616 sarum
420 583 573 616 virtutum
592 582 706 616 studiis
723 582 839 615 eximie
856 582 971 614 florere
987 592 1039 614 no-

295 642 435 676 scuntur,
462 636 642 676 directioni,
668 646 729 679 pro
753 635 911 678 peculiari
929 640 1038 667 nostro

299 689 332 723 in
359 700 412 722 eas
439 688 606 721 charitatis
630 687 758 728 affectu,
789 688 962 720 consulere
988 698 1041 719 eu-

297 743 437 787 pientes,
464 741 651 775 huiusmodi
677 741 972 784 supplicationibus
993 741 1040 772 in-

297 796 418 835 clinati,
447 795 665 839 praeinsertas
699 794 873 828 Alexandri
905 795 1040 838 praede-

297 849 436 883 cessoris
461 849 593 890 litteras,
619 859 654 881 ac
680 849 789 881 omnia
814 853 845 880 et
862 847 989 890 singula
1006 841 1039 879 in

298 902 343 936 eis
357 907 521 942 contenta,
533 901 567 934 in
585 901 635 934 his
654 907 759 934 tamen
775 911 856 945 quae
876 901 959 934 infra
977 906 1040 934 sta-

297 956 452 990 biliendis
482 966 549 989 non
583 956 816 996 adversantur,
849 955 1038 988 auctoritate

297 1009 490 1054 apostolica,
505 1014 618 1042 tenore
633 1009 864 1053 praesentium,
881 1009 1040 1052 approba-

297 1073 367 1096 mus
385 1068 416 1096 et
434 1062 672 1102 confirmamus
692 1062 821 1105 illisque
839 1062 988 1095 omnibus
1007 1066 1039 1094 et

298 1116 432 1160 singulis
458 1121 635 1159 perpetuae
674 1121 705 1148 et
738 1115 932 1148 inviolabilis
964 1126 1039 1158 apo-

298 1170 430 1203 stolicae
463 1169 623 1203 firmitatis
653 1170 755 1202 robur
785 1169 966 1205 adiicimus2
1003 1180 1039 1201 ae

299 1223 450 1256 omnibus
461 1223 619 1256 dictorum
630 1223 901 1255 monasteriorum
911 1221 1041 1265 prioris-

298 1276 351 1316 sis,
376 1275 611 1319 superiorissis,
626 1276 822 1308 monialibus
840 1282 870 1308 et
891 1275 1039 1319 personis

299 1329 564 1373 quibuscumque,
589 1335 623 1361 ut
644 1328 764 1362 eisdem
782 1328 917 1368 litteris,
937 1328 1041 1361 omni-

298 1383 423 1426 busque
439 1389 470 1416 et
487 1382 622 1425 singulis
636 1383 669 1416 in
682 1383 746 1416 illis
761 1383 921 1415 contentis
937 1390 1041 1426 prom-

298 1439 351 1478 pte
382 1439 414 1466 et
443 1434 568 1467 sincere
594 1434 662 1467 sine
682 1435 745 1467 ulla
764 1433 973 1478 oppositione
991 1434 1039 1466 vel

298 1488 533 1532 protestatione
547 1494 683 1531 pareant
703 1493 735 1521 et
748 1488 915 1528 obediant,
931 1487 964 1520 in
984 1487 1040 1520 vir-

299 1546 366 1574 tute
391 1547 522 1574 sanctae
548 1541 777 1581 obedientiae,
797 1552 831 1574 ac
857 1541 953 1574 etiam
982 1541 1039 1573 sul)

300 1595 641 1629 excommunicationis
666 1596 737 1639 ipso
764 1596 845 1628 sacto
873 1596 1040 1628 incurren-

301 1648 360 1682 dae
384 1651 502 1692 poena,
532 1649 750 1693 praecipimus
775 1655 806 1682 et
837 1650 1036 1682 mandamus.

344 1703 359 1746 g
383 1701 414 1734 4.
451 1701 633 1735 Statuentes
659 1709 691 1736 et
715 1703 918 1736 declarantes
953 1704 1039 1747 quod

303 1756 469 1799 deinceps,
483 1755 571 1789 iuxta
586 1761 731 1789 tenorem
745 1757 986 1790 constitutionis
996 1768 1042 1790 re-

302 1810 459 1843 colendae
484 1810 664 1843 memoriae
682 1810 831 1853 Gregorii
857 1811 962 1854 Papae
990 1811 1040 1843 XV

301 1863 564 1908 praedecessoris
589 1864 715 1908 pariter
735 1865 837 1897 nostri
863 1865 913 1898 die
930 1875 974 1898 ΧΠ
992 1876 1042 1897 se-

301 1917 459 1961 ptembris
485 1927 616 1951 nncxxn
641 1918 758 1958 editae,
776 1919 898 1951 nullum
924 1919 1042 1951 monia-

302 1971 381 2004 lium
419 1971 496 2004 dieti
532 1971 660 2004 Ordinis
697 1972 730 2004 in
761 1983 861 2015 regno
886 1971 1065 2005 Franci-det

301 2024 538 2057 monasterium
560 2025 599 2057 ab
625 2025 689 2058 alio
711 2025 904 2068 dependeat,
926 2031 978 2058 aut
998 2027 1044 2058 al-

302 2077 401 2110 terius
427 2079 607 2111 membrum
633 2084 813 2119 censeatur,
837 2080 923 2112 salva
942 2080 1043 2111 liono-

302 2131 346 2164 ris
377 2132 603 2174 praerogativa
636 2133 809 2166 monasteri
820 2149 831 2165 ,ι
858 2127 1066 2173 Pa1¹isieiisi,³›

302 2195 387 2217 nunc
404 2185 648 2225 Incarnationis,
666 2186 699 2218 in
717 2186 874 2219 suburbio
893 2186 924 2219 S.
937 2187 1042 2219 Iacobi

302 2243 509 2280 nuncupato;
537 2239 689 2282 quodque
711 2239 883 2272 memorati
908 2240 1045 2273 Alexan-

304 2291 352 2323 dri
367 2291 631 2334 praedecessoris
647 2293 772 2325 litterae
787 2293 820 2325 in
834 2293 929 2327 simili
942 2294 1044 2326 torma

303 2343 424 2384 Brevis,
451 2343 501 2376 die
527 2353 545 2376 v
570 2345 713 2377 octobris
738 2356 876 2379 ,πυρῆνι
902 2347 934 2378 in
962 2347 1044 2379 favo-

302 2408 373 2430 rem
390 2397 663 2430 monasteriorum
681 2399 872 2432 monialium
898 2399 972 2431 dieti
990 2400 1045 2432 Or-

304 2450 388 2483 dinis
414 2450 552 2483 civitatis
578 2451 767 2484 Bisuntinae
793 2457 824 2485 et
849 2452 911 2485 loci
937 2453 1044 2496 Graja-

305 2504 411 2536 censis
426 2504 458 2536 in
474 2504 628 2537 comitatu
641 2505 848 2548 Burgundiae
863 2506 1043 2549 expeditae,

305 2566 443 2599 quarum
468 2558 879 2621 tenorem'praesentibus
908 2569 968 2603 pro
991 2570 1044 2592 ex-

1715 151 1773 160 >==>

1716 165 1779 184 Ἅι.)

1058 226 1061 253 3
1083 219 1192 252 presso
1211 213 1240 241 et
1259 208 1385 242 inserto
1411 209 1525 242 haberi
1540 210 1700 249 volumus,
1716 211 1821 243 locum

1083 316 1354 350 monasteriorum
1378 316 1473 360 regni
1498 316 1673 357 Franciae,
1700 327 1759 350 nec
1783 317 1823 350 ad

1083 369 1350 412 consequentiam
1369 370 1454 402 trahi
1476 369 1610 413 possint.
1631 370 1674 402 Ac
1695 370 1822 403 dilectis

1083 421 1156 454 siliis
1182 422 1362 455 rectoribus
1387 433 1443 455 seu
1468 422 1693 466 superioribus
1711 423 1823 456 imme-

1083 474 1177 507 diatis
1196 480 1227 507 et
1248 475 1469 522 visitatoribus
1495 476 1738 518 praedictorum
1755 487 1823 510 mo-

1082 529 1302 565 nasteriorum
1328 529 1517 562 monialium
1538 530 1631 573 regui
1657 530 1821 570 Franciae,

1084 592 1123 614 ne
1149 581 1210 624 ipsi
1236 581 1354 614 limites
1380 582 1567 614 facultatum
1598 588 1627 615 et
1652 584 1823 626 potestatis

1083 634 1143 666 sibi
1167 635 1347 677 respective
1373 645 1603 668 concessarum
1635 637 1820 675 extendant,

1083 688 1324 728 interdicimus3
1350 688 1568 721 visitatoribus
1599 695 1706 722 autem
1730 700 1824 733 prae-

1084 742 1193 781 dictis,
1220 748 1253 773 ut
1279 740 1406 782 statuta,
1428 753 1488 786 pro
1513 743 1636 776 salubri
1661 749 1824 777 monaste—

1083 795 1205 828 riorum
1220 795 1405 828 liuiusmodi
1415 795 1572 838 regimine
1587 796 1626 828 ab
1638 796 1717 839 ipsis
1727 797 1822 837 edita,

1083 848 1308 892 superioribus
1333 849 1524 881 eorumdem
1548 850 1824 882 monasteriorum

1084 901 1326 934 communicent
1351 912 1407 935 seu
1433 907 1509 935 nota
1533 901 1668 943 saciant,
1695 902 1734 934 ad
1761 902 1825 935 hoc

1083 961 1115 987 ut
1144 956 1220 988 dicti
1246 956 1433 999 superiores
1458 966 1572 988 eorum
1605 955 1824 989 observationi

1083 1019 1142 1052 pro
1167 1009 1311 1041 muneris
1344 1009 1392 1042 sui
1424 1009 1550 1042 ratione
1576 1009 1766 1052 diligentius
1793 1013 1826 1042 et

1083 1062 1207 1095 cautius
1235 1062 1413 1104 invigilent,
1433 1063 1608 1095 dummodo
1626 1063 1682 1095 illa
1706 1062 1826 1094 consti-

1084 1115 1265 1148 tutionibus
1285 1115 1360 1148 dicti
1378 1114 1505 1148 Ordinis
1522 1125 1585 1147 nou
1604 1115 1824 1155 adversentur,

1083 1168 1313 1211 praecipimus.
1341 1168 1486 1211 Insuper,
1505 1168 1824 1203 attentamultitudi-

1084 1233 1122 1255 ne
1145 1229 1176 1255 et
1201 1223 1352 1255 distantia
1373 1223 1533 1256 dictorum
1550 1222 1824 1255 monasteriorum

1083 1275 1116 1308 in
1131 1276 1225 1308 variis
1241 1275 1333 1318 regni
1353 1275 1510 1318 praedicti
1525 1276 1673 1319 partibus
1702 1275 1826 1318 dispe-r-

1084 1340 1204 1370 sorum,
1219 1329 1253 1361 in
1273 1328 1453 1362 subsidium
1471 1334 1502 1361 et
1527 1330 1672 1362 levamen
1696 1329 1825 1372 praedi-

1084 1388 1210 1415 ctorum
1227 1383 1365 1415 duorum
1382 1382 1586 1415 visitatorum
1603 1382 1667 1414 iam
1686 1382 1826 1415 existen-

1084 1436 1175 1476 tium,
1201 1435 1354 1468 dilectum
1378 1435 1499 1478 pariter
1522 1433 1625 1468 filium
1646 1435 1824 1467 Martialem

1083 1489 1219 1529 Chanut,
1230 1489 1420 1522 monasterii
1439 1488 1602 1528 d'lssoire,
1613 1488 1741 1521 Ordinis
1757 1499 1826 1521 san-

1084 1543 1126 1576 cti
1152 1542 1328 1583 Benedicti,
1355 1542 1630 1576 Claromontensis
1657 1542 1824 1582 dioecesis,

1084 1598 1235 1631 abbatem
1274 1608 1331 1630 seu
1362 1601 1555 1640 perpetuum
1586 1596 1826 1629 commendata-

1083 1652 1177 1691 rium,
1193 1651 1259 1694 qui,
1276 1656 1311 1682 ut
1325 1650 1519 1693 accepimus,
1536 1649 1701 1682 doetrinae
1716 1654 1748 1682 et
1764 1649 1826 1681 vir-

1085 1710 1189 1737 tutum
1207 1703 1331 1737 meritis
1348 1703 1541 1747 conspicuus
1559 1702 1681 1742 existit,
1703 1701 1736 1734 in
1762 1707 1825 1735 ter-

1086 1760 1163 1792 tium
1186 1759 1377 1792 eorumdem
1401 1758 1676 1791 monasteriorum
1701 1757 1826 1790 monia-

1084 1812 1163 1846 lium
1184 1812 1384 1844 visitatorem
1407 1816 1614 1855 perpetuum‚
1635 1810 1826 1843 auctoritate

1086 1870 1118 1898 et
1135 1870 1246 1897 tenore
1272 1863 1459 1907 praedictis,
1477 1863 1707 1896 constituimus
1725 1867 1757 1896 et
1775 1863 1829 1895 de-

1086 1923 1247 1960 putamus.
1272 1917 1422 1950 Volentes
1444 1921 1477 1949 et
1498 1916 1611 1949 eadem
1635 1915 1825 1948 auctoritate

1087 1972 1302 2004 decernentes
1318 1970 1399 2002 utin
1414 1975 1582 2013 posterum
1598 1975 1662 2002 tres
1681 1969 1748 2001 sint
1764 1979 1828 2001 mo-

1063 2020 1065 2058 ῗ
1087 2024 1306 2057 nas-teriorrvn
1331 2023 1515 2056 huiusmodi
1547 2023 1728 2055 visitatores
1754 2032 1828 2065 per-

1064 2093 1065 2122 2
1087 2079 1184 2122 potui,
1201 2079 1260 2111 hae
1282 2083 1389 2111 tamen
1407 2078 1490 2120 lege,
1510 2082 1555 2117 ut,
1573 2078 1605 2109 in
1622 2088 1695 2110 casu
1713 2077 1827 2109 mortis

1086 2134 1134 2165 vel
1154 2142 1304 2165 recessus
1323 2131 1419 2164 tinius
1438 2142 1475 2163 ex
1497 2131 1614 2170 tribus,
1635 2131 1699 2163 duo
1718 2140 1830 2173 super·

1087 2187 1178 2219 stites
1203 2186 1399 2223 visitatores,
1426 2185 1506 2217 duos
1533 2189 1637 2216 aetate
1664 2194 1777 2226 graves
1795 2194 1830 2216 ac

1087 2241 1168 2272 vitae
1188 2245 1219 2272 et
1237 2239 1407 2282 probitatis
1422 2242 1584 2280 spectatae
1610 2237 1694 2270 viros
1715 2243 1829 2270 nostro

1088 2298 1119 2326 et
1144 2292 1236 2326 Sedis
1256 2292 1439 2334 praedictae
1466 2291 1586 2323 nuncio
1604 2301 1662 2333 pro
1684 2296 1829 2334 tempore

1087 2347 1119 2379 in
1145 2356 1246 2389 tegno
1277 2345 1443 2388 praedicto
1480 2338 1694 2377 commoranti
1726 2345 1830 2378 nomi-

1089 2405 1175 2438 nent,
1202 2399 1254 2441 qui
1281 2408 1381 2430 unum
1404 2397 1522 2430 exiliis
1547 2397 1580 2429 in
1605 2397 1736 2429 tertium
1754 2397 1831 2430 visi-

1064 2442 1224 2486 'tatorem
1259 2452 1405 2494 deputet;
1432 2452 1536 2492 salva,
1562 2451 1675 2484 illaesa
1710 2455 1742 2483 et
1781 2451 1830 2484 in-

1088 2506 1231 2539 violabili
1275 2505 1307 2537 in
1343 2505 1491 2538 omnibus
1534 2505 1605 2538 aliis
1640 2510 1829 2537 remanente

1088 2559 1256 2592 memorati
1290 2559 1465 2592 Alexandri
1489 2558 1751 2603 praedecessoris
1778 2557 1828 2591 lit-

1064 2590 1067 2604 t

1826 160 1875 186 An.
1897 159 1923 185 C.
1945 159 2009 185 HJJ!

1060 256 1061 259 ¹
1083 262 1205 296 habere
1230 273 1296 295 non
1322 263 1463 296 debeant
1481 263 1513 296 in
1540 263 1822 297 administratione
1849 296 1855 300 ,

340 316 355 359 ἓ
380 315 411 350 3.
438 315 502 349 Nos
528 315 635 359 igitur,
669 316 730 360 piis
756 316 856 360 ipsius
888 317 1038 349 Ludoviei
1059 330 1060 333 ¹
