2247 3208
139 200 189 227 Α11.
210 200 240 227 C.
260 198 325 227 1664

154 947 275 969 niomium.

160 1739 276 1765 impositio.

598 244 803 279 cmxxxvi.

331 335 542 377 Confirmatio
560 335 777 378 quarumdam
793 334 1023 376 definitionum
1036 334 1071 365 in

373 387 558 429 defim'lorz'o
584 388 724 430 capituli
751 388 913 431 yenrrulis
940 387 1071 428 Conpre-

372 441 517 484 9atz'om's
537 440 764 475 Oltwrvunliae
783 440 998 473 Lombctrdiae
1016 438 1071 471 Or-

373 493 462 525 dinis
494 494 713 526 Eremilczrum
749 493 854 525 sancti
887 492 911 525 Α
920 491 1069 534 uqustz'ni

373 556 445 578 cum
463 547 642 578 interventu
669 545 919 578 eminentissimi
941 544 1069 576 domini

373 598 556 631 cardinalis
570 599 710 631 Pallollz'
721 597 911 641 protectoris
927 601 954 629 et
977 607 1067 639 prae-

371 651 516 689 sidenti&
529 661 587 694 pro
599 651 687 693 (clici
699 650 855 692 qubcrnio
874 650 976 692 ipsius
992 651 1067 683 Con-

370 704 570 748 qreyale'om's
594 702 786 745 factumest.

519 801 683 828 Alexander
708 799 787 832 Papa
806 799 870 831 VII,

448 844 484 872 ad
504 848 679 878 perpetuam
698 844 743 871 roi
763 843 944 872 memoriam.

369 933 573 968 sacrosancti
599 934 802 976 apostolatus
833 932 949 973 officii,
977 933 1064 976 quod

325 992 459 1021 auctore
490 986 556 1019 Deo
593 986 755 1029 gerimus,
782 986 971 1021 sollicitudo
1004 996 1063 1019 uos

326 1041 495 1080 admonet,
522 1045 564 1080 ut,
592 1044 761 1083 paternam
786 1038 1062 1080 christifidelium,

327 1093 395 1138 qui,
422 1093 543 1136 spretis
568 1093 681 1125 mundi
707 1092 888 1133 illecebris,
906 1093 1063 1125 Altissimi

326 1146 493 1189 obsequiis
508 1156 581 1178 sese
604 1146 662 1178 sub
684 1145 772 1178 suari
799 1145 966 1187 religionis
987 1146 1063 1189 iugo

324 1199 565 1242 manciparunt,
591 1198 776 1242 uberesque
802 1199 965 1231 bonorum
991 1209 1065 1242 ope-

325 1263 397 1286 rum
421 1252 540 1284 fructus
566 1251 872 1294 assidue'proserrc
899 1256 1062 1295 satagunt,

324 1316 437 1339 curam
463 1310 623 1348 gerentes,
651 1315 774 1348 eosque
800 1305 958 1348 peculiari
988 1305 1064 1337 cha-

325 1359 419 1391 ritate
437 1363 687 1401 prosequentes,
710 1357 775 1398 illa,
795 1368 877 1401 quae
899 1349 959 1401 pro
978 1358 1062 1391 felici

324 1421 439 1443 eorum
463 1411 496 1443 in
524 1411 574 1443 via
608 1410 734 1443 Domini
761 1410 962 1450 directione,
988 1420 1064 1453 pro-

324 1473 489 1507 speroque
505 1463 664 1505 gubernio
682 1463 815 1506 provide
830 1464 1063 1507 sapienterque

324 1517 501 1550 constituta
519 1527 590 1549 esse
608 1522 804 1557 noscuntur,
824 1516 906 1561 (111οἳ
922 1517 1014 1550 firma
1031 1518 1064 1550 il-

325 1571 490 1614 libataque
523 1575 740 1614 permaneant
775 1577 804 1603 et
833 1572 1064 1604 inviolabiliter

325 1629 515 1664 serventur,
543 1623 715 1666 apostolici
746 1624 935 1656 muniminis
959 1625 1063 1657 nostri

326 1677 507 1720 patrocinio
532 1676 792 1710 constabilimus.

370 1729 385 1772 ἓ
410 1729 441 1761 l.
460 1729 584 1772 Exponi
604 1729 767 1772 siquidem
786 1729 879 1762 nobis
898 1740 1002 1773 nuper
1020 1730 1065 1763 se-

329 1782 372 1814 cit
389 1781 528 1814 dilectus
546 1781 630 1814 filius
645 1782 837 1814 Franciscus
859 1782 956 1814 Maria
972 1783 1065 1815 Lura-

328 1835 1064 1878 nius,procuratorgeneralisCongregationis

328 1888 558 1922 Observantiae
569 1889 780 1921 Lombardiae
793 1889 920 1922 Ordinis
932 1889 1065 1921 fratrum

328 1941 544 1975 Eremitarum
575 1942 677 1974 sancti
703 1942 887 1985 Augustini,
922 1943 1008 1985 quod
1033 1942 1066 1974 in

330 1994 517 2027 definitorio
535 1994 669 2038 capituli
689 1995 850 2037 generalis
869 1994 972 2027 dictae
990 1995 1067 2028 Con-

331 2046 530 2090 gregationis
556 2047 731 2080 novissime
747 2047 779 2079 in
805 2049 887 2080 alma
908 2047 992 2080 Urbe
1010 2057 1067 2080 no-

331 2102 396 2132 stra
421 2099 577 2132 celebrati
611 2110 682 2133 cum
715 2100 900 2133 interventu
932 2111 1067 2133 venera-

329 2153 404 2186 bilis
431 2153 538 2185 fratris
556 2154 656 2186 nostri
675 2154 803 2186 Ioannis
825 2154 987 2197 Baptistae
1005 2154 1068 2198 epi-

330 2206 420 2249 scopi
460 2206 655 2239 Albanensis
687 2207 718 2239 S.
753 2207 789 2239 R.
825 2207 859 2239 E.
893 2207 1067 2240 cardinalis

330 2258 461 2291 Pallotti
475 2259 664 2302 nuncupati,
682 2259 820 2302 praefati
838 2259 965 2292 Ordinis
983 2261 1068 2304 apud

331 2322 389 2344 nos
417 2317 448 2344 et
471 2311 589 2344 Sedem
615 2313 834 2355 Apostolicam
859 2314 1067 2356 protectoris,

332 2365 475 2408 dictique
491 2365 623 2408 capituli
642 2371 754 2398 nostro
769 2371 801 2399 et
819 2367 966 2400 eiusdem
976 2367 1067 2400 Sedis

333 2418 465 2451 1101111110
490 2419 722 2461 praesidentis,
742 2419 842 2452 factae
862 2420 993 2452 suerunt
1011 2431 1069 2463 pro

334 2470 419 2503 felici
445 2471 591 2504 eiusdem
616 2470 883 2514 Congregationis
909 2473 1068 2516 regimine

372 2543 383 2568 1
406 2541 442 2568 Ex
462 2542 567 2575 aegest.
589 2542 614 2568 in
635 2542 735 2568 Secret.
758 2542 834 2569 Brev.

370 2585 388 2612 2
405 2585 471 2612 Male
491 2585 555 2612 edit.
577 2585 655 2612 Mein.
676 2587 742 2621 legit
758 2594 812 2621 pro
831 2588 868 2621 (R.
885 2588 932 2621 T.).

426 2639 503 2666 Ball.
525 2639 607 2666 Rom.
624 2655 656 2659 —
676 2641 736 2667 Vol.
752 2640 842 2668 XVII.
992 2640 1024 2667 37

923 196 1110 222 ALEXANDER
1134 197 1177 221 VII
1202 198 1250 221 PP.

1117 250 1149 277 et
1174 245 1334 287 gubernio
1366 247 1544 280 nonnullae
1569 247 1777 283 definitiones
1804 257 1849 284 te-

1115 298 1204 331 noris
1231 299 1284 342 qui
1311 300 1466 342 sequitur,
1493 301 1658 334 videlicet:

1163 364 1176 383 α
1194 351 1405 385 Definitiones
1424 354 1526 386 sactae
1545 354 1576 387 111
1595 355 1782 389 (101111110110
1800 368 1849 391 ca-

1113 404 1206 446 pituli
1238 406 1401 446 generalis
1427 406 1697 450 Congregationis
1730 410 1848 444 Obser-

1111 456 1235 489 vantiae
1254 457 1467 491 Lombardiae
1481 459 1610 493 Ordinis
1629 462 1762 495 fratrum
1777 464 1848 497 Ere-

1110 509 1264 541 mitarum
1288 510 1390 542 sancti
1417 511 1591 553 Augustini
1624 514 1655 545 in
1687 521 1848 549 conventu

1108 562 1139 594 S.
1168 561 1284 595 Mariae
1316 563 1354 596 de
1385 564 1510 606 Populo
1545 565 1665 599 Romae
1690 569 1846 602 celebrati

1108 614 1245 648 sabbato
1278 620 1351 648 ante
1384 616 1579 650 dominicam
1606 624 1753 661 quartam
1778 628 1849 663 post

1107 667 1232 700 Pascha
1275 667 1535 702 Resurrectionis
1587 678 1672 704 anno
1719 673 1845 706 Domini

1107 729 1254 760 iineinv,
1281 720 1558 756 interessentibus
1585 724 1846 760 eminentissimo

1107 778 1139 805 et
1152 773 1425 806 reverendissimo
1440 774 1572 809 domino
1583 776 1618 809 D.
1631 777 1749 811 Ioanne
1766 779 1846 822 Bap-

1107 825 1182 858 tista
1211 826 1365 869 episcopo
1391 828 1569 861 Albanensi
1595 828 1626 861 S.
1654 829 1690 862 R.
1718 830 1751 863 E.
1780 843 1847 865 car-

1107 878 1205 911 dinali
1230 879 1369 912 Pallotto
1389 880 1489 912 totius
1508 879 1636 914 Ordinis
1662 883 1764 916 sancti
1783 884 1846 916 Au-

1106 931 1227 974 gustini
1253 938 1440 975 protectore
1467 944 1503 966 00
1532 934 1678 968 eiusdem
1709 937 1844 980 capituli

1106 984 1268 1027 generalis
1294 986 1511 1028 praesidente,
1538 991 1571 1019 et
1594 988 1769 1021 admodum
1796 1001 1846 1023 re-

1105 1037 1255 1070 verendis
1267 1038 1413 1081 patribus
1424 1039 1620 1082 Hieronymo
1636 1041 1674 1073 (10
1692 1040 1843 1076 Sauliano

1105 1089 1225 1122 vicario
1251 1091 1397 1133 generali
1424 1092 1552 1124 noviter
1577 1094 1692 1133 electo,
1719 1094 1844 1128 Donato

1106 1143 1144 1175 de
1170 1143 1330 1185 Bergomo
1364 1144 1482 1176 vicario
1509 1146 1655 1187 generali
1680 1147 1842 1188 absoluto,

1105 1206 1140 1228 ac
1160 1196 1285 1239 Angelo
1311 1196 1407 1229 Maria
1434 1197 1472 1229 dc
1495 1197 1689 1236 Mediolano,
1707 1200 1845 1242 Fulgen-

1106 1249 1150 1281 tio
1176 1249 1214 1281 de
1240 1248 1353 1290 Casali,
1379 1250 1553 1284 Francisco
1580 1253 1618 1284 de
1645 1253 1794 1286 Menenio
1813 1258 1845 1286 et

1104 1302 1223 1335 10011110
1249 1301 1364 1335 Carolo
1390 1302 1487 1335 Maria
1513 1304 1552 1335 de
1578 1303 1702 1343 Genua,
1730 1305 1844 1338 desini-

1106 1356 1247 1396 toribus,
1275 1365 1403 1389 necnon
1424 1356 1504 1389 Iulio
1525 1356 1658 1390 Caesare
1678 1358 1716 1390 de
1735 1358 1844 1392 Lauda

1105 1414 1137 1442 et
1161 1409 1280 1442 Ioanne
1305 1409 1477 1442 Francisco
1504 1410 1542 1443 de
1567 1410 1748 1451 Vitelliana,
1774 1412 1844 1444 visi-

1106 1463 1277 1503 tatoribus,
1299 1462 1414 1495 Carolo
1440 1463 1479 1495 de
1506 1462 1607 1496 Ponte
1632 1464 1708 1497 vico
1732 1469 1763 1497 et
1788 1464 1844 1498 Ca-

1106 1517 1176 1549 rolo
1202 1517 1240 1549 de
1265 1516 1398 1549 Immola
1422 1517 1494 1549 loco
1520 1521 1645 1560 patrum
1672 1518 1785 1560 Angeli
1804 1519 1844 1552 de

1106 1569 1282 1602 Pontenico
1308 1574 1340 1602 et
1364 1569 1500 1603 Modesti
1526 1570 1564 1603 de
1591 1570 1750 1604 Cremona
1776 1571 1844 1603 visi-

1107 1627 1247 1655 tatorum
1271 1622 1453 1656 absentium
1479 1624 1664 1667 subrogatis
1680 1651 1687 1664 ,
1713 1634 1844 1657 necnon

1106 1675 1177 1709 aliis
1204 1681 1389 1719 opportune
1415 1676 1600 1719 subrogatis
1618 1677 1651 1709 in
1669 1678 1777 1710 locum
1793 1677 1845 1711 ali-

1107 1739 1247 1772 quorum
1273 1739 1310 1762 ex
1335 1729 1510 1773 praedictis
1542 1730 1721 1773 respective
1746 1735 1845 1774 prout

1107 1782 1139 1814 in
1164 1781 1243 1814 actis
1265 1781 1512 1825 capitularibus.

1146 1846 1159 1865 «
1171 1833 1259 1874 Cum,
1270 1834 1323 1878 qui
1337 1839 1506 1878 praesunt,
1516 1835 1620 1867 zelum
1631 1834 1728 1867 divini
1738 1836 1844 1868 cultus

1108 1887 1223 1920 sedulo
1248 1887 1384 1920 induere
1402 1887 1435 1919 in
1452 1887 1672 1920 sollicitudine
1691 1888 1843 1928 debeant,

1108 1951 1143 1973 00
1158 1939 1243 1972 circa
1256 1940 1467 1973 commissum
1493 1941 1555 1973 sibi
1582 1951 1714 1983 gregem
1731 1941 1843 1984 vigiles

1109 2003 1240 2037 semper
1271 1992 1472 2026 admonere¹
1499 1998 1673 2026 teneantur
1707 1996 1818 2027 oeulos
1836 2022 1843 2035 ,

1110 2046 1186 2079 hinc
1212 2051 1261 2079 est
1281 2047 1368 2089 quod
1386 2046 1418 2078 in
1437 2046 1605 2089 praedicto
1628 2047 1770 2090 capitulo
1793 2058 1847 2090 ge-

1109 2100 1211 2132 nerali
1225 2099 1495 2142 Congregationis
1510 2099 1739 2133 Observantiae
1754 2101 1846 2134 Lom-

1109 2152 1241 2185 bardiae
1281 2152 1410 2185 Ordinis
1455 2152 1590 2185 fratrum
1632 2153 1846 2187 Eremitarum

1110 2205 1213 2238 sancti
1239 2205 1418 2248 Augustini,
1440 2205 1473 2238 in
1490 2212 1653 2239 conventu
1678 2207 1708 2241 S.
1728 2208 1845 2241 Mariae

1110 2257 1150 2290 de
1175 2258 1298 2301 Populo
1324 2258 1455 2299 Romae,
1477 2264 1512 2291 ut
1537 2270 1644 2303 supra,
1671 2261 1844 2301 celebrato,

1111 2312 1275 2356 praefatus
1300 2312 1578 2346 eminentissimus
1600 2319 1632 2346 et
1648 2315 1847 2348 reverendis-

1111 2365 1213 2398 simus
1235 2365 1385 2398 dominus
1402 2365 1538 2400 Ioannes
1557 2366 1702 2410 Baptista
1726 2368 1847 2411 episco-

1111 2429 1172 2462 pus
1198 2419 1392 2452 Albanensis
1418 2419 1449 2452 S.
1469 2419 1506 2452 R.
1529 2419 1563 2452 E.
1583 2420 1757 2453 cardinalis
1779 2421 1848 2454 Pal-

1112 2474 1213 2506 lottus
1246 2473 1345 2506 totius
1378 2472 1506 2506 Ordinis
1540 2475 1642 2506 sancti
1674 2475 1846 2517 Augustini

1149 2545 1160 2570 1
1183 2543 1293 2571 Videtur
1308 2543 1451 2580 legendum
1465 2544 1617 2573 admovere
1633 2552 1680 2580 pro
1692 2545 1848 2573 admonere

1115 2588 1151 2623 (R.
1166 2587 1214 2622 τ.).

1751 192 1815 227 289
1861 204 1907 230 An<
1928 205 1956 232 0.
1977 206 2041 235 1664

1895 371 2044 392 Ordinatwnes

1861 397 1930 417 tactae
1945 404 1956 417 a
1973 398 2041 418 (turtur

1861 426 1912 443 111-ιιι
1929 425 2031 449 general».
