2247 3208
143 198 198 224 An.
215 196 245 224 C.
269 195 334 223 1664
356 225 365 231 ‚

332 253 391 287 pus
408 241 664 286 praesentandis.
682 240 902 286 inpasti-andi&
918 250 974 271 seu
992 240 1068 272 insi-

332 295 479 336 nuandis,
495 295 537 327 ita
550 300 581 326 ut
596 300 780 337 praesentes
794 295 932 331 litterae,
944 294 1067 326 etiamsi

331 348 364 380 in
389 349 459 391 ipsa
481 350 608 380 canneru
639 349 689 380 rel
717 349 749 380 in
778 348 890 391 quovis
922 348 984 380 alio
1015 348 1069 379 tri-

330 401 441 434 bunali
462 407 515 433 aut
538 403 610 434 loco
629 411 792 443 nunquam
810 404 1067 443 praesententur,

329 454 554 496 registrentur,
579 460 633 486 aut
656 454 872 493 insinuent-ur,
901 452 1068 484 nihilomi-

329 516 390 539 nus
414 507 562 546 valeant,
595 506 839 549 fii'iiiissinieque
875 504 1066 543 subsistant,

330 570 365 592 ac
390 560 471 600 tibi,
498 560 711 602 omnibusque
746 564 777 592 et
811 558 946 600 singulis
974 567 1067 601 prae—

329 613 468 656 scriptis,
486 624 566 657 quos
584 617 782 646 concernunt
799 616 831 644 et
855 615 1063 650 concernent,

329 666 517 709 plenissime
542 671 573 699 et
597 664 793 707 amplissime
817 663 986 705 suffragari
1011 663 1066 695 de-

327 718 435 757 beant,
462 718 598 760 aliisque
613 717 690 750 dicti
704 717 750 749 Pii
767 717 804 749 lv
821 721 853 749 et
870 716 1064 749 recolendae

327 771 506 803 memoriae
532 770 603 802 Iulii
628 769 676 809 111,
702 769 849 811 Gregorii
874 768 940 801 Xlll
967 774 998 801 et
1018 768 1066 801 Si-

326 823 369 856 xti
395 822 418 854 V
447 822 668 867 Romanorum
701 820 894 855 Pontificum
927 821 1066 864 praede-

326 885 494 909 cessorum
512 875 634 917 pariter
650 878 844 915 nostrorum,
862 884 899 906 ac
916 884 1065 917 praeser-

325 927 382 960 tim
406 928 554 960 eiusdem
579 927 656 960 sixti
681 926 958 970 praedecessoris,
980 937 1062 970 quae

324 980 487 1024 incipiunt
510 980 578 1013 Hoc
601 981 706 1012 ‘nostri
732 980 953 1024 pontificalem,
987 986 1061 1021 etc„

324 1034 384 1066 sub
407 1033 518 1066 datum
549 1033 697 1066 kalendis
720 1033 788 1066 iulii
813 1043 968 1074 iiDLxxxv,
985 1040 1059 1074 etc„

323 1086 409 1119 Dum
443 1095 502 1129 pro
537 1086 720 1126 communi,
751 1092 824 1126 etc„
857 1087 916 1118 sub
953 1087 1062 1119 datum

322 1149 354 1173 xl
368 1139 523 1172 kalendas
534 1139 639 1171 martii
654 1149 849 1178 MDLxxxvin,
868 1139 1059 1182 respective,

324 1192 490 1233 emanatis,
509 1203 639 1225 necnon
660 1192 780 1232 nostris
795 1198 827 1225 et
847 1193 1060 1226 cancellariae

323 1246 522 1288 apostolieae
538 1246 671 1288 regulis,
686 1246 859 1289 praecipue
874 1246 930 1279 illa
943 1246 981 1279 de
995 1257 1060 1279 non

324 1298 470 1331 tollendo
496 1298 565 1331 iure
591 1299 748 1341 quaesito,
774 1299 961 1342 ceterisque
989 1299 1061 1342 qui-

321 1351 466 1384 buslibet
494 1352 704 1395 apostolicis‚
737 1363 774 1385 ac
801 1352 835 1385 in
866 1353 1060 1385 universali-

320 1404 382 1436 bus
417 1404 741 1448 provincialibusque
779 1410 811 1438 et
847 1406 1058 1448 synodalibus

321 1456 470 1490 conciliis
489 1457 594 1498 editis,
617 1458 828 1500 generalibus
858 1460 909 1491 vel
933 1459 1060 1502 specia-

321 1510 429 1551 libus,
457 1511 752 1545 constitutionibus
779 1518 811 1545 et
843 1513 1059 1546 ordinationi-

320 1564 392 1604 bus,
418 1563 544 1606 legibus
571 1575 701 1608 quoque
719 1565 817 1598 etiam
834 1565 1057 1609 imperialibus

321 1622 354 1649 et
376 1617 640 1661 municipalibus,
668 1619 801 1658 edictis,
827 1619 1056 1660 bannimentis,

320 1669 549 1703 stabilimentis
575 1676 607 1703 et
631 1671 780 1712 decretis,
800 1671 896 1705 etiam
917 1682 1059 1705 camera-

319 1722 404 1755 libus
437 1728 470 1755 et
504 1724 806 1764 consistorialibus,
833 1735 869 1757 ac
902 1724 1058 1757 dictarum

321 1785 468 1809 camerae
494 1782 525 1809 et
551 1776 688 1810 civitatis
707 1778 952 1818 Avenionensis‚
975 1779 1059 1811 aliis-

320 1838 356 1861 ve
382 1829 609 1872 quibuslibet,
637 1830 735 1862 etiam
758 1830 957 1871 iuramento,
983 1843 1059 1865 con-

319 1880 505 1915 firmatione
524 1883 716 1926 apostolica,
742 1884 792 1916 vel
822 1884 934 1927 quavis
957 1883 1058 1916 firmi-

320 1939 386 1966 tate
412 1935 475 1967 alia
498 1935 676 1976 roboratis,
711 1937 852 1976 statutis,
879 1947 1057 1980 eorumque

319 1987 604 2021 reformationibus
629 1994 662 2022 et
690 1990 782 2022 novis
816 1990 1056 2031 additionibus,

319 2041 419 2084 stylis,
445 2041 557 2074 usibus
575 2047 607 2074 et
632 2043 941 2083 consuetudinibus,
961 2043 1057 2076 etiam

318 2093 642 2135 immemorabilibus,
654 2095 835 2138 privilegiis
851 2105 995 2138 quoque,
1014 2096 1058 2127 in-

318 2147 418 2180 dultis
452 2153 485 2180 et
512 2148 631 2181 litteris
660 2149 862 2192 apostolicis,
893 2149 990 2182 etiam
1013 2149 1058 2182 ci-

318 2200 406 2233 vitati
430 2201 662 2242 Avenionensi,
689 2212 725 2235 ac
749 2202 828 2235 fisco
853 2207 886 2234 et
907 2212 1054 2237 camerae

319 2254 515 2296 praedietis,
542 2264 693 2287 eorumve
727 2254 918 2288 officialibus
945 2261 976 2288 et
1001 2255 1058 2288 mi-

318 2305 446 2346 nistris,
473 2311 506 2339 et
530 2306 602 2339 aliis
627 2307 825 2350 quibuslibet
849 2308 999 2351 personis
1025 2314 1057 2340 et

318 2358 409 2399 locis,
434 2359 494 2391 sub
521 2359 782 2403 quibuscumque
807 2361 985 2393 verborum
1009 2366 1057 2393 tc-

318 2412 456 2445 noi-ibus
493 2418 525 2445 et
555 2413 687 2454 formis,
714 2423 751 2446 ac
780 2423 852 2445 cum
885 2413 1055 2456 quibusvis

318 2466 418 2498 etiam
443 2465 729 2508 derogatoriarum
760 2465 998 2508 derogatoriis,
1025 2477 1057 2498 a-

317 2519 438 2563 liisque
475 2518 727 2554 efficacioribus,
754 2517 988 2551 efficacissimis
1025 2523 1057 2550 et

318 2573 460 2606 insolitis
478 2572 647 2613 clausulis,
667 2571 940 2614 irritantibusque
966 2575 998 2604 et
1023 2582 1056 2604 a-

932 192 1119 215 ALEXANDER
1143 193 1188 215 VII
1213 192 1261 215 ΡΙ).

1751 182 1815 215 333

1112 240 1163 273 liis
1190 240 1341 280 decretis,
1371 239 1404 272 in
1430 251 1550 283 genere
1587 240 1637 273 vel
1663 240 1695 272 in
1721 241 1845 283 simoin,

1112 305 1146 325 ar
1179 294 1259 326 alias
1293 294 1325 325 in
1357 295 1558 326 contrarium
1595 294 1847 337 praemissorum

1112 347 1361 389 quomoisslolibet
1379 347 1558 387 concessis,
1574 347 1778 386 confirmatis,
1795 358 1849 389 ap-

1111 398 1256 440 probatis
1275 404 1305 431 et
1320 399 1490 439 innovatis3
1510 400 1587 442 quib
1665 400 1795 432 mnibus
1815 404 1847 431 et

1110 450 1261 492 singulis,
1281 451 1407 483 etiamsi
1433 462 1493 494 pro
1519 410 1845 495 illofflsufiirienti

1110 502 1326 544 derogatione
1344 504 1383 536 de
1406 503 1470 536 illis
1492 515 1673 548 eorumque
1701 505 1778 537 totis
1799 511 1845 537 tc·

1110 554 1245 586 noribus
1271 556 1437 598 specialis,
1453 556 1617 599 specifica,
1638 567 1794 600 expressa
1813 563 1844 589 et

1109 606 1288 648 individua,
1315 619 1351 640 ac
1377 608 1416 641 de
1431 610 1532 641 verbo
1554 610 1594 641 ad
1612 610 1760 650 verbum,
1778 621 1843 642 non

1109 664 1219 691 autem
1255 670 1315 702 per
1347 660 1511 693 clausulas
1548 664 1720 704 generales
1757 663 1843 695 idem

1108 711 1347 755 imponantes,
1375 714 1497 747 mentio
1528 725 1585 747 seu
1623 716 1756 758 quaevis
1782 717 1845 748 alia

1108 765 1279 808 expressio
1306 766 1457 799 habenda
1482 772 1538 800 aut
1562 768 1672 811 aliqua
1697 769 1759 801 alia
1792 780 1845 801 ex-

1108 818 1230 860 quisita
1254 818 1357 851 forma
1381 820 1421 852 ad
1454 820 1517 853 hoc
1550 822 1711 854 servanda
1744 822 1842 862 soret,

1108 875 1240 904 tenores
1267 872 1466 913 huiusmodi,
1493 884 1530 906 ac
1555 874 1582 906 si
1609 874 1648 907 de
1678 875 1779 907 verbo
1804 875 1843 907 ad

1107 925 1243 957 verbum
1269 925 1351 958 nihil
1376 925 1506 968 penitus
1525 927 1646 959 omisso
1663 927 1843 960 insererem

1108 982 1165 1018 tur,
1191 978 1424 1021 praesentibus
1449 990 1509 1023 pro
1527 981 1693 1023 expressis
1718 991 1753 1013 ac
1778 981 1843 1013 suf-

1105 1030 1255 1064 ficienter
1279 1032 1471 1075 specificatis
1488 1033 1677 1074 etinsertis,
1698 1034 1842 1066 sormam-

1105 1095 1166 1127 que
1190 1084 1223 1116 in
1249 1084 1312 1117 illis
1329 1085 1478 1118 traditam
1495 1096 1554 1129 pro
1574 1089 1697 1119 servata
1723 1087 1842 1120 haben-

1105 1141 1166 1178 tes,
1193 1137 1258 1170 illis
1288 1137 1367 1170 alias
1399 1137 1431 1170 in
1457 1149 1517 1171 suo
1542 1139 1663 1172 robore
1688 1150 1841 1183 perman-

1105 1190 1207 1230 suris,
1234 1191 1273 1224 ad
1297 1191 1559 1234 praemissorum
1584 1191 1746 1233 effectum,
1771 1204 1841 1237 spe-

1104 1243 1232 1276 cialiter
1249 1249 1282 1277 et
1299 1255 1455 1288 expresse
1475 1245 1683 1288 derogamus,
1711 1257 1747 1279 ac
1773 1248 1842 1290 ple-

1103 1296 1234 1330 nissime
1267 1302 1299 1329 et
1323 1298 1521 1341 amplissime
1557 1299 1746 1341 derogatum
1771 1310 1839 1332 csse

1101 1350 1260 1390 volumus3
1287 1351 1472 1394 ceterisque
1506 1351 1678 1385 contrariis
1705 1352 1841 1395 quibus-

1103 1414 1255 1447 cumque.

1144 1455 1214 1500 35.
1249 1456 1406 1490 Volumus
1439 1462 1548 1490 autem
1579 1464 1613 1490 ut
1647 1459 1839 1491 earumdem

1100 1509 1327 1552 praesentium
1350 1511 1573 1555 transumptis,
1592 1521 1650 1544 seu
1668 1512 1836 1554 exemplis,

1102 1562 1200 1596 etiam
1225 1563 1404 1606 impressis,
1431 1575 1529 1596 manu
1555 1564 1692 1597 alicuius
1719 1565 1837 1597 notarii

1101 1616 1223 1659 publici
1250 1617 1459 1660 subscriptis,
1486 1624 1518 1650 et
1542 1617 1650 1660 sigillo
1675 1628 1839 1660 personae

1100 1669 1133 1701 in
1149 1669 1373 1702 ecclesiastiea
1387 1670 1546 1713 dignitate
1561 1671 1760 1703 constitutae
1775 1681 1839 1702 mu-

1101 1722 1194 1762 nitis,
1215 1723 1329 1756 eadem
1351 1733 1488 1766 prorsus
1519 1723 1641 1766 ubique
1667 1723 1748 1756 fides
1775 1730 1839 1755 tam

1100 1775 1133 1807 in
1158 1775 1280 1808 iudicio
1299 1786 1396 1819 quam
1415 1782 1504 1808 extra
1521 1776 1600 1809 illud
1626 1776 1836 1815 adhibeatur,

1101 1839 1184 1871 quae
1201 1829 1432 1872 praesentibus
1459 1829 1539 1872 ipsis
1565 1830 1791 1869 adl‘iiberetur‚
1812 1830 1836 1861 si

1101 1882 1210 1914 forent
1235 1881 1400 1914 exhibitae
1429 1882 1480 1914 vel
1506 1887 1672 1914 ostensae.

1143 1934 1257 1967 Datum
1280 1934 1408 1974 Romae,
1426 1935 1510 1977 apud
1536 1935 1567 1967 S.
1587 1935 1716 1967 Mariam
1742 1935 1837 1967 Maio-

1099 1997 1176 2027 rem,
1193 1987 1250 2019 sub
1266 1988 1383 2020 annulo
1397 1987 1575 2028 piscatoris,
1590 1987 1641 2020 die
1656 1998 1698 2020 vu
1716 1988 1839 2020 decem-

1100 2040 1164 2072 bris
1189 2049 1337 2080 MDCinv,
1363 2040 1565 2083 pontificatus
1587 2040 1685 2072 nostri
1704 2051 1787 2073 anno
1807 2052 1834 2073 x.

1135 2102 1191 2129 Dat.
1214 2102 1257 2130 die
1277 2103 1291 2130 ’ἱ
1312 2102 1463 2130 decembris
1482 2103 1558 2137 1654,
1576 2102 1671 2138 pontis.
1688 2110 1758 2129 anno
1774 2109 1799 2128 x,

1382 2254 1558 2288 CDXCYIII.

1100 2334 1274 2368 Indultum
1312 2335 1383 2377 reyi
1418 2335 1691 2367 christianissimo
1725 2335 1834 2366 uomi-

1144 2387 1247 2419 παηῶί
1262 2397 1413 2429 personas
1432 2387 1561 2419 idoneus
1577 2387 1618 2418 ad
1638 2387 1837 2419 cathedrales

1144 2439 1291 2472 ecelesias
1314 2439 1496 2479 Metensem,
1523 2439 1702 2472 Tullensem
1719 2443 1746 2470 el
1769 2437 1838 2471 Vtr-

1143 2491 1320 2524 dunensem
1336 2491 1357 2524 ¹.

1134 2580 1146 2606 1
1165 2578 1202 2606 Ex
1218 2579 1325 2615 Regest.
1343 2579 1369 2606 iu
1385 2579 1485 2607 Secret.
1509 2580 1642 2607 Brerium.

1862 191 1909 217 An,
1927 192 1953 215 ij.
1978 189 2041 215 iffi&

1885 1465 2036 1496 Trausumpto-

1851 1498 1896 1513 ruui
1911 1493 1972 1514 tides.
