2247 3208
193 209 243 237 An.
264 209 293 237 C.
312 208 378 236 1663
424 200 488 232 154

390 256 540 289 ficienter
564 265 600 286 ac
637 254 676 285 de
711 252 811 284 verbo
844 251 882 282 ad
908 250 1044 282 verbum
1074 248 1122 279 in-

391 307 499 346 sertis,
527 304 690 348 expressis
717 308 749 335 et
773 302 910 335 servatis
936 300 1121 343 respective

390 361 563 397 habentes,
590 357 654 389 illis
680 356 758 388 alias
777 355 809 387 in
828 364 887 386 suo
911 354 1030 386 robore
1048 363 1123 395 per-

389 409 575 448 mansuris,
613 409 652 440 ad
688 407 934 451 praedictorum
972 404 1122 438 effectum

391 462 579 506 specialiter
603 466 635 493 et
667 470 822 503 expresse
854 470 891 491 ac
930 458 1122 502 plenissime

392 520 423 547 et
447 513 648 557 amplissime
680 513 897 555 derogamus,
930 517 962 544 et
987 512 1141 552 deroga-⁴

391 572 459 599 tum
484 577 557 599 esse
582 567 751 605 volu1nus3
779 565 966 608 ceterisque
993 569 1124 597 contra-

391 620 446 653 riis
473 620 745 663 quibuscumque.

436 674 450 715 §
474 673 527 705 11.
554 672 633 710 Quia
657 682 735 704 vero
763 671 892 703 difficile
918 671 1014 703 nimis
1036 675 1126 703 esset

393 726 522 758 easdem
536 728 730 767 praesentes
744 734 951 766 quocumque
965 722 1029 755 illis
1042 733 1124 766 opus

392 778 454 810 erit
470 777 628 820 perferre,
646 776 810 808 volumus¹
832 780 867 807 ut
886 786 997 808 earum
1020 786 1126 808 exem-

390 830 463 873 ptis,
483 829 578 862 etiam
601 829 784 872 impressis,
812 839 908 860 manu
930 828 1048 861 notarii
1067 839 1126 871 pu-

390 882 466 915 blici
498 881 719 925 subscriptis2,
751 886 783 914 et
814 891 979 924 personae
1011 881 1044 913 in
1079 881 1126 913 di-

392 936 514 977 gnitate
548 934 774 967 ecclesiastica
806 934 1004 966 constitutae
1040 933 1126 966 eius-

392 999 455 1032 que
474 988 583 1020 curiae
602 988 710 1029 sigillo
729 986 922 1029 obsignatis,
939 987 1052 1019 eadem
1070 986 1126 1019 illa

392 1051 528 1083 prorsus
561 1039 641 1072 fides
667 1040 699 1071 in
724 1039 845 1072 iudicio
872 1044 903 1071 et
930 1044 1021 1071 extra
1044 1039 1124 1071 illud

393 1094 514 1136 ubique
540 1094 687 1125 locorum
715 1092 922 1132 adhibeatur,
946 1092 1125 1135 quaeipsis

392 1145 623 1189 praesentibus
649 1145 877 1185 adhiberetur,
904 1144 930 1177 si
950 1150 1061 1178 essent
1079 1156 1127 1177 ex-

395 1199 518 1232 hibitae
543 1200 593 1231 vel
619 1204 786 1231 ostensae.

437 1252 528 1295 gia).
563 1251 648 1284 Nulli
682 1262 759 1293 ergo
793 1251 926 1284 omnino
956 1251 1126 1283 hominum

394 1306 491 1338 liceat
516 1305 599 1336 bane
632 1304 783 1347 paginam
812 1309 999 1335 nostrarum
1024 1304 1128 1336 indic-

394 1359 506 1397 tionis,
521 1358 755 1400 impositionis,
774 1357 949 1396 facultatis,
968 1357 1124 1395 mandati,

394 1411 580 1454 potestatis,
597 1410 798 1449 tributionis,
816 1409 1053 1448 concessionis,
1073 1410 1128 1441 ab·

396 1463 582 1502 solutionis,
611 1462 840 1505 exemptionis,
860 1462 1077 1501 liberationis,
1097 1473 1129 1493 a-

395 1516 596 1555 lienationis,
617 1515 852 1557 derogationis,
887 1515 1128 1547 commissionis

398 1575 429 1601 et
453 1568 672 1611 suppletionis
698 1568 891 1609 infringere,
918 1569 968 1599 rel
995 1568 1023 1599 ei
1049 1578 1128 1599 ausu

398 1622 574 1655 temerario
596 1621 772 1654 contraire.
800 1621 829 1653 Si
850 1621 921 1664 quis
940 1626 1047 1653 autem
1067 1622 1129 1653 hoc

398 1679 559 1707 attentare
577 1673 851 1717 praesumpserit,
870 1673 1128 1715 indignationem

399 1727 634 1770 omnipotentis
652 1727 708 1759 Dei
732 1738 767 1759 ae
788 1728 961 1759 beatorum
987 1727 1073 1759 Petri
1100 1732 1132 1759 et

399 1780 488 1812 Pauli
521 1781 748 1823 apostolorum
775 1780 845 1812 eius
871 1790 905 1812 se
931 1780 1060 1812 noverit
1084 1780 1132 1811 in-

399 1844 496 1866 cursu
502 1844 586 1865 rum.

443 1886 557 1918 Datum
575 1886 708 1925 Romae,
727 1886 812 1929 apud
838 1886 868 1918 S.
888 1885 1020 1918 Mariam
1037 1885 1134 1918 Maio-

402 1949 479 1978 rem,
493 1949 577 1971 anno
591 1938 827 1971 Incarnationis
840 1938 967 1971 Domini
979 1948 1132 1978 MDCLXIH,

400 2002 477 2025 xvm
502 1992 655 2024 kalendas
680 1991 770 2032 maii,
796 1991 1006 2035 pontificatus
1027 1992 1134 2024 nostri

403 2056 487 2078 anno
506 2045 593 2078 111113.

437 2107 494 2134 Dat.
512 2106 555 2133 die
576 2107 607 2133 14
621 2109 629 2124 ²¹
649 2106 741 2141 aprilis
764 2106 829 2134 1663
843 2109 863 2140 ⁵,
880 2106 973 2141 pontis.
991 2115 1060 2134 anno
1080 2113 1134 2134 vm.

233 687 377 712 Transnmptis

196 715 254 736 credi
269 714 360 735 mandat.

223 1266 309 1287 Sanctio
328 1270 377 1291 poe-

197 1294 259 1314 natis.

446 2177 542 2210 Anno
563 2187 582 2209 a
598 2177 769 2209 nativitate
787 2177 921 2209 Domini
938 2177 1041 2208 nostri
1065 2176 1138 2209 Iesu

406 2230 528 2264 Christi
551 2239 710 2269 MDCLxm,
735 2229 913 2261 indictione
935 2230 1060 2272 prima,
1084 2229 1138 2262 die

443 2318 452 2342 1
476 2316 638 2343 Particulam
657 2318 755 2344 autem
773 2315 926 2351 importune
945 2315 1069 2342 iniectam
1089 2315 1137 2343 de-

406 2361 493 2387 lemus
515 2362 550 2393 (n.
567 2360 615 2394 T.).

441 2406 456 2432 2
477 2405 574 2432 Vocem
593 2405 761 2440 subscriptis
775 2412 825 2431 nos
840 2403 963 2430 addimus
978 2404 1014 2438 (R.
1031 2404 1067 2437 T).

441 2450 457 2475 3
476 2449 527 2476 Sed
543 2449 577 2476 ab
593 2449 724 2476 electione
740 2448 938 2484 computandus
954 2451 994 2474 est
1013 2455 1098 2474 annus
1112 2453 1139 2474 lx

407 2494 444 2527 (n.
460 2494 507 2527 T.).

442 2537 458 2562 ά
479 2537 517 2563 Ad
531 2545 614 2572 marg.
632 2537 673 2563 ed*
691 2536 770 2563 Main.
787 2536 853 2571 legit
868 2536 899 2563 12
914 2540 952 2569 (n.
969 2538 1016 2567 T.).

444 2582 459 2607 5
479 2581 543 2608 Male
560 2582 592 2608 ad
608 2589 690 2617 marg.
708 2581 750 2607 ed.
767 2581 848 2607 Main.
864 2581 927 2615 legit
945 2580 1062 2615 166201.
1079 2580 1127 2615 T.).

963 202 1142 225 BULLARIUM
1168 199 1318 224 ROMANUM

1155 257 1226 278 vero
1250 257 1321 279 xxtx
1345 248 1460 278 mensis
1484 248 1576 287 maii,
1602 248 1809 290 pontificatus
1831 259 1890 280 an-

1158 303 1219 331 tem
1249 299 1304 331 SS.
1333 299 1368 330 in
1399 299 1528 332 Christo
1555 300 1666 332 Patris
1698 305 1726 332 et
1756 301 1890 333 Domini

1156 351 1260 383 nostri
1283 352 1321 384 D.
1346 351 1530 384 Alexandri
1553 351 1665 384 divina
1688 353 1888 394 providentia

1157 404 1267 446 Papae
1289 403 1353 435 VII
1370 414 1456 436 mmo
1474 402 1533 443 1x¹,
1557 408 1738 446 praesentes
1764 405 1892 437 litterae

1156 456 1350 500 apostolicae
1375 456 1493 498 affixae
1510 460 1538 488 et
1552 457 1737 499 publicatae
1760 458 1892 500 fuerunt

1157 509 1199 541 ad
1230 510 1341 541 valvas
1372 509 1584 541 basilicarum
1612 510 1840 542 Lateranensis
1864 515 1892 543 et

1157 562 1325 604 Principis
1348 562 1577 604 Apostolorum
1597 562 1634 594 cle
1657 562 1735 594 Urbe
1759 567 1786 595 el
1813 563 1892 596 Can-

1158 614 1310 647 cellariae
1343 614 1546 657 Apostolicae
1578 625 1636 657 per
1670 625 1727 647 nos
1757 616 1893 648 Petrum

1158 667 1304 700 Paulum
1323 667 1528 700 Desiderinm
1546 672 1574 700 et
1593 667 1785 710 Greqorium
1804 668 1894 711 δίαρ-

1157 721 1248 763 qinon
1268 721 1447 763 praelibati
1472 720 1523 753 SS.
1550 721 1589 753 D.
1616 720 1656 753 N.
1678 721 1715 754 P.
1740 731 1891 753 cursores.

1408 782 1608 815 Launnnrms
1632 782 1850 816 Bmmmmis

1481 845 1565 876 mag.
1593 845 1759 867 cursorum

1435 975 1617 1009 CDXXXIII.

1160 1056 1260 1088 Breve
1284 1054 1530 1096 beatificationis
1562 1055 1654 1088 Petri
1684 1055 1721 1087 de
1749 1054 1892 1096 Artium,

1204 1108 1352 1140 canonici
1371 1107 1637 1151 metropolitanae
1657 1107 1806 1140 ecclesiae
1824 1108 1896 1140 Cae-

1204 1165 1477 1203 saranqustanae,
1503 1161 1607 1203 primi
1631 1160 1836 1204 inquisitoris
1859 1161 1896 1193 in,

1204 1224 1298 1256 reyno
1322 1212 1536 1255 Araqoniaess.

1354 1294 1516 1319 Alexander
1541 1293 1618 1326 Papa
1637 1293 1701 1325 VII,

1283 1338 1318 1363 ad
1339 1341 1512 1370 perpetuam
1531 1337 1576 1363 rei
1596 1337 1774 1365 memoriam.

1205 1408 1415 1440 Fortissimos
1441 1407 1560 1440 Christi
1586 1408 1735 1447 athletas,
1763 1408 1818 1451 qui
1843 1419 1896 1441 ve-

1162 1466 1282 1493 nerunt
1308 1461 1346 1493 de
1373 1461 1583 1493 tribulatione
1609 1463 1736 1503 magna,
1756 1467 1788 1493 et
1810 1462 1897 1494 lave-

1163 1519 1237 1545 runt
1264 1514 1363 1545 stolas
1389 1524 1463 1545 suas
1483 1517 1515 1545 et
1531 1513 1767 1545 dealbaverunt
1791 1524 1845 1546 eas
1863 1514 1896 1546 in

1164 1566 1321 1608 sanguine
1339 1565 1429 1608 Agni,
1446 1576 1585 1609 quorum
1604 1565 1751 1608 pretiosa
1769 1566 1801 1598 in
1822 1577 1898 1599 con-

1165 1625 1278 1662 speetu
1293 1619 1420 1651 Domini
1438 1624 1543 1651 morte
1557 1619 1674 1661 religio
1690 1620 1832 1659 defensa,
1848 1631 1898 1652 cu-

1165 1673 1286 1704 mulata
1301 1671 1392 1711 tides,
1406 1671 1552 1704 Ecclesia
1568 1672 1723 1704 roborata
1742 1677 1800 1712 est,
1817 1672 1899 1705 sieut

1165 1730 1240 1767 post
1265 1735 1402 1767 agonem
1426 1724 1566 1757 victores
1603 1726 1724 1757 corona
1755 1724 1898 1758 iustitiae

1167 1778 1266 1810 donat
1289 1778 1321 1809 in
1347 1777 1445 1810 caelis
1471 1777 1575 1809 iustus
1591 1777 1699 1818 iudex,
1715 1778 1760 1809 ita
1785 1778 1900 1810 devota

1167 1831 1317 1863 convenit
1339 1830 1485 1864 fidelium
1509 1831 1719 1863 veneratione
1744 1830 1777 1862 in
1803 1831 1899 1864 terris

1168 1885 1332 1925 honorari,
1350 1890 1393 1924 ut,
1413 1884 1467 1927 qui
1489 1889 1564 1917 sunt
1580 1889 1654 1916 ante
1672 1885 1825 1917 thronum
1843 1885 1900 1917 Dei

1169 1943 1201 1971 et
1225 1938 1374 1971 serviunt
1397 1939 1425 1970 ei
1450 1938 1500 1971 die
1527 1949 1563 1970 ac
1588 1943 1682 1971 nocte
1714 1938 1747 1970 in
1777 1939 1900 1981 templo

1170 1991 1249 2031 eius,
1267 1990 1489 2024 infirmitatem
1506 1997 1651 2023 nostram
1669 1993 1725 2023 sua
1744 1990 1902 2023 interces-

1170 2043 1259 2075 sione
1288 2043 1398 2075 iuvare
1425 2043 1611 2084 dignentur.
1639 2042 1739 2080 Quam
1763 2042 1796 2074 in
1822 2053 1899 2082 rem,

1169 2107 1229 2139 pro
1250 2095 1405 2139 pastorali
1426 2101 1537 2128 nostro
1561 2106 1697 2128 munere
1717 2106 1780 2138 quo
1797 2096 1902 2128 Eccle-

1170 2148 1237 2180 siae
1263 2147 1442 2180 catholicae
1468 2147 1619 2190 regimini
1641 2147 1748 2180 divina
1768 2147 1904 2191 disposi-

1171 2201 1257 2234 tione
1277 2200 1513 2244 praesidemus,
1536 2201 1709 2243 propensis
1728 2200 1842 2233 studiis
1860 2200 1904 2232 in-

1171 2254 1371 2293 cumbentes,
1390 2253 1568 2295 tlagitantia
1585 2253 1617 2285 id
1634 2253 1740 2296 ipsum
1766 2253 1904 2286 catholi-

1171 2317 1284 2339 corum
1302 2317 1415 2348 regum
1432 2311 1464 2338 et
1488 2306 1626 2339 aliorum
1643 2305 1904 2339 christifidelium

1208 2404 1218 2429 1
1237 2402 1273 2429 Ex
1289 2402 1338 2429 hae
1351 2402 1531 2437 publicatione
1551 2410 1632 2438 quam
1647 2402 1777 2429 sumimus
1792 2410 1824 2429 ex
1839 2401 1903 2429 edit.

1172 2446 1288 2473 Cherub.
1306 2446 1443 2473 evidenter
1458 2446 1630 2473 confirmatur
1644 2446 1748 2472 Bullam
1764 2446 1833 2473 hanc
1847 2454 1907 2481 per-

1172 2491 1257 2518 tinere
1269 2490 1301 2516 ad
1317 2499 1416 2517 annum
1433 2490 1510 2524 1663,
1522 2490 1636 2526 ideoque
1652 2490 1704 2517 huc
1719 2490 1801 2518 fuisse
1817 2494 1905 2518 trans-

1172 2536 1309 2562 ferendam
1329 2537 1366 2568 (11.
1383 2538 1432 2568 Τ.).

1207 2579 1223 2606 2
1243 2580 1279 2606 Ex
1299 2579 1406 2614 Regest.
1427 2579 1454 2606 in
1474 2580 1577 2606 Secret.
1598 2578 1674 2606 Brev.

1904 202 1953 227 An.
1969 201 1998 228 C.
2019 201 2087 228 1663

1937 1416 2077 1438 Prooemium.
