2247 3208
186 215 234 238 An.
251 214 279 239 (1.
301 213 365 239 too-3
410 202 474 235 ’ΠΜ

193 1218 256 1239 Nemo
266 1224 362 1244 praesen·

181 1247 235 1264 mur
257 1246 294 1265 nui
313 1245 361 1265 bae·

180 1272 298 1292 calaureuz.

955 206 1132 229 ssctmmt'n

382 259 547 303 praedicta
579 255 814 299 approbatione
850 254 969 286 omissa
1004 253 1037 284 in
1070 254 1115 285 le-

382 314 471 343 ctura
496 310 603 352 aliqua
628 318 662 339 se
688 307 888 345 exercuerit,
920 306 1040 338 nullius
1073 305 1115 337 sit

382 364 498 396 valoris
516 363 553 394 ad
569 361 752 405 praedictos
771 360 889 402 gradus
905 359 1112 397 obtinendos,

381 415 593 457 obtentioque
628 424 739 446 eorum
764 413 853 445 nulla
883 417 914 444 et
943 411 1032 444 irrita
1057 411 1109 444 sit.

380 467 581 500 Praedictum
606 470 714 498 autem
741 475 875 497 examen
901 463 1044 497 decrevit
1063 474 1113 496 ca-

380 520 518 563 pitulum
545 519 697 561 generale
722 517 899 550 Murciense
929 517 1017 560 qued
1042 516 1110 549 fieri

380 573 478 606 dehet
492 572 524 604 in
539 571 673 604 materia
693 573 847 610 10010130,
867 571 906 602 ad
926 580 1021 613 quam
1039 579 1112 612 pro-

378 631 537 665 movetur,
562 635 622 658 nee
646 623 764 657 sufficit
787 623 977 667 approbatio
1003 623 1043 655 ad
1067 624 1112 655 le-

380 684 502 711 cturam
527 677 655 716 artium,
679 682 712 709 ut
729 686 787 719 pro
805 675 972 718 theologia
996 686 1112 718 appro-

378 731 472 764 batus
498 730 568 774 quis
593 730 776 769 iudicetur,
804 739 865 762 nee
888 740 904 761 e
937 734 1058 768 contra,
1080 733 1112 761 et

380 784 454 817 anni
480 783 635 827 praedicti
673 784 813 816 tecturae
839 782 878 814 ad
912 782 1030 824 gradus
1056 781 1111 814 ob-

380 837 531 869 tinendos
558 836 678 868 debent
702 845 773 867 esse
799 834 972 877 completi,
1004 834 1111 867 taliter

379 889 466 933 quod
491 899 550 932 pro
576 899 640 921 uno
675 898 760 920 anno
796 897 862 919 non
897 891 1034 929 possunt
1057 886 1111 918 ad-

379 942 461 974 mitti
487 942 550 974 duo
575 952 709 981 cursus,
739 940 796 973 sed
827 939 945 982 singuli
971 939 1108 981 singulis

379 995 472 1029 annis
496 994 697 1038 respondere
723 993 868 1032 debent,
896 992 974 1024 alias
999 992 1108 1024 irritos

379 1053 409 1080 et
434 1048 540 1080 nullos
567 1057 659 1080 esse:
680 1056 763 1089 quae
785 1045 893 1077 omnia
910 1044 1109 1087 praedictum

378 1102 530 1144 generale
553 1099 772 1133 definitorium
787 1097 978 1142 approbavit
991 1103 1023 1130 et
1035 1108 1126 1150 000-Ι

377 1154 525 1187 firmavit.

421 1217 527 1240 Lxxni.
555 1207 726 1239 Praeterea
747 1205 889 1238 decrevit
908 1204 1126 1248 praedietum1'

377 1261 529 1302 generale
555 1258 776 1292 definitorium
811 1258 896 1301 quod
928 1258 1035 1289 nullus
1069 1257 1108 1289 ad

376 1313 510 1354 gradum
542 1317 805 1356 praesentaturae
838 1316 1017 1354 exponatur
1045 1310 1107 1342 nisi

376 1365 463 1408 prius
489 1366 528 1398 ad
553 1365 815 1398 baccalaureatus
841 1364 974 1406 gradum
1000 1363 1032 1395 in
1053 1363 1109 1396 ali-

377 1421 437 1464 qua
462 1418 643 1451 visitatione
670 1418 711 1449 sit
734 1416 900 1456 admissus,
926 1417 977 1449 vel
1001 1427 1019 1449 a
1043 1427 1109 1449 ma-

377 1473 476 1515 gistro
507 1471 659 1511 Ordinis,
688 1475 741 1502 aut
765 1480 782 1502 a
806 1469 995 1512 provinciali
1029 1480 1125 1507 suaefi

1157 207 1308 230 noussen

1148 252 1233 285 libus
1264 254 1315 286 vel
1345 254 1410 287 suis
1443 255 1659 290 visitatoribus
1693 260 1879 302 specialiter

1148 305 1179 337 in
1205 306 1361 339 scrutinio
1382 313 1506 341 secreto
1524 309 1753 352 visitationum,
1772 318 1803 345 et
1822 324 1879 356 pu-

1147 358 1229 391 blice
1247 369 1306 401 per
1323 359 1510 393 testimonia
1528 363 1665 395 sanioris
1685 365 1784 407 partis
1804 376 1878 398 eon—

1147 416 1271 452 ventus,
1285 411 1328 444 ita
1344 417 1379 444 ut
1396 413 1435 445 ad
1453 413 1540 446 hune
1561 414 1709 449 effectum
1730 418 1878 451 commis-

1146 464 1273 497 sionem
1307 465 1386 498 nulli
1411 466 1516 508 possit
1540 467 1679 501 tribuere
1711 467 1878 503 01511001-

1145 527 1205 560 pus
1227 518 1457 552 celebrationis
1483 520 1614 563 capituli
1639 522 1757 563 instet,
1782 530 1814 556 et
1838 525 1875 557 ad

1144 571 1225 603 tales
1250 576 1426 605 conventus
1451 573 1657 615 provincialis
1682 585 1748 608 non
1777 577 1878 618 possit

1145 623 1276 663 venire;
1310 625 1512 667 praedictum
1543 629 1694 669 generale
1727 628 1875 663 definito-

1143 675 1227 708 rium
1264 677 1410 710 decernit
1444 684 1476 711 et
1508 680 1650 712 declarat
1684 681 1772 723 quod
1803 692 1878 724 pro-

1143 728 1292 761 bationes
1332 734 1364 762 et
1397 730 1646 765 informationes
1681 734 1877 767 lecturartnn

1144 781 1329 824 supradicto
1355 783 1452 816 modo
1478 784 1578 817 factae
1603 787 1805 828 praesentari
1831 792 1877 820 te-

1143 840 1262 867 nentur
1297 836 1329 868 in
1367 838 1507 880 capitulo
1543 840 1731 882 provinciali
1769 851 1877 874 eoram

1144 887 1328 922 definitorio
1344 916 1351 928 ‚
1373 895 1404 921 et
1427 890 1547 923 ibidem
1574 893 1749 925 examinari
1771 899 1803 925 et
1821 905 1877 936 ap-

1144 940 1273 982 probari
1305 952 1386 984 quae
1412 944 1648 985 approbatione
1680 945 1798 987 dignae
1828 956 1877 979 10-

1143 997 1253 1034 pertae
1279 993 1411 1027 suerint.
1430 995 1465 1027 In
1483 1006 1547 1038 quo
1565 997 1711 1030 examine
1734 998 1877 1031 habeant

1142 1043 1192 1075 ius
1216 1055 1249 1076 se
1275 1046 1464 1088 opponendi
1484 1047 1622 1080 lectores
1644 1049 1800 1091 quilibet,
1821 1051 1876 1094 qui

1142 1096 1284 1129 rationes
1320 1098 1444 1140 aliquas
1480 1098 1513 1131 in
1538 1101 1734 1133 eontrarium
1759 1113 1878 1145 propo—

1123 1150 1266 1191 ¹nendas
1291 1150 1478 1184 habuerint.
1498 1151 1672 1186 Praeterea
1686 1154 1876 1188 ⁴huiusmodi

1142 1202 1415 1244 approbationes,
1447 1204 1509 1237 hoe
1544 1205 1702 1247 rigoroso·
1728 1207 1875 1241 examine

1142 1265 1159 1286 a
1185 1253 1369 1288 definitorio
1396 1256 1509 1298 saetae,
1527 1268 1593 1290 non
1610 1257 1794 1292 iudicantur
1813 1261 1876 1293 sus-

1141 1306 1288 1340 fieicntes
1313 1309 1352 1341 ad
1377 1309 1656 1344 confirmationem
1688 1312 1754 1345 sive
1784 1323 1876 1356 prae-

1142 1365 1328 1394 sentaturae
1349 1361 1414 1395 sive
1433 1363 1631 1406 magisterii;
1654 1365 1711 1397 sed
1735 1366 1873 1399 ulterius

1141 1413 1317 1455 requiritur
1346 1419 1381 1446 ut
1412 1425 1429 1447 a
1462 1415 1645 1449 definitorio
1676 1416 1759 1450 intra
1790 1418 1875 1461 eapi-

1142 1466 1261 1505 tulum,
1289 1477 1391 1510 penes
1424 1469 1511 1511 quod
1536 1474 1585 1501 est
1608 1469 1656 1501 ius
1686 1474 1717 1502 et
1740 1470 1873 1503 facultas

1894 215 1946 239 An.
1964 214 1992 240 C.
2008 214 2077 241 16112

376 1524 560 1569 provinciae
587 1524 628 1557 sit
652 1527 841 1566 promotus:
868 1522 1032 1566 praedicta
1054 1510 1125 1557 ati-I
1142 1519 1228 1561 (cum
1252 1519 1330 1552 alias
1355 1522 1525 1554 commode
1551 1521 1620 1554 fieri
1642 1533 1711 1555 non
1742 1523 1873 1567 possit),

378 1584 439 1611 tem
464 1578 620 1621 requisita
638 1578 676 1609 ad
695 1577 813 1619 gradus
839 1582 1106 1619 praesentaturae
1121 1560 1125 1594 i
1141 1573 1180 1605 ad
1201 1574 1281 1605 tales
1300 1574 1418 1616 gradus
1437 1580 1626 1617 exponatur.
1646 1575 1693 1615 Et,
1712 1587 1783 1608 eum
1805 1578 1875 1610 nul-

377 1637 408 1663 et
432 1630 610 1673 magisterii
637 1630 675 1662 de
701 1639 836 1661 numero
863 1628 1032 1671 designata
1051 1597 1189 1666 nii-ilus
1216 1627 1333 1669 exponi
1358 1627 1461 1670 possit
1480 1627 1542 1660 nisi
1564 1628 1596 1660 in
1617 1634 1749 1662 vacante
1770 1630 1875 1662 deter-

377 1683 462 1716 nime
489 1687 626 1726 possunt
642 1682 786 1725 suppleri
812 1692 871 1724 per
895 1682 957 1714 alia
981 1682 1106 1721 merita,
1141 1678 1276 1717 minata,
1302 1690 1339 1712 ex
1366 1680 1496 1712 deereto
1522 1680 1716 1713 sanctissimi
1749 1682 1873 1715 domini

377 1736 538 1774 exercitia,
553 1737 601 1768 vel
617 1735 772 1778 obsequia
786 1735 938 1777 religioni
953 1735 1106 1773 exhibita,
1142 1731 1229 1764 Pauli
1254 1732 1295 1772 V,
1326 1742 1386 1764 nee
1418 1731 1602 1765 confirmari
1631 1733 1694 1766 nisi
1719 1734 1807 1777 prius
1833 1734 1875 1767 sit

377 1788 516 1820 cuiusvis
549 1787 712 1831 qualitatis
738 1787 926 1820 extiterint:
961 1788 1048 1831 quod
1080 1788 1125 1820 si2
1142 1785 1330 1827 expositus,
1357 1785 1478 1828 poterit
1502 1785 1719 1818 definitorium
1744 1787 1874 1830 provin-

376 1842 585 1884 imposterum
610 1840 708 1884 aliqui
734 1842 814 1873 tales
840 1841 958 1883 gradus
984 1837 1221 1884 absquelciale
1248 1837 1312 1880 (ne
1339 1839 1455 1880 gradus
1481 1839 1633 1881 suspensi
1658 1849 1717 1882 per
1741 1840 1873 1882 longum

377 1894 547 1937 praedictis
566 1894 731 1937 requisitis
751 1899 783 1926 et
799 1894 1039 1926 conditionibus
1060 1887 1125 1937 re-)
1143 1896 1268 1933 tempus
1293 1897 1457 1931 maneant,
1485 1902 1521 1923 ex
1547 1903 1610 1935 quo
1634 1893 1726 1936 plura
1750 1894 1875 1936 praevi-

210 2374 237 2393 no
255 2374 362 2399 probalit·-

182 2407 242 2420 1111115
262 2407 361 2421 annorum

181 2426 282 2447 lectur-ie.

377 1946 532 1989 ceperint,
547 1958 583 1979 cx
604 1957 689 1978 nune
707 1952 869 1989 tamquam
891 1946 972 1978 irriti
991 1952 1022 1979 et
1038 1944 1125 1979 nul-¹

377 1999 436 2031 lius
460 1999 580 2032 valoris
620 2010 692 2031 esse
729 1999 903 2032 declaravit
931 1999 1107 2042 capitulum

377 2053 528 2094 generale
553 2052 741 2092 Murcicnsc,
763 2052 794 2084 in
812 2052 1000 2084 memoriam
1017 2063 1108 2085 reve-

377 2116 452 2137 cans
486 2110 518 2137 et
549 2105 713 2137 observari
745 2104 950 2148 praecipiens
982 2105 1107 2138 Bullam

377 2158 568 2190 sanctissimi
595 2158 716 2190 domini
742 2158 830 2190 Pauli
856 2158 879 2189 V
896 2158 935 2190 ad
958 2158 1044 2190 hune
1064 2159 1107 2190 ef-

378 2210 495 2242 fectum
509 2210 693 2254 specialiter
710 2211 904 2253 expeditam,
922 2212 1009 2243 salva
1026 2221 1108 2243 sem-

378 2274 434 2306 pcr
458 2264 647 2296 auctoritate
673 2264 852 2307 apostoliea
876 2263 909 2296 in
934 2264 1106 2307 praedictis

378 2316 600 2358 dispen=andi.

420 2379 520 2402 Lxxtv.
543 2369 630 2409 Cum,
648 2379 684 2401 ex
706 2369 835 2402 decreto
853 2369 985 2412 capituli
1011 2379 1108 2412 gene-

377 2421 452 2454 ralis
478 2422 623 2454 Toletani
642 2434 659 2454 a
677 2422 877 2454 sanctissimo
903 2423 1035 2455 domiuo
1052 2422 1108 2454 Ur-

376 2474 461 2507 bano
486 2475 549 2506 VIII
574 2474 762 2507 confirmato
778 2502 785 2515 ,
814 2475 1024 2518 probationes
1049 2485 1106 2507 seu

378 2526 621 2559 informationes
661 2537 821 2559 annorum
860 2528 1002 2559 leeturae
1037 2526 1107 2559 fieri

379 2578 520 2611 debcant
542 2579 728 2611 immediate
754 2579 792 2611 ab
824 2579 903 2622 ipsis
928 2579 1108 2622 provincia-

1142 1945 1258 1977 dentur
1281 1944 1368 1977 bono
1404 1945 1554 1987 regimini
1587 1945 1790 1978 imminentia
1821 1947 1875 1979 da-

1141 1998 1228 2039 mna)
1246 1997 1401 2039 magistro
1426 1998 1571 2039 generali
1596 1998 1779 2031 facultatem
1797 2009 1873 2031 0011-

1142 2050 1258 2081 cedere
1279 2055 1314 2081 ut
1337 2054 1478 2092 exponat
1495 2060 1594 2082 unum
1614 2060 1651 2082 ex
1672 2051 1871 2093 approbatis,

1142 2112 1237 2144 quem
1255 2102 1415 2141 maluerit,
1433 2113 1635 2145 quocumque
1657 2107 1803 2146 tempore
1821 2114 1873 2136 va-

1141 2155 1224 2187 catio
1249 2155 1367 2197 gradus
1393 2155 1527 2188 aecidat.
1547 2155 1747 2199 Insupcrque
1768 2156 1871 2189 dictus

1140 2208 1294 2250 magister
1318 2208 1481 2250 generalis
1507 2213 1595 2240 extra
1620 2208 1795 2252 capitulum
1820 2219 1873 2251 ge-

1140 2262 1262 2301 nerale,
1280 2262 1351 2294 loeo
1373 2266 1405 2293 et
1421 2260 1489 2293 viee
1507 2261 1577 2293 talis
1596 2261 1738 2304 capituli,
1763 2266 1874 2304 potest

1140 2313 1330 2347 confirmare
1362 2313 1395 2346 in
1428 2314 1579 2356 gradibus
1604 2320 1871 2357 praesentaturae

1141 2372 1173 2400 et
1207 2367 1407 2410 magisterii,
1432 2367 1698 2411 quoticscumcpie
1729 2368 1872 2411 aliquem

1141 2431 1253 2452 vacare
1278 2420 1462 2463 eontigerit,
1489 2421 1669 2464 quemlibet
1693 2431 1731 2453 ex
1755 2420 1872 2453 admis-

1141 2472 1184 2505 sis
1209 2473 1280 2513 rite,
1298 2477 1330 2505 et
1352 2478 1386 2505 ut
1407 2473 1452 2506 fas
1470 2478 1529 2513 est,
1546 2484 1563 2506 a
1588 2472 1772 2506 definitorio
1797 2484 1872 2516 pro-

1142 2525 1280 2565 vinciali,
1305 2525 1390 2558 iuxta
1416 2527 1580 2559 decretum
1605 2526 1798 2559 sanctissimi
1816 2527 1873 2559 do-

1141 2579 1219 2611 mini
1244 2578 1332 2612 Pauli
1349 2579 1392 2620 V;
1411 2585 1442 2612 et
1458 2580 1519 2612 hae
1544 2580 1657 2613 eadem
1680 2579 1871 2613 auctoritate
