2247 3208
203 211 295 239 [nro.
319 203 386 238 11163

216 1943 326 1965 Contraria
336 1943 396 1965 toltit.

396 259 513 298 notari,
540 257 741 301 impugnari,
766 256 952 295 invalidari,
976 254 1127 296 infringi,

397 311 536 349 limitari,
552 309 729 348 retractari,
749 310 799 341 vel
819 308 851 340 in
877 307 1129 340 controversiam

396 362 501 395 vocari
522 390 529 403 ,
564 366 618 393 aut
648 362 687 393 ad
720 361 875 393 terminos
908 360 987 393 iuris
1017 359 1128 391 reduci

397 424 502 457 posse,
521 415 574 446 sed
594 414 677 456 ipsas
695 419 881 456 praesentes
899 413 1031 452 litteras,
1050 422 1131 444 sem-

397 477 457 510 per
481 466 596 505 firmas,
621 466 741 499 validas
766 471 797 498 et
821 466 964 498 efficaces
990 465 1129 496 existere

398 525 431 551 et
455 520 534 559 sore,
561 529 701 561 suosque
727 518 892 560 plenarios
925 523 957 549 et
987 517 1130 558 integros

397 570 528 604 effectus
553 571 658 604 sortiri
683 576 714 603 et
738 570 896 609 obtinere,
917 580 953 602 ac
972 570 1010 601 ab
1029 568 1131 601 omni-

396 624 456 656 bus
475 629 506 656 et
526 623 670 666 singulis,
696 624 735 655 ad
761 632 839 665 quos
859 627 984 665 spectat
1003 627 1035 654 et
1059 631 1131 663 spe-

398 676 497 708 ctabit
527 675 772 718 quomodolibet
796 675 828 706 in
854 675 1006 712 futurum,
1032 674 1132 706 invio-

398 728 539 761 labiliter
563 727 743 767 observari,
771 727 883 769 sicque
902 732 932 758 et
952 737 1015 759 non
1038 726 1133 758 aliter

398 780 432 812 in
457 780 642 822 praemissis
666 780 816 812 omnibus
842 784 873 811 et
902 778 1035 820 singulis
1061 788 1133 809 cen-

400 832 474 872 seri,
500 838 594 875 atque
619 832 662 864 ita
687 842 746 874 per
771 841 987 873 quoscumque
1012 830 1132 862 iudIces

399 884 580 918 ordinarios
615 889 647 916 et
683 884 870 925 delegatos,
899 883 994 915 etiam
1026 892 1134 914 causa-

401 947 472 970 rum
493 936 601 980 palatii
627 936 791 979 apostolici
810 935 979 974 auditores,
1005 943 1132 966 necnon

401 994 529 1022 sanctae
552 989 713 1021 Romanae
739 987 897 1019 Ecclesiae
923 985 1134 1017 camerarium

401 1051 458 1074 seu
478 1040 751 1084 procamerarium
777 1044 808 1071 et
832 1038 910 1071 31105
935 1037 1132 1076 cardinales,

402 1094 500 1127 etiam
526 1094 565 1126 de
591 1095 693 1126 latere
720 1094 862 1134 legatos,
890 1100 1068 1132 eorumque
1090 1090 1134 1122 vi-

402 1147 574 1188 celegatos,
600 1156 635 1177 ac
660 1154 804 1177 camerae
829 1142 1024 1186 apostolicae
1048 1138 1134 1185 prae-

403 1199 506 1231 dictae
531 1198 751 1241 praesidentes
775 1197 919 1235 clericos,
947 1200 1134 1237 ceterosque

402 1251 493 1284 Sedis
525 1256 557 1284 et
586 1260 732 1283 camerae
767 1249 951 1281 huiusmodi
984 1248 1135 1281 officiales

404 1309 437 1336 et
460 1303 634 1343 ministros,
659 1308 690 1335 et
710 1302 787 1335 alios
813 1301 999 1344 quoslibet,
1022 1300 1134 1343 quavis

404 1355 611 1395 auctoritate,
636 1354 894 1398 praeeminentia
920 1358 952 1385 et
971 1356 1135 1395 potestate

404 1408 578 1449 fungentes
600 1413 632 1439 et
656 1407 924 1449 quandocumque
951 1406 1134 1444 suncturos,

406 1461 535 1492 sublata
568 1459 615 1491 eis
648 1464 680 1491 et
709 1469 823 1491 eorum
856 1457 991 1490 cuilibet
1022 1457 1135 1500 quavis

405 1512 502 1544 aliter
521 1511 696 1552 iudicandi,
718 1511 901 1543 declarandi
927 1516 959 1542 et
979 1510 1138 1553 interpre-

407 1564 496 1597 tandi
514 1565 667 1597 facultate
687 1569 719 1596 et
735 1563 940 1603 auctoritate,
960 1573 1090 1605 semper
1107 1567 1139 1594 et

405 1618 524 1660 ubique
551 1616 683 1649 iudicari
717 1621 748 1648 et
773 1615 898 1648 definiri
926 1615 1068 1655 debere,
1104 1626 1138 1647 ac

406 1669 533 1702 irritum
558 1674 590 1701 et
612 1669 706 1701 inane
733 1668 891 1711 quidquid
923 1678 1013 1699 secus
1043 1678 1139 1710 super

408 1723 459 1755 his
476 1733 493 1754 a
511 1732 682 1765 quoquam,
699 1721 806 1764 quavis
823 1720 1019 1760 auctoritate,
1038 1720 1140 1752 scien-

408 1781 458 1808 ter
480 1777 529 1808 vel
547 1776 744 1817 ignoranter,
763 1778 953 1806 attentatum
967 1778 1015 1805 est
1031 1773 1140 1804 hacte-

408 1839 467 1861 nus
492 1833 524 1860 et
547 1828 579 1860 in
605 1828 745 1860 futurum
770 1828 1011 1869 quomodolibet
1040 1829 1140 1861 conti-

409 1881 492 1923 gerit
512 1881 672 1913 attentari.

453 1935 467 1977 5
489 1934 521 1967 4.
540 1934 610 1967 Non
637 1934 841 1966 obstantibus
860 1934 1056 1977 praemissis,
1082 1945 1137 1974 ac,

410 1992 571 2030 quatenus
597 1997 679 2029 opus
705 1987 759 2026 sit,
788 1988 896 2019 nostra
922 1992 951 2018 et
983 1987 1141 2019 cancella-

409 2040 475 2073 riae
499 2039 693 2082 apostolicae
718 2041 829 2081 regula
847 2040 885 2072 de
911 2050 977 2072 non
996 2040 1141 2072 tollendo

409 2092 481 2125 iure
514 2093 668 2135 quaesito,
695 2098 727 2125 et
750 2093 942 2125 recolendae
967 2092 1140 2124 memoriae
1161 2097 1163 2102 '

410 2145 456 2177 Pii
482 2145 585 2188 Papae
611 2144 646 2176 lv
671 2144 928 2187 praedecessoris
946 2144 1068 2187 pariter
1085 2154 1141 2176 no-

409 2198 468 2230 stri
502 2198 540 2230 de
572 2197 681 2239 gratiis
716 2197 947 2239 qualecumque
983 2197 1141 2228 interesse

412 2251 515 2283 dictae
533 2260 677 2282 camerae
692 2249 959 2282 concernentibus
974 2250 1057 2281 intra
1073 2259 1142 2281 cer-

412 2308 478 2335 tum
503 2307 577 2335 tunc
602 2312 788 2345 expressum
818 2307 942 2345 teinpus
972 2302 1005 2334 111
1030 2301 1141 2334 eadem

412 2357 540 2388 camera
569 2354 810 2397 praesentandis
844 2359 873 2386 et
904 2353 1139 2396 registrandis‚

411 2408 493 2441 itaut
512 2412 699 2450 praesentes
716 2406 837 2438 litteras
855 2406 973 2438 ibidem
991 2415 1142 2448 praesen-

412 2460 472 2493 tari
501 2470 557 2492 seu
575 2458 738 2501 registrari
759 2469 923 2501 nunquam
940 2468 1071 2489 necesse
1089 2457 1140 2496 sit,

413 2513 547 2555 aliisque
573 2511 766 2554 apostolicis,
792 2522 825 2543 ae
852 2511 883 2542 in
908 2510 1141 2542 universalibus

413 2564 724 2610 provincialibusque
750 2569 777 2596 et
805 2563 1011 2606 synodalibus
1039 2561 1143 2594 conci-

971 207 1150 232 BULLARIUM
1174 206 1325 230 ROMANUM

1170 253 1220 286 liis
1246 253 1352 293 editis,
1379 253 1583 295 generalibus
1613 254 1663 286 vel
1692 253 1902 296 specialibus,

1171 306 1460 339 constitutionibus
1486 310 1518 338 et
1536 306 1809 344 ordinationibus,
1830 315 1906 338 nec-

1171 368 1236 390 non
1268 357 1441 400 quibusxis,
1469 358 1565 390 etiam
1595 359 1793 397 iuramento,
1820 368 1902 390 cona

1171 410 1356 441 firmatione
1383 409 1574 452 apostolica,
1598 410 1647 442 vel
1669 410 1780 452 quavis
1805 409 1905 441 firmi-

1173 467 1236 494 tate
1269 462 1331 494 alia
1355 461 1539 500 roboratis,
1566 462 1709 501 statutis,
1737 461 1848 493 usibus
1874 467 1906 494 et

1172 514 1461 546 consuetudinibus
1474 513 1570 545 etiam
1588 513 1905 554 immemorabilibus,

1172 567 1296 609 legibus
1311 577 1450 609 quoque,
1465 566 1655 609 privilegiis,
1673 566 1817 605 indultis,
1835 576 1907 598 con-

1173 619 1371 651 cessionibus
1388 625 1421 651 et
1437 619 1555 651 litteris
1574 618 1761 661 apostolicis
1780 618 1907 661 quibus-

1173 681 1310 712 cumque
1337 671 1413 703 locis
1439 676 1471 703 et
1496 670 1656 713 personis,
1685 670 1779 703 etiam
1802 670 1906 712 regali

1174 728 1206 755 et
1229 724 1291 755 3113
1316 723 1426 765 quavis
1446 723 1610 755 mundana
1625 723 1675 755 vel
1693 722 1908 755 ecclesiastica

1175 775 1329 817 dignitate
1356 775 1560 817 fulgentibus,
1580 780 1611 807 et
1627 775 1705 807 alias
1730 775 1908 817 quomodo-

1175 828 1254 860 libet
1285 827 1475 870 qualificatis
1510 839 1546 860 ac
1579 827 1752 870 specialem
1777 838 1908 870 expres-

1175 880 1298 912 sionem
1316 880 1568 921 requirentibus,
1585 880 1680 912 etiam
1698 886 1795 919 motu,
1810 880 1908 912 scien-

1176 932 1218 964 tia
1243 937 1275 963 et
1298 932 1465 974 potestatis
1490 932 1692 975 plenitudine
1713 932 1853 974 paribus,
1872 942 1909 964 30

1175 984 1449 1023 consistorialiter,
1476 985 1570 1016 etiam
1587 985 1643 1016 sub
1661 984 1823 1027 quibusvis
1839 995 1908 1017 ver-

1175 1038 1291 1069 110111111
1317 1037 1481 1069 tenoribus
1501 1043 1529 1068 et
1555 1036 1676 1076 10111115,
1696 1047 1732 1069 30
1749 1047 1820 1068 011111
1839 1036 1909 1079 qui-

1176 1090 1284 1122 busvis
1309 1090 1406 1122 etiam
1433 1090 1709 1132 derogatoriarum
1741 1090 1909 1132 derogato-

1176 1143 1254 1182 riis,
1281 1143 1413 1185 aliisun
1445 1142 1678 1174 efficacioribus
1708 1147 1739 1174 et
1774 1142 1909 1175 insolitis

1177 1194 1329 1227 clausulis
1355 1200 1386 1227 et
1410 1194 1546 1227 decretis
1567 1194 1664 1226 etiam
1689 1194 1907 1234 irritantibus,

1177 1252 1208 1279 et
1243 1246 1321 1278 alias
1359 1247 1604 1289 quomodolibet
1638 1247 1671 1278 in
1711 1246 1910 1278 contrarium

1177 1300 1435 1342 praemissorum
1460 1300 1636 1340 concessis,
1664 1299 1773 1339 sactis,
1801 1299 1908 1339 editis,

1178 1352 1398 1392 confirmatis,
1424 1352 1626 1395 approbatis,
1657 1362 1694 1384 ac
1725 1352 1848 1394 pluries
1880 1356 1913 1384 et

1180 1405 1446 1447 quantiscumque
1470 1405 1589 1437 vicibus
1614 1404 1736 1436 iteratis
1761 1409 1793 1437 et
1818 1404 1912 1436 inno-

1180 1458 1273 1496 vatis,
1286 1458 1402 1500 quibus
1418 1457 1568 1490 omnibus
1582 1462 1613 1489 et
1625 1457 1770 1498 singulis,
1787 1456 1911 1488 etiamsi

1179 1520 1237 1552 pro
1269 1510 1402 1542 illorum
1435 1509 1605 1542 sufficienti
1638 1509 1847 1551 derogatione
1873 1509 1911 1541 de

1179 1563 1242 1595 illis
1267 1573 1444 1605 eorumque
1466 1562 1538 1594 totis
1563 1562 1731 1594 tenoribus
1748 1561 1909 1604 5110013115,

1180 1614 1338 1657 specifica,
1363 1614 1538 1654 individua,
1558 1625 1593 1647 ac
1618 1615 1657 1647 de
1674 1614 1774 1646 verbo
1792 1614 1831 1646 ad
1848 1624 1913 1646 ver-

1180 1669 1266 1708 bum,
1292 1679 1357 1701 non
1383 1673 1488 1700 autem
1514 1678 1572 1710 per
1595 1668 1754 1700 clausulas
1780 1677 1914 1709 genera-

1181 1722 1227 1753 les
1253 1721 1338 1753 idem
1353 1721 1580 1763 importantes,
1600 1719 1722 1752 mentio
1737 1730 1794 1752 seu
1815 1730 1914 1762 quae-

1180 1774 1226 1806 vis
1252 1774 1313 1806 alia
1337 1774 1502 1816 expressio
1528 1774 1674 1806 facienda
1699 1779 1753 1805 aut
1776 1773 1837 1805 alia
1861 1784 1915 1805 ex-

1182 1826 1300 1868 quisita
1325 1826 1427 1858 forma
1451 1827 1489 1858 ad
1524 1826 1586 1858 hoc
1617 1827 1776 1858 servanda
1808 1826 1912 1865 10101,

1182 1884 1313 1912 tenores
1338 1879 1543 1918 huiusmodi,
1570 1889 1607 1911 ac
1630 1879 1656 1911 si
1681 1879 1719 1911 de
1751 1879 1850 1910 verbo
1875 1878 1915 1910 ad

1181 1932 1313 1963 verbum
1338 1931 1451 1963 inserti
1471 1936 1592 1971 essent,
1611 1931 1838 1974 praesentibus
1856 1940 1915 1974 pro

1182 1985 1278 2026 plene
1297 1989 1328 2015 et
1344 1983 1541 2016 sufficienter
1558 1983 1719 2026 expressis
1738 1988 1768 2015 et
1788 1982 1916 2015 inseitis

1183 2038 1383 2079 formamque
1409 2036 1441 2068 in
1464 2036 1527 2068 illis
1548 2036 1695 2068 traditam
1714 2045 1773 2078 pro
1791 2037 1916 2067 servata

1184 2089 1351 2128 babentes,
1377 2088 1440 2120 illis
1465 2088 1543 2120 alias
1567 2088 1600 2120 in
1624 2097 1681 2119 suo
1706 2087 1821 2120 robore
1843 2097 1916 2129 per-

1183 2141 1340 2173 mansuris
1360 2167 1367 2180 ,
1401 2141 1440 2173 ad
1476 2139 1727 2183 praemissorum
1754 2138 1914 2179 effectum,

1183 2193 1365 2236 specialiter
1396 2198 1427 2225 et
1460 2203 1611 2235 expresse
1650 2193 1846 2234 derogamus
1883 2196 1916 2224 et

1183 2247 1373 2288 derogatum
1391 2256 1459 2277 esse
1477 2246 1632 2287 volumus,
1645 2245 1828 2288 ceterisque
1844 2255 1917 2277 con·

1183 2298 1288 2331 trariis
1315 2298 1585 2341 quibuscumque.

1227 2355 1241 2391 ,ξ
1259 2351 1289 2383 5.
1313 2350 1460 2383 Ceterum
1482 2352 1680 2383 declaramus
1702 2360 1830 2393 quoque
1851 2359 1917 2382 eas-

1184 2403 1589 2446 ‹lenipraesenteslitteras
1604 2408 1636 2435 et
1653 2403 1686 2435 in
1701 2402 1746 2435 eis
1762 2406 1917 2434 contenta

1185 2466 1408 2499 ‹piam-umque
1423 2467 1440 2487 a
1454 2455 1548 2488 nobis
1559 2465 1726 2488 emanasse
1743 2454 1812 2486 sine
1826 2464 1916 2496 prae-

1185 2508 1302 2540 iudicio
1328 2508 1470 2540 omnium
1495 2514 1527 2540 et
1543 2516 1820 2551 quorumcumque
1839 2506 1917 2539 alio-

1184 2571 1253 2592 rum
1267 2560 1381 2592 iurium
1405 2565 1435 2592 et
1461 2560 1681 2593 remediorum
1706 2558 1800 2591 nobis
1819 2563 1851 2590 et
1872 2557 1916 2590 di-

1913 203 1963 231 An.
1978 203 2007 231 C.
2029 203 2097 232 1663

1953 2353 2032 2383 linium
2043 2358 2110 2374 resor-

1927 2382 1992 2401 vatio.
