2247 3208
230 206 278 233 Λη.
296 207 324 233 e.
348 206 414 235 1663
460 199 523 231 176

257 1843 360 1865 Nonnulla
379 1848 414 1864 ca·

231 1870 298 1895 paula
328 1876 414 1891 concor-

231 1897 288 1916 diae.

429 254 600 288 cardinalis
614 252 739 291 Ginetti,
756 250 945 284 sanctissimi
965 248 1084 282 domini
1105 258 1159 281 no-

428 307 483 340 stri
509 307 611 348 Papae
635 304 753 345 vicarii,
772 303 911 346 dictique
936 301 1064 335 Ordinis
1088 312 1160 344 pro-

428 358 557 392 tectoris
582 356 770 400 dignissimi,
797 356 846 388 cui
872 365 968 398 super
986 355 1047 387 hoc
1061 353 1159 397 quoti-

427 408 535 443 diana¹
553 409 672 442 insidet
687 413 722 441 ut
743 419 759 441 e
784 407 891 441 medio
910 408 1061 441 tollantur
1077 406 1158 447 lites,

427 469 458 496 et
481 474 541 506 pax
567 467 599 495 et
622 461 796 495 concordia
813 461 896 494 inter
914 461 1079 503 regulares
1099 459 1158 492 sibi

426 516 596 556 subiectos,
608 520 644 547 ut
659 525 835 548 consonum
852 518 900 546 est
916 513 1064 553 iustitiae,
1079 522 1160 545 sem-

425 579 484 613 per
507 569 655 611 vigeant,
680 572 849 610 totumque
885 566 1056 609 negocium
1088 576 1159 598 cum

426 621 547 655 unione
579 622 745 654 ambarum
777 620 917 663 partium
952 619 1083 652 omnino
1108 618 1159 650 fir-

425 727 486 760 bus
510 726 657 759 facienda
682 725 912 758 inviolabiliter
935 724 1156 763 observentur,

425 779 705 821 omnimodamque
723 778 895 811 sortiantur
919 777 1156 816 executionem;

425 837 597 876 propterea
622 832 722 864 frater
745 830 930 864 Dominicus
954 829 1068 868 Tasuri,
1087 839 1158 871 pro-

426 890 558 919 curator
592 884 775 927 provinciae
810 883 919 917 ltaliae
956 887 987 915 ct
1014 881 1158 914 minister

426 942 601 971 conventus
626 937 666 970 de
691 936 774 969 Urbe
790 963 797 976 ‚
824 941 855 968 et
879 935 976 967 frater
1000 933 1157 966 Antonius

426 991 465 1024 de
489 990 654 1029 Trinitate,
680 992 874 1032 procurator
893 990 1066 1020 conventus
1079 985 1158 1018 Nea-

426 1042 509 1087 polis
546 1047 576 1074 et
617 1042 748 1073 fratrum
784 1040 996 1083 Hispanorum
1031 1037 1158 1072 Ordinis

425 1095 478 1129 SS.
505 1094 667 1127 Trinitatis
692 1093 922 1136 redemptionis
947 1091 1157 1134 captivorum,

427 1148 536 1182 debito
573 1148 697 1180 honore
728 1151 760 1179 et
790 1145 970 1178 reverentia
1000 1144 1158 1177 mandatis

426 1199 671 1234 eminentissimi
696 1204 727 1233 et
750 1198 1012 1232 reverendissimi
1037 1198 1158 1231 domini

427 1253 599 1287 cardinalis
624 1252 741 1285 Ginetti
767 1256 917 1294 prompte
950 1251 1158 1290 obedientes,

428 1307 479 1340 die
492 1317 554 1340 xx11
568 1305 687 1338 mensis
701 1305 882 1338 novembris
892 1303 1069 1348 praesentis
1083 1303 1157 1335 anni

426 1369 556 1394 tinetxu
570 1358 650 1391 uniti
669 1363 699 1391 et
712 1357 907 1401 congregati,
920 1359 1046 1390 matura
1059 1356 1159 1389 consi-

428 1412 602 1453 deratione,
621 1411 835 1454 propriaeque
853 1409 1069 1443 conscientiae
1086 1419 1160 1442 con-

427 1465 585 1504 sulentes,
611 1463 780 1507 sequentia
805 1458 947 1507 capitula
971 1463 1158 1503 contexere,

426 1518 564 1551 videnda
594 1522 626 1550 et
658 1517 868 1560 approbanda
903 1517 942 1549 ab
975 1515 1160 1549 eminentis-

427 1570 508 1604 simo
533 1570 706 1610 cardinale,
726 1574 758 1602 et
773 1569 806 1602 in
832 1570 892 1602 hac
916 1570 1005 1602 sacra
1031 1578 1161 1610 congre-

427 1623 554 1666 gatione
579 1633 675 1665 super
708 1621 846 1665 negotiis
878 1622 1104 1665 episcoporum
1130 1625 1161 1653 et

427 1676 625 1718 regularium
649 1676 870 1719 proponenda,
889 1680 928 1715 et,
947 1675 973 1707 si
990 1674 1158 1717 placuerit,

428 1729 658 1769 confirmanda,
678 1739 805 1772 semper
823 1728 1032 1772 imposterum
1053 1728 1162 1761 obser-

427 1783 546 1815 vanda:

473 1845 494 1868 1.
522 1834 747 1868 Monasterium
764 1834 816 1867 SS.
836 1833 1000 1867 Trinitatis
1019 1834 1161 1876 redemp-

428 1888 526 1921 tionis
551 1888 747 1931 captivorum
772 1887 908 1919 civitatis
938 1886 1088 1930 Neapolis
1113 1886 1162 1918 in-

429 1946 620 1984 corporetur
651 1940 834 1983 provinciae
868 1939 996 1979 ltaliae,
1030 1939 1161 1982 eiusque

428 1993 572 2036 religiosi
608 1997 744 2036 pareant
776 1992 954 2025 reverendo
991 1991 1073 2034 patri
1105 1992 1162 2024 do-

429 2046 517 2079 mino
542 2045 730 2089 provinciali
750 2045 852 2077 dictae
877 2044 1062 2087 provinciae
1079 2044 1162 2076 eius-

431 2109 491 2142 que
515 2098 751 2130 successoribus
775 2098 809 2130 in
832 2102 1041 2141 perpetuum,
1068 2101 1099 2129 et
1118 2097 1163 2128 iu-

429 2150 649 2184 risdictionem
681 2150 713 2182 in
746 2160 783 2182 eo
819 2151 981 2189 habeant,
1013 2149 1104 2181 sicuti
1130 2149 1161 2181 in

430 2203 543 2237 ceteris
560 2203 770 2236 conventibus
788 2202 890 2235 dictae
905 2202 1090 2245 provinciae
1108 2202 1163 2236 ha-

430 2257 517 2295 bent,
544 2256 630 2288 iuxta
656 2256 820 2288 decretum
845 2255 975 2299 capituli
1003 2255 1162 2298 generalis

430 2309 584 2342 celebrati
610 2308 648 2340 ab
674 2308 821 2341 omnibus
842 2309 1093 2352 provincialibus
1114 2319 1162 2341 eo-

430 2372 567 2405 rumque
598 2362 692 2394 sociis
724 2362 962 2406 provinciarum
992 2362 1101 2395 Italiae
1133 2366 1164 2394 et

430 2415 604 2459 Hispaniae
629 2425 713 2448 anno
731 2424 886 2448 nnetvm.

466 2495 478 2520 ¹
499 2493 613 2520 Videtur
632 2492 725 2519 deesse
744 2501 816 2520 cura
835 2497 881 2519 aut
900 2492 986 2520 simile
1004 2493 1042 2527 (a.
1063 2493 1116 2526 Τ.).

464 2537 480 2564 2
496 2537 596 2565 Forsan
610 2537 755 2572 firmetum
771 2541 798 2563 at
813 2537 942 2572 syntaxim
957 2537 1122 2570 reintegrare
1137 2541 1164 2563 et

431 2590 535 2611 errores
544 2590 637 2608 omnes
648 2581 782 2616 corrigere
794 2589 901 2616 prorsus
913 2581 1075 2616 impossibile
1085 2581 1161 2616 (uxr).

1000 201 1178 226 BULLARIUM
1203 201 1352 225 ROMANUM

1236 258 1271 281 11.
1298 247 1388 285 Quod
1412 247 1445 280 in
1476 249 1560 282 dieto
1592 253 1749 281 conventu
1781 259 1923 282 commo-

1192 305 1304 333 rentur
1327 300 1469 343 religiosi
1495 301 1562 335 Itali
1588 302 1627 334 ad
1652 302 1818 334 arbitrium
1836 313 1924 335 reve-

1193 353 1284 386 rendi
1308 353 1408 396 patris
1432 353 1636 397 provincialis
1651 354 1759 388 Italiae
1779 360 1811 388 et
1834 366 1924 398 prae-

1192 407 1284 450 cipue
1308 406 1365 440 filii
1390 406 1534 440 eiusdem
1558 412 1751 448 conventus,
1778 408 1833 451 qui
1859 408 1923 451 pri-

1192 460 1343 503 vilegium
1356 459 1518 493 filiationis
1530 460 1672 493 habeant
1684 461 1771 493 iuxta
1787 461 1921 494 sormam

1192 513 1456 546 constitutionum
1471 511 1608 545 Ordinis.
1621 513 1745 553 Verum,
1758 519 1922 547 crescente

1192 576 1325 598 numero
1351 565 1496 605 fratrum,
1509 565 1534 597 si
1552 566 1636 598 bona
1651 566 1836 599 monasterii
1858 577 1921 599 non

1175 627 1177 631 ’
1192 619 1351 652 sufficiant
1364 619 1403 651 ad
1417 629 1529 651 eorum
1547 618 1846 660 substentationem,
1863 620 1923 652 sra-

426 672 579 715 mentm-²,
597 672 799 707 conditiones
817 677 848 704 et
864 671 1003 714 capitula
1020 682 1037 703 a
1054 670 1159 703 fratri·
1175 676 1176 681 ¹

1192 676 1255 704 tres
1280 671 1413 715 Hispani
1437 671 1602 704 venientes
1623 681 1694 703 cum
1718 671 1861 714 legitima
1886 673 1923 704 li-

1192 723 1297 756 centia
1319 725 1386 757 ullo
1412 728 1580 766 praetextu
1608 723 1737 766 inopiae
1761 734 1825 756 non
1851 735 1923 767 pos-

1192 776 1257 808 sint
1288 787 1352 809 non
1376 776 1501 809 admitti
1525 777 1558 809 in
1583 776 1667 809 dicto
1692 782 1866 817 conventu,
1892 782 1924 810 et

1191 829 1302 862 fratres
1327 829 1458 872 Hispani
1475 829 1506 861 in
1524 830 1685 872 praesenti
1699 829 1732 861 iu
1746 829 1830 862 dicto
1847 840 1923 862 con-

1190 887 1286 914 ventu
1310 882 1490 922 existentes,
1509 887 1544 914 et
1563 881 1596 914 in
1621 882 1760 914 futurum
1780 883 1920 922 extituri,

1191 934 1251 966 isto
1276 944 1335 966 nec
1359 934 1421 967 alio
1445 938 1612 976 praetextu
1638 944 1701 967 non
1725 935 1850 978 possint
1875 945 1923 967 ex-

1191 987 1282 1030 pelli,
1306 997 1365 1019 nec
1388 985 1446 1018 filii
1472 986 1549 1019 dicti
1575 991 1767 1027 conventus;
1794 987 1923 1020 licentia

1190 1050 1264 1072 vero
1288 1039 1435 1081 legitima
1454 1049 1491 1071 ea
1507 1039 1706 1081 intelligatur
1730 1039 1852 1072 scilicet
1875 1050 1923 1072 re-

1191 1092 1414 1135 verendjssimi
1438 1091 1538 1135 patris
1563 1092 1733 1133 generalis,
1759 1102 1821 1134 quo
1847 1091 1924 1124 deti-

1191 1144 1304 1184 ciente,
1320 1143 1457 1176 sufficiat
1479 1145 1584 1177 locum
1609 1143 1676 1176 eius
1700 1145 1852 1185 tenentis,
1878 1145 1922 1178 uti

1191 1197 1395 1240 praecipiunt
1411 1196 1653 1230 constitutiones
1670 1197 1793 1230 noviter
1810 1197 1923 1237 editae,

1192 1260 1262 1293 cap.
1291 1259 1367 1282 xxxv
1396 1249 1442 1282 De
1462 1253 1617 1292 potestate
1641 1253 1669 1281 et
1694 1249 1793 1292 officio
1817 1250 1921 1282 mini-

1191 1303 1251 1336 stri
1274 1302 1446 1346 9eneralis,
1471 1303 1485 1345 ἓ
1511 1302 1563 1342 102,
1588 1303 1644 1335 sol.
1672 1302 1747 1335 905.
1771 1302 1828 1341 Qui
1852 1313 1924 1336 cum

1192 1355 1373 1389 huiusmodi
1387 1355 1528 1388 licentiis
1544 1355 1702 1395 venerint,
1717 1355 1857 1388 debeant
1874 1366 1925 1388 ac-

1193 1408 1312 1451 ceptari
1338 1412 1369 1441 et
1392 1408 1492 1450 recipi
1525 1407 1558 1439 in
1591 1407 1675 1440 dieto
1713 1412 1869 1440 conventu
1894 1412 1925 1440 et

1192 1461 1355 1504 provincia
1379 1461 1498 1504 absque
1523 1461 1589 1493 ulla
1613 1460 1675 1493 alia
1699 1460 1830 1493 licentia
1853 1471 1925 1504 pro-

1191 1514 1335 1547 vincialis
1360 1514 1489 1553 ltaliae,
1515 1524 1621 1556 neque
1647 1513 1845 1554 definitorii;
1872 1513 1924 1556 qui

1192 1572 1299 1600 autem
1324 1578 1396 1600 eum
1420 1567 1552 1600 licentia
1568 1566 1616 1598 sui
1642 1566 1847 1609 provincialis
1872 1567 1926 1599 Hi-

1193 1620 1324 1663 spaniae
1352 1620 1571 1652 tantummodo
1588 1619 1712 1652 venerit
1735 1619 1768 1651 in
1793 1629 1926 1651 conven-

1194 1678 1248 1714 tu,
1275 1678 1309 1704 ut
1333 1673 1452 1715 hospes
1486 1676 1693 1715 permaneam
1726 1682 1836 1704 verum
1861 1682 1926 1705 non

1193 1726 1392 1768 intelligatur
1417 1725 1638 1758 conventualis
1673 1735 1839 1767 quousque
1871 1725 1926 1757 ob-

1195 1780 1295 1812 tineat
1326 1778 1489 1813 licentiam
1522 1777 1728 1821 provincialis
1762 1776 1871 1810 Italiae
1897 1783 1928 1810 et

1195 1832 1449 1876 acceptationem
1474 1831 1647 1864 definitorii
1672 1831 1793 1863 Italiae.

1238 1896 1286 1919 111.
1313 1884 1401 1923 Quod
1433 1884 1575 1927 religiosi
1608 1883 1760 1927 Hispani,
1785 1893 1871 1916 nune
1894 1883 1927 1916 in

1195 1939 1280 1972 dicto
1307 1943 1463 1971 conventu
1499 1938 1690 1977 existentes,
1716 1936 1834 1979 aliique
1867 1937 1928 1969 sra-

1195 1998 1259 2025 tres
1284 2003 1322 2024 ex
1346 1991 1500 2034 Hispania
1517 1990 1683 2023 venientes
1697 2000 1771 2022 cum
1786 1989 1928 2031 legitima

1195 2046 1343 2086 licentia,
1368 2050 1403 2077 ut
1434 2054 1546 2087 supra,
1580 2049 1769 2087 reputentur
1804 2048 1840 2075 ut
1871 2042 1926 2075 filii

1196 2103 1260 2131 tam
1276 2097 1432 2140 praedicti
1446 2101 1618 2129 conventus
1633 2106 1727 2138 quam
1742 2095 1927 2139 provinciae

1195 2151 1326 2183 ltaliae:
1357 2150 1560 2192 excipiuntur
1585 2149 1696 2181 fratres
1726 2148 1793 2181 Itali
1819 2154 1850 2180 et
1874 2148 1928 2181 Hi-

1195 2204 1286 2247 spani
1309 2203 1475 2236 venientes
1509 2201 1577 2234 sine
1603 2201 1731 2233 licentia
1761 2200 1927 2244 legitima,

1195 2266 1266 2288 cum
1280 2254 1395 2298 quibus
1409 2258 1522 2297 agatur
1535 2253 1626 2286 sicuti
1640 2253 1841 2297 praecipiunt
1854 2263 1928 2286 con-

1196 2308 1378 2342 stitutiones
1393 2313 1424 2339 et
1440 2307 1622 2339 sanctiones
1639 2305 1822 2350 pontificiae
1837 2311 1869 2338 et
1882 2317 1930 2339 sa-

1196 2372 1267 2394 crae
1287 2360 1544 2403 congregationis
1563 2359 1708 2400 Concilii‚
1727 2364 1758 2392 et
1775 2360 1929 2392 constitu-

1196 2415 1299 2448 tiones
1317 2414 1459 2454 Ordinis·,
1482 2418 1514 2446 et
1540 2413 1699 2445 minister·
1714 2412 1929 2455 quantocitius

1196 2478 1255 2500 nec
1278 2469 1362 2500 ultra
1398 2477 1543 2500 mensem
1575 2466 1641 2499 ullo
1666 2463 1762 2499 modo
1788 2465 1833 2498 eis
1858 2475 1929 2508 per-

1196 2521 1302 2552 mittat
1324 2520 1368 2552 ibi
1393 2519 1594 2552 commorari.
1622 2519 1711 2557 Quod
1732 2518 1756 2550 si
1782 2518 1930 2550 minister

1196 2583 1254 2615 pro
1272 2578 1417 2616 tempore
1434 2583 1531 2616 super
1555 2572 1618 2605 hoc
1640 2571 1807 2615 negligens
1824 2570 1930 2613 suerit,

1933 201 1984 228 An.
2005 200 2033 227 C.
2056 200 2122 227 1663
