2247 3208
143 259 192 285 An.
209 254 238 284 C.
261 256 327 283 1669

332 300 631 343 obunere,aeissis
653 300 691 335 ad
713 310 793 345 quos
819 304 993 345 spectatet
1009 309 1068 343 pro

332 361 480 399 tempore
513 355 694 399 spectabit,
721 354 753 387 in
779 354 927 387 omnibus
956 358 987 385 et
1011 364 1069 396 per

332 409 440 443 omnia
464 408 653 453 plenissime
686 407 872 450 suflragari,
901 412 932 439 et
956 407 994 438 ab
1021 406 1066 438 eis

331 462 510 507 respective
530 461 761 495 inviolabiliter
778 460 955 500 observari,

374 516 388 559 ἓ
413 515 444 547 5.
468 514 585 564 Sicqpe
612 515 643 546 in
668 513 856 557 praemissis
882 523 940 555 per
972 522 1068 554 quos-

331 578 469 612 cumque
494 566 616 600 iudires
634 566 814 599 ordinarios
840 572 872 598 et
892 566 1066 607 delegatos,

329 621 425 653 etiam
440 629 607 653 causarum
625 619 734 662 palatii
755 617 924 661 apostolici
943 618 1067 650 audito-

327 684 396 713 res,
421 672 557 705 iudicari
583 677 615 704 et
639 670 766 704 definiri
794 670 934 711 debere,
962 680 997 702 ac
1021 671 1065 702 ir-

331 727 430 759 ritum
463 731 495 759 et
519 726 615 758 inane
652 725 677 758 si
713 735 803 757 secus
840 734 938 768 snper
971 724 1021 757 liis
1048 736 1065 757 a

328 789 514 822 quoquam,
536 777 648 821 quavis
677 776 890 817 auctoritate,
925 776 1065 809 scienter

328 832 378 865 vel
403 832 605 873 ignoranter,
633 830 808 873 contigerit
832 830 995 862 attentari.

371 886 385 928 ἓ
411 884 442 917 6.
469 883 539 916 Non
565 883 778 923 obstantibus,
798 888 955 927 quatenus
982 894 1062 926 opus

327 937 377 978 sit,
394 939 505 970 nostra
523 942 555 969 et
573 937 785 970 cancellariae
804 937 999 980 apostolicae
1017 947 1063 969 re-

326 992 400 1034 gula
417 990 454 1023 de
474 1001 537 1024 non
557 990 775 1023 concedendis
795 990 1006 1032 indulgentiis
1025 990 1062 1022 ad

326 1044 435 1083 instar,
462 1043 598 1086 aliisque
625 1043 906 1076 constitutionibus
924 1049 955 1076 et
978 1044 1063 1076 ordi-

325 1096 511 1129 nationibus
529 1096 723 1139 apostolicis‚
738 1096 918 1140 ceterisque
935 1102 1062 1128 contra-

324 1148 380 1181 riis
405 1149 679 1191 quibuscumque.

368 1202 382 1244 ἓ
408 1201 438 1234 7.
466 1202 616 1235 Volumus
653 1207 758 1234 autem
799 1206 834 1234 ut
873 1203 1059 1235 earumdem

323 1255 543 1297 praesentium
564 1256 740 1288 litterarum
766 1255 988 1298 transumptis,
1003 1266 1060 1288 seu

324 1308 492 1350 exemplis*
517 1308 613 1340 etiam
638 1308 820 1351 impressis,
844 1319 938 1341 manu
964 1309 1059 1341 alicu-

322 1360 370 1392 ius
392 1360 508 1392 notarii
527 1361 648 1403 publici
670 1361 878 1404 subscriptis,
897 1366 929 1394 et
953 1361 1059 1403 sigillo

321 1423 481 1456 personae
502 1413 535 1446 in
557 1413 778 1446 ecclesiastica
804 1414 960 1456 dignitate
985 1425 1060 1447 con-

321 1465 451 1498 stitutae
476 1466 623 1507 munitis,
640 1467 751 1499 eadem
770 1477 903 1509 prorsus
922 1466 1000 1500 fides
1026 1467 1057 1499 in

319 1517 440 1551 iudicio
467 1523 499 1551 et
515 1524 604 1551 extra
628 1518 835 1560 adhibeatur,
863 1529 943 1562 qnae
969 1530 1057 1562 prae-

320 1571 465 1604 sentibus
490 1572 569 1614 ipsis
595 1572 818 1612 adhiberetur,
835 1572 860 1604 si
876 1573 982 1605 forent
1007 1583 1058 1605 ex-

321 1623 443 1657 hibitae
461 1625 510 1657 vel
529 1629 692 1658 ostensae.

364 1676 480 1710 Datum
504 1677 644 1719 Romae,
671 1679 755 1721 apud
781 1678 812 1711 S.
841 1679 969 1712 Mariam
994 1679 1057 1712 Ma-

321 1727 435 1769 iorem,
453 1730 510 1762 snb
535 1732 656 1764 annulo
688 1730 876 1772 Piscatoris,
903 1732 954 1765 die
980 1743 1056 1766 xxm

322 1782 518 1825 septembris
542 1792 689 1824 nnetxrx,
715 1783 922 1827 pontificatus
955 1785 1056 1818 nostri

321 1845 407 1867 anno
433 1845 481 1869 111.

355 1896 412 1924 Dat.
431 1897 474 1925 die
489 1897 522 1926 23
536 1898 700 1934 septembris
718 1898 794 1931 1669,
812 1899 907 1934 pontif.
924 1908 994 1928 auno
1013 1908 1054 1928 111.

162 528 261 549 clausula
273 529 317 549 5120-

134 554 184 575 luſtri.

201 897 315 921 Dei-ugano

130 926 292 945 contrariorum.

166 1213 313 1238 'stant—inmitis

129 1239 180 1258 Mes
197 1240 273 1259 danila.

637 2059 739 2094 CXXI.

320 2148 472 2182 Extensio
484 2148 653 2192 facultatis
666 2150 884 2183 constituendi
896 2150 975 2183 duos
989 2161 1057 2195 poe-

364 2202 574 2235 nitentiarios
614 2203 649 2236 in
693 2203 823 2236 ecclesis?
865 2206 1056 2237 monasterii

363 2255 395 2288 S.
416 2256 556 2289 Antonii
577 2256 775 2296 Viennensis,
801 2258 896 2290 totius
922 2257 1056 2291 Ordinis

364 2308 503 2341 eiusdem
537 2309 568 2342 S.
596 2310 738 2342 Antonii
770 2311 880 2343 abbati
909 2313 1056 2354 yenerali

359 2371 420 2405 pro
446 2365 582 2405 tempore
606 2364 758 2396 existenti
781 2364 819 2395 ab
846 2365 991 2407 Euqenio
1009 2366 1059 2399 IV

364 2423 539 2454 concessae,
567 2415 610 2447 ad
633 2416 717 2448 alios
741 2416 819 2449 duos
840 2419 1056 2461 poenitentia-

363 2469 440 2508 rios,
461 2473 581 2501 attento
599 2470 685 2513 quod
701 2469 764 2503 duo
779 2471 884 2514 primi
906 2482 970 2504 non
991 2474 1056 2515 suf-

362 2521 510 2563 ficinnt¹.

356 2636 368 2663 ¹
389 2634 426 2662 Ex
445 2639 545 2671 regest.
565 2636 592 2663 in
613 2640 700 2663 secret
730 2636 810 2665 Brev.

938 251 1079 276 CLEMENS
1102 250 1131 275 lx
1157 251 1204 275 PP.

1743 241 1807 277 8ffi3
1853 252 2037 281 micton

1329 297 1462 325 clemens
1484 298 1560 332 Papa
1581 298 1627 332 IX,

1231 343 1266 370 ad
1286 347 1462 377 perpetuam
1482 343 1525 369 rei
1546 343 1725 371 memoriam.

1154 404 1198 437 Ex
1211 404 1356 437 iniuncto
1372 404 1466 437 nobis
1482 404 1633 438 divinitus
1648 406 1845 448 apostolicae
1884 420 2024 442 Prooemium.

1111 457 1272 490 servitutis
1290 458 1395 491 officio
1415 458 1539 491 indulta
1555 470 1571 491 a
1590 459 1845 503 RomanisPon-

1110 509 1248 542 tisscibus
1274 511 1580 553 praedecessoribus
1601 513 1719 545 nostris
1745 513 1783 545 ad
1803 513 1847 546 so-

1109 562 1244 594 vcndam
1270 562 1411 595 fidelium
1446 564 1596 606 pietatem
1631 565 1682 608 pie
1709 567 1846 609 pruden-

1109 620 1219 657 terque
1246 626 1398 648 concessa
1424 616 1563 650 libenter
1588 620 1787 661 ampliamus,
1806 620 1847 653 si-

1110 673 1162 700 cut
1180 669 1366 702 eorumdem
1380 669 1523 703 fidelium
1553 671 1732 704 animarum
1751 673 1844 706 saluti

1110 721 1333 765 spiritualique
1348 723 1565 756 consolationi
1581 725 1786 767 profuturum
1800 736 1845 760 ar-

1108 775 1278 808 bitramur.

1152 828 1166 871 g
1192 827 1220 860 1.
1248 828 1370 861 Dudum
1399 829 1559 872 siquidem
1576 841 1637 874 pro
1654 838 1746 874 parte
1768 836 1844 865 tunc
1872 843 2037 873 omens-‚unu-

1107 880 1315 914 existentium
1330 881 1456 914 abbatis
1476 888 1507 915 et
1524 889 1700 916 conventus
1717 895 1843 917 monas·
1854 875 1909 917 iffs'ss'¹
1926 871 1951 891 'v
1976 874 2036 892 [Μ’

1109 933 1179 966 terii
1205 933 1235 966 S.
1264 934 1411 974 Antonii,
1439 935 1568 968 Ordinis
1598 935 1629 968 S.
1663 936 1842 979 Arignstini,

1106 986 1297 1020 Viennensis
1312 988 1479 1029 dioecesis,
1493 988 1594 1021 felicis
1608 990 1841 1023 recordationis

1106 1040 1249 1082 Eugenio
1275 1041 1378 1084 Papae
1405 1042 1440 1073 lv
1465 1042 1708 1085 praedecessori
1729 1049 1841 1077 nostro

1105 1093 1251 1136 exposito
1278 1095 1363 1136 (laod
1389 1095 1427 1126 ad
1453 1095 1684 1127 monasterium
1720 1097 1842 1138 praesa-

1107 1151 1184 1186 tum,
1198 1151 1261 1179 tam
1287 1146 1345 1179 ob¹
1366 1148 1466 1191 ipsius
1485 1148 1514 1180 S.
1538 1149 1666 1181 Antonii
1691 1160 1840 1182 reveren-

1106 1199 1188 1239 tiam,
1209 1210 1304 1243 quam
1330 1212 1389 1244 pro
1411 1201 1649 1244 ‹unsoquendis
1674 1202 1841 1244 indulgen-

1105 1253 1219 1285 tiarum
1256 1254 1444 1286 muneribus
1479 1254 1628 1287 fidelibus
1668 1256 1838 1289 eeclesiam

1104 1305 1179 1338 dicti
1198 1308 1384 1339 monasterii
1401 1318 1459 1350 pro
1478 1313 1623 1350 tempore
1640 1308 1839 1342 visitantibus

1103 1368 1162 1400 per
1176 1360 1353 1392 nonnullos
1379 1360 1559 1393 anteriores
1577 1360 1739 1393 Romanos
1760 1361 1841 1394 Pon-

1103 1410 1203 1444 tifices
1225 1414 1272 1453 (ut
1290 1413 1507 1456 asserebatur)
1527 1414 1646 1446 dudum
1663 1414 1836 1454 concessis,

1103 1465 1168 1496 sere
1187 1464 1431 1498 innumerabilis
1446 1465 1705 1499 cliristifidelitun
1723 1467 1840 1499 utrius·

1103 1527 1164 1560 que
1178 1527 1271 1549 sexus
1288 1518 1380 1550 annis
1398 1517 1531 1561 singulis
1553 1519 1740 1551 confluebat
1756 1521 1838 1552 mul-

1102 1570 1212 1610 titudo,
1233 1576 1272 1611 et,
1292 1576 1424 1614 propter
1445 1572 1618 1605 carentiam
1639 1572 1718 1605 inibi
1737 1583 1839 1605 sacer·

1101 1624 1213 1656 dotum
1245 1625 1285 1657 ad
1321 1624 1352 1657 id
1390 1630 1585 1667 potestatem
1624 1625 1812 1658 habentium
1829 1653 1836 1666 ,

1099 1677 1190 1709 multi
1210 1686 1245 1710 ex
1265 1678 1501 1710 confluentibus
1520 1688 1536 1710 a
1552 1678 1750 1711 monasterio
1769 1678 1838 1721 ipso

1101 1731 1223 1773 absque
1249 1730 1452 1764 consessione
1477 1731 1683 1771 recedebant,
1712 1732 1838 1774 plures-

1101 1794 1162 1827 que
1188 1784 1227 1816 de
1253 1788 1411 1816 conventu
1445 1784 1613 1827 praefato,
1639 1795 1767 1817 necnon
1800 1796 1838 1818 ex

1100 1835 1236 1869 infirmis
1250 1836 1282 1868 in
1304 1837 1456 1879 hospitali
1476 1837 1553 1870 dicti
1571 1837 1760 1870 monasterii
1778 1848 1838 1881 pro

1101 1895 1244 1933 tempore
1264 1890 1485 1930 existentibus,
1501 1891 1533 1923 in
1552 1901 1665 1924 eorum
1683 1891 1836 1924 faciendis

1100 1943 1363 1976 confessionibus
1380 1953 1445 1976 non
1462 1944 1589 1976 modica
1614 1943 1775 1976 interdum
1793 1945 1838 1977 in-

1100 1996 1269 2029 commoda
1294 1996 1517 2039 patiebantur:
1542 1996 1627 2030 idem
1652 1997 1832 2040 EugeniUS,

1099 2049 1274 2092 praedictis
1297 2049 1588 2092 supplicationibus
1616 2050 1762 2093 ipsorum
1787 2050 1837 2082 ab·

1098 2102 1181 2134 batis
1196 2107 1227 2135 et
1244 2108 1419 2135 conventus
1436 2102 1565 2135 nomine
1580 2103 1641 2135 sibi
1661 2113 1758 2146 super
1775 2104 1835 2136 lioc

1100 2155 1266 2188 humiliter
1290 2155 1445 2198 porrectis
1467 2155 1651 2193 inclinatus,
1670 2156 1835 2188 canonicis

1099 2218 1156 2251 pro
1173 2212 1317 2250 tempore
1333 2207 1542 2240 existentibus
1556 2208 1694 2251 praefati
1707 2219 1836 2241 monas-

1099 2260 1171 2292 terii
1196 2260 1228 2292 in
1253 2261 1434 2293 sacerdotio
1459 2261 1661 2302 constitutis,
1688 2272 1769 2305 quos
1795 2262 1834 2294 ad

1099 2313 1129 2346 id
1155 2314 1253 2346 abbas
1279 2324 1336 2356 pro
1363 2319 1506 2357 tempore
1532 2314 1673 2347 existens
1692 2315 1835 2348 eiusdem

1097 2366 1284 2399 monasterii
1316 2377 1442 2399 necnon
1473 2367 1649 2410 capitulum
1682 2369 1834 2410 generale

1098 2431 1115 2452 a
1145 2419 1304 2462 religiosis
1337 2420 1520 2452 monasterii
1557 2421 1740 2453 huiusmodi
1763 2416 1834 2464 ‘pro

1098 2478 1243 2515 tempore
1270 2472 1423 2505 canonice
1449 2474 1646 2506 celebratum
1671 2474 1835 2506 duxissent

1098 2525 1285 2567 eligendos,
1314 2525 1465 2559 videlicet
1497 2526 1623 2559 duobus
1661 2537 1697 2559 ex
1730 2526 1833 2570 primo

1133 2640 1144 2665 1
1166 2638 1235 2666 Edit.
1253 2639 1330 2666 Malu.
1348 2639 1411 2676 legit
1426 2641 1461 2666 ab
1477 2648 1524 2676 pro
1540 2640 1572 2667 ob
1587 2641 1624 2674 (ni
1642 2640 1691 2674 r.).
