<?xml version="1.0" encoding="UTF-8"?>
<!DOCTYPE html PUBLIC "-//W3C//DTD XHTML 1.0 Transitional//EN"
    "http://www.w3.org/TR/xhtml1/DTD/xhtml1-transitional.dtd">
<html xmlns="http://www.w3.org/1999/xhtml" xml:lang="en" lang="en">
 <head>
  <title>
</title>
<meta http-equiv="Content-Type" content="text/html;charset=utf-8" />
  <meta name='ocr-system' content='tesseract 3.04.00' />
  <meta name='ocr-capabilities' content='ocr_page ocr_carea ocr_par ocr_line ocrx_word'/>
</head>
<body>
  <div class='ocr_page' id='page_1' title='image "./bullarumdiplomat17cath_0123.png"; bbox 0 0 2247 3208; ppageno 0'>
   <div class='ocr_carea' id='block_1_1' title="bbox 101 224 289 265">
    <p class='ocr_par' dir='ltr' id='par_1_1' title="bbox 101 224 289 265">
     <span class='ocr_line' id='line_1_1' title="bbox 101 224 289 265; baseline -0.011 0"><span class='ocrx_word' id='word_1_1' title='bbox 101 225 155 265; x_wconf 67' lang='lat' dir='ltr'>An.</span> <span class='ocrx_word' id='word_1_2' title='bbox 171 224 200 263; x_wconf 76' lang='lat' dir='ltr'>e.</span> <span class='ocrx_word' id='word_1_3' title='bbox 222 235 289 263; x_wconf 71' lang='lat'>«662</span> 
     </span>
    </p>
   </div>
   <div class='ocr_carea' id='block_1_2' title="bbox 102 402 286 476">
    <p class='ocr_par' dir='ltr' id='par_1_2' title="bbox 102 402 286 476">
     <span class='ocr_line' id='line_1_2' title="bbox 154 402 286 432; baseline 0.008 -10"><span class='ocrx_word' id='word_1_4' title='bbox 154 402 286 432; x_wconf 37' lang='lat' dir='ltr'>alternatim</span> 
     </span>
     <span class='ocr_line' id='line_1_3' title="bbox 102 431 285 455; baseline 0.011 -7"><span class='ocrx_word' id='word_1_5' title='bbox 102 431 196 454; x_wconf 73' lang='lat' dir='ltr'>magistri</span> <span class='ocrx_word' id='word_1_6' title='bbox 224 434 285 455; x_wconf 70' lang='lat' dir='ltr'>gene·</span> 
     </span>
     <span class='ocr_line' id='line_1_4' title="bbox 103 455 162 476; baseline 0 0"><span class='ocrx_word' id='word_1_7' title='bbox 103 455 162 476; x_wconf 68' lang='lat' dir='ltr'>raho.</span> 
     </span>
    </p>
   </div>
   <div class='ocr_carea' id='block_1_3' title="bbox 102 1671 287 1747">
    <p class='ocr_par' dir='ltr' id='par_1_3' title="bbox 102 1671 287 1747">
     <span class='ocr_line' id='line_1_5' title="bbox 116 1671 287 1702; baseline 0 -10"><span class='ocrx_word' id='word_1_8' title='bbox 116 1671 206 1702; x_wconf 13' lang='lat' dir='ltr'>pet-:asu</span> <span class='ocrx_word' id='word_1_9' title='bbox 213 1678 287 1702; x_wconf 73' lang='lat' dir='ltr'>renun-</span> 
     </span>
     <span class='ocr_line' id='line_1_6' title="bbox 103 1702 286 1725; baseline -0.005 -5"><span class='ocrx_word' id='word_1_10' title='bbox 103 1702 202 1720; x_wconf 73' lang='lat' dir='ltr'>ciationis</span> <span class='ocrx_word' id='word_1_11' title='bbox 222 1705 286 1725; x_wconf 73' lang='lat' dir='ltr'>magt-</span> 
     </span>
     <span class='ocr_line' id='line_1_7' title="bbox 102 1727 189 1747; baseline -0.011 0"><span class='ocrx_word' id='word_1_12' title='bbox 102 1727 189 1747; x_wconf 72' lang='lat' dir='ltr'>stratus.</span> 
     </span>
    </p>
   </div>
   <div class='ocr_carea' id='block_1_4' title="bbox 885 234 1213 260">
    <p class='ocr_par' dir='ltr' id='par_1_4' title="bbox 885 234 1213 260">
     <span class='ocr_line' id='line_1_8' title="bbox 885 234 1213 260; baseline 0.003 -1"><span class='ocrx_word' id='word_1_13' title='bbox 885 234 1071 259; x_wconf 48' lang='lat' dir='ltr'>ALEXRNDER</span> <span class='ocrx_word' id='word_1_14' title='bbox 1095 237 1140 260; x_wconf 77' lang='lat' dir='ltr'>vu</span> <span class='ocrx_word' id='word_1_15' title='bbox 1165 236 1213 260; x_wconf 82' lang='lat' dir='ltr'>PP-</span> 
     </span>
    </p>
   </div>
   <div class='ocr_carea' id='block_1_5' title="bbox 300 283 1037 540">
    <p class='ocr_par' dir='ltr' id='par_1_5' title="bbox 301 283 1036 371">
     <span class='ocr_line' id='line_1_9' title="bbox 301 283 1036 328; baseline -0.001 -11"><span class='ocrx_word' id='word_1_16' title='bbox 301 284 451 328; x_wconf 87' lang='lat' dir='ltr'>capitulis</span> <span class='ocrx_word' id='word_1_17' title='bbox 476 283 620 321; x_wconf 77' lang='lat' dir='ltr'>Oscensi.</span> <span class='ocrx_word' id='word_1_18' title='bbox 649 284 871 317; x_wconf 81' lang='lat' dir='ltr'>Barbastrensi</span> <span class='ocrx_word' id='word_1_19' title='bbox 898 291 930 317; x_wconf 87' lang='lat' dir='ltr'>et</span> <span class='ocrx_word' id='word_1_20' title='bbox 954 285 1036 317; x_wconf 84' lang='lat' dir='ltr'>Mur-</span> 
     </span>
     <span class='ocr_line' id='line_1_10' title="bbox 301 337 665 371; baseline 0 -1"><span class='ocrx_word' id='word_1_21' title='bbox 301 337 402 370; x_wconf 91' lang='lat' dir='ltr'>ciensi</span> <span class='ocrx_word' id='word_1_22' title='bbox 428 337 665 371; x_wconf 79' lang='lat' dir='ltr'>confirmatum.</span> 
     </span>
    </p>

    <p class='ocr_par' dir='ltr' id='par_1_6' title="bbox 300 390 1037 540">
     <span class='ocr_line' id='line_1_11' title="bbox 343 390 1036 429; baseline -0.003 -5"><span class='ocrx_word' id='word_1_23' title='bbox 343 401 439 424; x_wconf 77' lang='lat' dir='ltr'>xxvn.</span> <span class='ocrx_word' id='word_1_24' title='bbox 460 390 550 429; x_wconf 80' lang='lat' dir='ltr'>Item,</span> <span class='ocrx_word' id='word_1_25' title='bbox 571 402 642 423; x_wconf 89' lang='lat' dir='ltr'>cum</span> <span class='ocrx_word' id='word_1_26' title='bbox 661 391 781 424; x_wconf 86' lang='lat' dir='ltr'>servari</span> <span class='ocrx_word' id='word_1_27' title='bbox 804 391 919 423; x_wconf 83' lang='lat' dir='ltr'>debeat</span> <span class='ocrx_word' id='word_1_28' title='bbox 940 392 1036 423; x_wconf 85' lang='lat' dir='ltr'>alter-</span> 
     </span>
     <span class='ocr_line' id='line_1_12' title="bbox 300 443 1037 486; baseline -0.001 -10"><span class='ocrx_word' id='word_1_29' title='bbox 300 443 408 477; x_wconf 87' lang='lat' dir='ltr'>nativa</span> <span class='ocrx_word' id='word_1_30' title='bbox 420 443 453 475; x_wconf 90' lang='lat' dir='ltr'>in</span> <span class='ocrx_word' id='word_1_31' title='bbox 468 443 573 476; x_wconf 82' lang='lat' dir='ltr'>officio</span> <span class='ocrx_word' id='word_1_32' title='bbox 585 444 729 486; x_wconf 77' lang='lat' dir='ltr'>magistri</span> <span class='ocrx_word' id='word_1_33' title='bbox 744 444 916 486; x_wconf 73' lang='lat' dir='ltr'>generalis,</span> <span class='ocrx_word' id='word_1_34' title='bbox 930 444 1037 476; x_wconf 82' lang='lat' dir='ltr'>taliter</span> 
     </span>
     <span class='ocr_line' id='line_1_13' title="bbox 301 495 1036 540; baseline -0.003 -11"><span class='ocrx_word' id='word_1_35' title='bbox 301 497 388 540; x_wconf 87' lang='lat' dir='ltr'>quod</span> <span class='ocrx_word' id='word_1_36' title='bbox 402 499 466 529; x_wconf 73' lang='lat' dir='ltr'>una</span> <span class='ocrx_word' id='word_1_37' title='bbox 480 497 547 530; x_wconf 88' lang='lat' dir='ltr'>viee</span> <span class='ocrx_word' id='word_1_38' title='bbox 563 497 604 529; x_wconf 89' lang='lat' dir='ltr'>sit</span> <span class='ocrx_word' id='word_1_39' title='bbox 618 508 654 529; x_wconf 85' lang='lat' dir='ltr'>ex</span> <span class='ocrx_word' id='word_1_40' title='bbox 673 498 792 529; x_wconf 81' lang='lat' dir='ltr'>corona</span> <span class='ocrx_word' id='word_1_41' title='bbox 806 495 986 538; x_wconf 72' lang='lat' dir='ltr'>Aragoniae</span> <span class='ocrx_word' id='word_1_42' title='bbox 1004 502 1036 528; x_wconf 85' lang='lat' dir='ltr'>et</span> 
     </span>
    </p>
   </div>
   <div class='ocr_carea' id='block_1_6' title="bbox 300 547 1053 590">
    <p class='ocr_par' dir='ltr' id='par_1_7' title="bbox 300 547 1053 590">
     <span class='ocr_line' id='line_1_14' title="bbox 300 547 1053 590; baseline -0.003 -7"><span class='ocrx_word' id='word_1_43' title='bbox 300 549 422 583; x_wconf 89' lang='lat' dir='ltr'>Galliae</span> <span class='ocrx_word' id='word_1_44' title='bbox 447 561 484 582; x_wconf 86' lang='lat' dir='ltr'>ac</span> <span class='ocrx_word' id='word_1_45' title='bbox 509 550 629 590; x_wconf 88' lang='lat' dir='ltr'>Italiae,</span> <span class='ocrx_word' id='word_1_46' title='bbox 650 551 750 583; x_wconf 77' lang='lat' dir='ltr'>altera</span> <span class='ocrx_word' id='word_1_47' title='bbox 775 560 811 581; x_wconf 86' lang='lat' dir='ltr'>ex</span> <span class='ocrx_word' id='word_1_48' title='bbox 837 551 957 581; x_wconf 67' lang='lat' dir='ltr'>corona</span> <span class='ocrx_word' id='word_1_49' title='bbox 980 547 1053 581; x_wconf 63' lang='lat' dir='ltr'>(la-1</span> 
     </span>
    </p>
   </div>
   <div class='ocr_carea' id='block_1_7' title="bbox 299 601 1036 748">
    <p class='ocr_par' dir='ltr' id='par_1_8' title="bbox 299 601 1036 748">
     <span class='ocr_line' id='line_1_15' title="bbox 301 601 1036 646; baseline -0.003 -10"><span class='ocrx_word' id='word_1_50' title='bbox 301 604 427 643; x_wconf 88' lang='lat' dir='ltr'>stellae,</span> <span class='ocrx_word' id='word_1_51' title='bbox 450 603 584 635; x_wconf 78' lang='lat' dir='ltr'>inclusis</span> <span class='ocrx_word' id='word_1_52' title='bbox 609 602 785 646; x_wconf 86' lang='lat' dir='ltr'>provinciis</span> <span class='ocrx_word' id='word_1_53' title='bbox 805 601 978 634; x_wconf 69' lang='lat' dir='ltr'>Vandali-ae</span> <span class='ocrx_word' id='word_1_54' title='bbox 1004 607 1036 634; x_wconf 86' lang='lat' dir='ltr'>et</span> 
     </span>
     <span class='ocr_line' id='line_1_16' title="bbox 300 651 1036 694; baseline -0.003 -7"><span class='ocrx_word' id='word_1_55' title='bbox 300 653 463 687; x_wconf 87' lang='lat' dir='ltr'>Indiarum</span> <span class='ocrx_word' id='word_1_56' title='bbox 480 682 487 694; x_wconf 90' lang='lat'>,</span> <span class='ocrx_word' id='word_1_57' title='bbox 514 665 551 687; x_wconf 82' lang='lat' dir='ltr'>ex</span> <span class='ocrx_word' id='word_1_58' title='bbox 587 654 716 686; x_wconf 86' lang='lat' dir='ltr'>decreto</span> <span class='ocrx_word' id='word_1_59' title='bbox 752 651 941 685; x_wconf 74' lang='lat' dir='ltr'>sanctissimi</span> <span class='ocrx_word' id='word_1_60' title='bbox 966 652 1036 685; x_wconf 85' lang='lat' dir='ltr'>Cle-</span> 
     </span>
     <span class='ocr_line' id='line_1_17' title="bbox 299 704 1035 748; baseline -0.003 -9"><span class='ocrx_word' id='word_1_61' title='bbox 299 707 420 739; x_wconf 87' lang='lat' dir='ltr'>mentis</span> <span class='ocrx_word' id='word_1_62' title='bbox 444 706 508 739; x_wconf 71' lang='lat' dir='ltr'>vssl</span> <span class='ocrx_word' id='word_1_63' title='bbox 537 706 639 739; x_wconf 80' lang='lat' dir='ltr'>felicis</span> <span class='ocrx_word' id='word_1_64' title='bbox 671 704 919 745; x_wconf 85' lang='lat' dir='ltr'>recordationis,</span> <span class='ocrx_word' id='word_1_65' title='bbox 941 715 1035 748; x_wconf 86' lang='lat' dir='ltr'>prae-</span> 
     </span>
    </p>
   </div>
   <div class='ocr_carea' id='block_1_8' title="bbox 301 759 1054 802">
    <p class='ocr_par' dir='ltr' id='par_1_9' title="bbox 301 759 1054 802">
     <span class='ocr_line' id='line_1_18' title="bbox 301 759 1054 802; baseline -0.003 -9"><span class='ocrx_word' id='word_1_66' title='bbox 301 761 421 794; x_wconf 90' lang='lat' dir='ltr'>dictum</span> <span class='ocrx_word' id='word_1_67' title='bbox 453 760 605 802; x_wconf 85' lang='lat' dir='ltr'>generale</span> <span class='ocrx_word' id='word_1_68' title='bbox 641 759 862 792; x_wconf 76' lang='lat' dir='ltr'>definitorium</span> <span class='ocrx_word' id='word_1_69' title='bbox 892 759 1054 792; x_wconf 65' lang='lat' dir='ltr'>decrevit*</span> 
     </span>
    </p>
   </div>
   <div class='ocr_carea' id='block_1_9' title="bbox 267 812 1039 2450">
    <p class='ocr_par' dir='ltr' id='par_1_10' title="bbox 299 812 1037 1643">
     <span class='ocr_line' id='line_1_19' title="bbox 301 812 1034 857; baseline -0.001 -11"><span class='ocrx_word' id='word_1_70' title='bbox 301 813 406 857; x_wconf 87' lang='lat' dir='ltr'>quod,</span> <span class='ocrx_word' id='word_1_71' title='bbox 439 813 465 846; x_wconf 91' lang='lat' dir='ltr'>si</span> <span class='ocrx_word' id='word_1_72' title='bbox 491 813 646 856; x_wconf 80' lang='lat' dir='ltr'>magister</span> <span class='ocrx_word' id='word_1_73' title='bbox 670 814 793 845; x_wconf 88' lang='lat' dir='ltr'>electus</span> <span class='ocrx_word' id='word_1_74' title='bbox 820 812 937 845; x_wconf 88' lang='lat' dir='ltr'>obierit</span> <span class='ocrx_word' id='word_1_75' title='bbox 961 818 1034 845; x_wconf 88' lang='lat' dir='ltr'>ante</span> 
     </span>
     <span class='ocr_line' id='line_1_20' title="bbox 300 865 1032 910; baseline -0.003 -10"><span class='ocrx_word' id='word_1_76' title='bbox 300 866 542 900; x_wconf 89' lang='lat' dir='ltr'>absolutionem</span> <span class='ocrx_word' id='word_1_77' title='bbox 573 866 706 910; x_wconf 86' lang='lat' dir='ltr'>capituli</span> <span class='ocrx_word' id='word_1_78' title='bbox 737 877 815 899; x_wconf 90' lang='lat' dir='ltr'>suae</span> <span class='ocrx_word' id='word_1_79' title='bbox 851 865 1032 906; x_wconf 87' lang='lat' dir='ltr'>electionis,</span> 
     </span>
     <span class='ocr_line' id='line_1_21' title="bbox 299 920 1032 962; baseline -0.003 -8"><span class='ocrx_word' id='word_1_80' title='bbox 299 931 366 954; x_wconf 93' lang='lat' dir='ltr'>non</span> <span class='ocrx_word' id='word_1_81' title='bbox 391 921 553 954; x_wconf 89' lang='lat' dir='ltr'>iudicetur</span> <span class='ocrx_word' id='word_1_82' title='bbox 577 920 647 953; x_wconf 88' lang='lat' dir='ltr'>eius</span> <span class='ocrx_word' id='word_1_83' title='bbox 680 920 868 953; x_wconf 70' lang='lat' dir='ltr'>alternatim</span> <span class='ocrx_word' id='word_1_84' title='bbox 894 920 1032 962; x_wconf 79' lang='lat' dir='ltr'>expleta,</span> 
     </span>
     <span class='ocr_line' id='line_1_22' title="bbox 300 973 1034 1007; baseline -0.004 0"><span class='ocrx_word' id='word_1_85' title='bbox 300 973 358 1007; x_wconf 90' lang='lat' dir='ltr'>sed</span> <span class='ocrx_word' id='word_1_86' title='bbox 383 973 564 1007; x_wconf 85' lang='lat' dir='ltr'>seeundum</span> <span class='ocrx_word' id='word_1_87' title='bbox 586 974 734 1006; x_wconf 82' lang='lat' dir='ltr'>eamdem</span> <span class='ocrx_word' id='word_1_88' title='bbox 760 973 877 1006; x_wconf 87' lang='lat' dir='ltr'>debeat</span> <span class='ocrx_word' id='word_1_89' title='bbox 895 973 933 1005; x_wconf 90' lang='lat' dir='ltr'>de</span> <span class='ocrx_word' id='word_1_90' title='bbox 951 983 1034 1005; x_wconf 81' lang='lat' dir='ltr'>novo</span> 
     </span>
     <span class='ocr_line' id='line_1_23' title="bbox 300 1026 1034 1070; baseline -0.001 -11"><span class='ocrx_word' id='word_1_91' title='bbox 300 1026 370 1061; x_wconf 86' lang='lat' dir='ltr'>fieri</span> <span class='ocrx_word' id='word_1_92' title='bbox 404 1026 522 1060; x_wconf 76' lang='lat' dir='ltr'>electio</span> <span class='ocrx_word' id='word_1_93' title='bbox 551 1026 698 1069; x_wconf 76' lang='lat' dir='ltr'>magistri</span> <span class='ocrx_word' id='word_1_94' title='bbox 732 1027 916 1070; x_wconf 78' lang='lat' dir='ltr'>generalis:</span> <span class='ocrx_word' id='word_1_95' title='bbox 952 1037 1034 1070; x_wconf 87' lang='lat' dir='ltr'>quae</span> 
     </span>
     <span class='ocr_line' id='line_1_24' title="bbox 301 1079 1035 1124; baseline -0.001 -11"><span class='ocrx_word' id='word_1_96' title='bbox 301 1081 467 1124; x_wconf 86' lang='lat' dir='ltr'>praedicta</span> <span class='ocrx_word' id='word_1_97' title='bbox 500 1081 689 1114; x_wconf 71' lang='lat' dir='ltr'>alternatim</span> <span class='ocrx_word' id='word_1_98' title='bbox 714 1081 809 1113; x_wconf 87' lang='lat' dir='ltr'>debet</span> <span class='ocrx_word' id='word_1_99' title='bbox 834 1079 971 1122; x_wconf 75' lang='lat' dir='ltr'>intelligi</span> <span class='ocrx_word' id='word_1_100' title='bbox 998 1090 1035 1112; x_wconf 88' lang='lat' dir='ltr'>ex</span> 
     </span>
     <span class='ocr_line' id='line_1_25' title="bbox 302 1132 1036 1177; baseline 0 -12"><span class='ocrx_word' id='word_1_101' title='bbox 302 1133 377 1166; x_wconf 78' lang='lat' dir='ltr'>filiis</span> <span class='ocrx_word' id='word_1_102' title='bbox 404 1133 580 1166; x_wconf 87' lang='lat' dir='ltr'>cuiuslibet</span> <span class='ocrx_word' id='word_1_103' title='bbox 609 1133 795 1177; x_wconf 83' lang='lat' dir='ltr'>provinciae</span> <span class='ocrx_word' id='word_1_104' title='bbox 829 1134 861 1166; x_wconf 92' lang='lat' dir='ltr'>in</span> <span class='ocrx_word' id='word_1_105' title='bbox 892 1133 964 1176; x_wconf 80' lang='lat' dir='ltr'>ipsa</span> <span class='ocrx_word' id='word_1_106' title='bbox 988 1132 1036 1165; x_wconf 93' lang='lat' dir='ltr'>in-</span> 
     </span>
     <span class='ocr_line' id='line_1_26' title="bbox 303 1184 1034 1229; baseline -0.001 -11"><span class='ocrx_word' id='word_1_107' title='bbox 303 1186 426 1226; x_wconf 82' lang='lat' dir='ltr'>clusae,</span> <span class='ocrx_word' id='word_1_108' title='bbox 440 1186 494 1228; x_wconf 89' lang='lat' dir='ltr'>qui</span> <span class='ocrx_word' id='word_1_109' title='bbox 506 1186 538 1218; x_wconf 92' lang='lat' dir='ltr'>in</span> <span class='ocrx_word' id='word_1_110' title='bbox 548 1188 586 1218; x_wconf 74' lang='lat' dir='ltr'>ea</span> <span class='ocrx_word' id='word_1_111' title='bbox 596 1184 834 1229; x_wconf 72' lang='lat' dir='ltr'>professionem</span> <span class='ocrx_word' id='word_1_112' title='bbox 845 1185 1034 1225; x_wconf 84' lang='lat' dir='ltr'>emiserunt,</span> 
     </span>
     <span class='ocr_line' id='line_1_27' title="bbox 303 1238 1036 1281; baseline 0 -11"><span class='ocrx_word' id='word_1_113' title='bbox 303 1249 369 1271; x_wconf 93' lang='lat' dir='ltr'>non</span> <span class='ocrx_word' id='word_1_114' title='bbox 395 1243 503 1270; x_wconf 89' lang='lat' dir='ltr'>tamen</span> <span class='ocrx_word' id='word_1_115' title='bbox 528 1238 685 1281; x_wconf 87' lang='lat' dir='ltr'>adoptati,</span> <span class='ocrx_word' id='word_1_116' title='bbox 708 1238 934 1271; x_wconf 87' lang='lat' dir='ltr'>huiuscemodi</span> <span class='ocrx_word' id='word_1_117' title='bbox 949 1238 1036 1270; x_wconf 92' lang='lat' dir='ltr'>enim</span> 
     </span>
     <span class='ocr_line' id='line_1_28' title="bbox 303 1291 1037 1335; baseline -0.001 -12"><span class='ocrx_word' id='word_1_118' title='bbox 303 1292 488 1324; x_wconf 87' lang='lat' dir='ltr'>nullatenus</span> <span class='ocrx_word' id='word_1_119' title='bbox 510 1293 564 1324; x_wconf 87' lang='lat' dir='ltr'>tali</span> <span class='ocrx_word' id='word_1_120' title='bbox 590 1291 780 1325; x_wconf 76' lang='lat' dir='ltr'>alternativa</span> <span class='ocrx_word' id='word_1_121' title='bbox 804 1296 941 1335; x_wconf 84' lang='lat' dir='ltr'>possunt</span> <span class='ocrx_word' id='word_1_122' title='bbox 960 1302 1037 1333; x_wconf 80' lang='lat' dir='ltr'>gau-</span> 
     </span>
     <span class='ocr_line' id='line_1_29' title="bbox 303 1344 1037 1388; baseline 0 -11"><span class='ocrx_word' id='word_1_123' title='bbox 303 1344 399 1384; x_wconf 87' lang='lat' dir='ltr'>dere;</span> <span class='ocrx_word' id='word_1_124' title='bbox 427 1350 730 1388; x_wconf 69' lang='lat' dir='ltr'>consequenterque</span> <span class='ocrx_word' id='word_1_125' title='bbox 752 1350 880 1388; x_wconf 90' lang='lat' dir='ltr'>tempus</span> <span class='ocrx_word' id='word_1_126' title='bbox 898 1344 1037 1377; x_wconf 80' lang='lat' dir='ltr'>vacatio-</span> 
     </span>
     <span class='ocr_line' id='line_1_30' title="bbox 300 1396 1036 1440; baseline 0 -11"><span class='ocrx_word' id='word_1_127' title='bbox 300 1396 352 1429; x_wconf 91' lang='lat' dir='ltr'>nis</span> <span class='ocrx_word' id='word_1_128' title='bbox 377 1402 410 1429; x_wconf 89' lang='lat' dir='ltr'>et</span> <span class='ocrx_word' id='word_1_129' title='bbox 434 1396 529 1429; x_wconf 82' lang='lat' dir='ltr'>officii</span> <span class='ocrx_word' id='word_1_130' title='bbox 564 1397 674 1430; x_wconf 83' lang='lat' dir='ltr'>vicarii</span> <span class='ocrx_word' id='word_1_131' title='bbox 706 1398 868 1440; x_wconf 73' lang='lat' dir='ltr'>generalis</span> <span class='ocrx_word' id='word_1_132' title='bbox 903 1397 1036 1430; x_wconf 89' lang='lat' dir='ltr'>minime</span> 
     </span>
     <span class='ocr_line' id='line_1_31' title="bbox 302 1451 1036 1494; baseline 0 -12"><span class='ocrx_word' id='word_1_133' title='bbox 302 1455 431 1482; x_wconf 86' lang='lat' dir='ltr'>tenetur</span> <span class='ocrx_word' id='word_1_134' title='bbox 459 1451 623 1494; x_wconf 85' lang='lat' dir='ltr'>expectari</span> <span class='ocrx_word' id='word_1_135' title='bbox 655 1452 694 1484; x_wconf 88' lang='lat' dir='ltr'>de</span> <span class='ocrx_word' id='word_1_136' title='bbox 727 1461 833 1491; x_wconf 90' lang='lat' dir='ltr'>novo,</span> <span class='ocrx_word' id='word_1_137' title='bbox 862 1462 939 1483; x_wconf 84' lang='lat' dir='ltr'>casu</span> <span class='ocrx_word' id='word_1_138' title='bbox 972 1462 1036 1494; x_wconf 91' lang='lat' dir='ltr'>quo</span> 
     </span>
     <span class='ocr_line' id='line_1_32' title="bbox 302 1500 1037 1546; baseline 0 -10"><span class='ocrx_word' id='word_1_139' title='bbox 302 1504 522 1546; x_wconf 81' lang='lat' dir='ltr'>magistratus,</span> <span class='ocrx_word' id='word_1_140' title='bbox 549 1510 585 1536; x_wconf 92' lang='lat' dir='ltr'>ut</span> <span class='ocrx_word' id='word_1_141' title='bbox 609 1500 730 1536; x_wconf 89' lang='lat' dir='ltr'>dictum</span> <span class='ocrx_word' id='word_1_142' title='bbox 756 1509 815 1543; x_wconf 87' lang='lat' dir='ltr'>est,</span> <span class='ocrx_word' id='word_1_143' title='bbox 843 1509 916 1536; x_wconf 90' lang='lat' dir='ltr'>ante</span> <span class='ocrx_word' id='word_1_144' title='bbox 943 1504 1037 1537; x_wconf 86' lang='lat' dir='ltr'>abso-</span> 
     </span>
     <span class='ocr_line' id='line_1_33' title="bbox 301 1557 1037 1601; baseline 0 -11"><span class='ocrx_word' id='word_1_145' title='bbox 301 1557 461 1590; x_wconf 91' lang='lat' dir='ltr'>lutionem</span> <span class='ocrx_word' id='word_1_146' title='bbox 485 1557 617 1601; x_wconf 86' lang='lat' dir='ltr'>capituli</span> <span class='ocrx_word' id='word_1_147' title='bbox 643 1568 719 1590; x_wconf 85' lang='lat' dir='ltr'>suae</span> <span class='ocrx_word' id='word_1_148' title='bbox 745 1557 914 1590; x_wconf 84' lang='lat' dir='ltr'>electionis</span> <span class='ocrx_word' id='word_1_149' title='bbox 946 1568 1037 1590; x_wconf 82' lang='lat' dir='ltr'>vaca-</span> 
     </span>
     <span class='ocr_line' id='line_1_34' title="bbox 301 1609 395 1643; baseline 0 -1"><span class='ocrx_word' id='word_1_150' title='bbox 301 1609 395 1643; x_wconf 87' lang='lat' dir='ltr'>verit.</span> 
     </span>
    </p>

    <p class='ocr_par' dir='ltr' id='par_1_11' title="bbox 267 1664 1039 2450">
     <span class='ocr_line' id='line_1_35' title="bbox 344 1664 1037 1707; baseline 0 -10"><span class='ocrx_word' id='word_1_151' title='bbox 344 1674 453 1697; x_wconf 81' lang='lat' dir='ltr'>xxv111.</span> <span class='ocrx_word' id='word_1_152' title='bbox 480 1664 571 1704; x_wconf 87' lang='lat' dir='ltr'>Item,</span> <span class='ocrx_word' id='word_1_153' title='bbox 593 1664 667 1707; x_wconf 92' lang='lat' dir='ltr'>quia</span> <span class='ocrx_word' id='word_1_154' title='bbox 685 1664 716 1696; x_wconf 91' lang='lat' dir='ltr'>in</span> <span class='ocrx_word' id='word_1_155' title='bbox 742 1664 847 1707; x_wconf 87' lang='lat' dir='ltr'>capite</span> <span class='ocrx_word' id='word_1_156' title='bbox 873 1675 896 1698; x_wconf 91' lang='lat'>11</span> <span class='ocrx_word' id='word_1_157' title='bbox 923 1664 1037 1697; x_wconf 86' lang='lat' dir='ltr'>distin-</span> 
     </span>
     <span class='ocr_line' id='line_1_36' title="bbox 302 1717 1038 1750; baseline 0.001 -1"><span class='ocrx_word' id='word_1_158' title='bbox 302 1717 418 1750; x_wconf 88' lang='lat' dir='ltr'>ctionis</span> <span class='ocrx_word' id='word_1_159' title='bbox 444 1717 602 1750; x_wconf 86' lang='lat' dir='ltr'>secundae</span> <span class='ocrx_word' id='word_1_160' title='bbox 626 1723 810 1750; x_wconf 85' lang='lat' dir='ltr'>nostrarum</span> <span class='ocrx_word' id='word_1_161' title='bbox 835 1718 1038 1750; x_wconf 87' lang='lat' dir='ltr'>constitutio-</span> 
     </span>
     <span class='ocr_line' id='line_1_37' title="bbox 301 1770 1037 1813; baseline 0.001 -11"><span class='ocrx_word' id='word_1_162' title='bbox 301 1780 390 1810; x_wconf 92' lang='lat' dir='ltr'>num,</span> <span class='ocrx_word' id='word_1_163' title='bbox 412 1770 467 1802; x_wconf 85' lang='lat' dir='ltr'>ubi</span> <span class='ocrx_word' id='word_1_164' title='bbox 489 1770 595 1812; x_wconf 80' lang='lat' dir='ltr'>agitur</span> <span class='ocrx_word' id='word_1_165' title='bbox 619 1770 657 1802; x_wconf 88' lang='lat' dir='ltr'>de</span> <span class='ocrx_word' id='word_1_166' title='bbox 675 1770 842 1803; x_wconf 80' lang='lat' dir='ltr'>vacatione</span> <span class='ocrx_word' id='word_1_167' title='bbox 868 1770 1037 1813; x_wconf 74' lang='lat' dir='ltr'>magistra-</span> 
     </span>
     <span class='ocr_line' id='line_1_38' title="bbox 302 1823 1033 1866; baseline 0.001 -11"><span class='ocrx_word' id='word_1_168' title='bbox 302 1828 365 1863; x_wconf 87' lang='lat' dir='ltr'>tus,</span> <span class='ocrx_word' id='word_1_169' title='bbox 392 1833 459 1855; x_wconf 92' lang='lat' dir='ltr'>non</span> <span class='ocrx_word' id='word_1_170' title='bbox 485 1823 676 1865; x_wconf 76' lang='lat' dir='ltr'>exprimitur</span> <span class='ocrx_word' id='word_1_171' title='bbox 700 1823 874 1866; x_wconf 87' lang='lat' dir='ltr'>peculiaris</span> <span class='ocrx_word' id='word_1_172' title='bbox 897 1824 1033 1864; x_wconf 85' lang='lat' dir='ltr'>vacatio,</span> 
     </span>
     <span class='ocr_line' id='line_1_39' title="bbox 303 1875 1033 1920; baseline 0.001 -12"><span class='ocrx_word' id='word_1_173' title='bbox 303 1886 386 1919; x_wconf 89' lang='lat' dir='ltr'>quae</span> <span class='ocrx_word' id='word_1_174' title='bbox 418 1881 527 1919; x_wconf 86' lang='lat' dir='ltr'>potest</span> <span class='ocrx_word' id='word_1_175' title='bbox 552 1875 621 1909; x_wconf 85' lang='lat' dir='ltr'>sieri</span> <span class='ocrx_word' id='word_1_176' title='bbox 647 1887 706 1920; x_wconf 88' lang='lat' dir='ltr'>per</span> <span class='ocrx_word' id='word_1_177' title='bbox 732 1877 1033 1915; x_wconf 77' lang='lat' dir='ltr'>renunciationem,</span> 
     </span>
     <span class='ocr_line' id='line_1_40' title="bbox 303 1929 1037 1972; baseline 0.001 -11"><span class='ocrx_word' id='word_1_178' title='bbox 303 1929 479 1962; x_wconf 81' lang='lat' dir='ltr'>declaravit</span> <span class='ocrx_word' id='word_1_179' title='bbox 495 1929 699 1972; x_wconf 87' lang='lat' dir='ltr'>praedictum</span> <span class='ocrx_word' id='word_1_180' title='bbox 718 1931 869 1972; x_wconf 71' lang='lat' dir='ltr'>generale</span> <span class='ocrx_word' id='word_1_181' title='bbox 889 1929 1037 1962; x_wconf 83' lang='lat' dir='ltr'>definito-</span> 
     </span>
     <span class='ocr_line' id='line_1_41' title="bbox 267 1981 1035 2025; baseline 0 -11"><span class='ocrx_word' id='word_1_182' title='bbox 267 2018 269 2020; x_wconf 45' lang='lat'>,</span> <span class='ocrx_word' id='word_1_183' title='bbox 289 1981 386 2021; x_wconf 36' lang='lat' dir='ltr'>,rium</span> <span class='ocrx_word' id='word_1_184' title='bbox 403 1983 710 2025; x_wconf 68' lang='lat' dir='ltr'>possemagistrum</span> <span class='ocrx_word' id='word_1_185' title='bbox 729 1983 916 2024; x_wconf 73' lang='lat' dir='ltr'>generalem</span> <span class='ocrx_word' id='word_1_186' title='bbox 934 1982 1035 2016; x_wconf 82' lang='lat' dir='ltr'>libere</span> 
     </span>
     <span class='ocr_line' id='line_1_42' title="bbox 302 2035 1037 2077; baseline 0.003 -11"><span class='ocrx_word' id='word_1_187' title='bbox 302 2035 494 2068; x_wconf 86' lang='lat' dir='ltr'>renunciare</span> <span class='ocrx_word' id='word_1_188' title='bbox 511 2035 750 2077; x_wconf 57' lang='lat' dir='ltr'>1‘nagist1‘atmn,</span> <span class='ocrx_word' id='word_1_189' title='bbox 762 2036 850 2068; x_wconf 74' lang='lat' dir='ltr'>nulla</span> <span class='ocrx_word' id='word_1_190' title='bbox 865 2035 927 2067; x_wconf 74' lang='lat' dir='ltr'>alia</span> <span class='ocrx_word' id='word_1_191' title='bbox 940 2038 1037 2068; x_wconf 75' lang='lat' dir='ltr'>causa</span> 
     </span>
     <span class='ocr_line' id='line_1_43' title="bbox 302 2087 1036 2131; baseline 0.001 -11"><span class='ocrx_word' id='word_1_192' title='bbox 302 2087 448 2121; x_wconf 75' lang='lat' dir='ltr'>adhibita</span> <span class='ocrx_word' id='word_1_193' title='bbox 458 2098 518 2121; x_wconf 87' lang='lat' dir='ltr'>nec</span> <span class='ocrx_word' id='word_1_194' title='bbox 529 2088 724 2128; x_wconf 76' lang='lat' dir='ltr'>desiderata3</span> <span class='ocrx_word' id='word_1_195' title='bbox 738 2099 818 2131; x_wconf 85' lang='lat' dir='ltr'>quae</span> <span class='ocrx_word' id='word_1_196' title='bbox 833 2089 1036 2121; x_wconf 78' lang='lat' dir='ltr'>renunciatio</span> 
     </span>
     <span class='ocr_line' id='line_1_44' title="bbox 302 2141 1038 2185; baseline -0.001 -11"><span class='ocrx_word' id='word_1_197' title='bbox 302 2141 424 2184; x_wconf 88' lang='lat' dir='ltr'>poterit</span> <span class='ocrx_word' id='word_1_198' title='bbox 436 2142 475 2174; x_wconf 88' lang='lat' dir='ltr'>ab</span> <span class='ocrx_word' id='word_1_199' title='bbox 489 2141 575 2185; x_wconf 86' lang='lat' dir='ltr'>ipso,</span> <span class='ocrx_word' id='word_1_200' title='bbox 591 2143 640 2174; x_wconf 93' lang='lat' dir='ltr'>vel</span> <span class='ocrx_word' id='word_1_201' title='bbox 656 2152 774 2184; x_wconf 86' lang='lat' dir='ltr'>perse,</span> <span class='ocrx_word' id='word_1_202' title='bbox 790 2142 839 2174; x_wconf 85' lang='lat' dir='ltr'>vel</span> <span class='ocrx_word' id='word_1_203' title='bbox 853 2152 912 2184; x_wconf 89' lang='lat' dir='ltr'>per</span> <span class='ocrx_word' id='word_1_204' title='bbox 925 2153 1038 2185; x_wconf 89' lang='lat' dir='ltr'>procu-</span> 
     </span>
     <span class='ocr_line' id='line_1_45' title="bbox 302 2193 1036 2237; baseline 0.003 -11"><span class='ocrx_word' id='word_1_205' title='bbox 302 2199 444 2227; x_wconf 87' lang='lat' dir='ltr'>ratorem</span> <span class='ocrx_word' id='word_1_206' title='bbox 465 2205 558 2227; x_wconf 87' lang='lat' dir='ltr'>suum</span> <span class='ocrx_word' id='word_1_207' title='bbox 582 2194 773 2237; x_wconf 80' lang='lat' dir='ltr'>legitimum,</span> <span class='ocrx_word' id='word_1_208' title='bbox 799 2193 892 2235; x_wconf 74' lang='lat' dir='ltr'>fieri,</span> <span class='ocrx_word' id='word_1_209' title='bbox 921 2200 953 2228; x_wconf 90' lang='lat' dir='ltr'>et</span> <span class='ocrx_word' id='word_1_210' title='bbox 978 2195 1036 2228; x_wconf 87' lang='lat' dir='ltr'>erit</span> 
     </span>
     <span class='ocr_line' id='line_1_46' title="bbox 303 2245 1038 2290; baseline 0.001 -11"><span class='ocrx_word' id='word_1_211' title='bbox 303 2245 467 2279; x_wconf 81' lang='lat' dir='ltr'>sufficiens</span> <span class='ocrx_word' id='word_1_212' title='bbox 485 2247 518 2283; x_wconf 88' lang='lat' dir='ltr'>si</span> <span class='ocrx_word' id='word_1_213' title='bbox 543 2257 652 2280; x_wconf 87' lang='lat' dir='ltr'>coram</span> <span class='ocrx_word' id='word_1_214' title='bbox 684 2247 895 2290; x_wconf 85' lang='lat' dir='ltr'>provinciali,</span> <span class='ocrx_word' id='word_1_215' title='bbox 924 2247 1038 2280; x_wconf 83' lang='lat' dir='ltr'>defini-</span> 
     </span>
     <span class='ocr_line' id='line_1_47' title="bbox 304 2300 1037 2343; baseline 0.003 -11"><span class='ocrx_word' id='word_1_216' title='bbox 304 2300 428 2333; x_wconf 87' lang='lat' dir='ltr'>toribus</span> <span class='ocrx_word' id='word_1_217' title='bbox 454 2305 485 2332; x_wconf 87' lang='lat' dir='ltr'>et</span> <span class='ocrx_word' id='word_1_218' title='bbox 509 2300 703 2333; x_wconf 77' lang='lat' dir='ltr'>electoribus</span> <span class='ocrx_word' id='word_1_219' title='bbox 725 2301 932 2343; x_wconf 79' lang='lat' dir='ltr'>generalibus</span> <span class='ocrx_word' id='word_1_220' title='bbox 949 2301 1037 2334; x_wconf 87' lang='lat' dir='ltr'>illius</span> 
     </span>
     <span class='ocr_line' id='line_1_48' title="bbox 302 2352 1039 2397; baseline 0.003 -12"><span class='ocrx_word' id='word_1_221' title='bbox 302 2352 503 2397; x_wconf 89' lang='lat' dir='ltr'>provinciae,</span> <span class='ocrx_word' id='word_1_222' title='bbox 530 2353 563 2385; x_wconf 87' lang='lat' dir='ltr'>in</span> <span class='ocrx_word' id='word_1_223' title='bbox 589 2365 651 2397; x_wconf 81' lang='lat' dir='ltr'>qua</span> <span class='ocrx_word' id='word_1_224' title='bbox 676 2353 825 2393; x_wconf 77' lang='lat' dir='ltr'>extiterit,</span> <span class='ocrx_word' id='word_1_225' title='bbox 852 2353 917 2394; x_wconf 81' lang='lat' dir='ltr'>siat,</span> <span class='ocrx_word' id='word_1_226' title='bbox 947 2355 1039 2387; x_wconf 91' lang='lat' dir='ltr'>dum-</span> 
     </span>
     <span class='ocr_line' id='line_1_49' title="bbox 303 2407 1037 2450; baseline 0 -10"><span class='ocrx_word' id='word_1_227' title='bbox 303 2407 402 2440; x_wconf 88' lang='lat' dir='ltr'>modo</span> <span class='ocrx_word' id='word_1_228' title='bbox 428 2407 621 2440; x_wconf 83' lang='lat' dir='ltr'>secretarius</span> <span class='ocrx_word' id='word_1_229' title='bbox 645 2407 816 2450; x_wconf 75' lang='lat' dir='ltr'>religionis</span> <span class='ocrx_word' id='word_1_230' title='bbox 846 2408 1037 2441; x_wconf 85' lang='lat' dir='ltr'>testimonio</span> 
     </span>
    </p>
   </div>
   <div class='ocr_carea' id='block_1_10' title="bbox 1051 579 1058 2356">
    <p class='ocr_par' dir='ltr' id='par_1_12' title="bbox 1051 579 1058 2356">
     <span class='ocr_line' id='line_1_50' title="bbox 1051 579 1058 2356; baseline 0 0"><span class='ocrx_word' id='word_1_231' title='bbox 1051 579 1058 2356; x_wconf 95' lang='lat' dir='ltr'> </span> 
     </span>
    </p>
   </div>
   <div class='ocr_carea' id='block_1_11' title="bbox 1071 227 1800 328">
    <p class='ocr_par' dir='ltr' id='par_1_13' title="bbox 1071 227 1800 328">
     <span class='ocr_line' id='line_1_51' title="bbox 1731 227 1767 260; baseline 0 0"><span class='ocrx_word' id='word_1_232' title='bbox 1731 227 1767 260; x_wconf 73' lang='lat'>91</span> 
     </span>
     <span class='ocr_line' id='line_1_52' title="bbox 1071 284 1800 328; baseline 0 -11"><span class='ocrx_word' id='word_1_233' title='bbox 1071 284 1210 317; x_wconf 77' lang='lat' dir='ltr'>officium</span> <span class='ocrx_word' id='word_1_234' title='bbox 1248 284 1355 317; x_wconf 78' lang='lat' dir='ltr'>vicarii</span> <span class='ocrx_word' id='word_1_235' title='bbox 1389 285 1551 327; x_wconf 70' lang='lat' dir='ltr'>generalis</span> <span class='ocrx_word' id='word_1_236' title='bbox 1583 285 1800 328; x_wconf 51' lang='lat' dir='ltr'>spectavvrit,</span> 
     </span>
    </p>
   </div>
   <div class='ocr_carea' id='block_1_12' title="bbox 1050 335 1805 382">
    <p class='ocr_par' dir='ltr' id='par_1_14' title="bbox 1050 335 1805 382">
     <span class='ocr_line' id='line_1_53' title="bbox 1050 335 1805 382; baseline 0.001 -13"><span class='ocrx_word' id='word_1_237' title='bbox 1050 335 1052 382; x_wconf 69' lang='grc'>1</span> <span class='ocrx_word' id='word_1_238' title='bbox 1070 338 1185 374; x_wconf 78' lang='lat' dir='ltr'>mittat,</span> <span class='ocrx_word' id='word_1_239' title='bbox 1207 338 1258 381; x_wconf 80' lang='lat' dir='ltr'>qui</span> <span class='ocrx_word' id='word_1_240' title='bbox 1277 339 1384 371; x_wconf 88' lang='lat' dir='ltr'>statim</span> <span class='ocrx_word' id='word_1_241' title='bbox 1410 339 1609 371; x_wconf 83' lang='lat' dir='ltr'>vacationem</span> <span class='ocrx_word' id='word_1_242' title='bbox 1636 339 1805 380; x_wconf 67' lang='lat' dir='ltr'>magistra-</span> 
     </span>
    </p>
   </div>
   <div class='ocr_carea' id='block_1_13' title="bbox 1069 392 1808 1978">
    <p class='ocr_par' dir='ltr' id='par_1_15' title="bbox 1069 392 1807 1390">
     <span class='ocr_line' id='line_1_54' title="bbox 1071 392 1803 430; baseline 0.001 -8"><span class='ocrx_word' id='word_1_243' title='bbox 1071 397 1119 423; x_wconf 88' lang='lat' dir='ltr'>tus</span> <span class='ocrx_word' id='word_1_244' title='bbox 1145 392 1296 424; x_wconf 84' lang='lat' dir='ltr'>omnibus</span> <span class='ocrx_word' id='word_1_245' title='bbox 1324 392 1472 424; x_wconf 75' lang='lat' dir='ltr'>fratribus</span> <span class='ocrx_word' id='word_1_246' title='bbox 1499 393 1613 425; x_wconf 85' lang='lat' dir='ltr'>domus</span> <span class='ocrx_word' id='word_1_247' title='bbox 1640 392 1742 430; x_wconf 87' lang='lat' dir='ltr'>illius,</span> <span class='ocrx_word' id='word_1_248' title='bbox 1770 392 1803 424; x_wconf 90' lang='lat' dir='ltr'>in</span> 
     </span>
     <span class='ocr_line' id='line_1_55' title="bbox 1071 445 1804 488; baseline 0.003 -13"><span class='ocrx_word' id='word_1_249' title='bbox 1071 455 1132 486; x_wconf 85' lang='lat' dir='ltr'>qua</span> <span class='ocrx_word' id='word_1_250' title='bbox 1147 445 1252 483; x_wconf 84' lang='lat' dir='ltr'>suerit,</span> <span class='ocrx_word' id='word_1_251' title='bbox 1272 445 1304 476; x_wconf 91' lang='lat' dir='ltr'>in</span> <span class='ocrx_word' id='word_1_252' title='bbox 1323 445 1462 488; x_wconf 73' lang='lat' dir='ltr'>capitulo</span> <span class='ocrx_word' id='word_1_253' title='bbox 1478 446 1694 487; x_wconf 63' lang='lat' dir='ltr'>congregatis,</span> <span class='ocrx_word' id='word_1_254' title='bbox 1711 456 1804 488; x_wconf 83' lang='lat' dir='ltr'>prae-</span> 
     </span>
     <span class='ocr_line' id='line_1_56' title="bbox 1071 496 1804 539; baseline 0.004 -11"><span class='ocrx_word' id='word_1_255' title='bbox 1071 496 1156 529; x_wconf 83' lang='lat' dir='ltr'>dicto</span> <span class='ocrx_word' id='word_1_256' title='bbox 1182 497 1368 530; x_wconf 87' lang='lat' dir='ltr'>testimonio</span> <span class='ocrx_word' id='word_1_257' title='bbox 1394 497 1490 531; x_wconf 83' lang='lat' dir='ltr'>tidem</span> <span class='ocrx_word' id='word_1_258' title='bbox 1517 499 1674 539; x_wconf 76' lang='lat' dir='ltr'>faciente,</span> <span class='ocrx_word' id='word_1_259' title='bbox 1702 499 1804 531; x_wconf 86' lang='lat' dir='ltr'>mani-</span> 
     </span>
     <span class='ocr_line' id='line_1_57' title="bbox 1071 550 1805 589; baseline 0.004 -8"><span class='ocrx_word' id='word_1_260' title='bbox 1071 550 1183 589; x_wconf 78' lang='lat' dir='ltr'>festet,</span> <span class='ocrx_word' id='word_1_261' title='bbox 1212 556 1244 582; x_wconf 89' lang='lat' dir='ltr'>et</span> <span class='ocrx_word' id='word_1_262' title='bbox 1268 556 1341 583; x_wconf 85' lang='lat' dir='ltr'>tunc</span> <span class='ocrx_word' id='word_1_263' title='bbox 1367 551 1405 583; x_wconf 86' lang='lat' dir='ltr'>ab</span> <span class='ocrx_word' id='word_1_264' title='bbox 1431 551 1581 584; x_wconf 82' lang='lat' dir='ltr'>omnibus</span> <span class='ocrx_word' id='word_1_265' title='bbox 1614 552 1805 586; x_wconf 87' lang='lat' dir='ltr'>solemniter</span> 
     </span>
     <span class='ocr_line' id='line_1_58' title="bbox 1070 602 1804 647; baseline 0.003 -12"><span class='ocrx_word' id='word_1_266' title='bbox 1070 602 1290 635; x_wconf 87' lang='lat' dir='ltr'>obedientiam</span> <span class='ocrx_word' id='word_1_267' title='bbox 1316 603 1449 647; x_wconf 88' lang='lat' dir='ltr'>recipiat</span> <span class='ocrx_word' id='word_1_268' title='bbox 1474 615 1581 637; x_wconf 85' lang='lat' dir='ltr'>coram</span> <span class='ocrx_word' id='word_1_269' title='bbox 1608 605 1661 637; x_wconf 82' lang='lat' dir='ltr'>tali</span> <span class='ocrx_word' id='word_1_270' title='bbox 1687 605 1804 638; x_wconf 88' lang='lat' dir='ltr'>nuncio</span> 
     </span>
     <span class='ocr_line' id='line_1_59' title="bbox 1071 655 1805 699; baseline 0.004 -12"><span class='ocrx_word' id='word_1_271' title='bbox 1071 655 1109 687; x_wconf 89' lang='lat' dir='ltr'>de</span> <span class='ocrx_word' id='word_1_272' title='bbox 1136 656 1286 688; x_wconf 85' lang='lat' dir='ltr'>omnibus</span> <span class='ocrx_word' id='word_1_273' title='bbox 1313 656 1364 689; x_wconf 91' lang='lat' dir='ltr'>his</span> <span class='ocrx_word' id='word_1_274' title='bbox 1396 656 1582 690; x_wconf 82' lang='lat' dir='ltr'>testimonia</span> <span class='ocrx_word' id='word_1_275' title='bbox 1611 657 1674 690; x_wconf 85' lang='lat' dir='ltr'>fide</span> <span class='ocrx_word' id='word_1_276' title='bbox 1708 658 1805 699; x_wconf 72' lang='lat' dir='ltr'>digna</span> 
     </span>
     <span class='ocr_line' id='line_1_60' title="bbox 1069 707 1805 753; baseline 0.003 -13"><span class='ocrx_word' id='word_1_277' title='bbox 1069 707 1261 751; x_wconf 85' lang='lat' dir='ltr'>recipiente,</span> <span class='ocrx_word' id='word_1_278' title='bbox 1280 714 1316 741; x_wconf 90' lang='lat' dir='ltr'>ut</span> <span class='ocrx_word' id='word_1_279' title='bbox 1333 710 1372 742; x_wconf 89' lang='lat' dir='ltr'>de</span> <span class='ocrx_word' id='word_1_280' title='bbox 1391 720 1486 749; x_wconf 88' lang='lat' dir='ltr'>anno,</span> <span class='ocrx_word' id='word_1_281' title='bbox 1507 710 1558 742; x_wconf 88' lang='lat' dir='ltr'>die</span> <span class='ocrx_word' id='word_1_282' title='bbox 1577 716 1607 743; x_wconf 87' lang='lat' dir='ltr'>et</span> <span class='ocrx_word' id='word_1_283' title='bbox 1629 711 1708 743; x_wconf 77' lang='lat' dir='ltr'>hora</span> <span class='ocrx_word' id='word_1_284' title='bbox 1730 721 1805 753; x_wconf 86' lang='lat' dir='ltr'>pos-</span> 
     </span>
     <span class='ocr_line' id='line_1_61' title="bbox 1071 761 1804 805; baseline 0.003 -12"><span class='ocrx_word' id='word_1_285' title='bbox 1071 761 1229 794; x_wconf 88' lang='lat' dir='ltr'>sessionis</span> <span class='ocrx_word' id='word_1_286' title='bbox 1248 761 1343 794; x_wconf 82' lang='lat' dir='ltr'>osficii</span> <span class='ocrx_word' id='word_1_287' title='bbox 1355 762 1463 795; x_wconf 84' lang='lat' dir='ltr'>vicarii</span> <span class='ocrx_word' id='word_1_288' title='bbox 1479 763 1641 805; x_wconf 76' lang='lat' dir='ltr'>generalis</span> <span class='ocrx_word' id='word_1_289' title='bbox 1652 763 1804 796; x_wconf 88' lang='lat' dir='ltr'>omnibus</span> 
     </span>
     <span class='ocr_line' id='line_1_62' title="bbox 1070 814 1804 861; baseline 0.004 -15"><span class='ocrx_word' id='word_1_290' title='bbox 1070 814 1204 848; x_wconf 88' lang='lat' dir='ltr'>iuridice</span> <span class='ocrx_word' id='word_1_291' title='bbox 1230 821 1375 855; x_wconf 87' lang='lat' dir='ltr'>constet;</span> <span class='ocrx_word' id='word_1_292' title='bbox 1404 817 1706 861; x_wconf 83' lang='lat' dir='ltr'>quamprimumque</span> <span class='ocrx_word' id='word_1_293' title='bbox 1733 818 1804 850; x_wconf 83' lang='lat' dir='ltr'>talis</span> 
     </span>
     <span class='ocr_line' id='line_1_63' title="bbox 1072 867 1805 914; baseline 0.005 -15"><span class='ocrx_word' id='word_1_294' title='bbox 1072 867 1206 901; x_wconf 83' lang='lat' dir='ltr'>vicarius</span> <span class='ocrx_word' id='word_1_295' title='bbox 1232 869 1393 912; x_wconf 73' lang='lat' dir='ltr'>generalis</span> <span class='ocrx_word' id='word_1_296' title='bbox 1419 870 1458 903; x_wconf 88' lang='lat' dir='ltr'>ad</span> <span class='ocrx_word' id='word_1_297' title='bbox 1483 881 1596 903; x_wconf 86' lang='lat' dir='ltr'>omnes</span> <span class='ocrx_word' id='word_1_298' title='bbox 1623 871 1805 914; x_wconf 88' lang='lat' dir='ltr'>provincias</span> 
     </span>
     <span class='ocr_line' id='line_1_64' title="bbox 1070 920 1804 965; baseline 0.004 -12"><span class='ocrx_word' id='word_1_299' title='bbox 1070 920 1193 954; x_wconf 83' lang='lat' dir='ltr'>litteras</span> <span class='ocrx_word' id='word_1_300' title='bbox 1220 932 1293 954; x_wconf 88' lang='lat' dir='ltr'>suas</span> <span class='ocrx_word' id='word_1_301' title='bbox 1319 928 1477 965; x_wconf 88' lang='lat' dir='ltr'>patentes,</span> <span class='ocrx_word' id='word_1_302' title='bbox 1495 929 1557 956; x_wconf 88' lang='lat' dir='ltr'>tam</span> <span class='ocrx_word' id='word_1_303' title='bbox 1584 924 1804 964; x_wconf 81' lang='lat' dir='ltr'>obedientiae,</span> 
     </span>
     <span class='ocr_line' id='line_1_65' title="bbox 1071 975 1807 1019; baseline 0.004 -13"><span class='ocrx_word' id='word_1_304' title='bbox 1071 985 1165 1018; x_wconf 84' lang='lat' dir='ltr'>quam</span> <span class='ocrx_word' id='word_1_305' title='bbox 1188 975 1430 1008; x_wconf 79' lang='lat' dir='ltr'>convocationis</span> <span class='ocrx_word' id='word_1_306' title='bbox 1448 977 1487 1009; x_wconf 83' lang='lat' dir='ltr'>ad</span> <span class='ocrx_word' id='word_1_307' title='bbox 1508 976 1682 1019; x_wconf 87' lang='lat' dir='ltr'>capitulum</span> <span class='ocrx_word' id='word_1_308' title='bbox 1708 988 1807 1019; x_wconf 76' lang='lat' dir='ltr'>gene-</span> 
     </span>
     <span class='ocr_line' id='line_1_66' title="bbox 1070 1028 1807 1069; baseline 0.003 -9"><span class='ocrx_word' id='word_1_309' title='bbox 1070 1029 1136 1060; x_wconf 88' lang='lat' dir='ltr'>rale</span> <span class='ocrx_word' id='word_1_310' title='bbox 1155 1028 1398 1069; x_wconf 85' lang='lat' dir='ltr'>celebrandum,</span> <span class='ocrx_word' id='word_1_311' title='bbox 1417 1030 1629 1063; x_wconf 82' lang='lat' dir='ltr'>transmittat:</span> <span class='ocrx_word' id='word_1_312' title='bbox 1648 1036 1807 1063; x_wconf 83' lang='lat' dir='ltr'>etconse-</span> 
     </span>
     <span class='ocr_line' id='line_1_67' title="bbox 1072 1082 1807 1125; baseline 0.004 -13"><span class='ocrx_word' id='word_1_313' title='bbox 1072 1082 1414 1124; x_wconf 86' lang='lat' dir='ltr'>quenterpraedictum</span> <span class='ocrx_word' id='word_1_314' title='bbox 1423 1084 1575 1125; x_wconf 80' lang='lat' dir='ltr'>generale</span> <span class='ocrx_word' id='word_1_315' title='bbox 1587 1082 1807 1116; x_wconf 81' lang='lat' dir='ltr'>definitorium</span> 
     </span>
     <span class='ocr_line' id='line_1_68' title="bbox 1072 1134 1807 1179; baseline 0.005 -14"><span class='ocrx_word' id='word_1_316' title='bbox 1072 1134 1247 1167; x_wconf 75' lang='lat' dir='ltr'>declaravit</span> <span class='ocrx_word' id='word_1_317' title='bbox 1267 1136 1353 1178; x_wconf 89' lang='lat' dir='ltr'>quod</span> <span class='ocrx_word' id='word_1_318' title='bbox 1379 1135 1411 1168; x_wconf 92' lang='lat' dir='ltr'>in</span> <span class='ocrx_word' id='word_1_319' title='bbox 1437 1136 1595 1179; x_wconf 84' lang='lat' dir='ltr'>capitibus</span> <span class='ocrx_word' id='word_1_320' title='bbox 1622 1142 1807 1169; x_wconf 87' lang='lat' dir='ltr'>nostrarum</span> 
     </span>
     <span class='ocr_line' id='line_1_69' title="bbox 1072 1187 1806 1233; baseline 0.005 -14"><span class='ocrx_word' id='word_1_321' title='bbox 1072 1187 1348 1228; x_wconf 84' lang='lat' dir='ltr'>constitutionum,</span> <span class='ocrx_word' id='word_1_322' title='bbox 1369 1189 1422 1221; x_wconf 85' lang='lat' dir='ltr'>ubi</span> <span class='ocrx_word' id='word_1_323' title='bbox 1449 1190 1671 1233; x_wconf 84' lang='lat' dir='ltr'>exprimuntur</span> <span class='ocrx_word' id='word_1_324' title='bbox 1690 1201 1806 1223; x_wconf 85' lang='lat' dir='ltr'>causae</span> 
     </span>
     <span class='ocr_line' id='line_1_70' title="bbox 1071 1239 1805 1284; baseline 0.005 -12"><span class='ocrx_word' id='word_1_325' title='bbox 1071 1239 1248 1273; x_wconf 84' lang='lat' dir='ltr'>vacationis</span> <span class='ocrx_word' id='word_1_326' title='bbox 1263 1241 1481 1284; x_wconf 78' lang='lat' dir='ltr'>magistratus,</span> <span class='ocrx_word' id='word_1_327' title='bbox 1500 1249 1535 1275; x_wconf 91' lang='lat' dir='ltr'>ut</span> <span class='ocrx_word' id='word_1_328' title='bbox 1549 1244 1716 1284; x_wconf 87' lang='lat' dir='ltr'>decessus,</span> <span class='ocrx_word' id='word_1_329' title='bbox 1733 1249 1805 1284; x_wconf 88' lang='lat' dir='ltr'>etc.‚</span> 
     </span>
     <span class='ocr_line' id='line_1_71' title="bbox 1071 1293 1805 1339; baseline 0.005 -14"><span class='ocrx_word' id='word_1_330' title='bbox 1071 1293 1207 1326; x_wconf 88' lang='lat' dir='ltr'>addatur</span> <span class='ocrx_word' id='word_1_331' title='bbox 1231 1299 1263 1327; x_wconf 89' lang='lat' dir='ltr'>et</span> <span class='ocrx_word' id='word_1_332' title='bbox 1286 1295 1485 1338; x_wconf 78' lang='lat' dir='ltr'>exprimatur</span> <span class='ocrx_word' id='word_1_333' title='bbox 1514 1296 1595 1329; x_wconf 88' lang='lat' dir='ltr'>haec</span> <span class='ocrx_word' id='word_1_334' title='bbox 1619 1296 1805 1339; x_wconf 85' lang='lat' dir='ltr'>peculiaris,</span> 
     </span>
     <span class='ocr_line' id='line_1_72' title="bbox 1071 1348 1429 1390; baseline 0.006 -11"><span class='ocrx_word' id='word_1_335' title='bbox 1071 1358 1189 1390; x_wconf 87' lang='lat' dir='ltr'>nempe</span> <span class='ocrx_word' id='word_1_336' title='bbox 1214 1348 1429 1381; x_wconf 78' lang='lat' dir='ltr'>renunciatio.</span> 
     </span>
    </p>

    <p class='ocr_par' dir='ltr' id='par_1_16' title="bbox 1070 1399 1808 1978">
     <span class='ocr_line' id='line_1_73' title="bbox 1114 1399 1807 1446; baseline 0.006 -14"><span class='ocrx_word' id='word_1_337' title='bbox 1114 1399 1250 1443; x_wconf 83' lang='lat' dir='ltr'>Insuper</span> <span class='ocrx_word' id='word_1_338' title='bbox 1275 1401 1450 1434; x_wconf 82' lang='lat' dir='ltr'>declaravit</span> <span class='ocrx_word' id='word_1_339' title='bbox 1479 1402 1681 1445; x_wconf 88' lang='lat' dir='ltr'>praedictum</span> <span class='ocrx_word' id='word_1_340' title='bbox 1708 1413 1807 1446; x_wconf 73' lang='lat' dir='ltr'>gene-</span> 
     </span>
     <span class='ocr_line' id='line_1_74' title="bbox 1070 1453 1807 1499; baseline 0.005 -14"><span class='ocrx_word' id='word_1_341' title='bbox 1070 1454 1137 1486; x_wconf 87' lang='lat' dir='ltr'>rale</span> <span class='ocrx_word' id='word_1_342' title='bbox 1163 1453 1383 1487; x_wconf 83' lang='lat' dir='ltr'>definitorium</span> <span class='ocrx_word' id='word_1_343' title='bbox 1410 1456 1463 1498; x_wconf 87' lang='lat' dir='ltr'>(ad</span> <span class='ocrx_word' id='word_1_344' title='bbox 1491 1467 1622 1489; x_wconf 89' lang='lat' dir='ltr'>omnem</span> <span class='ocrx_word' id='word_1_345' title='bbox 1648 1457 1807 1499; x_wconf 77' lang='lat' dir='ltr'>ambigui-</span> 
     </span>
     <span class='ocr_line' id='line_1_75' title="bbox 1071 1509 1807 1553; baseline 0.005 -14"><span class='ocrx_word' id='word_1_346' title='bbox 1071 1512 1170 1540; x_wconf 84' lang='lat' dir='ltr'>tatem</span> <span class='ocrx_word' id='word_1_347' title='bbox 1188 1509 1381 1551; x_wconf 82' lang='lat' dir='ltr'>tollendam)</span> <span class='ocrx_word' id='word_1_348' title='bbox 1397 1510 1483 1552; x_wconf 85' lang='lat' dir='ltr'>quod</span> <span class='ocrx_word' id='word_1_349' title='bbox 1502 1515 1629 1553; x_wconf 88' lang='lat' dir='ltr'>tempus</span> <span class='ocrx_word' id='word_1_350' title='bbox 1656 1510 1807 1553; x_wconf 70' lang='lat' dir='ltr'>gubernii</span> 
     </span>
     <span class='ocr_line' id='line_1_76' title="bbox 1070 1560 1807 1603; baseline 0.004 -11"><span class='ocrx_word' id='word_1_351' title='bbox 1070 1560 1241 1593; x_wconf 81' lang='lat' dir='ltr'>vicariatus</span> <span class='ocrx_word' id='word_1_352' title='bbox 1267 1561 1429 1603; x_wconf 73' lang='lat' dir='ltr'>generalis</span> <span class='ocrx_word' id='word_1_353' title='bbox 1456 1563 1553 1595; x_wconf 88' lang='lat' dir='ltr'>totius</span> <span class='ocrx_word' id='word_1_354' title='bbox 1586 1563 1714 1595; x_wconf 89' lang='lat' dir='ltr'>Ordinis</span> <span class='ocrx_word' id='word_1_355' title='bbox 1740 1574 1807 1595; x_wconf 92' lang='grc'>11011</span> 
     </span>
     <span class='ocr_line' id='line_1_77' title="bbox 1071 1614 1808 1660; baseline 0.004 -15"><span class='ocrx_word' id='word_1_356' title='bbox 1071 1614 1191 1646; x_wconf 87' lang='lat' dir='ltr'>habeat</span> <span class='ocrx_word' id='word_1_357' title='bbox 1214 1615 1332 1654; x_wconf 88' lang='lat' dir='ltr'>locum,</span> <span class='ocrx_word' id='word_1_358' title='bbox 1361 1626 1420 1648; x_wconf 90' lang='lat' dir='ltr'>nee</span> <span class='ocrx_word' id='word_1_359' title='bbox 1445 1615 1566 1649; x_wconf 82' lang='lat' dir='ltr'>habere</span> <span class='ocrx_word' id='word_1_360' title='bbox 1588 1616 1704 1660; x_wconf 80' lang='lat' dir='ltr'>possit,</span> <span class='ocrx_word' id='word_1_361' title='bbox 1732 1627 1808 1649; x_wconf 89' lang='lat' dir='ltr'>casu</span> 
     </span>
     <span class='ocr_line' id='line_1_78' title="bbox 1072 1669 1804 1711; baseline 0.004 -12"><span class='ocrx_word' id='word_1_362' title='bbox 1072 1678 1135 1711; x_wconf 86' lang='lat' dir='ltr'>quo</span> <span class='ocrx_word' id='word_1_363' title='bbox 1179 1669 1347 1711; x_wconf 79' lang='lat' dir='ltr'>expleatur</span> <span class='ocrx_word' id='word_1_364' title='bbox 1390 1669 1560 1702; x_wconf 81' lang='lat' dir='ltr'>electionis</span> <span class='ocrx_word' id='word_1_365' title='bbox 1601 1670 1804 1702; x_wconf 82' lang='lat' dir='ltr'>sexennium.</span> 
     </span>
     <span class='ocr_line' id='line_1_79' title="bbox 1070 1721 1807 1766; baseline 0.004 -14"><span class='ocrx_word' id='word_1_366' title='bbox 1070 1721 1243 1754; x_wconf 85' lang='lat' dir='ltr'>Praeterea</span> <span class='ocrx_word' id='word_1_367' title='bbox 1267 1722 1441 1755; x_wconf 81' lang='lat' dir='ltr'>declaravit</span> <span class='ocrx_word' id='word_1_368' title='bbox 1459 1724 1558 1766; x_wconf 86' lang='lat' dir='ltr'>quod,</span> <span class='ocrx_word' id='word_1_369' title='bbox 1579 1723 1638 1755; x_wconf 86' lang='lat' dir='ltr'>etsi</span> <span class='ocrx_word' id='word_1_370' title='bbox 1664 1723 1732 1755; x_wconf 89' lang='lat' dir='ltr'>iure</span> <span class='ocrx_word' id='word_1_371' title='bbox 1749 1734 1807 1755; x_wconf 91' lang='lat' dir='ltr'>no-</span> 
     </span>
     <span class='ocr_line' id='line_1_80' title="bbox 1071 1775 1806 1810; baseline 0.004 -4"><span class='ocrx_word' id='word_1_372' title='bbox 1071 1780 1209 1807; x_wconf 89' lang='lat' dir='ltr'>strarum</span> <span class='ocrx_word' id='word_1_373' title='bbox 1234 1775 1501 1808; x_wconf 84' lang='lat' dir='ltr'>constitutionum</span> <span class='ocrx_word' id='word_1_374' title='bbox 1530 1786 1643 1809; x_wconf 84' lang='lat' dir='ltr'>omnes</span> <span class='ocrx_word' id='word_1_375' title='bbox 1679 1778 1806 1810; x_wconf 85' lang='lat' dir='ltr'>vocales</span> 
     </span>
     <span class='ocr_line' id='line_1_81' title="bbox 1071 1828 1808 1871; baseline 0.004 -12"><span class='ocrx_word' id='word_1_376' title='bbox 1071 1828 1201 1870; x_wconf 86' lang='lat' dir='ltr'>capituli</span> <span class='ocrx_word' id='word_1_377' title='bbox 1231 1829 1391 1871; x_wconf 75' lang='lat' dir='ltr'>generalis</span> <span class='ocrx_word' id='word_1_378' title='bbox 1425 1830 1592 1863; x_wconf 80' lang='lat' dir='ltr'>convocati</span> <span class='ocrx_word' id='word_1_379' title='bbox 1624 1830 1808 1862; x_wconf 85' lang='lat' dir='ltr'>iudicentur</span> 
     </span>
     <span class='ocr_line' id='line_1_82' title="bbox 1072 1882 1808 1926; baseline 0.003 -13"><span class='ocrx_word' id='word_1_380' title='bbox 1072 1882 1110 1913; x_wconf 82' lang='lat' dir='ltr'>ad</span> <span class='ocrx_word' id='word_1_381' title='bbox 1136 1882 1311 1925; x_wconf 82' lang='lat' dir='ltr'>capitulum</span> <span class='ocrx_word' id='word_1_382' title='bbox 1337 1884 1489 1925; x_wconf 72' lang='lat' dir='ltr'>generale</span> <span class='ocrx_word' id='word_1_383' title='bbox 1509 1883 1638 1926; x_wconf 80' lang='lat' dir='ltr'>quando</span> <span class='ocrx_word' id='word_1_384' title='bbox 1659 1884 1808 1926; x_wconf 81' lang='lat' dir='ltr'>expletur</span> 
     </span>
     <span class='ocr_line' id='line_1_83' title="bbox 1072 1934 1806 1978; baseline 0.003 -12"><span class='ocrx_word' id='word_1_385' title='bbox 1072 1934 1284 1976; x_wconf 78' lang='lat' dir='ltr'>sexennium,</span> <span class='ocrx_word' id='word_1_386' title='bbox 1312 1936 1468 1978; x_wconf 77' lang='lat' dir='ltr'>magister</span> <span class='ocrx_word' id='word_1_387' title='bbox 1499 1941 1607 1969; x_wconf 86' lang='lat' dir='ltr'>tamen</span> <span class='ocrx_word' id='word_1_388' title='bbox 1644 1937 1806 1978; x_wconf 76' lang='lat' dir='ltr'>generalis</span> 
     </span>
    </p>
   </div>
   <div class='ocr_carea' id='block_1_14' title="bbox 1064 1990 1807 2032">
    <p class='ocr_par' dir='ltr' id='par_1_17' title="bbox 1064 1990 1807 2032">
     <span class='ocr_line' id='line_1_84' title="bbox 1064 1990 1807 2032; baseline 0.003 -15"><span class='ocrx_word' id='word_1_389' title='bbox 1064 1992 1202 2020; x_wconf 82' lang='lat' dir='ltr'>tenetur</span> <span class='ocrx_word' id='word_1_390' title='bbox 1224 1995 1411 2032; x_wconf 84' lang='lat' dir='ltr'>opportuno</span> <span class='ocrx_word' id='word_1_391' title='bbox 1437 1995 1583 2032; x_wconf 86' lang='lat' dir='ltr'>tempore</span> <span class='ocrx_word' id='word_1_392' title='bbox 1600 1990 1687 2022; x_wconf 63' lang='lat' dir='ltr'>illos&gt;</span> <span class='ocrx_word' id='word_1_393' title='bbox 1700 1990 1739 2022; x_wconf 80' lang='lat' dir='ltr'>ad</span> <span class='ocrx_word' id='word_1_394' title='bbox 1757 2001 1807 2023; x_wconf 72' lang='lat' dir='ltr'>ce-</span> 
     </span>
    </p>
   </div>
   <div class='ocr_carea' id='block_1_15' title="bbox 1072 2040 1811 2404">
    <p class='ocr_par' dir='ltr' id='par_1_18' title="bbox 1072 2040 1811 2404">
     <span class='ocr_line' id='line_1_85' title="bbox 1072 2040 1739 2086; baseline 0.004 -14"><span class='ocrx_word' id='word_1_395' title='bbox 1072 2040 1288 2074; x_wconf 76' lang='lat' dir='ltr'>lebrationem</span> <span class='ocrx_word' id='word_1_396' title='bbox 1307 2042 1382 2075; x_wconf 80' lang='lat' dir='ltr'>dicti</span> <span class='ocrx_word' id='word_1_397' title='bbox 1401 2042 1532 2086; x_wconf 79' lang='lat' dir='ltr'>capituli</span> <span class='ocrx_word' id='word_1_398' title='bbox 1548 2053 1739 2076; x_wconf 80' lang='lat' dir='ltr'>convocare.</span> 
     </span>
     <span class='ocr_line' id='line_1_86' title="bbox 1115 2093 1809 2138; baseline 0.004 -12"><span class='ocrx_word' id='word_1_399' title='bbox 1115 2104 1195 2126; x_wconf 65' lang='lat' dir='ltr'>xxm.</span> <span class='ocrx_word' id='word_1_400' title='bbox 1212 2093 1301 2135; x_wconf 88' lang='lat' dir='ltr'>Item,</span> <span class='ocrx_word' id='word_1_401' title='bbox 1316 2105 1399 2135; x_wconf 82' lang='lat' dir='ltr'>cum,</span> <span class='ocrx_word' id='word_1_402' title='bbox 1416 2100 1547 2138; x_wconf 84' lang='lat' dir='ltr'>praeter</span> <span class='ocrx_word' id='word_1_403' title='bbox 1564 2096 1723 2128; x_wconf 84' lang='lat' dir='ltr'>electores</span> <span class='ocrx_word' id='word_1_404' title='bbox 1742 2107 1809 2129; x_wconf 75' lang='lat' dir='ltr'>ma—</span> 
     </span>
     <span class='ocr_line' id='line_1_87' title="bbox 1073 2146 1810 2192; baseline 0.007 -14"><span class='ocrx_word' id='word_1_405' title='bbox 1073 2146 1164 2189; x_wconf 74' lang='lat' dir='ltr'>gistri</span> <span class='ocrx_word' id='word_1_406' title='bbox 1179 2148 1342 2189; x_wconf 79' lang='lat' dir='ltr'>generalis</span> <span class='ocrx_word' id='word_1_407' title='bbox 1360 2159 1377 2181; x_wconf 83' lang='lat' dir='ltr'>a</span> <span class='ocrx_word' id='word_1_408' title='bbox 1394 2148 1638 2189; x_wconf 85' lang='lat' dir='ltr'>constitutione,</span> <span class='ocrx_word' id='word_1_409' title='bbox 1654 2149 1757 2192; x_wconf 87' lang='lat' dir='ltr'>capite</span> <span class='ocrx_word' id='word_1_410' title='bbox 1774 2161 1810 2183; x_wconf 82' lang='lat'>111</span> 
     </span>
     <span class='ocr_line' id='line_1_88' title="bbox 1073 2199 1810 2242; baseline 0.005 -12"><span class='ocrx_word' id='word_1_411' title='bbox 1073 2199 1290 2232; x_wconf 88' lang='lat' dir='ltr'>distinctionis</span> <span class='ocrx_word' id='word_1_412' title='bbox 1310 2211 1344 2241; x_wconf 88' lang='lat'>11,</span> <span class='ocrx_word' id='word_1_413' title='bbox 1364 2200 1608 2242; x_wconf 83' lang='lat' dir='ltr'>determinatos,</span> <span class='ocrx_word' id='word_1_414' title='bbox 1625 2202 1687 2234; x_wconf 90' lang='lat' dir='ltr'>duo</span> <span class='ocrx_word' id='word_1_415' title='bbox 1706 2202 1759 2235; x_wconf 83' lang='lat' dir='ltr'>alii</span> <span class='ocrx_word' id='word_1_416' title='bbox 1777 2202 1810 2234; x_wconf 91' lang='lat' dir='ltr'>in</span> 
     </span>
     <span class='ocr_line' id='line_1_89' title="bbox 1074 2252 1811 2296; baseline 0.007 -13"><span class='ocrx_word' id='word_1_417' title='bbox 1074 2252 1219 2294; x_wconf 83' lang='lat' dir='ltr'>qualibet</span> <span class='ocrx_word' id='word_1_418' title='bbox 1242 2253 1410 2296; x_wconf 77' lang='lat' dir='ltr'>provincia</span> <span class='ocrx_word' id='word_1_419' title='bbox 1442 2254 1676 2296; x_wconf 77' lang='lat' dir='ltr'>designentur,</span> <span class='ocrx_word' id='word_1_420' title='bbox 1704 2261 1736 2288; x_wconf 86' lang='lat' dir='ltr'>et</span> <span class='ocrx_word' id='word_1_421' title='bbox 1760 2267 1811 2289; x_wconf 83' lang='lat' dir='ltr'>ca-</span> 
     </span>
     <span class='ocr_line' id='line_1_90' title="bbox 1073 2305 1810 2350; baseline 0.008 -14"><span class='ocrx_word' id='word_1_422' title='bbox 1073 2305 1190 2338; x_wconf 80' lang='lat' dir='ltr'>nonica</span> <span class='ocrx_word' id='word_1_423' title='bbox 1223 2305 1384 2339; x_wconf 85' lang='lat' dir='ltr'>electione</span> <span class='ocrx_word' id='word_1_424' title='bbox 1418 2306 1570 2339; x_wconf 87' lang='lat' dir='ltr'>similiter</span> <span class='ocrx_word' id='word_1_425' title='bbox 1601 2318 1660 2350; x_wconf 85' lang='lat' dir='ltr'>per</span> <span class='ocrx_word' id='word_1_426' title='bbox 1684 2314 1810 2342; x_wconf 81' lang='lat' dir='ltr'>secreta</span> 
     </span>
     <span class='ocr_line' id='line_1_91' title="bbox 1075 2357 1811 2404; baseline 0.005 -15"><span class='ocrx_word' id='word_1_427' title='bbox 1075 2357 1226 2401; x_wconf 73' lang='lat' dir='ltr'>suffragia</span> <span class='ocrx_word' id='word_1_428' title='bbox 1252 2359 1425 2402; x_wconf 74' lang='lat' dir='ltr'>eligantur,</span> <span class='ocrx_word' id='word_1_429' title='bbox 1456 2370 1492 2392; x_wconf 80' lang='lat' dir='ltr'>ex</span> <span class='ocrx_word' id='word_1_430' title='bbox 1522 2359 1653 2393; x_wconf 84' lang='lat' dir='ltr'>decreto</span> <span class='ocrx_word' id='word_1_431' title='bbox 1679 2361 1811 2404; x_wconf 85' lang='lat' dir='ltr'>capituli</span> 
     </span>
    </p>
   </div>
   <div class='ocr_carea' id='block_1_16' title="bbox 303 2412 1810 2505">
    <p class='ocr_par' dir='ltr' id='par_1_19' title="bbox 303 2412 1810 2505">
     <span class='ocr_line' id='line_1_92' title="bbox 1056 2412 1810 2457; baseline 0.005 -14"><span class='ocrx_word' id='word_1_432' title='bbox 1056 2412 1240 2454; x_wconf 61' lang='lat' dir='ltr'>&gt;generatis</span> <span class='ocrx_word' id='word_1_433' title='bbox 1266 2412 1462 2446; x_wconf 72' lang='lat' dir='ltr'>Matritensis</span> <span class='ocrx_word' id='word_1_434' title='bbox 1492 2424 1508 2445; x_wconf 95' lang='lat' dir='ltr'>a</span> <span class='ocrx_word' id='word_1_435' title='bbox 1534 2413 1810 2457; x_wconf 75' lang='lat' dir='ltr'>stlbseq11‹;·11til)us</span> 
     </span>
     <span class='ocr_line' id='line_1_93' title="bbox 303 2446 1058 2505; baseline 0.003 -12"><span class='ocrx_word' id='word_1_436' title='bbox 303 2459 401 2493; x_wconf 86' lang='lat' dir='ltr'>fidem</span> <span class='ocrx_word' id='word_1_437' title='bbox 434 2460 571 2493; x_wconf 85' lang='lat' dir='ltr'>faciente</span> <span class='ocrx_word' id='word_1_438' title='bbox 605 2471 677 2494; x_wconf 83' lang='lat' dir='ltr'>eam</span> <span class='ocrx_word' id='word_1_439' title='bbox 712 2460 925 2503; x_wconf 79' lang='lat' dir='ltr'>testificetur3</span> <span class='ocrx_word' id='word_1_440' title='bbox 953 2446 1058 2505; x_wconf 69' lang='lat' dir='ltr'>quod¹</span> 
     </span>
    </p>
   </div>
   <div class='ocr_carea' id='block_1_17' title="bbox 1076 2464 1809 2507">
    <p class='ocr_par' dir='ltr' id='par_1_20' title="bbox 1076 2464 1809 2507">
     <span class='ocr_line' id='line_1_94' title="bbox 1076 2464 1809 2507; baseline 0.005 -11"><span class='ocrx_word' id='word_1_441' title='bbox 1076 2470 1107 2496; x_wconf 90' lang='lat' dir='ltr'>et</span> <span class='ocrx_word' id='word_1_442' title='bbox 1143 2464 1293 2497; x_wconf 76' lang='lat' dir='ltr'>diuturna</span> <span class='ocrx_word' id='word_1_443' title='bbox 1325 2466 1562 2499; x_wconf 86' lang='lat' dir='ltr'>consuetudine</span> <span class='ocrx_word' id='word_1_444' title='bbox 1599 2466 1809 2507; x_wconf 78' lang='lat' dir='ltr'>confirmato,</span> 
     </span>
    </p>
   </div>
   <div class='ocr_carea' id='block_1_18' title="bbox 303 2499 1821 2673">
    <p class='ocr_par' dir='ltr' id='par_1_21' title="bbox 303 2499 1821 2673">
     <span class='ocr_line' id='line_1_95' title="bbox 304 2499 1813 2564; baseline 0.005 -18"><span class='ocrx_word' id='word_1_445' title='bbox 304 2513 528 2547; x_wconf 89' lang='lat' dir='ltr'>testimonium</span> <span class='ocrx_word' id='word_1_446' title='bbox 560 2515 809 2548; x_wconf 80' lang='lat' dir='ltr'>commendator</span> <span class='ocrx_word' id='word_1_447' title='bbox 840 2515 955 2548; x_wconf 86' lang='lat' dir='ltr'>domus</span> <span class='ocrx_word' id='word_1_448' title='bbox 987 2516 1038 2548; x_wconf 86' lang='lat' dir='ltr'>vel</span> <span class='ocrx_word' id='word_1_449' title='bbox 1055 2499 1058 2534; x_wconf 60' lang='grc' dir='ltr'>Ι</span> <span class='ocrx_word' id='word_1_450' title='bbox 1075 2518 1119 2550; x_wconf 85' lang='lat' dir='ltr'>ita</span> <span class='ocrx_word' id='word_1_451' title='bbox 1136 2519 1219 2550; x_wconf 85' lang='lat' dir='ltr'>utin</span> <span class='ocrx_word' id='word_1_452' title='bbox 1238 2519 1381 2562; x_wconf 84' lang='lat' dir='ltr'>qualibet</span> <span class='ocrx_word' id='word_1_453' title='bbox 1402 2521 1570 2563; x_wconf 76' lang='lat' dir='ltr'>provincia</span> <span class='ocrx_word' id='word_1_454' title='bbox 1587 2521 1728 2564; x_wconf 84' lang='lat' dir='ltr'>quinque</span> <span class='ocrx_word' id='word_1_455' title='bbox 1749 2521 1813 2553; x_wconf 90' lang='lat' dir='ltr'>sint</span> 
     </span>
     <span class='ocr_line' id='line_1_96' title="bbox 303 2567 1811 2616; baseline 0.004 -16"><span class='ocrx_word' id='word_1_456' title='bbox 303 2567 497 2601; x_wconf 82' lang='lat' dir='ltr'>secretarius</span> <span class='ocrx_word' id='word_1_457' title='bbox 528 2578 588 2611; x_wconf 90' lang='lat' dir='ltr'>per</span> <span class='ocrx_word' id='word_1_458' title='bbox 619 2568 771 2601; x_wconf 84' lang='lat' dir='ltr'>nuncium</span> <span class='ocrx_word' id='word_1_459' title='bbox 797 2568 973 2611; x_wconf 88' lang='lat' dir='ltr'>specialem</span> <span class='ocrx_word' id='word_1_460' title='bbox 1000 2569 1039 2602; x_wconf 91' lang='lat' dir='ltr'>ad</span> <span class='ocrx_word' id='word_1_461' title='bbox 1075 2571 1234 2603; x_wconf 86' lang='lat' dir='ltr'>electores</span> <span class='ocrx_word' id='word_1_462' title='bbox 1248 2570 1433 2614; x_wconf 73' lang='lat' dir='ltr'>suffragium</span> <span class='ocrx_word' id='word_1_463' title='bbox 1452 2573 1611 2606; x_wconf 88' lang='lat' dir='ltr'>habentes</span> <span class='ocrx_word' id='word_1_464' title='bbox 1625 2573 1659 2605; x_wconf 91' lang='lat' dir='ltr'>in</span> <span class='ocrx_word' id='word_1_465' title='bbox 1671 2574 1811 2616; x_wconf 87' lang='lat' dir='ltr'>capitulo</span> 
     </span>
     <span class='ocr_line' id='line_1_97' title="bbox 303 2620 1821 2673; baseline 0.003 -20"><span class='ocrx_word' id='word_1_466' title='bbox 303 2620 447 2664; x_wconf 84' lang='lat' dir='ltr'>priorem</span> <span class='ocrx_word' id='word_1_467' title='bbox 472 2620 858 2662; x_wconf 86' lang='lat' dir='ltr'>Barchinonensem‚·vel</span> <span class='ocrx_word' id='word_1_468' title='bbox 876 2622 915 2654; x_wconf 82' lang='lat' dir='ltr'>ad</span> <span class='ocrx_word' id='word_1_469' title='bbox 943 2632 1039 2666; x_wconf 88' lang='lat' dir='ltr'>quem</span> <span class='ocrx_word' id='word_1_470' title='bbox 1073 2623 1232 2667; x_wconf 79' lang='lat' dir='ltr'>generali,</span> <span class='ocrx_word' id='word_1_471' title='bbox 1246 2624 1456 2668; x_wconf 74' lang='lat' dir='ltr'>provincialis</span> <span class='ocrx_word' id='word_1_472' title='bbox 1475 2635 1607 2669; x_wconf 85' lang='lat' dir='ltr'>nempe,</span> <span class='ocrx_word' id='word_1_473' title='bbox 1623 2631 1653 2660; x_wconf 88' lang='lat' dir='ltr'>et</span> <span class='ocrx_word' id='word_1_474' title='bbox 1677 2631 1821 2673; x_wconf 74' lang='lat' dir='ltr'>quatuor¹</span> 
     </span>
    </p>
   </div>
   <div class='ocr_carea' id='block_1_19' title="bbox 1819 234 2002 262">
    <p class='ocr_par' dir='ltr' id='par_1_22' title="bbox 1819 234 2002 262">
     <span class='ocr_line' id='line_1_98' title="bbox 1819 234 2002 262; baseline 0 -1"><span class='ocrx_word' id='word_1_475' title='bbox 1819 236 1867 261; x_wconf 81' lang='lat' dir='ltr'>An.</span> <span class='ocrx_word' id='word_1_476' title='bbox 1889 235 1916 262; x_wconf 91' lang='lat' dir='ltr'>C.</span> <span class='ocrx_word' id='word_1_477' title='bbox 1936 234 2002 262; x_wconf 75' lang='lat'>1062</span> 
     </span>
    </p>
   </div>
   <div class='ocr_carea' id='block_1_20' title="bbox 1852 2102 1968 2122">
    <p class='ocr_par' dir='ltr' id='par_1_23' title="bbox 1852 2102 1968 2122">
     <span class='ocr_line' id='line_1_99' title="bbox 1852 2102 1968 2122; baseline -0.009 0"><span class='ocrx_word' id='word_1_478' title='bbox 1852 2102 1968 2122; x_wconf 34' lang='lat' dir='ltr'>[tet-ime</span> 
     </span>
    </p>
   </div>
  </div>
 </body>
</html>
