2247 3208
117 275 170 303 An.
188 275 219 303 C.
239 274 306 303 1668

146 1233 258 1255 Exordium

935 269 1076 294 CLEMENS
1100 270 1130 293 lx
1155 270 1202 293 ΡΡ.

1727 259 1784 291 711

352 323 467 356 Datum
499 322 632 360 Romae,
662 320 748 364 apud
774 320 804 353 S.
827 319 957 351 Mariam
984 318 1046 350 Ma-
1066 328 1069 364 ξ
1088 318 1242 359 largimur
1260 322 1289 349 et
1316 327 1498 359 erogamus,
1525 327 1589 359 quo
1608 317 1710 358 magis
1730 317 1760 348 id
1786 317 1825 348 ad

309 377 432 416 iorem,
460 376 521 408 sub
554 375 674 408 annulo
695 374 887 413 Piscatoris,
922 372 972 405 die
1002 382 1045 405 xii
1066 379 1069 412 t
1088 371 1142 402 Dei
1165 371 1300 412 gloriam
1327 375 1358 402 et
1385 370 1561 402 animarum
1583 371 1720 402 salutem
1741 370 1826 403 iudi-

308 429 502 474 septembris
523 438 698 467 nnchvni,
720 426 926 471 pontificatus
944 425 1045 459 nostri
1066 415 1069 448 4

311 494 396 517 anno
423 493 456 516 11.

342 545 401 572 Dat.
422 544 465 572 die
490 545 520 572 12
535 543 698 580 septembris
722 543 799 575 1668,
814 541 909 577 pontif.
929 549 999 568 auno
1016 549 1045 567 11.

609 685 737 719 LXXVI.

313 767 477 802 Concessio
510 764 794 808 induIyentiaritm
825 773 885 806 pro
920 763 1048 805 confra-

357 819 560 853 ternitatibus
580 818 698 851 Bcatae
714 816 840 849 Mariae
855 815 892 848 de
910 815 1050 849 Mercede

357 871 586 913 <redemptionis
622 870 848 913 captivorum,
881 879 953 900 cum
993 869 1046 900 in-

356 924 447 956 dulto
471 922 633 966 ermenarii,
661 920 854 954 instituendi
877 925 905 953 et
930 930 1046 963 apyre-

356 975 460 1019 9andi
483 974 607 1008 similes
631 974 922 1017 confraternitates.

520 1056 651 1083 Clemens
672 1054 842 1088 episcopus,

497 1108 603 1128 servus
623 1106 775 1127 servorum
796 1099 863 1130 Dei,

433 1146 470 1172 ad
489 1148 665 1179 perpetuam
684 1144 728 1171 rei
749 1143 931 1170 memoriam.

360 1225 391 1257 ln
417 1222 672 1267 supereminenti
698 1222 894 1265 apostolicae
913 1220 1051 1263 dignita-

313 1383 455 1420 Domini‚
482 1393 564 1426 quae
591 1387 639 1414 est
670 1381 738 1414 eius
772 1380 918 1414 Ecclesia
955 1391 1050 1412 curae

314 1442 443 1470 nostrae
470 1435 620 1468 divinitus
646 1434 837 1473 commissa,
863 1434 902 1466 ad
931 1434 1052 1466 anima-

313 1500 384 1523 rum
409 1489 544 1521 salutem
570 1487 703 1532 provide
729 1487 884 1527 consitos,
908 1492 939 1519 et
960 1486 1051 1519 Sedis
1072 1512 1073 1515 ,

314 1543 516 1586 Apostolicae
540 1541 683 1584 benigno
708 1541 816 1574 favore
850 1540 943 1573 alitos
977 1540 1074 1573 1·eli-'

315 1597 477 1639 giosorum
502 1595 670 1628 hominum
694 1593 830 1627 Ordines
849 1594 951 1626 aciem
968 1603 1053 1626 men-

316 1650 354 1682 tis
390 1654 520 1682 nostrae
551 1648 776 1687 inflectentes,
812 1652 852 1681 et,
879 1647 965 1679 inter
997 1657 1075 1679 eos-

315 1703 467 1736 Ordinem
493 1703 626 1734 fratrum
650 1701 765 1733 Beatae
780 1700 897 1732 Mariae
920 1700 957 1732 de
976 1700 1054 1732 Mer-

318 1809 457 1841 sessione
491 1808 711 1851 captivorum,
753 1817 834 1850 quos
867 1818 903 1839 ex
927 1806 1053 1839 rChristi

317 1914 412 1947 minis
438 1913 580 1946 hostium
606 1912 742 1946 servitus
766 1912 899 1944 miseros
925 1913 1054 1955 premit,

319 2073 391 2105 tatis
417 2072 524 2105 studio
550 2077 582 2104 et
605 2071 771 2114 vigilantia
800 2071 953 2113 singulari
983 2082 1055 2104 cum

319 2127 482 2159 fructuum
505 2126 653 2159 ubertate
678 2125 749 2169 pari
776 2136 948 2158 coruscare
982 2129 1077 2159 con-l

320 2179 523 2222 temptantes,
544 2189 603 2211 nos
628 2178 657 2210 ei
675 2188 722 2218 ea,
741 2188 800 2222 per
825 2189 907 2221 quae
926 2189 992 2211 non
1010 2188 1056 2210 so-

319 2231 385 2263 lum
411 2230 593 2270 confoveri,
629 2231 687 2263 sed
723 2231 832 2263 multis
858 2242 929 2263 cum
954 2231 1058 2263 incre-

321 2283 436 2315 mentis
472 2293 544 2316 sese
581 2283 720 2323 efferre,
754 2289 786 2316 et
816 2285 917 2316 elatos
950 2289 1079 2330 ramosj

320 2335 488 2368 charitatis
513 2341 545 2368 et
568 2336 699 2378 pietatis
725 2336 757 2368 in
781 2336 977 2369 miserorum
1002 2337 1058 2369 hu-

320 2389 461 2422 iusmodi
486 2390 701 2429 sublevamen,
727 2400 786 2432 pro
811 2390 933 2422 talento
959 2390 1020 2422 sibi
1041 2401 1058 2422 a

321 2496 501 2536 commisso,
516 2496 611 2529 latius
630 2496 812 2529 diffundere
830 2502 862 2529 et
875 2497 1058 2539 expandere

322 2550 436 2589 valeat,
462 2560 500 2582 eo
526 2550 679 2582 libentius
702 2554 734 2581 et
749 2549 927 2583 llberaliori
952 2561 1058 2586 manu.
1079 2545 1081 2556 ³

323 2601 442 2642 apertis
468 2602 683 2645 spiritualium
709 2603 895 2645 gratiarum,
923 2613 1058 2646 quarum

324 2653 561 2695 dispensatores
585 2655 658 2688 faeti
685 2666 806 2698 sumus,
829 2655 1001 2696 thesauris,
1027 2666 1060 2688 e-

1088 434 1196 457 camus
1221 424 1253 456 in
1278 424 1412 456 Domino
1431 434 1669 456 successurum.

1133 478 1147 519 ξ
1176 477 1202 509 1.
1231 477 1380 509 Exhibita
1406 477 1566 520 siquidem
1598 477 1691 509 nobis
1720 487 1826 520 nuper

1088 540 1147 574 pro
1172 535 1263 572 parte
1289 530 1481 563 dilectorum
1507 530 1649 562 fitiorum
1675 529 1825 563 Matthiae

1089 584 1216 621 Cubels,
1230 584 1377 626 autiquae
1392 584 1623 623 observantiae,
1636 589 1668 615 et
1680 584 1826 617 Andreae

1090 647 1107 668 a
1131 636 1162 669 S.
1190 636 1326 679 Ioseph,
1358 636 1497 669 familiae
1529 638 1740 674 reformatae,
1771 629 1827 669 Or-

1091 689 1174 722 dinis
1200 690 1315 722 Bcatae
1341 690 1457 722 Mariae
1482 690 1520 722 de
1538 690 1684 723 Mercede
1702 700 1827 722 nuncu-

1091 749 1183 786 patae
1209 744 1444 786 redemptionis
1477 743 1677 786 captivorum
1709 753 1828 786 procu-

1090 803 1231 831 ratorum
1256 797 1455 840 generalium
1481 798 1596 840 petitio
1625 797 1828 836 continebat,

1092 851 1194 894 quod,
1221 862 1291 883 cum
1323 861 1340 882 a
1374 851 1539 883 nonnullis
1572 850 1726 883 Romanis
1752 850 1828 882 Pon-

1094 904 1249 945 tificibus,
1270 904 1576 948 praedecessoribus
1602 903 1732 942 nostris,
1754 903 1829 935 reli-

1093 958 1189 1000 giosis
1214 963 1246 989 et
1262 957 1414 989 fratribus
1434 957 1509 989 dicti
1530 956 1660 989 Ordinis
1687 956 1828 988 diversas

1093 1010 1372 1044 confraternitates
1398 1021 1454 1043 seu
1472 1009 1743 1052 congregationes
1757 1019 1830 1052 per-

1093 1075 1245 1097 sonarum
1286 1063 1483 1097 secularium
1521 1062 1690 1105 utriusque
1735 1072 1829 1094 sexus

1094 1119 1257 1161 erigendi.
1284 1128 1339 1150 seu
1364 1117 1511 1160 praefato
1537 1116 1648 1149 Ordini
1677 1116 1728 1148 vel
1760 1115 1828 1148 eius

1094 1171 1228 1214 singulis
1254 1171 1430 1213 respective
1452 1169 1601 1202 domibus
1626 1168 1829 1211 regularibus

1072 1223 1225 1257 “uniendi
1252 1229 1284 1256 et
1307 1223 1548 1265 incorporandi,
1574 1232 1629 1254 seu
1656 1222 1762 1255 eidem
1776 1221 1831 1254 Or-

316 1278 354 1311 tis
389 1278 536 1321 specula,
563 1276 686 1310 meritis
712 1276 788 1308 licet
813 1274 1006 1317 imparibus,
1034 1285 1074 1322 a}

316 1331 450 1364 Domino
476 1329 647 1367 sublimati,
670 1329 708 1361 ad
728 1328 894 1360 universos
910 1327 942 1360 in
961 1328 1051 1360 vinea
1072 1330 1074 1351 ³

1095 1277 1161 1310 dini
1197 1275 1416 1319 aggregandi,
1458 1275 1604 1318 ipsisque
1646 1279 1677 1307 et
1718 1284 1831 1307 eorum

1095 1330 1296 1363 secularibus
1335 1328 1482 1371 personis
1514 1327 1575 1360 sibi
1610 1327 1832 1370 competentia

1072 1409 1073 1412 ,
1094 1383 1273 1427 privilegia,
1301 1381 1519 1424 indulgentias
1544 1386 1575 1414 et
1599 1380 1717 1424 gratias
1737 1379 1832 1422 spiri-

1096 1438 1206 1470 males.
1224 1435 1389 1467 faetiltates
1408 1439 1439 1466 et
1457 1434 1583 1466 indulta
1600 1433 1661 1466 sibi
1679 1441 1833 1466 concessa

1095 1486 1353 1522 communicandi
1379 1487 1533 1519 attributa
1553 1485 1593 1518 sit
1610 1486 1755 1524 facultas,
1775 1495 1832 1518 seu

1096 1542 1218 1575 similes
1236 1541 1382 1583 erigendi
1401 1539 1682 1572 confraternitates
1701 1543 1733 1571 et
1756 1548 1833 1571 con-

1097 1595 1302 1638 gregationes
1328 1593 1527 1626 consuetudo
1548 1603 1606 1624 usu
1623 1597 1753 1635 recepta
1771 1591 1834 1624 fue-

1096 1649 1149 1689 rit,
1177 1654 1207 1681 et
1228 1658 1291 1680 non
1318 1648 1422 1680 solum
1446 1646 1589 1688 religiosi
1615 1645 1751 1688 praefati
1777 1644 1833 1677 Or-

1073 1702 1075 1741 }
1097 1702 1191 1741 dinis,
1218 1701 1274 1734 sed
1300 1701 1411 1743 utique
1437 1700 1532 1732 etiam
1551 1698 1833 1731 confraternitates

317 1756 395 1788 cede
421 1759 639 1798 nuncupatae,
667 1754 751 1786 sicut
776 1753 906 1786 nomine
926 1759 957 1785 et
981 1764 1054 1796 pro·
1074 1754 1076 1797 ξ

1098 1762 1129 1789 et
1166 1754 1434 1797 congregationes
1468 1764 1505 1786 ac
1530 1753 1688 1786 seculares
1721 1762 1834 1785 earum

1074 1834 1075 1839 ,
1096 1819 1253 1853 personae
1280 1807 1465 1840 huiusmodi
1483 1807 1680 1850 captivorum
1699 1806 1759 1838 sub
1778 1806 1834 1838 du-

317 1861 468 1894 fidelibus
494 1861 574 1893 dura
598 1859 787 1896 immanium
810 1859 976 1892 christiani
999 1869 1055 1891 no-
1074 1870 1075 1874 ¹

1098 1874 1132 1895 ro
1150 1863 1363 1894 harbarorum
1381 1860 1455 1903 iugo
1470 1859 1696 1903 languentium
1714 1859 1834 1892 redem-

1075 1916 1200 1961 ‚ptioni
1237 1920 1264 1947 et
1302 1914 1442 1947 libertati
1473 1914 1586 1946 sedulo
1623 1913 1832 1945 incumbant:

318 1967 536 2010 redemptioni
561 1966 734 2005 addictum,
747 1966 789 1998 ita
807 1965 840 1997 in
858 1966 1055 1999 redimendis
1074 1991 1076 1994 Α

319 2019 504 2053 huiusmodi
530 2019 665 2063 captivis
691 2019 823 2051 fratrum
841 2029 972 2051 suorum
988 2019 1055 2062 pie·
1075 2035 1078 2047 ι

1099 1980 1210 2013 quare,
1234 1975 1270 2001 ut
1294 1968 1438 2010 religiosi
1457 1967 1585 2000 Ordinis
1603 1978 1638 1999 ac
1661 1966 1836 1998 confrater-

1098 2021 1234 2053 nitatum
1260 2030 1316 2052 seu
1336 2018 1623 2061 congregationum
1646 2017 1834 2049 huiusmodi

1098 2074 1261 2106 seculares
1286 2082 1443 2115 personae
1469 2071 1507 2103 ad
1535 2081 1615 2113 opus
1651 2075 1713 2102 tam
1745 2069 1836 2113 pium

1099 2133 1131 2160 et
1155 2126 1375 2159 necessarium
1401 2125 1562 2170 efficafius
1588 2123 1779 2163 incitentur,
1805 2128 1837 2156 et

1099 2191 1139 2212 ne
1161 2179 1380 2221 indulgentiae
1399 2178 1459 2220 ipsi
1480 2169 1603 2216 (Ji-dini,
1621 2182 1653 2209 et
1670 2176 1836 2209 facultates

1099 2238 1134 2264 ut
1157 2232 1337 2276 praefertur
1370 2221 1516 2273 erigendi
1548 2236 1579 2262 et
1617 2228 1836 2271 aggregandi,

1101 2286 1139 2318 de
1165 2290 1284 2323 cetero,
1309 2288 1446 2327 propter
1470 2283 1592 2326 aliquas
1626 2282 1836 2315 limitationes

1077 2371 1079 2373 ,
1101 2349 1155 2371 seu
1178 2337 1404 2369 revocationes
1423 2336 1603 2378 aliquorum
1618 2335 1838 2368 Romanorum

1078 2391 1292 2437 ¹Pontificum
1317 2390 1612 2433 praedecessorum
1637 2395 1834 2430 nostrorum,

320 2442 470 2483 Domino,
497 2442 552 2486 qui
577 2442 726 2475 omnibus
751 2443 805 2475 dat
834 2450 932 2485 prout
963 2444 1056 2483 vult,
1078 2440 1080 2451 ¹

1101 2445 1133 2477 in
1159 2444 1289 2477 dubium
1316 2443 1489 2486 aliquando
1514 2443 1658 2475 revocari
1687 2442 1837 2486 possint,

1101 2508 1160 2540 pro
1186 2502 1276 2540 parte
1295 2496 1455 2529 dictorum
1473 2496 1622 2528 Matthiae
1641 2502 1671 2529 et
1689 2496 1838 2528 Andreae

1102 2550 1195 2583 nobis
1222 2550 1280 2582 fuit
1312 2549 1479 2582 humiliter
1511 2549 1727 2592 supplicatum
1760 2560 1839 2592 qua-

1103 2608 1193 2635 tenus
1216 2603 1245 2634 iu
1262 2603 1448 2645 praemissis
1467 2608 1648 2646 opportune
1666 2602 1837 2645 providere

1103 2656 1140 2688 de
1166 2656 1365 2698 benignitate
1391 2656 1570 2699 apostolica
1596 2655 1812 2697 diguarcmiu'.

1838 269 1884 292 An.
1903 267 1929 292 (ἶ,
1954 267 2020 293 ttsstlss

1863 486 1982 513 Expositio.
