2247 3208
190 236 237 263 An.
259 236 288 263 c.
307 235 372 262 1663
419 226 482 259 13⁶2

222 1711 366 1737 Transumpus

183 1737 252 1758 dantia
268 1738 325 1758 tides.

386 283 625 325 dulgentiarum
650 284 680 313 et
715 279 899 312 facultatum
930 277 1116 310 huiusmodi

386 335 628 373 concessiones,
644 332 705 365 nisi
724 333 762 365 de
780 332 845 364 illis
859 341 1012 374 expressa
1026 341 1117 364 men-

385 389 430 421 tio
456 393 508 419 aut
532 386 678 430 specialis
696 384 866 427 derogatio
892 383 953 423 flat,
974 395 1116 428 unquam

384 440 550 482 suffragari
577 444 707 482 queant,
734 448 861 470 necnon
878 438 990 479 regula
1006 440 1115 470 nostra

383 495 421 526 de
448 504 511 525 non
536 491 753 525 concedendis
773 490 983 533 indulgentiis
1008 491 1047 523 ad
1067 491 1116 523 in-

383 552 455 585 star,
473 557 508 578 ac
527 555 801 589 quorumcumque
819 544 968 576 ordinum
986 549 1018 576 et
1038 554 1115 576 con-

382 599 608 642 gregationum
642 598 706 631 sive
736 597 955 630 institutorum
986 597 1115 639 regula-

383 652 463 684 rium
479 678 486 692 ,
514 652 608 684 etiam
639 650 844 689 iuramento,
869 648 1112 682 confirmatione

382 704 568 747 apostolica,
594 713 650 735 seu
677 702 786 745 quavis
811 701 959 733 firmitate
981 701 1041 733 alia
1061 711 1114 733 ro-

381 756 509 796 boratis,
529 756 651 788 statutis
676 760 708 787 et
732 753 1031 793 consuetudinibus,
1048 753 1113 797 pri-

381 809 505 851 vilegiis
530 819 673 852 quoque,
700 808 832 841 indultis
850 812 882 840 et
905 807 1020 840 litteris
1037 818 1112 850 apo-

381 862 509 902 stolicis,
536 861 864 903 eisdem-ordinibus,
887 861 1111 903 congregatio-

381 915 473 947 nibus
502 920 533 947 et
557 914 707 946 institutis
739 914 934 956 illorumque
963 913 1111 956 personis

381 967 624 1011 quomodolibet
658 966 842 1006 concessis,
869 965 1054 1009 approbatis
1079 970 1111 997 et

380 1019 554 1059 innovatis3
589 1019 703 1061 quibus
728 1019 875 1051 omnibus
900 1023 931 1050 et
955 1018 1110 1060 singulis,

381 1072 503 1105 etiamsi
522 1072 560 1104 de
581 1071 644 1104 illis
661 1081 837 1114 eorumque
856 1070 928 1103 totis
944 1070 1111 1103 tenoribus

380 1124 535 1167 specialis,
554 1123 700 1167 specifica
725 1128 756 1156 et
779 1123 956 1163 individua,
976 1133 1040 1155 non
1059 1132 1111 1154 au-

380 1182 442 1209 tem
468 1187 526 1219 per
561 1177 718 1209 clausulas
753 1177 920 1218 generales
944 1176 1028 1208 idem
1054 1175 1111 1207 im-

379 1234 562 1272 portantes,
587 1229 708 1262 mentio
734 1239 787 1261 seu
819 1229 948 1271 quaevis
973 1228 1034 1260 alia
1059 1238 1111 1260 ex-

379 1282 503 1325 pressio
528 1282 677 1315 habenda
701 1286 754 1313 aut
778 1281 885 1324 aliqua
910 1282 972 1315 aLia
1004 1282 1112 1324 exqui-

380 1334 438 1366 sita
463 1336 563 1367 forma
587 1336 625 1367 ad
652 1335 713 1367 hoc
737 1335 894 1367 servanda
924 1334 1014 1374 soret,
1040 1334 1111 1366 illo-

380 1397 449 1419 rum
467 1392 593 1420 tenores
606 1387 827 1430 praesentibus
841 1397 899 1430 pro
917 1386 1112 1419 sufficienter

380 1440 537 1482 expressis
562 1445 593 1472 et
617 1441 750 1473 sormam
767 1440 799 1471 in
816 1440 861 1472 eis
886 1439 1033 1472 traditam
1052 1450 1111 1483 pro

380 1495 502 1525 servata
528 1492 693 1532 habentes,
723 1493 783 1524 hac
806 1492 873 1525 vice
899 1492 1109 1535 specialiter,

380 1545 568 1577 nominatim
583 1550 613 1577 et
627 1555 785 1588 expresse,
800 1546 838 1577 ad
856 1544 1001 1577 effectum
1018 1555 1112 1588 prae-

380 1598 527 1637 sentium,
553 1598 759 1640 derogamus;
779 1598 966 1641 ceterisque
984 1604 1113 1631 contra-

381 1650 436 1682 riis
458 1650 731 1694 quibuscumque.

424 1702 481 1745 §42
496 1702 535 1734 Ut
548 1708 655 1735 autem
669 1708 861 1746 praesentes
876 1709 1016 1743 nostrae,
1032 1714 1113 1747 quae

381 1756 418 1787 ad
444 1755 569 1797 singula
594 1757 662 1788 loca
687 1756 804 1789 deferri
829 1767 892 1789 non
914 1763 1055 1800 possunt,
1074 1758 1112 1790 ad

381 1809 524 1840 omnium
547 1809 693 1841 notitiam
713 1809 837 1842 facilius
856 1810 1041 1851 deveniant,
1060 1821 1114 1844 vo-

380 1861 484 1893 lumus
505 1866 535 1892 ut
569 1861 754 1893 earumdem
777 1862 1000 1904 praesentium
1025 1867 1113 1895 tran—

381 1913 532 1955 sumptis,
556 1915 606 1946 vel
625 1914 793 1956 exemplis,
814 1914 909 1946 etiam
927 1914 1111 1958 impressis,

381 1975 475 1997 manu
500 1966 636 1998 alicuius
668 1967 785 1999 notarii
806 1967 929 2009 publici
949 1968 1114 2011 subscrip-

382 2018 431 2057 tis,
452 2023 483 2050 et
505 2019 612 2060 sigillo
641 2029 802 2061 personae
830 2019 863 2052 in
889 2020 1045 2062 dignitate
1063 2032 1113 2053 cc-

383 2070 564 2102 clesiastica
596 2071 791 2104 constitutae
816 2072 964 2112 munitis,
990 2073 1112 2116 ubique

382 2122 525 2154 locorum
551 2128 581 2154 et
606 2123 756 2165 gentium,
783 2125 896 2156 cadem
922 2135 1058 2168 prorsus
1080 2125 1114 2157 fi-

383 2174 439 2206 des
455 2175 623 2215 habeatur,
639 2186 719 2218 quae
736 2177 914 2209 haberetur
926 2178 1005 2220 ipsis
1020 2189 1114 2221 prae-

382 2227 540 2264 sentibus,
551 2228 576 2259 si
592 2228 868 2261 sorentcxliibitz‘te
881 2231 931 2262 vel
946 2236 1110 2263 ostensae.

424 2280 538 2311 Datum
565 2281 700 2322 Romae,
728 2283 811 2324 apud
838 2282 868 2315 S.
896 2283 1026 2315 Mariam
1051 2284 1114 2316 Ma-

381 2331 507 2372 iorem,
534 2334 592 2365 sub
619 2335 737 2366 annulo
767 2335 957 2375 Piscatoris,
986 2336 1037 2368 die
1061 2346 1112 2369 XVI

382 2385 534 2417 februarii
551 2395 702 2427 nnetxni,
714 2387 922 2430 pontificatus
940 2389 1045 2421 nostri
1059 2399 1114 2421 an-

381 2448 424 2470 no
448 2448 518 2472 vul.

416 2499 473 2526 Dat.
496 2500 538 2527 die
560 2501 591 2528 16
609 2501 736 2529 februarii
759 2503 836 2538 1663,
862 2505 955 2539 pontif.
975 2513 1042 2533 anno
1054 2512 1111 2533 v111.

957 228 1136 254 BULLAmUM
1160 224 1313 254 ROMANOM

1438 277 1603 312 CDXXVII.

1152 356 1362 398 Confirmatio
1387 356 1504 389 decreti
1527 359 1782 401 eonqreyationis
1805 359 1885 402 epis-

1194 420 1345 454 coporum
1363 414 1390 442 et
1408 410 1624 452 requtariwn,
1644 422 1706 454 quo
1727 413 1885 444 statuitur

1192 473 1231 494 ne
1253 463 1387 505 posthae
1409 464 1443 495 in
1462 464 1630 507 provincis?
1651 464 1885 497 Mediolanensi

1193 513 1327 546 Ordinis
1337 515 1477 556 fratrum
1490 514 1656 546 Minorum
1665 515 1769 547 sancti
1781 516 1884 548 Fran-

1192 566 1268 597 ciscc'
1281 566 1318 598 de
1333 565 1541 599 observantia
1555 566 1597 598 cccl
1609 566 1815 609 fundationes
1829 578 1883 600 no-

1191 628 1303 651 vorum
1317 624 1538 659 conventuum,
1551 619 1669 652 nestum
1679 620 1822 662 fratrum
1834 631 1883 653 re-

1189 671 1404 713 formatorum
1419 671 1645 705 Observantz'ae
1658 673 1763 704 sancti
1775 673 1882 705 Fran-

1189 723 1284 762 cisci,
1312 735 1422 756 rerum
1454 725 1554 757 etiam
1578 726 1719 757 cuiusvis
1743 725 1881 758 alterius

1191 776 1324 809 Ordinis
1348 777 1606 809 illendz‘cantium
1627 778 1756 820 procedi
1767 779 1876 821 possit,

1189 830 1256 861 nisi
1284 833 1408 862 servato
1441 841 1460 862 a
1484 831 1690 863 conventibus
1720 831 1880 864 dictorum

1187 882 1330 923 fratrum
1373 883 1538 915 Minorum
1581 883 1738 916 distantia
1775 884 1879 917 decem

1189 934 1390 968 milliarium
1425 946 1595 968 mensurae
1625 936 1764 969 illarum
1796 947 1878 981 par-

1190 989 1272 1020 tium
1285 987 1303 1020 ¹.

1337 1059 1500 1086 Alexander
1520 1060 1598 1093 Papa
1619 1060 1684 1094 vn,

1284 1103 1319 1130 ad
1339 1103 1471 1130 futuram
1491 1104 1536 1130 rei
1552 1105 1733 1131 memoriam.

1188 1174 1202 1216 g
1228 1173 1258 1206 1.
1285 1173 1403 1216 Nuper,
1423 1184 1482 1216 pro
1507 1179 1598 1217 parte
1624 1175 1818 1208 dilectorum
1841 1174 1877 1207 si-

1144 1227 1259 1259 liorum
1296 1227 1431 1259 ministri
1464 1227 1671 1270 provincialis
1708 1233 1740 1260 et
1777 1228 1875 1262 totius

1145 1278 1318 1312 definitorii
1344 1279 1528 1322 provinciae
1554 1280 1803 1313 Mediolanensis
1815 1280 1877 1313 sra-

1146 1338 1228 1365 trum
1252 1333 1409 1365 Minorurn
1434 1332 1562 1366 Ordinis
1587 1333 1689 1365 sancti
1714 1333 1875 1366 Francisci

1146 1386 1184 1418 de
1213 1385 1422 1417 Observantia
1452 1391 1708 1428 nuncupatorum
1741 1395 1876 1428 congre-

1146 1437 1266 1480 gationi
1290 1438 1523 1471 venerabilium
1545 1438 1675 1470 fratrum
1692 1443 1876 1471 nostrorum

1146 1496 1272 1523 sanctae
1299 1490 1461 1523 Romanae
1482 1491 1644 1523 Ecclesiae
1669 1491 1877 1524 cardinalium

1146 1543 1285 1586 negotiis
1319 1549 1351 1575 et
1380 1543 1673 1576 consultationibus
1710 1543 1879 1587 episcopo-

1145 1607 1215 1628 rum
1233 1602 1264 1629 et
1283 1597 1478 1639 regularium
1500 1597 1704 1640 praepositae
1730 1596 1876 1640 exposito

1147 1650 1245 1693 quod,
1268 1649 1343 1683 licet
1367 1650 1481 1682 fratres
1502 1650 1677 1683 Reformati
1702 1650 1877 1692 nuncupati

1147 1704 1291 1736 eiusdem
1305 1703 1488 1746 provinciae
1506 1703 1755 1736 lllediolanensis
1769 1704 1877 1746 plures

1146 1761 1320 1789 conventus
1346 1767 1440 1800 quain
1465 1757 1545 1789 aliae
1571 1756 1754 1799 provinciae
1778 1755 1879 1789 resor-

1145 1814 1248 1841 matae
1273 1809 1305 1841 in
1329 1808 1530 1849 Lombardia,
1548 1809 1691 1841 dominio
1716 1808 1880 1852 Reipubli-

1146 1872 1201 1894 cae
1225 1862 1403 1901 Ianuensis,
1428 1862 1591 1901 Hetruria‚
1616 1861 1756 1894 Marchia
1779 1862 1881 1894 Anco-

1147 1915 1266 1954 nitana‚
1282 1925 1317 1946 ac
1340 1914 1471 1947 Umbria
1491 1920 1523 1947 et
1545 1925 1645 1957 regno
1669 1914 1879 1958 Neapolitano

1147 1968 1360 2001 consistentes
1394 1969 1515 2001 habere
1551 1969 1790 2011 reperirentur,
1815 1967 1877 2010 ipsi

1147 2020 1263 2052 fratres
1285 2021 1459 2053 Reformati
1481 2020 1692 2054 nihilominus
1711 2031 1812 2053 novos
1831 2019 1878 2051 sui

1147 2072 1284 2105 instituti
1303 2079 1481 2105 conventus
1500 2073 1531 2104 in
1550 2073 1639 2112 locis,
1661 2072 1715 2104 uhi
1736 2078 1799 2104 tam
1818 2072 1879 2104 sra-
1920 2093 1923 2095 -

1147 2130 1211 2156 tres
1226 2125 1365 2157 Minores
1392 2126 1430 2157 de
1449 2125 1661 2158 Observantia
1688 2136 1782 2168 quam
1799 2124 1879 2168 Cap-

1147 2177 1255 2220 pucini
1289 2178 1513 2221 eleemosynas
1550 2189 1610 2221 pro
1644 2177 1879 2210 sustentatione

1147 2229 1377 2272 religiosorum
1403 2230 1435 2262 in
1461 2241 1572 2263 corum
1599 2230 1777 2273 respective
1803 2240 1880 2263 con-

1148 2284 1294 2317 ventibus
1332 2284 1517 2326 degentium
1553 2294 1708 2327 quaerere
1748 2284 1878 2323 solent,

1147 2337 1226 2379 erigi
1258 2348 1435 2380 procurare
1472 2348 1537 2369 nou
1570 2338 1759 2377 cessabant,
1794 2346 1881 2369 nunc

1147 2391 1220 2431 hos,
1240 2401 1324 2423 nunc
1350 2391 1423 2424 illos
1442 2390 1650 2434 inquirendo3
1667 2395 1697 2422 et
1714 2389 1746 2422 in
1765 2389 1880 2422 eadem

1147 2444 1347 2487 expositione
1367 2444 1538 2476 subiuncto
1557 2443 1654 2487 quod,
1669 2443 1695 2476 si
1715 2442 1789 2476 novi
1803 2452 1880 2475 con-

1146 2502 1259 2530 ventus
1285 2497 1470 2530 huiusmodi
1496 2497 1708 2540 erigerentur,
1733 2494 1879 2539 religiosi

1184 2613 1193 2640 1
1218 2612 1253 2639 Ex
1274 2611 1378 2648 Regest.
1400 2613 1426 2640 in
1445 2613 1545 2641 Secret.
1567 2612 1643 2640 Brev1

1893 232 1942 257 An.
1964 230 1992 258 C.
2012 229 2079 257 ¹663

1919 1185 2034 1212 Expositio.
