2247 3208
131 217 180 243 Λιι,
202 218 220 242 C
257 217 323 243 1⁴²6ss

928 218 1114 242 ALEXRNDER
1140 220 1181 242 ΥΠ
1209 221 1255 243 Pr.

329 265 492 303 stitimus·,
526 264 582 296 sed
617 264 655 296 ad
690 264 912 297 moderandos
939 276 1065 304 mores,

328 318 544 360 corrigendos
593 328 769 356 excessus,
819 319 1064 361 componendas

328 370 590 409 controversias,
619 376 647 402 et
674 371 712 403 ad
740 381 796 410 ea,
824 381 906 414 quae
938 371 983 403 ad
1009 371 1065 403 Dei

327 423 450 455 cultum
483 428 515 455 et
540 423 748 466 disciplinam
773 424 980 465 regularem,
1007 433 1065 455 ne—

327 474 408 519 que¹
434 477 711 516 conservandam,
739 476 796 508 scd
823 481 853 508 et
880 476 1062 517 augendam

326 533 485 571 spectant.
506 529 564 561 toti
587 529 727 567 fuimus;
755 528 854 570 idque
873 538 1009 561 munere
1031 533 1062 561 et

326 581 430 623 gratia
446 580 578 613 Christi.
598 580 699 619 Quod,
723 582 856 623 peracta
874 581 1060 613 visitatione

326 634 423 666 liuius
449 635 581 667 maioris
600 638 780 667 conventus
805 639 837 665 et
854 634 984 675 collegii
1003 644 1061 666 no-

325 687 383 719 stri
421 686 630 724 parisiensis,
663 686 795 728 assequi
832 686 969 718 faciliori
1010 687 1060 719 via

324 739 456 771 minime
483 738 748 777 existimavimus,
776 749 873 781 quam
903 739 1060 772 innovan-

324 792 381 830 do,
409 791 621 829 declarando,
648 791 851 823 moderando
889 796 921 823 et
947 796 1059 824 exten-

322 844 429 877 dendo
468 844 651 886 respective
689 844 820 876 decreta
861 840 1059 886 praedeces-

322 907 433 930 sorum
460 902 649 930 nostrorum
680 897 766 930 edita
791 908 850 940 pro
884 898 1058 941 ipsiusmet

321 957 502 984 conventus
529 956 561 983 et
585 951 715 993 collegii
742 951 826 984 felici
847 951 1007 994 gubernio
1026 956 1058 984 et

321 1004 503 1037 monastica
527 1004 719 1047 disciplina,
747 1008 779 1036 et.
804 1004 964 1046 quaedam
995 1004 1057 1037 alia

321 1058 359 1089 de
385 1068 468 1090 novo
494 1057 664 1096 addendo,
690 1066 757 1089 non
790 1056 955 1090 immerito
981 1067 1057 1090 cen—

321 1110 459 1148 suimus,
493 1109 579 1141 sicut
612 1109 651 1141 de
678 1109 772 1149 facto,
799 1109 994 1142 auctoritate
1021 1120 1057 1141 u-

320 1163 469 1205 triusque
495 1161 593 1194 offleii
623 1172 688 1205 quo
713 1162 901 1204 fungimur,
936 1172 973 1195 ea
1005 1173 1056 1195 re-

319 1217 463 1259 spective
489 1226 575 1248 1111110
607 1216 811 1256 innovamus,
838 1216 1052 1256 declaramus,

319 1269 546 1309 moderamur,
566 1269 763 1309 limitamus,
791 1269 997 1313 ostendimus
1023 1273 1055 1301 et

318 1322 481 1362 addimus,
508 1331 569 1354 nee
593 1332 660 1354 non
685 1321 731 1354 sie
756 1322 866 1354 11111011,
880 1326 919 1362 ta,
947 1322 1054 1355 decla-

318 1379 403 1414 rata,
445 1375 632 1414 moderata,
664 1375 819 1414 limitata,
855 1380 989 1408 extensa
1022 1380 1053 1408 et

317 1427 426 1460 addita
464 1432 628 1471 perpetuo
659 1428 895 1470 inviolabiliter
929 1429 1052 1461 servari

317 1481 479 1513 volumus.
507 1480 544 1512 Et
568 1480 600 1513 id
625 1480 757 1523 quidem
776 1480 814 1513 de
838 1481 977 1513 consilio
998 1481 1053 1513 ad-

317 1534 449 1566 modum
474 1533 648 1566 reverendi
674 1533 776 1576 patris
803 1534 949 1576 magistri
967 1534 1052 1567 Tho-

316 1596 387 1619 mae
404 1586 604 1629 Eguichcns,
624 1585 801 1619 Galliarum
820 1587 905 1630 apud
924 1597 983 1620 nos
1002 1597 1052 1620 as—

316 1639 463 1672 sistentis
490 1644 522 1672 et
546 1639 667 1683 prioris
699 1639 837 1672 huiusce
869 1645 1049 1673 conventus

315 1698 347 1726 et
372 1693 512 1735 collegii,
539 1699 638 1736 atque
664 1693 783 1725 auditis
805 1693 930 1736 pluries
948 1694 1049 1727 verbo

316 1750 348 1777 et
372 1746 503 1789 seriptis
521 1746 554 1778 in
573 1746 710 1779 diversis
736 1747 1049 1789 congregationibus

315 1808 425 1830 coram
450 1799 544 1831 nobis
572 1809 673 1842 super
699 1799 758 1832 hae
785 1809 818 1831 re
845 1799 907 1832 1100
928 1799 960 1831 111
981 1810 1050 1832 1110-

314 1851 458 1884 nasterio
484 1851 614 1891 habitis,
643 1856 672 1884 et
698 1862 758 1894 per
790 1862 848 1884 nos
874 1852 914 1884 ad
939 1852 971 1885 id
996 1862 1050 1885 ex-

314 1914 428 1946 presse
437 1904 634 1944 convocatis,
644 1904 790 1937 omnium
803 1905 1048 1948 provinciarum

313 1956 436 1990 Galliae
460 1957 717 2000 provincialibus
743 1968 816 1990 eum
842 1958 987 2001 ipsarum
1017 1964 1049 1992 et

313 2016 533 2043 conventuum
551 2011 755 2053 generalium
777 2011 954 2054 deputatis,
973 2022 1049 2045 nee-

313 2073 379 2096 non
403 2063 481 2096 item
506 2064 659 2096 omnibus
686 2063 783 2096 liuius
809 2063 950 2097 familiae
972 2065 1048 2098 reli-

313 2116 423 2159 giosis,
449 2126 515 2150 non
541 2117 649 2149 solum
674 2117 794 2149 virtute
820 2117 971 2150 scrutinii
997 2128 1048 2150 sc-

313 2175 404 2203 creto
429 2170 564 2213 peracti,
591 2169 649 2202 sed
674 2170 773 2202 etiam
803 2169 1046 2204 informationis

314 2227 403 2255 extra
427 2222 626 2255 iudicialiter
650 2227 818 2266 acceptae,
843 2234 880 2255 ae
906 2223 1046 2266 proinde

314 2278 445 2320 plenum
464 2277 597 2309 omnino
618 2276 712 2309 istius
731 2281 912 2310 conventus
932 2282 963 2309 et
982 2278 1048 2310 eol-

314 2330 388 2373 legii
421 2334 541 2363 statum
578 2329 751 2362 habentes.
786 2328 872 2367 Quae
915 2329 1047 2373 quidem

313 2384 446 2416 decreta
469 2393 557 2415 1111110
581 2387 614 2415 et
638 2383 755 2415 futuris
781 2387 945 2426 perpetuo
967 2388 1047 2416 tem-

312 2437 448 2479 poribus
482 2437 521 2470 ab
547 2436 701 2469 omnibus
727 2436 902 2469 fratribus²
927 2441 959 2469 et
984 2437 1047 2470 fra-

313 2490 430 2530 tribus,
450 2489 505 2533 qui
530 2489 563 2522 in
588 2489 652 2522 hoe
673 2494 838 2522 conventu
855 2493 888 2522 et
905 2490 1046 2533 collegio

349 2561 358 2586 1
382 2559 473 2586 Potius
493 2560 550 2594 lege
570 2560 677 2586 nedum
696 2567 743 2594 pro
763 2568 854 2594 neque
872 2560 910 2594 (11.
928 2560 974 2593 Τ.).

346 2602 362 2630 2
381 2604 475 2630 Potius
495 2603 638 2638 legendum
653 2603 791 2637 patribus
810 2608 848 2637 tn.
864 2604 914 2638 Τ.).

393 2656 470 2683 Ball.
493 2657 574 2684 Rom.
618 2657 676 2686 l'ol.
697 2656 787 2685 XVII.
948 2658 965 2684 Δ,

1769 213 1810 245 ⁶23

1100 266 1138 298 de
1164 267 1331 309 praesenti
1363 268 1582 303 immorantur
1612 275 1644 303 et
1669 270 1700 302 in
1726 275 1837 313 poste-

1101 330 1171 351 rum
1197 320 1236 352 de
1263 320 1383 353 familia
1401 323 1704 362 commorabuntur,
1721 321 1835 355 eadem

1099 372 1221 414 duplici
1255 374 1468 414 auctoritato,
1496 379 1530 406 ut
1562 376 1758 418 praefertur,
1787 377 1835 408 in-

1099 424 1297 457 violabiliter
1317 426 1441 458 servari
1460 428 1620 467 volumus,
1640 429 1832 461 mandamus

1097 482 1194 519 atque
1220 478 1456 521 praecipimus,
1475 481 1536 511 sub
1557 481 1672 523 poenis
1694 483 1725 514 in
1752 482 1831 525 ipsis

1096 530 1283 569 contentis;
1303 530 1439 573 reliquis
1458 532 1611 564 omnibus
1633 533 1774 566 decretis
1800 538 1832 565 et

1095 580 1343 614 definitionibus
1369 593 1435 616 non
1461 585 1667 626 apostolicis,
1695 596 1831 628 quomo-

1095 633 1220 666 dolibet
1245 634 1378 667 aliunde
1400 637 1558 669 emanatis
1577 642 1609 669 et
1637 639 1829 680 approbatis

1094 696 1151 717 seu
1167 686 1341 726 roboratis,
1357 688 1445 721 1111110
1458 689 1616 721 maiorem
1632 696 1829 723 conventum

1093 743 1125 770 ct
1150 741 1304 781 generale
1342 746 1492 773 nostrum
1523 743 1699 784 collegium
1731 745 1829 777 niodo

1092 792 1250 833 peculiari
1276 794 1639 834 contravenicntilms¹,
1668 806 1749 838 quae
1776 797 1829 829 1110

1091 844 1291 885 reticentur,
1318 856 1455 888 prorsus
1482 848 1664 890 abrogatis,
1692 850 1826 881 cassatis

1092 901 1122 928 et
1156 897 1310 937 irritatis,
1337 909 1377 931 ne
1412 900 1477 932 ulla
1508 901 1541 932 in
1572 906 1744 944 posterum
1777 904 1826 935 vel

1092 952 1248 994 scrupuli,
1275 953 1325 985 vel
1348 953 1571 994 dubitationis,
1590 960 1645 987 aut
1662 955 1755 997 litigii
1773 966 1827 988 oc—

1091 1003 1178 1036 casio
1210 1006 1367 1048 supersit.
1401 1006 1539 1039 Decreta
1570 1012 1679 1040 autem
1713 1008 1826 1041 liuius-

1091 1056 1178 1088 modi
1199 1057 1387 1090 immediate
1402 1064 1615 1101 apponuntur
1634 1065 1710 1103 post
1734 1066 1825 1093 teno-

1090 1118 1159 1140 rem
1185 1109 1296 1142 Brcvis
1316 1112 1488 1153 apostolici
1506 1123 1523 1144 a
1542 1113 1749 1146 sanctissimo
1769 1114 1825 1146 do-

1090 1161 1178 1193 mino
1197 1167 1311 1195 nostro
1329 1163 1415 1206 Papa
1435 1164 1618 1197 Alexandro
1637 1165 1694 1205 vll,
1722 1166 1825 1198 fclici-

1089 1219 1139 1246 ter
1158 1220 1327 1257 regnante,
1344 1217 1439 1249 nobis
1461 1219 1651 1260 specialiter
1669 1220 1820 1261 elargito.

1239 1268 1341 1301 Tener
1365 1269 1477 1302 Brevis
1501 1271 1680 1313 astlolici.

1130 1320 1243 1353 Foris:
1264 1321 1389 1356 Dilecto
1407 1322 1473 1357 filio
1492 1324 1591 1358 Paulo
1609 1325 1756 1359 Lucliino
1775 1326 1824 1358 Pi-

1087 1375 1253 1415 saurensi,
1280 1376 1383 1419 priori
1417 1378 1563 1419 generali
1589 1378 1726 1411 fratrum
1752 1390 1824 1412 ere-

1086 1428 1239 1461 mitarum
1264 1428 1295 1461 S.
1320 1430 1505 1472 Augustini.

1130 1481 1244 1513 Intus:
1272 1482 1456 1515 Alexander
1487 1483 1572 1526 Papa
1597 1484 1667 1524 Vll,
1704 1484 1821 1517 dilecte

1085 1532 1146 1573 fili,
1169 1534 1309 1567 salutem
1331 1539 1363 1568 01.
1383 1536 1598 1579 apostolicam
1619 1537 1822 1570 benedictio-

1085 1597 1171 1619 110111.

1128 1640 1215 1673 Inter
1240 1641 1319 1675 alias
1345 1647 1479 1675 nostrae
1504 1643 1679 1686 pastorais
1699 1644 1820 1678 sollici-

1085 1693 1206 1726 tudinis
1232 1705 1342 1735 curas,
1370 1696 1488 1738 quibus
1514 1697 1713 1739 premimur,
1744 1697 1819 1730 illae

1083 1756 1148 1779 non
1165 1752 1335 1790 postremo
1350 1748 1458 1781 cordis
1481 1749 1554 1782 1000
1575 1750 1728 1791 insident,
1748 1751 1819 1793 qui-

1082 1799 1143 1831 bus
1169 1799 1207 1832 de
1242 1805 1435 1833 cunctorum
1473 1802 1706 1845 rcligiosexum
1732 1808 1818 1836 statu

1082 1862 1243 1895 prospere
1269 1853 1441 1896 dirigendo
1462 1855 1593 1887 assidue
1619 1857 1816 1898 cogitamus,

1082 1905 1129 1937 Ad
1161 1906 1261 1938 istum
1293 1912 1403 1939 autem
1434 1907 1571 1940 fratrum
1604 1909 1818 1942 eremitarum

1081 1957 1112 1990 S.
1140 1958 1313 2001 Augustini
1339 1958 1503 1999 Ordinem,
1531 1971 1628 2003 quem
1653 1961 1686 1993 in
1715 1962 1818 1994 visee-

1082 2011 1172 2043 ribus
1206 2012 1350 2054 gerimus
1385 2012 1554 2045 charitatis
1580 2018 1733 2054 nostrae,
1761 2025 1818 2057 pa-

1082 2068 1194 2096 ternae
1212 2065 1487 2097 considerationis
1505 2065 1659 2099 intuitum
1675 2066 1818 2109 dirigen-

1082 2120 1143 2158 tes,
1159 2116 1240 2150 illud
1257 2117 1436 2160 praecipue
1454 2117 1487 2150 in
1505 2119 1626 2161 optatis
1644 2119 1815 2159 habemus,

1082 2174 1117 2202 ut
1141 2180 1201 2213 per
1233 2175 1307 2203 tuae
1334 2170 1643 2214 circumspectionis
1668 2172 1817 2205 ministe-

1081 2222 1166 2254 rium
1191 2222 1278 2255 illius
1304 2233 1523 2266 personarum
1548 2228 1651 2257 status
1677 2225 1817 2257 salubri-

1081 2281 1132 2308 ter
1157 2276 1279 2319 ubique
1306 2276 1476 2320 dirigatur,
1493 2282 1525 2310 et
1549 2278 1589 2310 ad
1615 2278 1744 2310 debitae
1765 2288 1816 2310 re-

1081 2328 1287 2362 formationis
1312 2340 1461 2365 normam
1486 2330 1520 2362 in
1540 2330 1766 2373 spiritualibus
1785 2335 1817 2362 ct

1082 2382 1320 2426 temporalibus
1339 2382 1535 2423 reducatur;
1560 2388 1600 2423 et,
1620 2383 1646 2415 si
1674 2383 1751 2426 quid
1777 2384 1816 2416 ab

1081 2434 1206 2468 eisdem
1230 2435 1383 2478 personis
1410 2435 1614 2468 contrarium
1646 2435 1759 2468 Ordini
1784 2440 1817 2468 ct

1080 2489 1246 2522 honestati
1271 2494 1515 2532 praesumatur,
1542 2490 1582 2523 ad
1608 2490 1816 2533 omnipoten-

1080 2542 1120 2575 tis
1147 2542 1203 2575 Dei
1234 2542 1372 2585 gloriam
1399 2547 1431 2575 et
1462 2542 1645 2575 animarum
1675 2543 1815 2576 salutem

1116 2606 1127 2632 1
1148 2604 1252 2632 Forsan
1271 2603 1506 2633 concernentibus
1524 2603 1565 2638 (a.
1582 2604 1631 2639 T.).

1798 2673 1825 2693 05

1856 221 1906 247 An.
1924 220 1951 247 C.
1971 220 2038 248 ¹602

1865 1335 1934 1355 ‘fener
1950 1334 2022 1355 Brevia

1839 1361 1961 1388 Agwstolici.
