2247 3208
109 234 158 258 An.
178 231 206 258 C.
228 230 296 257 1609

932 228 1074 253 σῐῈηηκς
1099 229 1128 252 ix
1154 229 1201 252 rr.

1065 275 1357 315 'christifidelium
1386 276 1439 320 qui
1465 276 1497 309 in
1521 276 1674 319 praefatis
1707 277 1825 310 utrius-

304 279 449 318 articulo,
469 279 583 311 saltem
605 278 752 311 contritis
779 282 811 309 et
836 277 1000 314 confessis,
1019 276 1043 308 si

304 333 545 365 corniminicare
566 331 780 375 nequiverint,
800 331 979 374 plenariam
995 342 1044 373 pa·
1065 347 1066 353 κ

305 385 394 425 riter3
415 385 620 417 scholaribus
643 395 716 417 vcro
739 385 770 416 in
793 386 927 428 utraque
955 384 1044 416 India

304 438 529 477 existentibus,
548 448 583 470 ac
599 438 855 469 confraternitati
874 438 907 470 Β.
925 437 1042 469 Mariae

303 491 443 533 Virginis
473 490 516 522 ibi
550 491 705 523 canzinice
732 490 895 522 institutae
922 490 1044 522 adscri-

303 544 376 587 ptis,
391 543 444 587 qui
461 543 490 575 iu
512 543 777 576 Annnnciationis
798 548 830 575 et
844 541 1043 585 Assumptio-

303 595 462 639 nisipsius
475 596 509 628 B.
525 595 639 628 Mariae
653 595 794 642 Virginis
819 595 907 627 festis
922 595 1042 627 dictum

303 649 540 681 sanctissimum
584 648 809 681 Eucharistiae·
853 648 1043 679 Sacramen-

303 707 371 734 tum
396 701 600 745 sumpserint,
619 707 647 733 et
667 710 821 733 coronam
841 700 890 732 vel
918 699 1042 731 tertiam

303 761 426 799 partein
438 754 550 787 rosarii
561 753 777 791 recitaverint,
790 763 920 785 necnon
929 752 1042 784 utrius-

304 819 365 852 que
403 819 498 840 sexus
533 806 799 839 christifidelibus
832 805 973 849 aliquam
1004 816 1039 839 ex

303 859 622 894 confraternitatibus
640 859 794 891 canonice
813 859 977 902 erigendis
994 859 1042 891 in-

303 913 519 956 g1·essiS,·qui
545 913 578 945 in
604 911 775 945 festivitate
808 912 860 945 SS.
888 911 1040 955 Corporis

303 966 431 1000 Christi·
447 971 480 999 et
503 966 589 1005 illius
623 968 733 998 octava
768 965 973 1008 poenitentes
1001 965 1041 997 si-

303 1020 422 1053 militer
447 1024 479 1052 et
502 1019 643 1052 confessi
663 1018 900 1051 sanctissimum
917 1018 1041 1051 Eucha-

304 1072 412 1105 ristiae
435 1071 681 1105 Sacramentum
707 1071 925 1114 sumpserint,
953 1077 985 1103 ct
1008 1071 1040 1103 in

303 1125 474 1158 cuiuslibet
498 1135 609 1158 corum
634 1124 801 1167 utriusque
831 1134 925 1157 sexus
955 1124 1041 1157 chri-

303 1178 487 1211 stifidelium
513 1177 625 1210 mortis
643 1176 788 1217 articulo,
813 1176 908 1209 etiam
927 1177 1041 1219 poeni-

304 1230 446 1263 tentibus
471 1236 503 1263 et
539 1230 694 1263 confessis
722 1241 757 1262 ac
785 1233 873 1263 sacra
903 1241 1041 1263 commu-

304 1284 401 1317 nione
427 1283 556 1316 refectis
573 1310 580 1323 ,
613 1288 667 1315 aut,
698 1284 812 1316 saltem
845 1282 990 1315 contritis
1015 1283 1040 1315 si

304 1337 450 1370 confiteri
488 1343 519 1369 et
554 1336 791 1368 communicare
826 1346 890 1368 non
927 1342 1041 1379 potue-

303 1391 388 1430 rint,
416 1390 598 1433 plenariam
622 1389 773 1422 similiter
800 1390 942 1422 omnium
966 1400 1041 1433 pee-

303 1449 447 1476 catorum
471 1453 604 1475 suorum
628 1442 865 1484 indulgentiam
884 1448 914 1475 et
934 1443 1041 1475 remis-

303 1496 427 1529 sionem
455 1495 710 1528 misericorditer
734 1495 767 1527 in
795 1494 932 1528 Domino
965 1506 1041 1528 con-

304 1549 461 1582 cedimus.
489 1549 626 1592 Insuper
643 1548 736 1580 dictis
755 1548 958 1581 scholaribus
983 1549 1042 1580 bu-

304 1602 441 1636 iusmodi
467 1602 723 1635 confraternitati
750 1601 921 1644 adscriptis
939 1601 1040 1645 quiin

305 1656 439 1698 singulis
457 1655 601 1688 eiusdem
620 1655 737 1688 Beatae
756 1655 872 1687 Mariae
893 1654 1040 1697 Virginis,

305 1720 340 1742 ac
358 1708 626 1747 Restm-rectionis,
647 1708 855 1740 Pentecostes
877 1713 907 1740 et
925 1707 1042 1740 Nativi-

305 1761 378 1794 tatis
401 1761 528 1794 Domini
553 1761 658 1793 Nostri
684 1761 755 1794 Iesu
780 1760 898 1794 Christi
926 1761 1042 1793 festivi-

305 1814 434 1855 tatibus,
460 1814 487 1846 si
513 1814 651 1846 confessi
667 1813 839 1846 etcontriti
865 1814 1043 1857 praemissa

305 1867 502 1911 peregerint,
521 1867 630 1909 decem
652 1877 812 1899 annorum
830 1867 867 1899 de
890 1866 1041 1899 iniunctis

307 1920 352 1952 eis
379 1929 433 1952 seu
460 1920 539 1953 alias
561 1919 810 1962 quomodolibet
834 1919 952 1952 debitis
970 1930 1044 1963 poe-

306 1973 471 2013 nitentiis;
491 1973 537 2005 eis
556 1983 683 2017 quoque
702 1973 755 2016 qui
774 1973 805 2005 in
823 1973 956 2016 singulis
982 1974 1043 2006 die-

306 2027 365 2059 bus
402 2026 528 2059 veneris
569 2025 741 2059 cuiuslibet
777 2027 1042 2069 quadragesimae

307 2079 421 2112 devote
447 2078 712 2122 processionibus
737 2079 875 2122 publicis
907 2080 938 2112 in
976 2090 1043 2123 par-

307 2132 392 2164 tibus
416 2137 449 2165 et
473 2132 552 2165 locis
579 2132 801 2164 transmarinis
825 2133 863 2165 ad
885 2133 1042 2166 orandum

306 2196 364 2228 pro
389 2185 602 2218 conversione
634 2186 803 2228 gentilium
837 2191 869 2218 et
904 2186 1043 2219 haereti-

307 2249 417 2271 corum
438 2239 654 2282 praefatorum
666 2239 752 2271 iuxta
770 2239 865 2271 ritum
883 2239 1043 2273 Ecclesiae

307 2292 471 2325 Romanae
489 2292 974 2333 institutisinterfuerint,trium
993 2304 1043 2326 an-

306 2354 444 2385 norum·,
469 2344 603 2387 reliquis
632 2355 709 2377 vero
745 2345 893 2378 omnibus
920 2345 1042 2378 eisdem

306 2397 573 2441 processionibus
598 2398 826 2441 praesentibus
845 2398 992 2431 contritis
1013 2404 1044 2431 et

306 2449 462 2483 confessis
488 2450 583 2483 unius
608 2451 682 2483 anni
708 2451 943 2493 indulgentiam
963 2452 1045 2484 clar-

307 2502 429 2545 gimur;
456 2502 626 2546 quodque¹
652 2514 709 2546 pro
736 2503 904 2536 animabus
931 2514 1043 2536 corum

343 2574 352 2598 1
377 2573 423 2599 Vel
437 2573 590 2600 addendum
604 2574 655 2608 qui
675 2573 716 2601 vel
735 2573 878 2608 legendum
897 2575 973 2609 quod
993 2575 1043 2609 qui

306 2625 354 2652 pro
374 2618 504 2653 quodque
518 2621 556 2653 (n.
573 2619 622 2653 T.)-

1726 219 1784 252 751

1087 340 1148 372 que
1174 329 1283 362 Indiae
1309 330 1567 373 navigationibus
1593 341 1653 374 pro
1688 332 1824 374 negocio

1088 382 1160 414 tidei
1186 382 1383 415 instituendo
1399 383 1438 415 ab
1456 383 1605 416 humanis
1619 384 1651 416 in
1666 384 1824 418 charitate

1086 434 1212 467 Christo
1238 435 1399 467 coniuncti
1435 436 1653 477 decesserint,
1684 438 1822 471 confessi

1087 498 1122 519 au:
1147 490 1237 520 sacra
1261 489 1491 521 communione
1524 489 1636 522 refecti
1652 517 1659 529 ,
1697 490 1824 524 tertiam

1087 545 1211 582 partem
1236 540 1352 573 rosarii
1378 546 1431 573 aut
1456 552 1550 573 unam
1577 552 1730 575 coronam
1748 543 1824 576 reci-

1087 593 1246 632 taverint,
1283 593 1410 635 quoties
1436 594 1466 626 id
1491 600 1606 637 agent,
1634 595 1728 628 toties
1765 603 1824 639 per

1086 645 1218 678 modum
1244 645 1386 688 suffragii
1405 656 1501 678 unam
1521 657 1556 679 ex·
1580 647 1737 680 dictorum
1755 648 1823 681 ani-

1084 699 1198 731 mabus
1219 709 1235 731 a
1260 700 1376 742 poenis
1403 701 1583 743 purgatorii
1610 701 1748 734 liberare
1776 713 1822 735 va-

1085 752 1187 792 leant;
1214 752 1367 795 quodque
1393 753 1558 786 scholares
1583 754 1752 797 utriusque
1774 754 1823 787 In-

1085 804 1156 836 diae
1183 805 1382 845 huiusmodi,
1408 805 1463 848 qui
1489 806 1521 838 in
1547 806 1667 839 scholis
1692 807 1824 851 preshy-

1085 862 1226 890 terorum
1253 857 1355 890 dictae
1381 857 1549 891 Societatis
1577 859 1654 891 dant
1690 869 1824 902 operam

1084 910 1212 951 litteris,
1227 910 1259 943 in
1283 911 1549 954 presbyterorum
1567 912 1755 945 corumdem
1773 923 1823 945 ec-

1084 964 1191 996 clesiis
1214 964 1329 996 missas
1347 965 1397 997 vel
1414 964 1476 997 alia
1494 964 1602 997 divina
1620 964 1724 997 officia
1742 970 1823 998 tem-

1084 1027 1161 1059 pore
1188 1017 1354 1049 interdicti
1381 1023 1412 1050 et
1437 1018 1624 1051 cessationis
1650 1029 1667 1050 a
1692 1018 1819 1058 divinis,

1084 1070 1209 1113 ipsique
1239 1070 1440 1114 presbyteri,
1468 1071 1581 1104 iisdem
1614 1071 1822 1104 scholaribus

1083 1123 1320 1167 praesentibus,
1341 1123 1442 1156 ianuis
1468 1124 1584 1157 clausis
1609 1130 1641 1157 et
1666 1135 1730 1157 non
1755 1127 1825 1168 pul-

1083 1177 1157 1209 satis
1182 1177 1344 1219 campanis
1361 1204 1368 1216 ,
1396 1182 1427 1209 et
1453 1177 1629 1212 dummodo
1662 1177 1722 1221 ipsi
1748 1188 1823 1210 cau-

1083 1240 1147 1262 sam
1174 1229 1357 1263 huiusmodi
1383 1230 1554 1263 interdicto
1572 1241 1637 1263 non
1655 1230 1820 1271 dederint,

1083 1294 1118 1315 ac
1145 1283 1380 1323 interdictissst
1404 1283 1691 1327 excommunicatis
1716 1285 1823 1317 efflu-

1083 1336 1135 1374 sis,
1164 1336 1275 1368 audire
1302 1341 1330 1368 et
1357 1336 1522 1369 celebrare
1548 1336 1729 1379 respective
1747 1347 1822 1380 pos-

1083 1388 1155 1428 sint,
1175 1389 1384 1421 concedimus
1400 1394 1432 1421 et
1448 1389 1669 1431 indulgemus.
1688 1389 1824 1433 Insuper

1084 1441 1235 1483 praefatis
1261 1441 1411 1473 omnibus
1437 1446 1466 1473 et
1493 1441 1627 1483 singulis
1651 1441 1823 1485 utriusque

1083 1504 1176 1526 sexus
1201 1493 1466 1527 christifidelibus
1482 1494 1515 1526 in
1537 1493 1634 1529 Indjis
1660 1499 1692 1527 et
1716 1494 1823 1537 regio-

1084 1546 1177 1579 nibus
1194 1547 1371 1590 praedictis
1389 1547 1675 1590 existentibusqui
1692 1548 1821 1581 contriti

1084 1607 1115 1633 et
1139 1601 1278 1633 confessi
1305 1601 1484 1643 quamlibet
1509 1601 1678 1634 ecclesiam
1697 1606 1729 1633 et
1749 1612 1822 1645 cap-

1084 1655 1202 1697 pellam
1239 1654 1270 1686 in
1308 1654 1431 1686 eisdem
1475 1654 1620 1697 partibus
1660 1654 1822 1687 dictorum

1084 1708 1348 1750 presbyterorum
1373 1698 1541 1740 Societatis
1577 1707 1648 1740 Iesu
1682 1709 1757 1740 cura
1790 1713 1822 1741 et

1084 1762 1184 1804 opera
1209 1766 1241 1792 ut
1267 1771 1363 1803 supra
1389 1765 1527 1793 erectam
1546 1765 1600 1792 aut
1616 1760 1649 1792 in
1679 1760 1820 1794 futurum

1085 1814 1272 1856 erigendam
1287 1814 1401 1846 devote
1420 1813 1615 1846 visitaverint
1632 1819 1664 1846 et
1676 1819 1711 1846 ut
1724 1825 1820 1858 supra

1085 1867 1266 1907 oraverint,
1294 1866 1505 1909 quadraginta
1531 1867 1617 1907 dies,
1644 1872 1676 1900 et
1700 1869 1819 1908 semel,

1085 1920 1231 1963 quolibet
1255 1930 1354 1959 anno,
1381 1920 1488 1963 aliquo
1514 1919 1564 1952 die
1589 1920 1670 1953 festo
1696 1920 1821 1953 Domini

1084 1973 1187 2007 Nostri
1215 1973 1286 2006 Iesu
1311 1973 1439 2012 Christi,
1468 1973 1584 2005 Beatae
1614 1973 1730 2006 Mariae
1755 1973 1822 2005 vir-

1085 2027 1167 2070 ginis
1193 2032 1248 2059 aut
1271 2026 1471 2066 Sanctorum,
1498 2036 1593 2069 quem
1614 2026 1822 2069 provincialis

1086 2082 1188 2114 dictae
1221 2080 1389 2113 Societatis
1427 2080 1652 2120 constituerit,
1695 2086 1820 2123 septem

1085 2145 1186 2167 annos
1211 2139 1242 2166 et
1267 2133 1400 2166 totidem
1425 2134 1661 2176 quadragenas;
1685 2133 1819 2173 eisdem,

1086 2188 1138 2231 qui
1164 2188 1304 2230 aliquam
1330 2198 1366 2220 ex
1391 2187 1565 2230 praedictis
1595 2186 1740 2220 ecclesiis
1774 2187 1821 2220 di-

1085 2246 1210 2273 ctorum
1242 2240 1507 2283 presbyterorum
1544 2239 1712 2272 Societatis
1750 2239 1820 2272 Iesu

1085 2293 1350 2336 quadragesimae
1380 2297 1411 2324 et
1441 2292 1510 2325 aliis
1535 2291 1739 2335 temporibus
1764 2298 1822 2326 sta-

1085 2345 1211 2378 tionum
1236 2345 1329 2378 Urbis
1356 2344 1526 2378 dominicis
1563 2349 1595 2377 et
1626 2344 1705 2378 feria
1733 2348 1820 2378 sexta

1085 2399 1199 2432 diebus
1223 2398 1441 2437 visitaverint,
1481 2398 1611 2431 easdem
1642 2408 1755 2431 omnes
1789 2403 1821 2431 et

1085 2451 1226 2495 singulas
1252 2450 1472 2493 indulgentias
1498 2451 1717 2491 concedimus,
1742 2461 1820 2494 quas

1085 2509 1366 2548 consequerentur
1390 2503 1414 2537 si
1441 2504 1595 2537 ecclesias
1616 2509 1647 2537 et
1670 2504 1818 2537 basilicas

1084 2557 1177 2589 Urbis
1212 2558 1244 2589 in
1277 2557 1391 2590 diebus
1422 2558 1598 2590 stationum
1631 2557 1818 2590 huiusmodi

1085 2611 1201 2644 devote
1227 2611 1407 2651 visitarent·,
1434 2610 1574 2655 illisque,
1601 2611 1655 2654 qui
1684 2610 1818 2652 singulis

1836 229 1885 256 An.
1902 228 1930 258 G.
1953 230 2020 258 ΓΕΒ
