2247 3208
131 229 180 255 An.
198 227 226 254 C.
248 227 316 254 ibssz'.

919 224 1106 248 ALEXANDER
1129 225 1174 248 YII
1199 224 1247 248 Pr.

324 275 527 315 stitutiones,
554 280 638 318 part.
667 285 702 308 111
729 284 800 317 cap.
826 284 888 314 xn,
915 273 929 316 ἓ
958 271 986 313 8,
1012 273 1061 305 in-

323 329 424 361 fames
458 328 688 361 declarantur:
728 338 828 371 quare
859 327 920 359 sub
953 327 1059 369 poena

322 382 513 415 manifestae
531 381 723 415 rebellionis
748 381 941 414 mandamus
961 384 1057 422 atque

320 435 542 479 praecipimus
575 446 615 468 ne
647 435 764 478 aliquis
802 434 920 466 audeat
943 431 1056 465 bibere

320 493 376 521 aut
399 488 574 521 comedere
592 488 625 520 in
648 488 775 521 civitate
801 491 856 519 aut
880 485 912 518 in
938 485 1057 517 subur-

319 540 390 582 biis,
416 551 524 584 neque
543 541 632 574 adire
655 549 895 584 quamcumque
923 538 1054 571 domum

319 605 379 637 pro
405 594 543 637 gaudi0¹
574 600 629 627 aut
654 595 757 626 coena
781 592 964 631 sumendis,
992 590 1054 623 nisi

318 653 456 689 urgente
481 646 672 690 gravissima
696 648 803 685 causa,
826 651 858 678 ct
877 644 984 678 adhuc
1002 655 1054 677 ac-

317 701 454 734 cedente
486 700 588 744 patris
619 699 739 743 prioris
773 698 923 738 licentia,
955 708 1052 741 quam

316 756 407 788 nullo
431 755 529 787 modo
556 754 739 787 concedere
765 753 865 786 debet
894 752 955 786 nisi
993 753 1052 785 ho-

315 808 417 841 nestis
443 814 475 841 et
502 808 587 841 h'ene
622 807 829 850 morigeratis
862 805 1049 849 religiosis,

315 861 445 904 quando
463 861 618 894 sciliceta
632 860 825 904 parentibus
844 861 893 893 vel
915 860 954 892 ab
972 859 1051 892 ami-

314 914 359 947 cis
384 914 639 957 particularibus
662 919 717 946 aut
740 924 757 946 a
782 912 1049 946 benefactoribus

313 973 493 1000 conventus
519 972 551 1000 et
574 966 706 1009 collegii
731 966 921 999 invitantur.

356 1030 404 1054 111.
431 1019 517 1053 Nulli
543 1021 744 1053 concedatur
760 1020 877 1052 abesse
895 1030 912 1052 a
936 1020 1048 1052 mensa

313 1073 478 1106 communi
502 1073 565 1105 nisi
599 1073 737 1106 infirmis
764 1074 814 1106 vel
845 1073 936 1106 valde
962 1072 1048 1105 seni-

311 1127 392 1166 bus;
426 1127 513 1169 quod
539 1126 566 1159 si
591 1126 712 1170 aliqui,
740 1126 925 1160 rationabili
956 1137 1048 1159 accc-

312 1179 409 1212 dente
426 1182 535 1219 causa,
559 1190 576 1212 a
595 1185 687 1222 patre
706 1180 817 1222 priore
844 1179 1065 1213 obtinuerint'

310 1231 477 1264 licentiam
495 1237 584 1264 extra
600 1232 811 1264 refectorium
837 1232 976 1276 prandio
996 1234 1046 1266 vel

311 1287 414 1317 coena
439 1284 592 1328 excipere
618 1285 746 1328 aliquos
772 1291 940 1328 parentes,
967 1287 1046 1319 ami-

309 1348 365 1370 cos
383 1338 433 1371 vel
450 1338 690 1377 benefactores,
710 1344 766 1371 aut
781 1339 908 1382 aliquos
927 1340 1044 1373 fratres

308 1391 466 1435 hospites,
484 1391 517 1424 id
541 1391 637 1424 faciat
653 1392 692 1424 ad
716 1403 850 1435 parvam
875 1393 1044 1436 hospitum

307 1445 425 1484 aulam,
441 1450 497 1477 aut
519 1444 553 1477 in
567 1443 677 1488 aliquo
696 1445 760 1478 alio
775 1447 847 1479 loco
863 1447 1041 1487 communi,

306 1506 475 1540 nunquam
505 1508 584 1531 vero
620 1497 653 1530 in
686 1498 884 1539 refectorio,
917 1500 978 1532 nec
1009 1499 1042 1532 in

306 1550 398 1583 cellis
412 1551 550 1584 fratrum
565 1562 860 1596 quorumcumque,
872 1552 938 1586 sive
957 1552 1042 1586 intra

305 1603 372 1637 sive
394 1609 485 1637 extra
509 1604 702 1638 dormitoria
728 1605 884 1646 existant3
913 1606 967 1650 qui
985 1618 1042 1640 au-

305 1662 378 1697 tem,
405 1657 469 1691 hoc
494 1663 608 1691 nostro
635 1664 746 1701 spreto
772 1659 936 1700 mandato,
963 1670 1041 1693 con-

304 1710 502 1751 trafecerint,
516 1714 624 1755 poena
644 1711 817 1745 arbitraria
834 1724 895 1757 per
911 1718 1039 1756 patrem

302 1763 449 1805 priorem
475 1764 618 1807 graviter
641 1764 808 1808 puniatur.

346 1827 389 1850 lv.
416 1817 585 1851 Secundae
605 1829 738 1851 mensae
760 1818 915 1862 invigilet,
939 1821 1037 1853 modo

302 1876 396 1913 pater
418 1871 519 1914 prior,
546 1872 644 1904 modo
665 1872 828 1915 superior,
848 1879 904 1906 aut
919 1874 1036 1917 aliquis

301 1923 383 1957 alius
409 1925 450 1957 ad
474 1925 537 1958 hoc
566 1936 684 1957 munus
718 1925 906 1968 specialiter
935 1927 1037 1970 depu-

303 1982 410 2018 tatus,
445 1983 606 2021 quatenus
637 1978 792 2021 religiose
826 1985 857 2012 et
887 1980 1035 2013 modeste

300 2031 409 2064 omnia
441 2032 563 2065 ibidem
599 2038 813 2075 peragantur.
852 2033 891 2066 Ut
926 2040 1035 2067 autem

299 2095 414 2118 onmes
433 2085 530 2118 simul
544 2091 576 2119 et
593 2087 695 2119 semel
708 2087 878 2120 absolvant
894 2087 1034 2130 primam

299 2147 455 2179 mensam,
480 2141 614 2182 peracta
638 2139 778 2172 lectione
808 2139 924 2173 Sacrae
951 2134 1035 2174 Scri-

297 2197 424 2234 pturae,
440 2197 472 2224 et
497 2191 529 2224 in
547 2192 662 2225 diebus
677 2194 808 2226 veneris
834 2195 919 2227 lecto
947 2194 1034 2238 capi-

298 2245 365 2276 tulo
391 2250 481 2278 sexto
507 2247 641 2287 regulae
667 2245 769 2278 sancti
794 2246 897 2289 patris
928 2247 1032 2280 nostri

297 2297 478 2340 Augustini,
501 2299 672 2332 claudatur
698 2300 920 2341 refectorium,
944 2302 1032 2344 quod

297 2362 334 2384 ex
350 2351 407 2384 illa
419 2352 501 2385 hora
515 2352 636 2385 nemini
655 2352 822 2396 aperiatur
835 2354 1031 2387 comedendi

296 2407 402 2445 causa,
421 2405 480 2438 sed
498 2410 649 2448 expectet
672 2407 850 2439 secundam
868 2417 1028 2448 mensam,

296 2468 379 2501 quae
415 2459 502 2492 circa
535 2458 634 2492 finem
663 2460 788 2503 primae
820 2461 1029 2504 pulsabitur,

293 2510 437 2555 sientque
463 2512 496 2545 in
522 2514 559 2546 ea
582 2513 769 2546 benedictio
795 2519 827 2546 et
850 2514 1028 2556 gratiarum

329 2627 341 2654 1
359 2626 469 2655 Videtur
481 2628 604 2663 prandio
620 2636 668 2664 pro
683 2628 790 2664 (suardio
805 2628 911 2665 legend.
925 2629 963 2664 (R.
979 2629 1027 2663 L).

1096 272 1242 305 actiones
1269 271 1353 304 sicut
1377 270 1408 303 in
1433 270 1548 314 prima,
1575 269 1645 303 sine
1671 275 1767 303 cantu
1784 275 1831 303 ta-

1094 335 1186 365 men,
1206 325 1257 358 cui
1283 335 1415 357 mensae
1435 324 1598 357 secundae
1624 324 1830 367 deputabun-

1094 383 1145 409 tur
1176 377 1316 410 ministri
1350 377 1389 410 ad
1424 377 1601 419 legendum
1633 383 1665 410 et
1688 376 1829 410 interve-

1092 429 1260 462 nienduin¹
1279 430 1363 462 sicut
1379 429 1514 473 primae,
1532 429 1563 462 in
1582 441 1645 473 qua
1669 430 1746 463 item
1760 440 1826 463 non

1090 483 1198 516 minus
1223 483 1408 517 servabitur
1428 483 1588 516 modestia
1607 494 1703 527 quam
1728 483 1828 517 silen-

1090 538 1182 570 tium.

1132 602 1162 624 v.
1189 590 1265 623 Tam
1293 591 1326 623 in
1352 591 1495 623 favorem
1514 589 1709 631 studiorum,
1728 601 1825 634 quam

1087 644 1284 688 praesertim
1321 644 1360 676 ad
1397 644 1560 676 tollendos
1599 644 1720 676 abusus
1760 644 1825 677 fur-

1088 697 1150 730 tive
1184 702 1217 729 et
1249 697 1330 730 clam
1371 696 1490 729 edendi
1525 707 1640 729 carnes
1675 701 1823 740 tempore

1087 750 1276 783 decurrenti
1294 750 1324 782 a¹²
1340 749 1516 782 festivitate
1531 749 1676 782 omnium
1694 755 1824 782 sancto-

1086 814 1158 835 rum
1175 814 1281 846 usque
1298 803 1336 836 ad
1369 803 1546 836 adventum
1564 802 1690 835 Domini
1717 804 1823 836 eccle-

1085 856 1271 897 siasticum,
1304 855 1514 899 indulgemus
1543 855 1628 899 patri
1657 856 1761 899 priori
1787 861 1823 888 ut

1084 921 1144 953 pro
1163 920 1201 943 eo
1221 915 1369 953 tempore
1388 909 1581 953 dispensare
1599 909 1703 942 valeat
1720 920 1823 952 super

1084 963 1209 996 eisdem
1230 963 1384 996 carnibus
1414 962 1559 1002 edendis,
1588 967 1821 1006 praeterquam

1084 1016 1199 1050 diebus
1218 1015 1382 1056 mercurii,
1409 1016 1529 1059 quibus
1551 1015 1636 1049 sicut
1653 1021 1686 1048 et
1703 1016 1819 1049 diebus

1082 1071 1212 1104 veneris
1236 1075 1269 1103 et
1294 1070 1420 1103 sabbati
1445 1069 1604 1103 ieiunium
1632 1069 1819 1112 rigorosum

1082 1125 1273 1158 mandamus
1292 1125 1472 1157 observari.
1492 1124 1532 1157 Ut
1549 1129 1658 1157 autem
1676 1125 1817 1158 salubris

1081 1179 1249 1212 ieiunandi
1267 1177 1453 1221 frequentia
1470 1188 1536 1211 non
1554 1178 1730 1220 minuatur,
1748 1189 1818 1212 car-

1080 1232 1171 1264 nium
1189 1236 1316 1263 tantum
1345 1241 1438 1263 esum
1466 1231 1499 1263 in
1524 1230 1656 1263 ieiuniis
1685 1230 1816 1265 Ordinis

1079 1282 1185 1315 nostri
1203 1281 1390 1321 limitamus,
1407 1282 1450 1314 ita
1464 1286 1499 1313 ut
1514 1291 1581 1314 non
1598 1281 1817 1315 interdicatur

1079 1345 1149 1368 mos
1177 1334 1273 1367 istius
1302 1334 1442 1367 civitatis
1467 1333 1662 1367 parisiensis
1696 1335 1815 1367 edendi

1079 1399 1138 1421 ova
1156 1393 1188 1421 et
1215 1387 1382 1421 lacticinia
1412 1387 1445 1419 in
1474 1387 1653 1431 praedictis
1682 1387 1814 1420 ieiuniis

1079 1452 1161 1485 quae
1179 1452 1245 1474 non
1271 1445 1451 1474 occurrunt
1480 1445 1629 1484 tempore
1654 1441 1814 1474 adventus

1078 1494 1293 1528 ecclesiastici
1312 1499 1344 1527 et
1361 1494 1630 1537 quadragesimae
1655 1505 1691 1527 ac
1714 1494 1747 1526 in
1769 1494 1815 1527 vi-

1076 1549 1153 1591 gilia
1182 1549 1285 1582 sancti
1309 1547 1412 1591 patris
1430 1548 1536 1580 nostri
1565 1547 1748 1590 Augustini,
1780 1548 1812 1580 in

1076 1602 1194 1645 quibus
1215 1601 1346 1634 ieiuniis
1376 1602 1415 1634 ab
1445 1611 1502 1634 esu
1528 1608 1663 1634 ovorum
1688 1605 1720 1633 et
1747 1601 1813 1633 lac-

1076 1655 1264 1688 ticiniorum
1282 1654 1440 1688 abstineri
1460 1655 1594 1687 omniuo
1612 1655 1762 1687 volumus
1780 1659 1809 1687 et

1073 1709 1306 1752 praecipimus.
1327 1708 1536 1741 Declaramus
1560 1707 1686 1751 pariter
1712 1708 1809 1751 quod,

1073 1763 1204 1806 quando
1222 1762 1255 1795 in
1281 1761 1571 1795 constitutionibus
1602 1761 1723 1794 nostris
1753 1761 1811 1794 ha-

1071 1816 1169 1848 betur
1194 1816 1281 1860 quod
1310 1815 1428 1859 aliquis
1463 1815 1587 1848 fructus
1625 1816 1676 1848 vel
1710 1814 1808 1848 etiam

1072 1869 1213 1903 frustum
1230 1869 1324 1913 panis
1341 1869 1374 1901 in
1392 1871 1492 1912 parva
1509 1869 1690 1912 quantitate
1713 1868 1809 1901 mini-

1071 1923 1168 1955 strari
1187 1923 1305 1955 debeat
1321 1922 1355 1954 in
1369 1921 1611 1962 collationibus,
1627 1931 1693 1954 non
1707 1921 1752 1954 ita
1765 1921 1808 1953 ri·

1071 1986 1188 2018 gorose
1207 1975 1441 2018 intelligendae
1467 1975 1533 2008 sint
1554 1980 1590 2007 ut
1618 1975 1807 2008 disiunctim

1070 2039 1170 2061 unum
1189 2030 1238 2063 vel
1256 2029 1353 2069 aliud,
1373 2029 1430 2062 sed
1455 2028 1657 2062 coniunctim
1681 2033 1807 2061 utrum—

1070 2094 1133 2126 que
1146 2083 1157 2099 ³
1174 2082 1397 2116 administrari
1419 2083 1549 2126 possint
1561 2082 1583 2115 ⁴.

1111 2147 1154 2170 γι.
1182 2136 1212 2169 Si
1238 2136 1310 2180 quis
1340 2148 1356 2169 e
1390 2137 1583 2177 refectorio,
1613 2135 1803 2176 infirmaria,

1068 2193 1197 2224 camera
1215 2189 1392 2234 hospitum,
1413 2190 1530 2231 culina,
1549 2190 1599 2223 vel
1618 2200 1655 2222 ex
1677 2189 1740 2223 alla
1757 2190 1805 2222 of-

1066 2243 1162 2277 ficina
1178 2245 1311 2287 publica
1330 2244 1485 2277 utensilia
1502 2243 1688 2277 communia
1709 2243 1804 2276 detu-·

1066 2298 1150 2338 lerit‚
1174 2297 1272 2331 etiam
1290 2307 1364 2330 cum
1388 2297 1496 2330 animo
1518 2296 1720 2340 reportandi,
1741 2306 1802 2340 pro

1101 2406 1109 2432 l
1135 2403 1225 2431 Potius
1244 2403 1302 2439 lege
1316 2404 1526 2433 inserviendum
1541 2411 1590 2439 pro
1605 2402 1800 2431 intervenien-

1063 2449 1133 2476 dum
1152 2452 1189 2481 (R.
1210 2449 1258 2482 T.).

1097 2494 1113 2520 2
1134 2493 1203 2520 Edit.
1218 2493 1297 2520 Main.
1314 2493 1378 2529 legit
1392 2502 1406 2520 e
1425 2501 1474 2529 pro
1489 2502 1506 2520 α
1521 2496 1558 2526 (R.
1575 2495 1623 2526 T.).

1097 2540 1113 2567 3
1127 2538 1211 2573 Male,
1234 2543 1264 2565 ut
1280 2543 1342 2573 puto
1354 2561 1360 2572 ,
1382 2538 1445 2566 edit.
1463 2536 1541 2565 Main.
1563 2537 1626 2573 legit
1646 2538 1798 2572 utcumque

1062 2592 1110 2618 pro
1127 2586 1279 2618 utrumque
1294 2584 1333 2617 (n.
1350 2583 1399 2617 Τ.).

1096 2629 1111 2656 4
1128 2628 1219 2657 Potius
1234 2627 1293 2664 lege
1306 2629 1397 2663 possit
1412 2628 1451 2664 (n.
1468 2628 1516 2664 T.).

1757 212 1799 245 37
1847 222 1894 247 An.
1912 220 1939 247 c.
1962 219 2031 247 1062
