2247 3208
154 231 204 256 Αη,
221 230 250 257 C.
272 230 336 257 1664

941 224 1129 248 ALEXANDER
1152 224 1196 248 vu
1222 225 1270 247 PP.

390 286 440 309 xv.
468 275 546 308 Item
580 275 744 307 decretum
780 275 836 307 suit
871 274 956 317 quod
992 273 1079 305 inille

345 389 514 415 remanent
533 392 633 424 penes
656 388 764 424 patres
787 381 1000 413 [list-alceatos
1025 380 1081 411 Or-

347 435 431 467 dinis
469 435 569 465 saneti
609 434 774 473 Augustini
812 432 1080 473 Coum-egationis

344 486 509 522 Franciae,
525 495 551 517 1-1
570 497 660 528 qua-¹,
674 486 758 517 iaxta
771 485 1016 527 dispositionem
1037 483 1081 515 lit-

346 545 487 571 teraruui
503 540 756 582 apostoli-:arum
771 537 968 569 sanartissiiui
985 537 1081 568 donii-

345 592 376 624 ni
392 592 493 624 nostri
520 592 774 634 superressmue
793 590 926 632 praefati
945 599 1081 622 eonven-

345 650 395 677 tus
412 645 443 677 S.
464 644 585 677 Nicolai
601 645 639 676 de
662 644 757 682 Brou,
775 643 949 676 solvendae
972 648 1046 673 sunt
1063 652 1080 673 a

345 698 440 731 dictis
462 697 608 740 patribus
628 695 857 737 Discalceatis),
876 706 946 727 eum
964 695 1001 727 ad
1020 705 1081 727 ma-

343 760 402 782 nus
428 755 459 782 et
484 749 689 784 commodum
715 749 819 782 dictae
845 754 974 780 nostrae
1000 747 1081 780 Con-

344 801 543 844 gregationis
570 801 788 843 pervenerint,
808 806 884 832 tuno
903 800 1081 832 investien-

345 855 404 888 dae
429 854 494 886 sint
518 854 551 886 in
579 859 625 886 tot
648 853 728 886 locis
753 853 913 886 montium
938 863 1002 889 non
1028 864 1081 886 va-

343 907 497 941 cabilium
534 907 698 940 Romanae
723 907 836 940 Curiae
861 907 1078 945 cameralium,

342 970 397 993 seu
422 960 701 1000 communitatum,
719 960 757 992 ad
775 960 917 992 savorem
934 959 1080 992 eiusdem

342 1013 611 1056 Congregationis
637 1012 758 1047 eisdem
784 1013 882 1045 modo
907 1018 939 1045 et
964 1013 1078 1052 forma,

343 1072 407 1100 tam
432 1067 539 1110 quoad
577 1072 699 1099 sortem
735 1066 933 1109 praedictam
951 1093 958 1106 ‚
985 1076 1078 1108 quam

344 1120 452 1163 quoad
478 1120 601 1152 fructus
629 1125 660 1152 et
691 1119 774 1159 alia,
807 1119 839 1151 in
874 1119 1025 1151 omnibus
1052 1124 1082 1151 et

344 1182 405 1215 per
423 1172 532 1204 omnia
551 1177 585 1203 ut
602 1182 701 1214 supra
719 1171 839 1204 dietum
857 1176 905 1203 est
922 1171 961 1204 de
980 1171 1080 1203 scutis

343 1230 484 1267 quatuor
507 1224 652 1257 millibus
671 1224 884 1256 investiendis
910 1234 947 1256 ex
973 1224 1080 1266 duplis

343 1277 432 1310 mille
458 1282 489 1309 et
511 1277 695 1320 quingentis
713 1276 862 1309 retractis
881 1286 918 1308 ex
936 1276 1080 1309 cessione

343 1329 480 1372 praefati
515 1334 693 1362 conventus
720 1328 750 1360 S.
778 1328 901 1360 Nicolai
927 1333 959 1361 et
982 1329 1082 1371 depo-

345 1381 415 1414 sitis
441 1381 590 1421 Taurini,
617 1386 649 1414 et
680 1381 718 1414 de
754 1381 908 1413 fructibus
941 1380 1080 1414 subinde

343 1435 574 1478 percipiendis.

386 1499 449 1521 xvi.
477 1488 637 1521 statutum
662 1494 692 1521 et
713 1488 881 1521 decretum
906 1488 965 1520 suit
993 1489 1079 1531 quod

344 1542 377 1575 in
402 1542 547 1573 futurum
573 1543 612 1574 ad
637 1542 815 1584 capitulum
839 1543 989 1584 generale
1006 1552 1081 1574 con-

344 1593 456 1626 venire
492 1594 634 1626 debeant
671 1599 796 1627 tantuin
821 1599 915 1637 pater
944 1594 1080 1627 vicarius

344 1647 507 1688 generalis
533 1647 687 1686 actualis⁷
715 1652 824 1689 patres
848 1647 957 1679 vicarii
984 1657 1083 1689 gene-

344 1701 428 1733 rales
455 1701 610 1739 absoluti,
638 1704 747 1742 patres
773 1699 961 1733 definitores
986 1706 1016 1732 et
1038 1700 1082 1732 vi-

344 1753 496 1785 sitatores
522 1754 675 1792 actuales,
701 1758 796 1796 pater
816 1759 1008 1795 procurator
1028 1764 1083 1796 ge-

346 1806 478 1845 neralis,
505 1811 600 1848 pater
624 1806 739 1845 socius,
766 1815 823 1837 seu
847 1806 966 1846 scriba,
992 1812 1083 1849 pater

345 1857 482 1890 vicarius
501 1858 661 1900 generalis
676 1858 819 1898 actualis,
833 1864 924 1901 pater
944 1864 1083 1891 secreta-

346 1911 412 1944 rius
438 1911 716 1954 Congregationis,
742 1911 817 1944 lieet
841 1911 919 1944 alias
945 1911 977 1944 in
998 1912 1084 1954 capi-

347 1967 413 1998 tulo
439 1965 582 2007 generali
600 1974 711 1998 vocem
728 1975 794 1997 non
813 1965 956 2005 liaberet,
977 1970 1008 1997 et
1027 1975 1084 2008 pa-

347 2023 410 2050 tres
437 2018 560 2060 priores
583 2019 736 2057 actuales,
763 2023 794 2051 et
818 2017 871 2060 qui
896 2018 983 2050 iuxta
1008 2017 1085 2050 defi-

347 2071 504 2104 nitionem
528 2081 585 2103 xm
611 2071 742 2113 capituli
776 2071 939 2112 generalis
964 2070 1083 2103 Romae

348 2124 502 2156 celebrati
529 2133 613 2155 anno
637 2132 775 2156 alnetx‘le
799 2129 906 2155 votum
937 2124 1085 2156 obtinue-

348 2175 424 2215 rint',
452 2175 587 2208 exclusis
611 2175 758 2218 patribus
784 2175 946 2218 prioribus
972 2187 1085 2208 vacan-

349 2228 436 2260 tibus
461 2233 492 2260 et.
515 2228 663 2271 patribus
697 2228 844 2261 diseretis
875 2239 911 2261 ex
938 2228 1086 2271 gravissi-

348 2281 408 2313 mis
428 2280 532 2313 causis
567 2281 599 2312 in
636 2281 818 2313 delinitorio
851 2281 1028 2324 propositis
1054 2287 1085 2314 et

349 2335 446 2376 plene
472 2333 637 2373 discussis;
664 2340 827 2367 reservato
856 2339 963 2367 tamen
987 2336 1086 2368 bene-

350 2387 468 2430 placito
492 2386 582 2419 Sedis
607 2387 823 2429 Apostolicae‚
852 2392 883 2420 et
906 2397 972 2420 non
997 2389 1084 2429 alias,

351 2441 458 2480 aliter,
485 2450 545 2473 nec
570 2440 633 2472 alio
658 2440 766 2473 niodo.

394 2503 472 2526 xvn.
499 2493 659 2526 Statutum
685 2493 745 2525 fuit
774 2493 861 2536 quod
885 2493 917 2525 in
944 2493 1086 2526 futurum

351 2551 461 2589 patres
486 2556 601 2579 omnes
623 2546 734 2578 vicarii
753 2546 922 2588 generales
948 2546 1085 2579 absoluti

352 2599 479 2643 ingredi
503 2600 631 2644 possint
657 2599 840 2633 definitoria
865 2605 930 2635 tam
945 2599 1086 2647 &capituli

1126 325 1350 365 traordiuaria,
1378 336 1448 357 cuni
1477 332 1550 358 voto
1576 329 1637 358 unzi
1666 337 1735 358 eum
1762 327 1861 370 patri-

1124 378 1184 409 bus
1211 378 1331 409 vicario
1356 379 1500 417 generali
1527 390 1584 421 pro
1611 385 1775 422 tempore,
1803 391 1859 412 seu

1123 429 1242 461 vicario
1268 431 1411 471 generali
1438 431 1587 463 absoluto
1615 433 1803 475 respe‹·tive,
1829 440 1856 466 el

1124 488 1264 523 quatuor
1289 483 1434 524 patribus
1460 483 1699 523 definitoribus,
1727 491 1757 517 et
1784 497 1861 529 qua-

1125 540 1198 566 tuor
1214 534 1432 567 visitatoribus
1450 536 1573 575 electis,
1593 547 1648 569 seu
1667 539 1858 579 subrogatis,

1124 599 1196 620 eum
1212 589 1437 631 praerogativa
1452 595 1558 622 [anien
1573 601 1637 623 non
1656 593 1757 624 solum
1771 604 1860 635 prae-

1124 642 1293 674 cedentiae
1321 648 1469 685 respectu
1497 643 1704 677 definitorum
1730 651 1760 678 et
1784 646 1860 678 visi-

1124 699 1264 727 tatorum
1279 695 1528 737 praedictorum,
1540 707 1649 729 verum
1665 698 1759 730 etiam
1774 709 1861 741 prae-

1123 747 1281 780 sidentiae
1308 748 1339 780 in
1364 749 1510 788 casibus,
1536 750 1569 781 in
1595 750 1709 793 quibus
1742 751 1861 794 praesi-

1124 801 1233 833 dentia
1257 802 1334 834 alias
1361 807 1540 845 spectasset
1559 803 1597 835 ad
1620 803 1761 846 primum
1784 804 1861 837 deti-

1123 853 1282 887 nitorem:
1307 854 1368 888 hoe
1399 860 1504 887 tamen
1538 855 1652 888 ordine
1678 861 1708 889 et
1738 857 1835 889 modo
1852 883 1859 896 ,

1122 912 1165 947 ut,
1185 907 1269 940 inter
1289 908 1399 950 plures
1419 908 1558 941 vicarios
1580 910 1750 950 generales
1768 909 1861 942 abso-

1124 960 1219 999 lutos,
1238 960 1284 992 illi
1306 960 1527 1003 praesidentia
1551 967 1721 1004 competat,
1750 962 1804 1005 qui
1831 973 1862 995 a-

1124 1013 1182 1045 lias
1207 1014 1447 1056 praesidentiae
1468 1024 1581 1046 munus
1600 1024 1664 1046 non
1682 1015 1811 1054 obierit;
1831 1020 1863 1047 et

1124 1066 1208 1098 inter
1232 1066 1342 1108 plures
1360 1093 1367 1106 ,
1394 1066 1449 1108 qui
1480 1067 1595 1099 eodem
1621 1067 1861 1109 praesidentiae

1124 1128 1257 1151 munere
1284 1119 1382 1151 suncti
1408 1129 1473 1152 non
1500 1119 1629 1159 suerint,
1649 1120 1676 1152 is
1701 1121 1864 1164 praetera<

1125 1177 1188 1212 tur,
1216 1171 1268 1214 qui
1288 1176 1362 1204 ante
1381 1172 1462 1204 alios
1479 1181 1594 1205 munus
1617 1173 1788 1206 vicariatus
1807 1184 1862 1216 ge-

1124 1224 1245 1256 neralis
1269 1224 1513 1266 adimpleverit3
1534 1230 1566 1257 et
1591 1225 1617 1257 si
1643 1235 1755 1258 omnes
1779 1226 1862 1258 vica-

1124 1276 1162 1308 rii
1188 1278 1358 1318 generales
1374 1277 1516 1309 absoluti
1538 1278 1708 1320 praedicto
1727 1289 1860 1311 munere

1124 1329 1364 1372 praesidentiae
1389 1330 1564 1372 aliquando
1590 1330 1691 1363 suncti
1717 1331 1860 1371 suerint,

1124 1387 1199 1414 tune
1223 1382 1307 1415 inter
1331 1382 1405 1415 illos
1438 1393 1497 1425 per
1529 1383 1685 1416 circulum
1714 1384 1740 1416 is
1771 1394 1864 1427 prae-

1124 1435 1231 1467 sidere
1256 1435 1384 1476 debeat,
1411 1435 1464 1478 qui
1489 1436 1580 1478 prius
1598 1436 1707 1469 vicarii
1726 1447 1863 1479 genera-

1124 1488 1162 1521 lis
1189 1488 1329 1521 officium
1355 1489 1554 1529 exercuerit3
1583 1495 1614 1522 et
1631 1490 1812 1522 successive
1830 1489 1861 1529 ii,

1125 1542 1179 1584 qui
1205 1547 1317 1584 postea
1342 1542 1458 1574 eodem
1475 1541 1581 1575 officio
1604 1542 1704 1575 suncti
1731 1542 1863 1581 suerint,

1124 1605 1189 1628 non
1210 1600 1427 1627 concurrente
1454 1599 1562 1627 tamen
1581 1595 1643 1628 alio
1670 1595 1722 1638 qui
1748 1605 1863 1628 munus

1125 1648 1228 1681 dietae
1253 1647 1493 1690 praesidentiae
1520 1658 1683 1691 nunquam
1708 1649 1863 1691 impleve-

1124 1700 1174 1739 rit,
1195 1701 1249 1743 qui
1274 1711 1407 1744 semper
1430 1702 1634 1744 praeferatur
1658 1701 1696 1734 iis
1727 1701 1780 1744 qui
1807 1702 1863 1734 ali-

1125 1754 1254 1797 quando
1284 1754 1431 1797 praesato
1457 1764 1592 1786 munere
1623 1753 1863 1797 praesidentiae

1126 1806 1225 1838 suncti
1251 1806 1388 1839 suerint:
1425 1807 1512 1849 quod
1545 1806 1656 1839 vicarii
1693 1808 1863 1849 generales

1125 1859 1262 1894 absoluti
1298 1859 1496 1901 ineligibiles
1527 1859 1592 1891 sint
1628 1864 1660 1892 et
1691 1859 1862 1901 incapaces

1126 1910 1220 1944 oss‘ieii
1247 1910 1455 1944 definitorum
1481 1911 1682 1955 generalium
1708 1917 1739 1944 et
1756 1911 1864 1944 visita-

1126 1969 1231 1997 torum
1257 1965 1466 2007 generalium,
1482 1970 1523 2005 et‚
1550 1965 1727 1997 dummodo
1745 1975 1781 1997 ex
1799 1975 1865 1997 om-

1126 2018 1230 2058 nibus,
1254 2018 1318 2060 qui,
1346 2022 1380 2049 ut
1405 2027 1513 2060 supra,
1538 2017 1586 2049 ius
1611 2018 1733 2050 habent
1756 2018 1864 2060 ingre-

1127 2069 1235 2103 diendi
1262 2068 1482 2102 definitorium
1499 2097 1506 2110 ,
1532 2080 1646 2102 novem
1673 2075 1863 2114 praesentes

1126 2122 1208 2163 sint,
1234 2121 1457 2165 subrogationi
1491 2123 1559 2155 vice
1591 2121 1775 2155 absentium
1807 2133 1864 2155 seu

1127 2175 1346 2209 deficientium
1371 2177 1461 2208 loeus
1480 2186 1545 2208 non
1563 2176 1614 2215 sit;
1633 2180 1799 2208 reservato
1820 2180 1865 2208 ta-

1126 2238 1201 2260 men
1221 2229 1428 2271 beneplacito
1443 2228 1631 2271 apostolico,
1647 2234 1678 2261 et
1694 2238 1760 2261 non
1776 2226 1862 2268 alias,

1127 2281 1230 2322 aliter,
1256 2292 1316 2314 nee
1341 2281 1403 2314 alio
1429 2281 1537 2314 modo.

1170 2345 1258 2367 xviii.
1286 2334 1457 2367 Decretum
1482 2334 1540 2366 suit
1564 2335 1652 2377 quod
1684 2344 1743 2377 pro
1775 2334 1863 2367 bono

1128 2387 1393 2429 Congregatiouis
1410 2393 1442 2419 et
1455 2386 1593 2419 feliciori
1614 2387 1793 2420 directione
1808 2398 1865 2429 gu-

1128 2440 1234 2472 bernii
1259 2440 1345 2472 illius
1370 2440 1402 2472 in
1428 2441 1571 2472 futurum
1595 2445 1705 2483 patres
1730 2449 1861 2482 omnes,

1129 2493 1182 2536 qui
1207 2493 1255 2525 ius
1280 2493 1403 2525 liabent
1422 2493 1627 2536 ingrediendi
1644 2492 1865 2526 definitorium

1129 2546 1261 2589 capituli
1287 2547 1468 2588 generalis,
1495 2545 1690 2579 conveniant
1715 2547 1754 2579 ad
1780 2547 1864 2578 cele-

1129 2599 1312 2633 brationem
1347 2599 1492 2634 eiusdem
1527 2598 1704 2633 definitorii
1733 2608 1791 2639 pro
1816 2609 1865 2632 se-

1768 217 1831 250 2293
1878 228 1965 254 Aac.
1991 228 2051 255 1661

1102 275 1105 281 ’
1125 272 1287 313 generalis
1313 282 1405 314 quain
1425 272 1542 311 dietae,
1564 278 1592 305 et
1612 274 1674 306 alia
1692 274 1787 307 etiam
1809 286 1861 307 ex-

348 330 465 372 duplae
487 340 603 361 aureae
623 328 848 371 llisijmniarum
869 328 962 370 (quae
984 327 1080 359 hodie
1102 321 1103 327 ¹
