2247 3208
228 248 278 274 Λη.
296 247 324 274 c.
347 247 414 275 1⁶68
461 238 524 272 738

270 839 299 859 De
317 838 413 868 ecclesiis

230 872 347 890 suppresms
365 871 413 891 pro-

231 894 295 912 vitiet.

310 1841 421 1871 clausulae

236 1872 410 1896 praeservativae

422 296 566 340 ipsorum
591 294 729 336 singulis
754 303 812 336 pro
839 292 1011 332 alimentis,
1033 291 1158 325 clericis

423 349 554 392 quidem
568 347 601 379 in
617 348 742 379 summa
759 346 971 389 quadraginta
994 349 1159 378 scutorum

422 406 572 434 monetae
594 410 755 438 romanae,
783 399 871 432 laicis
895 408 981 438 vero,
1007 407 1063 430 seu
1084 408 1160 431 eon-

421 453 522 486 versis
538 479 545 493 ,
573 452 604 485 in
630 453 753 484 summa
777 452 890 494 viginti
915 457 1081 484 scutorum
1105 462 1160 494 pa-

422 507 515 545 rium,
541 506 633 538 annis
658 506 803 550 singulis,
823 505 928 538 donec
947 504 1087 537 vixerint
1104 515 1160 537 seu

421 559 552 592 aliunde
578 558 774 591 sufficienter
791 558 837 590 eis
862 557 1026 601 provisum
1050 557 1156 597 suerit,

422 622 522 654 super
558 611 651 644 certis
675 610 769 644 bonis
799 615 854 643 aut
878 610 1057 643 redditibus
1084 621 1160 643 con-

423 664 650 708 gregationum
687 673 933 706 suppressarum
974 663 1159 695 huiusmodi

423 717 604 761 respective
630 725 688 760 per
712 717 843 750 eosdem
869 716 1054 749 Ordinarios
1086 716 1161 748 assi-

425 771 563 814 gnanda,
591 770 761 803 tribuimus
786 775 818 803 et
843 770 1055 813 impartimur.

468 824 482 866 ᾗ
500 824 530 856 4.
551 824 726 863 Postremo,
745 833 785 856 ne
804 824 957 856 ecclesiae
976 823 1161 855 earumdem

424 876 713 919 congregationum
727 886 972 919 suppressarum
988 875 1096 908 debito
1111 875 1162 907 de-

426 930 596 963 stituantur
621 929 763 969 servitio,
783 930 840 962 sed
861 934 965 961 sartae
988 933 1090 961 tectae
1109 938 1161 960 cu-

425 983 615 1022 stodiantur,
629 982 802 1026 praedictis
813 981 988 1015 Ordinariis
1002 982 1159 1020 locorum,

427 1037 458 1069 in
484 1036 601 1080 quibus
620 1035 772 1068 ecclesiae
793 1035 882 1078 ipsae
901 1026 975 1067 sunt
991 1034 1080 1074 sitae,
1102 1044 1162 1077 per

426 1094 613 1133 praesentes
639 1087 869 1121 committimus
896 1092 926 1120 et
954 1087 1158 1126 mandamus,

425 1148 459 1174 ut
476 1142 682 1185 cappellanos
701 1141 856 1184 deputent
873 1151 945 1172 curn
966 1139 1161 1182 competenti

426 1194 575 1227 mercede
601 1194 697 1227 etiam
722 1204 819 1236 super
845 1204 878 1226 re
903 1195 988 1225 certa
1008 1192 1162 1225 debonis

426 1247 598 1291 praedictis
624 1247 829 1289 assignanda,
855 1256 912 1289 per
944 1256 1025 1289 quos
1055 1246 1163 1278 missis

428 1306 459 1333 et
484 1301 554 1333 aliis
580 1300 733 1333 oneribus
752 1299 892 1339 satisfiat,
911 1310 945 1331 ac
966 1298 1044 1342 ipsis
1062 1299 1164 1332 eccle-

432 1353 482 1386 siis
508 1353 634 1386 debitus
661 1354 763 1385 cultus
790 1358 820 1385 et
844 1353 1008 1385 veneratio
1034 1362 1164 1385 conser-

428 1412 538 1446 vetur,
555 1412 653 1449 utque
676 1406 750 1438 dicti
770 1405 930 1439 Ordinarii
948 1405 1163 1438 inventarium

432 1471 494 1493 tam
520 1470 627 1492 sacrae
654 1470 750 1502 quam
774 1459 929 1502 profanae
955 1458 1163 1502 supellectilis

428 1514 467 1546 ad
485 1513 753 1555 congregationes
772 1522 960 1555 suppressas
979 1511 1163 1543 huiusmodi

428 1566 605 1610 respective
622 1565 798 1608 spectantis
815 1569 962 1597 accurate
983 1564 1162 1604 conficiant,

429 1629 465 1651 ac
489 1618 680 1662 provideant
705 1628 745 1650 ne
771 1628 787 1649 a
812 1627 971 1660 quoquam
997 1616 1162 1655 occultari,

429 1671 579 1714 occupari
599 1676 652 1703 aut
669 1670 743 1703 inde
761 1669 900 1703 amoveri
916 1670 1077 1702 ullatenus
1094 1680 1166 1712 pos-

430 1725 481 1765 sit,
501 1724 564 1756 nisi
582 1729 614 1756 et
633 1723 736 1756 donec
754 1734 771 1755 a
789 1723 883 1756 nobis
901 1733 956 1755 seu
973 1722 1054 1755 Sede
1075 1733 1166 1765 prae-

432 1778 515 1811 dicta
540 1777 632 1811 aliter
657 1776 874 1820 provideatur.

476 1832 490 1874 ἓ
515 1830 546 1862 5.
573 1830 793 1862 Decernentes
818 1829 947 1862 easdem
979 1833 1167 1872 praesentes

432 1884 558 1918 litteras
585 1884 680 1920 etiam
705 1894 741 1916 ex
767 1893 804 1916 eo
830 1883 915 1926 quod
936 1882 1120 1926 superiores
1138 1887 1170 1914 et

433 1938 487 1971 alii
506 1938 652 1971 canonici
675 1942 707 1970 et
726 1938 840 1970 fratres
862 1947 915 1969 seu
933 1936 1078 1978 religiosi
1099 1946 1170 1968 con-

433 1992 658 2034 gregationum
673 2000 922 2034 suppressarum
939 1990 1167 2033 praefatarum,

435 2050 466 2077 et
491 2044 590 2077 ceteri
623 2044 816 2087 quicumque
848 2042 881 2074 in
914 2042 1097 2085 praemissis
1122 2042 1170 2074 in-

435 2103 555 2131 teresse
574 2097 740 2136 habentes,
755 2106 811 2128 seu
830 2095 950 2128 habere
971 2095 1172 2139 quomodoli-

438 2151 492 2183 bet
504 2149 764 2193 praetendentes
782 2148 846 2181 illis
859 2158 925 2181 non
939 2148 1171 2188 consenserint,

437 2213 496 2236 nec
518 2203 557 2235 ad
575 2213 611 2235 ea
629 2201 728 2234 vocati
751 2206 782 2234 et
799 2201 907 2241 auditi,
923 2211 1030 2244 neque
1049 2211 1172 2241 causae,

437 2261 570 2299 propter
587 2265 666 2298 quas
685 2254 819 2287 eaedem
835 2259 1022 2297 praesentes
1045 2263 1174 2286 emana-

438 2313 523 2348 runt,
538 2308 705 2347 adductae,
716 2306 906 2347 verificatae,
920 2311 974 2339 aut
986 2306 1173 2339 iustificatae

436 2362 598 2394 ullatenus
616 2360 742 2401 suerint,
766 2361 853 2393 nullo
871 2370 1012 2403 unquam
1030 2365 1175 2403 tempore

438 2414 477 2446 de
503 2413 722 2456 subreptionis
748 2414 797 2445 vel
828 2411 1047 2455 obreptionis,
1079 2411 1176 2444 nulli-

438 2465 512 2498 tatis
546 2471 597 2498 aut
631 2465 840 2498 invaliditatis
863 2464 958 2504 vitio,
984 2475 1041 2496 seu
1071 2464 1176 2496 inten-

439 2519 536 2552 tionis
561 2524 692 2551 nostrae
719 2523 772 2551 aut
797 2518 860 2551 alio
886 2517 997 2562 quovis
1024 2517 1173 2557 defectu,

440 2573 535 2606 etiam
564 2571 767 2615 quantumvis
799 2581 926 2614 magno,
958 2571 1175 2613 inexcogitato

441 2632 473 2661 et
497 2625 710 2667 substantiali,
736 2625 799 2658 sive
825 2625 920 2658 etiam
951 2635 988 2658 ex
1021 2634 1058 2657 eo
1091 2624 1177 2667 quod

1005 244 1185 268 BULLARIUM
1208 244 1360 268 ROMANUM

1201 290 1234 323 in
1270 291 1394 325 eisdem
1428 294 1615 336 praemissis
1648 295 1869 328 solemnitates
1906 299 1939 328 et

1202 344 1331 387 quaevis
1357 344 1419 377 alia
1450 347 1607 379 servanda
1640 353 1669 380 et
1703 348 1934 391 adimplenda,

1202 403 1324 430 servata
1349 402 1380 430 et
1404 398 1577 441 adimpleta
1611 410 1675 432 non
1715 401 1854 441 suerint,
1887 403 1935 435 vel

1203 460 1241 482 ex
1273 460 1477 494 quocumque
1511 451 1573 484 alio
1607 453 1712 495 capite
1740 464 1758 485 a
1788 453 1855 486 iure
1887 455 1937 487 vel

1203 502 1286 535 sacto
1311 508 1365 535 aut
1377 508 1494 536 statuto
1512 504 1560 536 vel
1579 505 1813 538 consuetudine
1832 506 1939 549 aliqua

1203 557 1390 596 resultante,
1405 556 1501 589 etiam
1515 557 1547 589 in
1566 568 1703 600 corpore
1722 558 1800 591 iuris
1817 560 1938 601 clauso,

1203 608 1267 641 sive
1279 608 1374 641 etiam
1385 609 1537 649 enormis,
1553 609 1796 643 enormissimae
1813 617 1841 643 et
1860 616 1939 644 tota-

1203 661 1241 693 lis
1267 660 1432 701 laesionis‚
1461 666 1492 694 et
1516 661 1628 704 quovis
1654 662 1717 695 alio
1742 668 1936 705 praetextu,

1204 714 1373 747 occasione
1399 715 1446 747 vel
1474 717 1588 755 causa,
1616 715 1709 747 etiam
1737 719 1939 759 quantumvis

1203 766 1291 806 iusta,
1319 767 1500 800 rationabili
1527 773 1558 800 et
1591 768 1807 811 privilegiata,
1842 769 1939 803 etiam

1204 820 1267 859 tali,
1294 831 1373 863 quae
1398 821 1437 853 ad
1471 819 1616 853 effectum
1644 821 1816 854 validitatis
1846 833 1940 865 prae-

1204 873 1372 906 missorum
1404 874 1585 906 necessario
1611 875 1822 918 exprimenda
1847 876 1938 915 soret,

1204 924 1357 957 notariet
1378 926 1578 969 impugnari,
1605 926 1792 966 invalidari,
1821 932 1941 960 retrac-

1204 978 1275 1019 tari,
1297 978 1329 1011 in
1355 979 1402 1011 ius
1429 981 1478 1012 vel
1505 981 1757 1013 controversiam
1779 981 1940 1019 revocari,

1205 1037 1258 1064 aut
1282 1032 1320 1064 ad
1346 1032 1499 1065 terminos
1518 1033 1596 1065 iuris
1617 1033 1741 1074 reduci,
1768 1034 1817 1066 vel
1836 1033 1941 1066 adver-

1205 1095 1260 1117 sus
1285 1084 1357 1117 illas
1383 1085 1594 1117 restitutionis
1620 1085 1651 1118 in
1676 1085 1850 1128 integrum,
1871 1096 1942 1129 ape-

1206 1137 1333 1170 ritionis
1358 1136 1448 1178 oris,
1483 1138 1680 1170 reductionis
1716 1138 1754 1170 ad
1791 1138 1874 1170 viam
1911 1143 1942 1171 et

1204 1191 1360 1223 terminos
1383 1190 1473 1230 iuris,
1509 1191 1581 1223 sacti
1609 1192 1656 1223 vel
1690 1191 1810 1234 gratiae
1839 1201 1942 1224 reme-

1206 1243 1292 1276 dium
1317 1243 1494 1287 impetrari‚
1519 1254 1577 1276 seu
1604 1244 1848 1289 quomod-olibet
1871 1254 1943 1276 con-

1207 1307 1295 1330 cesso
1330 1303 1384 1330 aut
1408 1297 1580 1340 impetrato
1602 1297 1787 1340 quempiam
1811 1297 1859 1329 uti
1884 1308 1941 1330 seu

1207 1360 1241 1382 se
1266 1350 1376 1382 iuvare
1411 1360 1522 1392 posse,
1552 1350 1609 1383 sed
1638 1350 1724 1393 ipsas
1749 1355 1941 1393 praesentes

1206 1403 1333 1436 litteras
1360 1413 1488 1446 semper
1511 1402 1640 1443 firmas,
1664 1403 1786 1436 validas
1811 1408 1841 1436 et
1874 1403 1941 1436 effi·

1206 1466 1298 1488 caces
1318 1456 1455 1488 existere
1474 1462 1504 1489 et
1522 1456 1600 1497 fore,
1619 1467 1758 1500 suosque
1776 1456 1942 1499 plenarios

1207 1514 1238 1541 et
1261 1508 1408 1551 integros
1435 1508 1564 1541 ess'ectus
1590 1509 1700 1542 sortiri
1727 1514 1759 1542 et
1782 1509 1942 1549 obtinere,

1207 1571 1243 1594 ac
1261 1562 1300 1594 ab
1319 1561 1468 1594 omnibus
1483 1567 1513 1594 et
1531 1562 1678 1604 singulis,
1698 1562 1737 1594 ad
1755 1573 1836 1605 quos
1851 1572 1944 1605 spec-

1208 1620 1253 1647 tat
1278 1620 1308 1648 et
1332 1615 1579 1658 quomodolibet
1610 1615 1769 1658 spectabit
1794 1616 1825 1648 in
1859 1616 1943 1648 sutu-

1208 1679 1288 1707 rum,
1315 1668 1546 1701 inviolabiliter
1571 1669 1752 1710 observari,

1252 1722 1266 1765 ἓ
1292 1721 1322 1754 6.
1351 1721 1467 1764 sicque
1496 1727 1527 1754 et
1556 1732 1621 1754 non
1654 1721 1748 1755 aliter
1782 1722 1815 1755 in
1852 1732 1946 1765 prae-
1978 1731 2140 1752 ciausuiasub-

1957 1757 2004 1778 latii.

1209 1774 1315 1807 missis
1347 1775 1495 1807 omnibus
1526 1779 1557 1807 et
1587 1775 1722 1817 singulis
1762 1785 1822 1818 per
1855 1785 1947 1818 quos·

1209 1837 1347 1870 cumque
1371 1827 1496 1860 iudices
1518 1828 1700 1861 ordinarios
1717 1833 1749 1861 et
1768 1829 1946 1871 delegatos,

1210 1880 1305 1913 etiam
1329 1890 1500 1913 causarum
1525 1880 1636 1923 palatii
1661 1881 1832 1924 apostolici
1857 1880 1947 1914 audi-

1212 1937 1318 1973 tores,
1351 1943 1388 1965 ac
1423 1938 1553 1966 sanctae
1586 1933 1751 1966 Romanae
1782 1933 1946 1967 Ecclesiae

1211 1985 1410 2025 cardinales,
1437 1985 1534 2018 etiam
1559 1986 1598 2018 de
1622 1987 1722 2019 latere
1759 1988 1881 2029 legatos
1916 1992 1948 2019 et

1213 2038 1316 2071 dictae
1341 2038 1432 2071 Sedis
1458 2038 1607 2079 nuncios,
1638 2039 1757 2071 aliosve
1787 2039 1948 2081 quoslibet

1213 2102 1413 2135 quacumque
1445 2091 1702 2135 praeeminentia
1734 2096 1765 2124 et
1788 2097 1947 2134 potestate

1214 2145 1385 2188 fungentes
1405 2149 1436 2177 et
1461 2145 1636 2185 iuncturos,
1658 2145 1690 2176 in
1715 2144 1823 2187 quavis
1855 2147 1950 2177 causa

1215 2203 1247 2230 et
1268 2197 1429 2238 instantia,
1454 2198 1579 2230 sublata
1604 2197 1649 2229 eis
1679 2202 1710 2230 et
1740 2207 1854 2230 eorum
1885 2196 1950 2229 cui-

1215 2251 1295 2284 libet
1320 2250 1431 2294 quavis
1450 2250 1543 2283 aliter
1560 2250 1723 2283 iudicandi
1743 2255 1775 2283 et
1794 2250 1952 2294 interpre-

1217 2304 1305 2337 tandi
1325 2304 1475 2337 facultate
1496 2309 1528 2336 ct
1544 2303 1745 2343 auctoritate,
1764 2303 1899 2337 iudicari
1921 2308 1954 2336 et

1217 2357 1343 2391 definiri
1370 2358 1499 2396 debere,
1525 2368 1561 2389 ac
1591 2356 1718 2388 irritum
1744 2362 1775 2390 et
1802 2356 1898 2388 inane
1926 2356 1951 2388 si

1218 2410 1293 2454 quid
1319 2420 1412 2443 secus
1434 2420 1531 2453 super
1549 2409 1598 2441 his
1619 2420 1636 2441 a
1654 2419 1827 2452 quoquam,
1843 2407 1952 2452 quavis

1217 2462 1419 2503 auctoritate,
1435 2462 1575 2495 scienter
1590 2463 1639 2494 vel
1658 2461 1858 2504 ignoranter,
1881 2470 1952 2493 con-

1218 2516 1327 2559 tigerit
1351 2515 1514 2547 attentari.

1261 2570 1275 2613 g
1301 2569 1331 2602 7.
1350 2568 1419 2601 Non
1439 2568 1643 2601 obstantibus
1662 2566 1949 2600 constitutionibus

1219 2628 1250 2656 et
1276 2621 1535 2656 ordinationibus
1565 2619 1768 2664 apostolicis,
1798 2619 1894 2652 etiam
1916 2619 1950 2653 in

1945 245 1993 272 An.
2009 244 2038 271 C.
2059 243 2128 270 1668

2030 2572 2145 2598 Dei-ogauo

1961 2599 2122 2620 couti-ariorum.
