2247 3208
135 245 184 271 An.
201 243 230 272 C.
253 244 320 271 ¹669

157 568 300 595 supplicatio.

953 244 1095 269 CLEMESS
1118 245 1148 268 tx
1173 245 1220 268 PP.

372 292 481 325 millia
500 293 695 335 florenorum
718 294 750 325 in
770 293 996 325 eoetz'nclionem
1017 293 1066 325 (Ie-

373 346 511 379 bilorum
536 346 686 379 ecclcsiae
710 346 983 379 Rutisbonensis¹.

545 435 676 464 Clemens
698 436 776 469 Papa
796 435 842 466 lx.

468 481 503 507 ad
523 481 656 507 futuram
676 480 720 508 rei
740 481 920 507 memoriam.

369 561 384 605 ἓ
410 562 439 594 l.
468 561 554 594 Alias
580 571 639 604 pro
665 566 757 604 parte
784 560 891 593 dilecti
925 559 981 592 filii
1008 570 1064 592 no—

326 613 400 647 bilis
413 613 472 646 viri
490 612 688 648 Ferdinandi
706 612 830 650 Mariae,
845 612 995 645 Bavariae
1011 612 1065 644 du-

325 667 388 707 eis,
413 666 444 699 S.
471 667 508 700 R.
536 665 574 699 1.²
598 666 755 710 principis
782 665 944 705 electoris,
970 665 1064 698 nobis

326 721 473 764 exposito
499 720 585 763 quod
605 720 691 762 (cum
715 719 914 752 monasteria
933 719 970 751 de
994 719 1065 751 Rei-

327 774 512 813 ehenbach,
539 773 577 805 de
603 771 753 812 Endorff,
782 772 820 806 de
849 771 1064 805 th·issenhoo

325 832 356 860 et
381 827 419 859 de
445 826 620 859 Michelselt
645 824 787 857 virorum
809 824 937 858 Ordinis
963 826 1063 857 sans-ti

325 879 504 917 Benedicti,
523 889 559 911 ac
578 878 616 911 de
632 877 850 911 Walderbach
869 883 900 910 et
919 878 958 911 de
979 878 1064 910 Wal-

324 943 434 966 sassen
460 932 557 965 etiam
580 932 742 971 virorum,
769 937 799 965 et
825 932 863 964 de
894 931 1064 974 Selingen-

323 991 405 1030 pont
434 985 625 1025 mulierum,
657 984 784 1018 Ordinis
820 984 1061 1025 Cistereiensis,

324 1050 453 1073 necnon
468 1039 506 1072 de
523 1039 689 1079 SchontaL
707 1039 772 1071 sive
787 1038 1062 1082 Vallissptjwiosae,

323 1093 451 1127 Ordinis
476 1092 687 1125 Eremitarum
707 1093 807 1125 sancti
825 1092 1007 1135 Augustini,
1027 1104 1063 1125 ao

324 1146 363 1179 de
377 1145 548 1189 Speissart,
561 1145 657 1178 etiam
672 1145 825 1185 virorum,
836 1144 963 1178 Ordinis
974 1145 1062 1178 Prae-

323 1198 585 1237 monstratensis,
603 1203 636 1231 et
660 1199 699 1231 de
725 1197 919 1240 Gnaderbeg
943 1208 1063 1230 nuncu-

322 1256 397 1295 pata
410 1251 599 1283 monialium
613 1251 741 1284 Ordinis
755 1256 883 1284 sanetae
898 1251 1060 1293 Briantae,

323 1304 586 1343 Radsbonensis,
613 1304 860 1346 Bambergensis
894 1309 925 1336 et
948 1303 1062 1337 Eistet-

323 1358 424 1391 tensis
440 1358 625 1390 dioecesum
639 1358 828 1400 respective,
839 1357 871 1389 in
882 1357 1061 1390 palatinatu

323 1409 483 1454 superiori
510 1410 699 1449 existentia,
727 1420 799 1442 cum
832 1410 982 1443 omnibus
1008 1421 1062 1443 eo-

321 1474 393 1496 rum
418 1462 536 1503 bonis,
565 1463 768 1505 pertinentiis
795 1468 825 1495 et
856 1463 978 1496 iuribus
1004 1463 1061 1495 du-

322 1517 397 1549 dum
422 1516 461 1550 ab
488 1516 661 1549 haereticis
694 1521 851 1560 occupata
875 1522 908 1549 et
940 1516 1060 1549 tamdiu

321 1569 452 1603 detenta
476 1568 614 1601 fuissent
638 1569 744 1602 donec
768 1579 785 1602 a
810 1570 914 1602 clarae
944 1579 1061 1601 memo-

321 1621 387 1654 riae
411 1621 618 1655 Ferdinando
643 1622 668 1655 II
699 1622 775 1655 dum
800 1622 877 1655 vixit
901 1622 1062 1655 Romano-

321 1684 391 1706 rum
418 1684 495 1717 rege
513 1674 629 1708 illustri
648 1675 680 1707 in
701 1675 928 1718 imperatorem
947 1676 1059 1715 electo,

321 1730 420 1770 opera
444 1729 629 1772 praecipue,
655 1739 726 1772 ope,
753 1729 895 1761 consiliis
921 1735 951 1761 et
978 1730 1061 1761 sorti-

321 1781 432 1814 tudine
452 1781 569 1815 bellica
593 1781 698 1815 bonae
721 1783 895 1815 memoriae
921 1782 1061 1815 Maximi-

321 1833 399 1868 liani
435 1835 510 1868 dum
542 1834 619 1867 vixit
651 1835 747 1868 etiam
785 1836 936 1868 Bavariae
972 1835 1061 1868 ducis

321 1887 352 1919 S.
383 1887 420 1920 R.
445 1887 468 1920 Ι.
496 1888 655 1932 principis
681 1889 839 1929 electoris,
860 1889 962 1932 ipsius
987 1889 1061 1921 Fer-

321 1940 453 1973 dinandi
478 1940 595 1974 Mariae
617 1941 709 1974 ducis
731 1941 897 1984 genitoris,
924 1941 962 1974 ab
987 1942 1060 1974 illo-

319 2004 390 2027 rum
425 1994 574 2027 manibus
610 1994 770 2027 vindicata
805 2000 835 2027 et
868 2000 1059 2038 recuperata

320 2047 490 2090 fuerant3)
517 2047 602 2081 idem
626 2047 848 2081 Ferdinandus
879 2048 972 2081 Maria
998 2049 1058 2081 dux

320 2101 360 2133 ad
385 2101 581 2134 catholicam
605 2101 797 2144 religionem
817 2101 850 2133 in
871 2101 954 2134 dicto
972 2101 1060 2134 Pala-

321 2153 436 2194 tinam,
455 2153 509 2196 qui
527 2164 544 2186 a
561 2159 739 2187 memorato
758 2154 962 2187 Ferdinando
981 2165 1058 2197 rege

320 2206 427 2239 eidem
453 2206 667 2240 Maximitiano
700 2207 773 2241 duci
805 2218 913 2240 cessus
940 2213 969 2240 et
997 2213 1059 2240 tra-

322 2259 406 2292 ditus
432 2260 548 2301 suerat,
568 2265 600 2293 et
620 2261 651 2293 in
677 2261 769 2293 cuius
790 2261 997 2304 possessione
1015 2261 1060 2297 di-

320 2318 388 2344 ctus
413 2312 634 2346 Ferdinandus
670 2313 768 2346 Maria
798 2314 862 2347 dux
887 2314 933 2346 uti
958 2314 1057 2358 ipsius

319 2364 526 2400 Maximiliani
559 2366 650 2399 ducis
683 2367 799 2400 haeres
830 2372 862 2400 et
892 2378 1059 2401 successor

320 2418 490 2459 existebat,
510 2418 737 2453 stabiliendam
756 2425 851 2464 atque
877 2422 1059 2464 augendam

1749 236 1812 269 767

1110 292 1134 325 si
1168 292 1330 336 praedicta
1365 297 1439 326 octo
1475 293 1614 326 virorum
1649 295 1847 327 monasteria

1110 346 1277 378 monachis
1313 357 1348 378 ac
1383 346 1547 379 canonicis
1584 347 1784 389 regularibus
1817 354 1848 382 et

1109 398 1261 431 fratribus
1287 399 1461 443 respective
1487 400 1645 433 diuorum
1671 400 1844 441 Ordinum,

1109 452 1231 494 reliqua
1256 463 1332 484 vero
1358 453 1421 489 duo
1446 453 1634 486 monialium
1651 454 1846 487 monasteria

1109 503 1139 535 in
1166 505 1362 538 erectionem
1398 506 1470 539 novi
1508 507 1693 541 monasterii
1727 508 1847 550 pariter

1109 557 1300 590 monialium
1319 558 1351 590 in
1369 559 1490 602 oppido
1508 559 1634 593 civitate
1660 565 1845 604 nuncupato

1108 609 1288 653 Ambergae
1326 611 1503 645 faciendam
1535 613 1713 656 respective
1741 615 1846 647 trade-

1108 666 1238 703 rentur,
1266 664 1484 697 tribuerentur
1517 671 1549 699 οἱ
1580 667 1843 709 assignarentur:

1108 727 1178 757 uOS‚
1206 718 1498 760 supplicationibus
1524 719 1624 763 ipsius
1650 721 1844 755 Fordinandi

1108 770 1224 805 Mariae
1250 771 1338 804 duris
1363 772 1456 804 nobis
1475 783 1573 816 super
1594 774 1656 806 hoc
1681 775 1846 808 humiliter

1108 824 1265 866 porrectis
1291 824 1446 865 inclinati,
1473 826 1511 858 de
1537 827 1801 870 congregationis
1828 840 1845 861 a

1108 876 1200 909 nobis
1226 888 1323 920 super
1348 878 1411 910 hoc
1431 879 1569 921 negocio
1591 880 1775 922 specialiter
1792 881 1846 914 de-

1107 935 1236 974 putatae
1256 931 1403 971 consitio,
1429 931 1533 964 eidem
1558 932 1764 966 Ferdinando
1783 934 1844 966 Ma-

1108 983 1172 1017 riae
1199 985 1271 1017 duci
1296 984 1436 1027 benigne
1462 985 1663 1027 indulsimus,
1682 991 1716 1018 ut
1734 990 1844 1020 nostra

1107 1042 1137 1070 et
1161 1037 1251 1070 Sedis
1276 1038 1481 1080 Apostolieao
1508 1039 1696 1073 auctoritate
1718 1050 1845 1074 monas-

1107 1091 1187 1124 teria
1211 1092 1376 1134 praedicta
1397 1092 1583 1134 respective,
1602 1103 1674 1125 eum
1694 1093 1842 1127 omnibus

1107 1149 1137 1176 et
1162 1144 1296 1186 singulis
1322 1145 1450 1177 illorum
1469 1145 1570 1185 honis,
1589 1145 1753 1187 membris,
1770 1158 1844 1190 per-

1107 1197 1259 1237 tinentiis,
1286 1197 1465 1230 redditilms
1484 1203 1515 1230 et
1533 1198 1657 1231 iuribus
1674 1199 1841 1240 universis,

1106 1251 1187 1283 sieut
1208 1250 1433 1294 praemittitur,
1453 1256 1612 1294 perpetuo
1631 1253 1770 1292 tradere,
1789 1253 1843 1285 tri-

1106 1304 1203 1336 buere
1229 1308 1261 1335 et.
1286 1304 1461 1345 assignare,
1489 1315 1561 1337 eum
1585 1305 1769 1338 interventu
1798 1311 1843 1339 ta-

1105 1367 1178 1389 men
1204 1361 1232 1389 et
1259 1356 1442 1389 assistentia
1468 1357 1576 1390 dilecti
1602 1357 1661 1390 silii
1685 1359 1786 1391 nostri
1813 1364 1844 1392 et

1105 1410 1195 1442 Sedis
1213 1409 1400 1453 praedictae
1416 1411 1525 1442 nuncii
1545 1411 1629 1454 apud
1643 1412 1842 1445 carissimum

1106 1463 1137 1495 in
1170 1462 1297 1495 Christo
1330 1462 1431 1496 fitium
1463 1469 1608 1497 nostrum
1640 1465 1842 1508 Leopoldum

1105 1516 1293 1548 eorumdem
1318 1516 1538 1549 Romanorum
1556 1527 1667 1560 regem
1684 1518 1843 1552 illustrem

1105 1568 1137 1601 in
1162 1568 1389 1612 imperatorem
1426 1570 1565 1602 electum
1598 1580 1658 1613 pro
1696 1576 1842 1614 tempore

1106 1622 1290 1662 residentis,
1302 1623 1351 1654 vel
1370 1622 1501 1655 alterius
1516 1623 1753 1657 ecclesiastieae
1770 1635 1843 1668 per-

1105 1686 1204 1708 sonae
1219 1675 1257 1707 ab
1272 1676 1387 1708 eodem
1406 1676 1526 1709 nuncio
1542 1677 1756 1720 deputandae,
1771 1689 1844 1721 pos-

1106 1734 1153 1761 set
1178 1734 1209 1762 et
1231 1729 1360 1768 valeret,
1388 1730 1477 1762 nullo
1499 1734 1605 1761 tamen
1623 1729 1683 1762 sibi
1703 1731 1844 1774 desuper

1105 1782 1261 1825 acquisito
1295 1787 1347 1814 aut
1379 1788 1540 1815 reservato
1566 1783 1840 1827 iurepatronatus,

1105 1840 1158 1867 aut
1182 1835 1242 1867 alio
1270 1846 1472 1878 quocumque
1491 1835 1568 1876 iure,
1588 1847 1624 1869 ae
1641 1837 1725 1869 salva
1742 1848 1843 1870 rema-

1105 1894 1202 1920 nente
1229 1889 1401 1921 conventui
1433 1889 1564 1921 fratrum
1589 1889 1716 1922 Ordinis
1741 1891 1841 1923 sancti

1104 1942 1264 1975 Francisei
1290 1943 1328 1975 de
1357 1942 1453 1975 Paula
1478 1943 1683 1976 Minimorum
1716 1955 1840 1977 nuncu·

1104 2001 1251 2038 patorum
1284 1995 1317 2027 in
1347 1995 1468 2038 oppido
1501 1995 1625 2029 civitate
1658 2003 1841 2040 nuncupato

1103 2049 1265 2091 Neoburgi
1281 2049 1493 2089 existentium,
1510 2060 1568 2093 pro
1584 2060 1697 2082 eorum
1712 2051 1841 2083 alimen-

1104 2103 1164 2143 tis,
1190 2103 1342 2146 portione
1376 2103 1535 2135 bonorum
1565 2112 1620 2136 seu
1656 2104 1841 2137 reddituum

1104 2156 1178 2188 dicti
1203 2156 1391 2188 monasterii
1418 2156 1455 2188 de
1481 2156 1713 2189 Reichenbaeh
1739 2167 1839 2200 penes

1103 2209 1188 2252 ipsos
1214 2209 1382 2249 existente,
1397 2220 1491 2252 quam
1505 2208 1691 2252 portionem
1717 2209 1840 2243 eisdem

1104 2262 1253 2294 tratribus
1278 2262 1511 2301 concessi1nus,
1530 2268 1562 2295 et
1585 2262 1624 2294 ab
1642 2262 1688 2295 eis
1705 2263 1839 2295 retineri

1101 2315 1259 2348 voluimus
1286 2315 1392 2348 donee
1416 2315 1455 2348 de
1486 2315 1702 2358 aequivalenti
1731 2327 1838 2349 annuo

1102 2369 1231 2402 redditu
1263 2374 1293 2401 et
1325 2379 1428 2412 aeque
1465 2374 1650 2412 opportuno
1677 2369 1840 2413 provisum

1102 2423 1164 2456 illis
1186 2423 1285 2462 soret;

1859 247 1909 272 An.
1925 245 1951 273 C.
1978 246 2042 273 1659

319 2472 496 2516 plurimum
528 2473 675 2506 conferre
711 2484 806 2517 posse
837 2475 1058 2515 existimabat,
1078 2449 1081 2494 i
1145 2476 1159 2519 ξ
1184 2476 1214 2508 2.
1242 2476 1393 2509 Volentes
1411 2476 1496 2509 inter
1512 2482 1619 2509 cetera
1638 2481 1711 2509 tunc
1729 2477 1760 2510 in
1781 2477 1839 2510 hu-
1860 2483 1919 2512 ,Αῑιὲι
1933 2483 2034 2503 commu·

1867 2516 1878 2527 (1
1954 2516 1997 2528 (ΥΞ

354 2555 366 2579 1
389 2553 426 2579 Ex
446 2553 544 2588 Regest
575 2554 601 2580 in
622 2554 717 2581 Secret
749 2554 814 2581 Brev
1101 2531 1204 2564 manis
1232 2535 1384 2573 agentem
1413 2530 1651 2564 Guidobaldum
1676 2531 1705 2564 S.
1729 2532 1766 2564 R.
1801 2512 2034 2582 Ε.ἶῐῖυέ1ξῑρῗὲᾗῑέἦξὲ

353 2574 757 2634 2Ed,1flain‚1‹}gstanm-'ae
773 2575 1072 2636 pro'smperigfflsms
1102 2585 1176 2616 dum
1201 2584 1277 2616 vivit
1303 2584 1500 2617 cardinalem
1526 2585 1564 2617 de
1589 2584 1681 2617 Tliun
1715 2579 2034 2636 nuncu-ffijffssa'mbo-

354 2642 370 2670 3
389 2643 485 2680 Aptius
500 2644 558 2681 tege
573 2645 686 2681 fuerint
702 2647 740 2680 (a.
756 2645 806 2682 T.).
1102 2643 1211 2682 patum
1236 2639 1394 2672 eeclesiae
1420 2639 1664 2673 Ratisbonensis
1696 2649 1733 2672 ex
1765 2647 1840 2671 eon-
