2247 3208
180 222 231 249 An.
249 221 278 247 c.
302 219 369 246 ¹666
415 208 481 242 430

215 1134 309 1155 Litterae
323 1137 372 1156 apu-

189 1161 278 1180 stolus-aa

189 1187 260 1207 eduae.

190 1216 280 1234 mantnt.

298 1185 372 1206 confic-

223 2353 292 2374 Pavor
301 2353 386 2373 <triviae

202 2380 357 2401 observantiae.

374 267 407 300 in
432 264 551 302 Gallia,
568 263 634 296 sive
654 262 684 295 in
703 261 774 296 aliis
793 259 903 303 regnis
929 264 961 292 et
983 258 1115 302 provin-

374 320 431 352 ciis
457 316 680 355 existentium,
708 325 749 348 ne
774 323 968 357 quemquam
993 312 1031 345 ad
1059 312 1114 344 lia-

373 372 474 404 bitnm
501 380 575 402 snae
602 368 769 410 religionis
794 366 971 409 recipiant,
997 370 1053 398 ant
1082 365 1114 398 in

374 430 540 469 posterum
567 427 680 455 contra
706 420 888 454 huiusmodi
920 418 1116 463 prohibitio-

375 488 449 510 nem
473 477 579 508 forsan
598 474 803 517 recipiendos
825 474 862 506 ad
881 472 1114 516 professionem

377 528 561 567 admittant,
585 528 688 560 donec
713 526 895 559 antedictae
921 524 1118 567 designatio—

378 592 435 615 nes
461 592 520 624 pro
546 579 743 613 novitatibus
775 584 806 611 et
837 577 1058 622 professoriis,
1084 583 1119 609 ut

378 645 488 678 snpra,
505 634 603 666 factae
624 639 656 666 et
672 634 710 665 ad
733 637 974 676 procuratorem
990 630 1118 664 Ordinis

379 685 586 718 transmissae
613 683 706 716 nobis
733 683 865 717 realiter
889 688 921 716 et
946 692 1018 715 cum
1044 682 1120 715 ell'e-

379 746 430 772 ctu
458 739 621 772 exhibitae
643 737 773 775 fuerint,
793 742 906 780 atque,
926 742 962 769 nt
982 735 1121 779 praefer-

379 798 447 830 tur,
466 792 682 834 approbatam
703 790 847 834 alioquin
865 790 910 822 sic
924 788 1119 832 recipientes

379 847 426 878 vel
446 845 669 883 admittentes,
692 844 883 877 sententiam
901 842 1121 876 excommuni-

380 897 517 931 cationis
532 897 711 935 incurrant,
730 907 744 928 a
767 907 829 939 qua
846 906 909 929 non
929 905 988 939 per
1008 895 1119 934 alium,

382 963 477 995 quam
507 962 565 995 per
589 962 648 984 nos
674 956 705 984 et
728 951 907 984 Romanum
933 949 1120 982 Pontificem

382 1016 441 1049 pro
467 1011 615 1048 tempore
641 1004 848 1040 existentem,
868 1003 928 1036 nisi
954 1002 985 1035 in
1011 1003 1123 1035 mortis

383 1059 520 1091 articulo
547 1057 733 1096 constituti,
759 1057 878 1090 absolvi
906 1055 1044 1099 possint.

429 1115 443 1155 ᾗ
468 1112 498 1143 ti.
528 1112 573 1143 Ad
601 1111 696 1149 baec,
719 1111 757 1143 de
783 1115 856 1143 voto
882 1109 1027 1142 eiusdem
1053 1120 1125 1143 con-

332 1165 349 1177 ¹¹
366 1164 583 1207 'gregationis
610 1164 820 1196 cardinalium
840 1169 871 1196 et
888 1164 1124 1206 praelatorum,

385 1219 436 1262 qui
456 1219 545 1250 iussn
564 1223 675 1250 nostro
696 1217 837 1250 rationes
851 1222 881 1249 et
895 1217 1031 1255 motiva,
1050 1227 1125 1249 voce

385 1273 571 1315 scriptoque
593 1271 762 1315 proposita
786 1276 848 1303 tam
877 1281 893 1302 a
918 1275 1126 1313 procuratore

385 1325 512 1359 Ordinis
538 1336 632 1368 qnam
659 1336 675 1356 a
702 1324 828 1357 dnobus
854 1323 1023 1356 abbatibus
1057 1323 1129 1355 stri-

386 1385 455 1412 ctae
480 1379 705 1411 observantiae
728 1388 788 1421 pro
808 1376 1048 1410 reformationis
1074 1387 1129 1409 ne-

388 1432 474 1476 gotio
502 1443 538 1464 ex
565 1431 666 1464 Gallia
686 1431 723 1463 ad
744 1430 860 1463 Urbem
878 1430 1052 1473 ablegati&
1071 1430 1130 1462 ite-

388 1497 458 1519 rum
485 1496 520 1518 ac
547 1486 640 1517 tertio
666 1490 813 1516 accurate
839 1489 1033 1526 matureque
1055 1494 1131 1517 con-

387 1541 571 1573 siderarunt
589 1544 620 1570 et
639 1538 875 1575 discusserunt,
895 1537 1052 1580 nobisque
1068 1538 1132 1580 ple>

388 1604 461 1627 nam
489 1594 526 1625 de
553 1593 704 1626 omnibns
736 1591 929 1624 relationem
966 1591 1129 1629 fecerunt,

389 1648 578 1681 anctoritate
594 1644 789 1688 apostolica,
807 1643 1025 1687 praesentium
1043 1649 1132 1676 teno-

388 1713 439 1742 re,
464 1702 663 1733 declaramus
690 1698 811 1731 litteras
836 1697 868 1729 in
896 1697 999 1729 forma
1023 1695 1132 1729 Brevis

391 1757 479 1788 datas
496 1754 609 1787 dicbus
627 1764 642 1783 x
660 1751 843 1784 novembris
862 1760 1012 1789 moctvn,
1030 1755 1061 1782 et
1076 1760 1132 1783 vin

390 1809 493 1842 martii
514 1817 617 1841 311>ch
632 1833 639 1845 ‚
659 1815 785 1838 necnon
810 1815 832 1837 n
856 1803 924 1835 iulii
949 1812 1064 1836 MDCth
1085 1813 1134 1834 re-

390 1863 545 1906 spective,
563 1861 652 1892 nullo
671 1857 885 1900 obreptionis,
901 1855 1131 1898 subreptionis,

391 1915 582 1949 intentionis
601 1918 729 1945 nostrae
751 1911 896 1949 defecto,
919 1911 966 1942 vel
986 1909 1049 1941 alio
1064 1910 1135 1942 nul-

391 1969 490 2002 litatis
522 1968 597 2000 vitio
632 1967 794 1998 laborasse
821 1974 882 1996 nec
907 1963 1072 2002 laborare,
1099 1973 1135 1995 ac

392 2022 527 2066 proinde
555 2020 687 2052 omnino
714 2028 782 2050 esse
808 2016 982 2049 servandas
1008 2021 1039 2047 et
1064 2026 1137 2048 exe-

393 2074 512 2108 cutioni
533 2073 739 2107 mandandas,
762 2075 859 2114 prout
874 2068 994 2101 servari
1016 2074 1047 2101 et
1065 2079 1138 2101 exe—

395 2128 515 2162 cutioni
532 2127 676 2161 mandari
693 2127 841 2158 iubemus
854 2151 861 2164 ,
875 2129 1066 2167 perpetuum
1083 2123 1137 2155 de-

395 2193 492 2226 super
517 2181 681 2214 silentium
707 2179 912 2221 imponentes
937 2178 996 2209 snb
1022 2177 1138 2220 poenis

397 2232 557 2269 contentis
592 2235 623 2266 in
649 2232 853 2277 primodictis
879 2231 997 2264 nostris
1022 2230 1138 2263 litteris

398 2289 491 2322 editis
516 2289 567 2320 die
594 2298 644 2320 xvi
670 2286 804 2319 ianuarii
830 2295 973 2319 unctxn.
1070 2286 1072 2288 ’

442 2343 456 2385 ᾗ
483 2342 512 2374 7.
541 2341 689 2373 Ceterum
716 2350 753 2372 cx
779 2340 839 2372 hac
864 2340 974 2370 nostra
997 2337 1140 2370 declara-

398 2395 501 2432 tione,
528 2394 634 2437 qtunid
660 2404 694 2426 ca
721 2403 802 2435 quac
833 2391 1021 2424 memoratis
1055 2390 1140 2422 litte-

397 2449 440 2481 ris
465 2447 583 2480 nostris
609 2452 639 2478 et
666 2446 715 2478 liis
741 2444 969 2488 proosrntibns
994 2454 1060 2476 non
1085 2443 1140 2475 ad-

398 2508 583 2539 versantur,
602 2499 803 2531 monasteriis
830 2498 1063 2530 monachorum
1090 2507 1141 2529 re-

399 2555 610 2587 formatorum
630 2553 661 2585 in
680 2562 779 2594 regno
801 2551 937 2590 Galliae,
961 2561 1139 2593 eorumque

398 2608 527 2642 strictae
553 2606 797 2645 observantiae),
821 2605 951 2648 aliquod
977 2603 1142 2649 praeiudi-

907 194 912 197 ’
957 210 1141 236 normarum
1164 208 1318 236 nonnum

1157 257 1241 291 cium
1261 267 1417 300 generare
1431 267 1495 291 non
1512 257 1717 297 intendimus,
1733 256 1789 290 sed
1806 257 1895 291 illam

1158 310 1190 343 in
1216 313 1273 344 sna
1297 310 1445 344 firmitate
1467 321 1504 343 ac
1519 311 1638 344 robore
1658 312 1804 344 volumus
1823 320 1897 353 per-

1159 373 1306 403 manere,
1331 363 1469 406 perinde
1502 373 1538 396 ac
1569 363 1593 395 si
1626 364 1738 396 eadem
1770 363 1898 397 litterae

1159 426 1223 449 non
1248 422 1462 449 emanassent.
1488 415 1670 454 Quinimmo
1695 421 1827 449 nostrae
1852 416 1900 449 in-

1162 469 1315 502 tentionis
1335 474 1384 501 est
1400 469 1545 502 eamdem
1567 468 1710 501 strictam
1728 468 1901 501 observan-

1162 522 1234 554 tiam
1271 521 1303 554 in
1335 524 1391 555 sua
1426 521 1581 555 laudabili
1613 521 1740 554 vivendi
1775 521 1900 554 ratione

1161 574 1348 614 confovere,
1371 585 1407 607 ac
1424 585 1484 618 pro
1502 574 1590 608 illius
1607 573 1850 607 conservatione
1871 580 1903 606 et

1161 628 1361 661 incremento
1387 627 1556 671 pastoralis
1582 628 1684 660 nostri
1709 626 1805 660 officii
1830 637 1902 670 par-

1164 686 1210 713 tes
1234 681 1376 723 gratiose
1401 691 1438 713 ac
1458 680 1676 713 favorabiliter
1700 680 1901 724 impendere,

1162 733 1249 766 unde
1268 734 1414 767 abbatem
1433 733 1576 767 Cistercii
1593 739 1625 767 et
1638 733 1808 777 primarios
1826 743 1903 776 qua-

1165 793 1237 820 tuor
1261 787 1395 820 abbates
1422 787 1508 820 serio
1525 786 1558 819 in
1576 787 1711 820 Domino
1732 796 1903 819 monemus

1165 846 1260 883 atque
1277 840 1505 880 adhortamur,
1525 840 1635 883 eisque
1651 840 1683 872 in
1700 839 1818 872 virtute
1833 850 1905 872 san-

1165 899 1234 926 ctae
1271 893 1476 926 obedientiae
1513 893 1655 926 districte
1688 892 1906 936 praecipimus

1167 952 1199 979 et
1222 946 1430 985 mandamus,
1447 951 1483 978 ut
1506 946 1611 989 ipsam
1636 946 1779 978 strictam
1797 946 1908 978 obser-

1167 1001 1306 1033 vantiam
1331 1010 1396 1033 non
1422 1000 1519 1033 modo
1552 1005 1741 1043 protegere,
1770 1010 1805 1032 ac
1840 1000 1908 1033 zelo

1168 1054 1335 1091 charitatis
1361 1054 1549 1097 complecti,
1575 1064 1686 1086 verum
1720 1053 1816 1085 etiam
1851 1052 1910 1085 dif-

1170 1108 1303 1140 fundere
1329 1113 1361 1140 et
1384 1117 1569 1150 propagare
1596 1117 1655 1150 pro
1689 1105 1810 1139 viribus
1844 1111 1911 1138 stu-

1170 1161 1283 1199 deant,
1308 1165 1343 1192 ut
1367 1159 1399 1192 in
1425 1159 1493 1192 dies
1523 1159 1740 1192 benedicente
1772 1158 1910 1191 Domino

1170 1214 1202 1246 in
1227 1213 1370 1246 Ecclesia
1395 1213 1553 1246 militante
1579 1213 1701 1245 fructus
1727 1212 1807 1245 ferat
1832 1212 1911 1245 ube-

1171 1267 1287 1300 riores.

1216 1321 1230 1364 ᾖ
1256 1319 1286 1353 8.
1307 1320 1463 1353 Similiter
1481 1320 1680 1353 declaramus
1696 1321 1818 1354 validas
1838 1321 1913 1353 fuis-

1174 1433 1241 1460 ctae
1268 1427 1495 1460 observantiae
1520 1427 1552 1459 in
1579 1427 1663 1459 hanc
1692 1437 1794 1470 usque
1828 1427 1913 1460 diem

1175 1480 1309 1513 emissas
1322 1507 1329 1520 ‚
1349 1490 1409 1513 nec
1430 1489 1496 1512 non
1512 1479 1735 1512 absolutiones
1753 1490 1823 1512 cum
1838 1480 1916 1513 actis

1176 1535 1341 1577 hucusque
1368 1533 1482 1576 gestis,
1508 1544 1590 1576 quae
1616 1544 1708 1566 suum
1733 1534 1916 1577 plenarium

1175 1587 1306 1620 sortitae
1337 1592 1411 1620 snnt
1442 1586 1607 1630 etl'ectnm,
1633 1587 1712 1619 itaut
1743 1587 1920 1630 praedicta-

1177 1651 1243 1673 rum
1270 1651 1307 1673 ac
1332 1641 1552 1684 praesentium
1578 1646 1763 1673 nostrarum
1795 1640 1920 1673 littera-

1178 1705 1247 1727 rum
1273 1693 1384 1736 vigore
1409 1693 1567 1727 nullitatis
1594 1693 1670 1726 vitio
1695 1693 1828 1726 minime
1847 1694 1921 1726 sub-

1178 1748 1316 1781 iacuisse
1343 1753 1397 1780 aut
1422 1748 1591 1781 subiacere
1621 1753 1833 1787 censeantur,
1861 1758 1921 1781 nec

1178 1808 1353 1846 propterea
1376 1813 1392 1833 a
1411 1812 1571 1845 quoquam
1591 1802 1791 1845 impugnari,
1809 1801 1921 1835 infrin-

1179 1856 1208 1897 gi
1235 1855 1343 1888 autin
1376 1854 1632 1887 controversiam
1663 1854 1776 1886 adduci
1809 1855 1921 1887 ullate-

1180 1919 1239 1941 nus
1263 1908 1403 1952 possint,
1423 1907 1536 1951 sicque
1554 1918 1613 1951 per
1631 1917 1856 1950 quoscumque
1874 1907 1921 1939 iu-

1180 1962 1267 1995 dices
1304 1961 1487 1994 ordinarios
1524 1966 1555 1993 et
1591 1961 1781 2003 delegatos,
1822 1960 1921 1993 etiam

1180 2027 1346 2048 cansarum
1372 2015 1481 2058 palatii
1500 2013 1665 2058 apostolici
1681 2013 1864 2053 auditores,
1886 2024 1921 2046 ac

1179 2069 1210 2102 S.
1232 2069 1268 2101 R.
1291 2069 1326 2101 E.
1346 2068 1542 2106 cardinales,
1566 2067 1662 2099 etiam
1688 2067 1726 2099 de
1752 2067 1851 2099 latere
1876 2067 1922 2099 le-

1181 2128 1286 2165 gatos,
1307 2128 1338 2155 et
1363 2121 1568 2164 Apostolicae
1594 2120 1685 2153 Sedis
1710 2119 1864 2158 nuncios,
1891 2124 1923 2152 et

1181 2176 1261 2208 alios
1300 2175 1482 2218 quoslibet,
1524 2184 1726 2217 quacumque
1764 2172 1923 2216 praeemi-

1181 2228 1291 2261 nentia
1309 2233 1341 2260 et
1358 2232 1519 2270 potestate
1543 2227 1714 2269 fungentes
1740 2232 1771 2259 et
1798 2227 1923 2258 functu-

1181 2293 1248 2320 ros,
1276 2281 1402 2313 sublata
1426 2281 1471 2313 cis
1498 2286 1530 2312 et
1554 2290 1663 2312 eornm
1689 2279 1822 2312 cuilibet
1847 2289 1924 2321 qua-

1181 2335 1227 2368 vis
1253 2334 1345 2368 aliter
1370 2334 1533 2366 iudicandi
1560 2339 1592 2366 et
1616 2332 1854 2375 interpretandi
1881 2333 1924 2364 fa-

1183 2390 1300 2421 cultate
1316 2393 1346 2420 et
1363 2387 1571 2426 auctoritate,
1591 2385 1726 2418 iudicari
1745 2391 1776 2418 et
1797 2384 1923 2418 deliniri

1184 2442 1320 2478 debere,
1347 2452 1383 2473 ac
1417 2439 1542 2471 irritum
1573 2444 1604 2471 et
1639 2438 1734 2470 inane
1770 2437 1795 2470 si
1833 2448 1924 2470 secus

1183 2505 1281 2538 super
1307 2495 1356 2527 liis
1381 2506 1398 2527 a
1431 2504 1613 2537 quoquam,
1641 2492 1751 2535 quavis
1787 2491 1924 2524 auctori-

1185 2555 1266 2589 tate,
1292 2548 1433 2581 scientcr
1465 2549 1515 2580 vel
1548 2547 1756 2589 ignoranter,
1782 2545 1925 2588 contige-

1184 2603 1225 2634 rit
1249 2601 1418 2640 attentari‚
1446 2601 1672 2640 decernimus;
1699 2609 1765 2631 non
1795 2599 1925 2631 obstan-

1906 208 1953 234 nn.
1971 206 1998 234 C.
2021 206 2089 234 1666

1950 1331 2016 1357 ipsius
2027 1331 2106 1358 profes-

1924 1364 1994 1379 Sionas
2012 1358 2107 1379 wandan-

1172 1385 1204 1407 se
1230 1380 1261 1407 et
1285 1384 1352 1407 esse
1379 1373 1597 1417 professiones
1612 1379 1634 1406 ‘a
1655 1374 1822 1407 monachis
1843 1374 1965 1406 stri-nr.
