2247 3208
205 221 260 249 An.
279 220 308 250 C.
324 220 394 249 1663
439 210 503 245 ΜΟ

243 1957 322 1978 Motiva
344 1957 395 1979 illud

212 1984 335 2006 revocandi.

402 267 511 307 finem,
533 266 646 299 eadem
671 263 880 306 congregatio
905 261 1152 304 communibusl

979 214 1159 238 BULLARIUM
1182 213 1333 238 ROMANUM

1170 261 1254 293 trahi
1287 266 1319 294 et
1339 262 1519 305 'prorogari
1547 275 1664 307 posse,
1698 267 1828 310 quando
1858 267 1897 301 ad

402 320 504 359 votis,
530 330 565 350 ae
602 317 730 349 nemine.
756 316 886 359 penitus
911 314 1325 360 disci‘epante,imaiorem
1349 315 1406 348 Dei
1427 320 1460 348 et
1478 316 1605 349 Domini
1630 320 1734 352 nostri
1759 320 1897 362 gloriam

403 373 511 405 denuo
537 375 722 413 opportune
741 369 773 400 in
793 367 983 411 praemissis
1002 377 1019 398 a
1038 366 1134 399 nobis

401 423 567 468 provideri
578 422 755 465 plurimum
767 420 987 453 desiderabat:
999 429 1068 459 nos,
1080 419 1136 451 hu-

402 476 534 509 milibus
559 475 661 518 ipsius
674 472 945 516 fflngrogauonis
971 471 1134 513 generalis

401 528 556 573 precibus
581 525 737 565 inclinati,
755 524 958 568 praedictum
979 524 1136 556 Innocen-

403 581 438 613 tii
455 578 722 624 praedecessoris
745 582 910 616 statutum,
933 576 1134 616 mandatum,
1151 580 1152 583 ’

402 638 616 677 praeceptum
631 636 663 664 et
676 629 916 663 ordinationem
936 634 971 661 ut
989 639 1133 668 munera,

403 684 651 728 superioritates
665 709 672 723 ,
699 681 988 714 adiunistrationes
1005 708 1013 721 ,
1043 681 1153 727 mini-v

404 737 501 770 steria
518 742 550 769 et
568 736 673 769 officia
699 734 887 767 huiusmodi
909 735 1022 777 elapso
1036 734 1135 766 trien·
1150 746 1153 763 l

403 790 457 823 nio
482 794 606 829 vacent,
626 794 658 821 et
674 788 736 821 illis
756 787 870 828 suncti,
885 787 947 820 nisi
962 780 1153 830 postquanr

404 843 443 875 ab
474 842 519 874 eis
554 852 614 885 per
645 840 880 883 sesquiannum
915 839 1134 879 cessaverint,

404 896 443 928 ad
460 895 523 928 alia
543 893 675 937 quaevis
703 904 849 932 munera,
876 892 1135 936 superioritates,
1152 928 1153 937 ἵ

404 947 605 986 ministeria,
633 945 931 979 administrationes
969 950 1001 978 et
1032 942 1154 992 officia}

403 1001 590 1034 nullatenus
616 998 700 1041 eligi,
719 1009 776 1031 seu
802 998 933 1037 assunj,
959 999 1010 1031 vel
1036 995 1154 1041 depuff

404 1053 466 1086 tari
490 1054 632 1092 valeant,
655 1056 813 1095 quantum
839 1051 971 1095 quidem
997 1052 1037 1084 ad
1062 1046 1155 1095 pro-J?

403 1105 535 1145 vincias,
562 1105 686 1143 domos,
706 1103 846 1146 collegia
871 1109 903 1136 et
926 1105 999 1137 loca
1023 1104 1056 1136 in
1076 1104 1139 1136 Eu-

404 1169 486 1202 ropa
510 1159 548 1191 ad
574 1158 661 1190 aliud
688 1157 961 1201 quadriennium;
981 1163 1155 1201 quantum]

404 1223 482 1246 vero
508 1213 548 1245 ad
574 1211 769 1255 provincias,
796 1212 920 1251 domos,
947 1211 1086 1253 collegia
1106 1216 1154 1248 et,

403 1266 476 1299 loca
502 1275 730 1309 quaecumque
751 1264 898 1297 eiusdem
916 1264 1087 1297 Societatis
1105 1264 1138 1297 in
1154 1282 1156 1314 2

404 1318 503 1351 Indiis
530 1323 594 1350 tam
620 1317 834 1350 orientalibus
864 1328 961 1360 quam
988 1317 1156 1368 occiden-¹

405 1371 546 1411 talibus,
573 1376 605 1403 et
628 1370 705 1403 alibi
732 1375 821 1403 extra
844 1370 1007 1414 Europam
1033 1371 1156 1403 consi-'

407 1429 529 1457 stentes
556 1429 587 1456 et
610 1423 825 1456 consistentia
849 1428 998 1467 spectat,
1028 1434 1141 1466 respe-

407 1477 500 1517 ctive,
515 1477 554 1509 ad
571 1476 651 1509 alios
670 1481 742 1509 octo
758 1486 859 1509 annos
875 1477 983 1509 denuo
1002 1473 1157 1519 suspen-⁴

408 1530 524 1570 dimus,
551 1531 583 1562 et
606 1529 686 1562 alias
711 1534 810 1572 prout
834 1529 867 1561 in
893 1529 1000 1572 quinis
1018 1529 1139 1562 nostris

406 1581 440 1615 in
465 1582 561 1615 simili
587 1582 690 1615 forma
715 1582 825 1615 Brevis
856 1582 995 1623 litteris,
1025 1582 1140 1626 primis

408 1636 540 1679 quidem
566 1635 616 1668 die
640 1646 710 1668 xxw
735 1635 804 1668 iulii
836 1645 955 1669 MDCLVI
971 1663 978 1676 ,
1007 1641 1038 1668 et
1062 1635 1139 1668 alias

409 1688 460 1721 die
491 1698 543 1722 xlv
577 1688 764 1721 novembris
799 1688 947 1721 eiusdem
983 1689 1081 1729 anni,
1109 1694 1142 1721 et

410 1740 462 1773 die
487 1751 532 1774 vu
557 1740 626 1774 iulii
651 1751 791 1780 unctui,
819 1747 851 1774 et
885 1741 936 1774 die
965 1752 1061 1775 xxvin
1086 1753 1159 1774 au-=

409 1794 495 1836 gusti
518 1804 671 1835 MDCLvnl,
691 1799 724 1827 et
747 1794 933 1827 novissimis
952 1795 1003 1827 die
1024 1806 1068 1828 vu
1087 1796 1142 1828 de-

410 1847 550 1880 cembris
579 1858 696 1881 MDCLXI
725 1848 869 1892 desuper
897 1848 1056 1892 expeditis
1073 1850 1159 1892 ple-·

409 1900 483 1933 nius
509 1900 707 1933 continetur.
1153 1870 1159 1937 i

453 1953 468 1996 ἓ
482 1953 513 1986 5.
530 1953 607 1986 Cum
621 1959 741 1994 autem,
758 1954 842 1987 sicut
858 1955 1053 1998 accepimus,
1072 1966 1143 1988 san-

411 2010 481 2038 etus
500 2005 651 2048 Ignatius,
668 2005 770 2039 dictae
792 2006 960 2039 Societatis
978 2008 1141 2049 fundator,

411 2058 444 2090 in
462 2058 749 2091 constitutionibus
767 2059 870 2103 ipsius
891 2060 1060 2093 Soeietatis
1080 2066 1143 2093 sta-

412 2110 512 2143 tuerit
535 2116 570 2142 ut
586 2122 687 2154 penes
704 2113 929 2155 praepositum
954 2115 1141 2156 generalem

414 2168 502 2195 esset
531 2168 595 2195 tam
628 2164 744 2197 electio
776 2166 921 2198 omnium
953 2171 1139 2207 rectorum,

415 2225 511 2258 quam
529 2215 648 2249 amotio
666 2217 704 2250 ab
723 2227 760 2249 eo
777 2229 922 2258 munere,
942 2220 1032 2252 nullo
1050 2230 1145 2263 prae-

415 2266 477 2300 fixo
502 2269 657 2310 temporis
683 2271 804 2312 spatio,
831 2272 889 2303 sed
911 2273 1017 2304 solum
1047 2279 1145 2315 prout,

417 2318 446 2351 ei
470 2320 717 2353 convenientius
742 2322 775 2354 in
798 2323 934 2356 Domino
956 2323 1142 2365 videretur3

416 2378 458 2413 et,
485 2372 561 2405 lieet
577 2372 661 2405 idcin
682 2380 809 2407 sanctus
828 2376 922 2408 Pater
938 2377 1014 2409 alibi
1034 2377 1066 2409 in
1084 2378 1146 2410 eis-

417 2424 490 2457 dem
508 2425 793 2459 constitutionilnis
816 2428 933 2462 dixisse
963 2430 1146 2472 reperiatur

416 2476 636 2520 provinciales
659 2479 697 2510 ad
717 2479 892 2512 triennium
912 2487 947 2513 ut
969 2482 1145 2524 plurimum

416 2529 667 2562 constituendos
693 2541 774 2570 esse,
804 2532 911 2564 statim
938 2539 1046 2567 tamen
1071 2536 1147 2567 sub-

418 2581 559 2615 iunxerit
578 2582 672 2614 etiam
691 2583 723 2615 id
740 2584 894 2627 temporis
914 2586 1052 2628 spatium
1070 2598 1146 2620 eon-

1167 366 1199 399 id
1225 367 1293 399 sore
1318 367 1542 409 iudicaretur·y
1561 375 1594 402 at
1611 381 1687 404 vero
1707 382 1766 415 pro
1792 378 1897 406 recto-

1168 418 1258 451 ribus
1284 420 1334 452 vel
1359 420 1586 462 superioribus
1612 423 1770 457 localibus
1788 434 1896 468 neque

1167 472 1343 505 triennium
1382 480 1415 506 ut
1454 475 1632 517 plurimum
1671 478 1900 519 praescriben-

1168 525 1245 557 dum
1271 527 1459 567 censuerit,
1486 528 1543 560 sed
1568 533 1669 560 totam
1694 529 1900 563 durationem

1168 577 1336 620 regiminis
1362 579 1494 612 illorum
1527 581 1671 623 pendere
1697 581 1837 614 voluerit
1860 582 1899 614 ab

1167 631 1302 665 arbitrio
1326 633 1504 676 praepositi
1531 634 1712 676 generalis,
1738 639 1837 678 prout
1861 635 1900 668 ad

1168 684 1325 717 maiorem
1343 685 1399 718 Dei
1418 686 1554 728 gloriam
1575 687 1729 730 expedire
1748 687 1898 728 duceret;

1169 737 1207 769 de
1226 738 1408 770 cessatione
1427 745 1533 771 autem
1549 739 1757 782 superiorum
1772 740 1811 773 ad
1832 750 1902 772 ses-

1168 789 1367 832 quiannum,
1393 792 1443 824 vel
1479 791 1566 824 aliud
1599 797 1749 835 teinpus,
1784 792 1900 825 nullibi

1168 843 1366 883 meminerit,
1389 854 1448 876 nec
1474 844 1596 887 aliquid
1616 855 1716 888 super
1733 847 1770 878 ea
1787 855 1821 878 re
1840 850 1900 877 sta-

1169 896 1325 929 tuendum
1351 897 1532 938 censuerit,
1559 899 1616 931 sed
1641 898 1821 942 praepositi
1847 909 1902 942 ge-

1169 950 1291 982 neralis
1316 950 1446 990 iudicio,
1474 951 1560 983 sieut
1584 951 1646 983 alia
1670 953 1780 991 multa,
1808 951 1840 985 id
1867 951 1901 984 in

1170 1013 1291 1045 genere
1317 1003 1496 1047 reliquerit,
1527 1010 1558 1037 et
1582 1005 1722 1048 ipsemet
1746 1005 1901 1048 quamdiu

1170 1055 1248 1088 vixit
1284 1056 1316 1088 in
1352 1057 1443 1100 praxi
1475 1057 1599 1100 absque
1632 1058 1687 1090 tali
1717 1057 1902 1090 cessatione

1153 1108 1361 1159 ,societatem
1387 1109 1646 1151 gubernaverit;
1673 1110 1821 1153 haecque
1846 1120 1904 1153 gu-

1170 1161 1329 1194 bernandi
1344 1162 1426 1194 ratio
1440 1173 1457 1194 a
1470 1161 1542 1205 piae
1557 1162 1735 1195 memoriae
1745 1162 1902 1203 Paulolll,

1171 1214 1252 1247 lulio
1285 1214 1343 1253 Ill,
1370 1220 1402 1247 et
1426 1214 1584 1258 Gregorio
1609 1215 1698 1256 XIII,
1726 1226 1762 1248 ae
1786 1214 1906 1258 Grego-

1171 1267 1220 1299 rio
1244 1266 1309 1299 XIV
1339 1267 1492 1300 Romanis
1525 1266 1735 1300 Pontificibus
1767 1268 1905 1311 praede-

1172 1319 1359 1352 cessoribus
1384 1320 1510 1363 pariter
1542 1320 1663 1353 nostris
1689 1320 1758 1364 (qui
1783 1320 1905 1363 Grego-

1154 1371 1239 1419 ¹rius
1264 1372 1347 1412 XIV,
1374 1383 1434 1415 per
1458 1383 1531 1405 suas
1556 1373 1616 1405 sub
1641 1373 1790 1416 plumbo,
1818 1381 1903 1404 anno

1171 1424 1406 1459 lncarnationis
1431 1425 1618 1458 Dominicae
1650 1435 1768 1466 MDXGI,
1796 1435 1827 1458 1v
1850 1424 1906 1456 ka-

1172 1477 1285 1509 lendas
1311 1477 1379 1509 iulii
1406 1478 1572 1521 expeditas
1597 1477 1737 1518 litteraS‚
1767 1487 1906 1520 quarum

1172 1529 1299 1562 initium
1326 1535 1376 1562 est
1406 1530 1566 1563 Ecclesiae
1596 1530 1793 1571 catholicae,
1819 1535 1881 1563 ete.
1897 1556 1905 1571 ‚

1174 1594 1327 1627 expresse
1353 1584 1466 1617 statuit
1489 1590 1524 1617 ut
1548 1585 1666 1617 electio
1698 1584 1906 1628 superiorum

1174 1648 1457 1681 quorumcumque
1484 1643 1572 1671 esset
1596 1642 1663 1670 tota
1687 1648 1788 1681 penes
1812 1647 1907 1680 prae-

1174 1691 1315 1733 positum
1334 1692 1530 1733 generalem,
1542 1691 1629 1723 iuxta
1643 1690 1905 1731 constitutiones,

1174 1755 1246 1777 euni
1271 1749 1433 1787 potestate
1458 1744 1589 1777 illorum
1610 1744 1796 1777 facultatem
1814 1753 1908 1776 revo-

1175 1796 1278 1837 candi,
1300 1797 1529 1840 restringendi,
1555 1798 1606 1830 vel
1631 1796 1782 1840 augendi,
1801 1801 1833 1829 et
1853 1796 1908 1829 de-

1175 1850 1273 1894 nique
1312 1851 1445 1883 eosdem
1479 1851 1518 1883 ab
1552 1845 1659 1883 officio
1694 1848 1906 1889 removendi,

1175 1907 1272 1946 prout
1289 1902 1320 1935 in
1334 1902 1471 1936 Domino
1489 1902 1647 1936 iudicaret
1665 1902 1835 1946 expedire)
1853 1912 1909 1945 ap-

1175 1957 1311 1999 probata
1336 1961 1368 1988 et
1392 1955 1602 1996 confirmata,
1629 1960 1662 1988 et
1684 1961 1760 1999 post
1783 1954 1908 1988 obitum

1175 2008 1348 2041 memorati
1376 2008 1475 2041 sancti
1505 2008 1620 2050 Ignatii
1654 2008 1688 2041 in
1713 2008 1827 2042 eadem
1853 2007 1909 2040 So-

1176 2062 1293 2094 cietate
1312 2072 1385 2095 cum
1411 2061 1536 2105 ingenti
1562 2061 1649 2095 illius
1674 2062 1761 2095 bono
1782 2065 1908 2095 servata

1176 2113 1292 2154 suerit3

1221 2167 1236 2210 g
1260 2167 1291 2199 6.
1311 2166 1349 2199 Et
1366 2167 1457 2209 (lieet
1481 2177 1565 2199 anno
1583 2176 1702 2201 Mnxciv
1723 2166 1837 2200 similis
1857 2177 1909 2200 re-

1178 2218 1376 2251 eordationis
1409 2218 1557 2252 Clemens
1588 2219 1672 2262 Papa
1695 2220 1778 2260 vill,
1812 2219 1909 2253 etiam

1160 2306 1161 2318 1
1177 2273 1416 2315 praedeeessor
1429 2277 1552 2312 noster,
1566 2273 1656 2305 vivae
1670 2273 1758 2306 vocis
1777 2274 1908 2308 oraculo

1161 2336 1238 2368 2per
1262 2326 1367 2357 bonae
1398 2326 1574 2359 memoriae
1595 2326 1814 2367 Franciseum,
1833 2327 1911 2361 dum

1180 2378 1263 2417 vixit,
1286 2377 1316 2410 S.
1337 2378 1374 2410 R.
1394 2378 1428 2411 E.
1449 2379 1649 2412 cardinalem
1666 2379 1814 2413 Toletum
1830 2390 1912 2413 nun—

1179 2436 1333 2473 cupatum
1352 2432 1598 2474 congregationi
1616 2432 1747 2476 quintae
1766 2433 1911 2476 generali

1179 2488 1377 2516 memoratae
1404 2484 1573 2517 Societatis
1608 2484 1790 2528 significato
1821 2496 1912 2519 man-

1179 2536 1304 2568 daverit
1331 2542 1366 2568 ut
1398 2542 1461 2569 tam
1495 2537 1709 2580 provinciales
1736 2549 1832 2582 quam
1860 2549 1912 2572 re-

1179 2594 1286 2621 ctores
1312 2589 1417 2622 dietae
1453 2590 1622 2623 Societatis
1656 2601 1722 2623 non
1756 2592 1913 2627 durarent

1909 219 1960 247 An.
1980 219 2011 247 C.
2029 218 2096 247 ¹663

1950 2174 2044 2196 Clemens
2060 2167 2105 2197 Vltl

1924 2203 1990 2228 Papa.
