2247 3208
131 221 179 246 An.
197 218 225 243 C.
249 217 314 243 tnsst

156 1699 274 1720 clausulae.

164 2581 255 2606 Dei-egat
270 2586 319 2602 con·

138 2610 214 2629 turns.

917 209 1105 233 ALExxNDER
1128 210 1172 233 VH
1198 211 1245 233 FP.

322 263 409 306 prior
433 261 597 304 generalis
632 261 765 292 decreta
796 259 1002 297 huiusmodi,
1028 264 1059 289 ut

322 315 444 347 firmius
468 314 645 346 subsistant
663 318 693 346 et
711 318 882 345 serviatur
906 312 1056 350 exactius,

321 367 519 412 apostolicae
556 366 809 400 confirmationis
843 370 972 398 nostrae
1005 375 1060 406 pa-

322 421 458 454 trocinio
485 420 674 453 conununiri
703 430 906 461 stumnopere
932 417 1060 450 deside-

322 479 380 513 ret,
407 484 476 513 nos,
499 473 601 516 ipsius
618 471 804 515 llicronymi
824 470 939 514 prioris
964 479 1060 511 ‹gene-

321 526 397 559 ralis
423 525 585 559 desiderio
623 529 777 568 quantum
813 534 885 555 cum
921 521 1059 554 Domino

321 590 492 623 possumus
507 578 729 612 favorabiliter
743 586 884 609 annuere
902 576 1057 613 volentes,

323 643 461 676 eumque
480 644 496 664 a
517 631 680 674 quibusvis
706 627 1057 667 excommunicatiouis,

323 685 548 729 suspensionis
584 689 616 716 et
639 682 821 721 interdicti,
848 681 983 724 aliisque
1010 692 1059 712 ee-

323 738 511 771 clesiasticis
532 736 713 775 sententiis,
728 734 872 768 censuris
888 739 917 766 et
932 734 1056 777 poenis,

323 803 340 824 a
365 792 433 823 iure
458 791 507 825 vel
534 790 572 821 ab
599 789 738 827 bomine,
759 788 871 831 quavis
889 787 1058 820 occasione

322 845 371 877 vel
396 845 490 876 causa
514 842 596 881 latis,
617 841 642 874 si
669 841 786 884 quibus
813 840 1060 884 quomodolibet

321 896 496 929 innodatus
521 895 638 935 existit,
663 895 701 926 atl
727 893 876 926 etl'ectum
909 903 1059 936 praesen-

323 949 400 981 tium
433 949 593 982 dumtaxat
630 947 917 990 consequendum,
944 947 1056 978 barum

322 1002 403 1035 serie
430 1001 635 1034 absolventes
653 1006 685 1032 et.
701 1000 882 1032 absolutum
902 1000 968 1031 t'ore
987 1009 1059 1030 ceu-

322 1060 440 1094 sentes,
463 1053 755 1098 supplicationibus
773 1053 840 1085 eius
854 1051 983 1084 nomine
1006 1062 1060 1083 no—

323 1108 372 1141 bis
397 1118 495 1151 super
512 1108 573 1140 boe
596 1106 762 1139 luuniliter
785 1105 945 1148 porrectis
969 1104 1059 1137 incli-

323 1161 398 1200 nati,
425 1159 533 1193 onmia
565 1165 593 1192 et
620 1159 746 1201 singula
779 1159 906 1190 decreta
932 1157 1059 1200 praein-

322 1219 406 1245 serta
432 1223 448 1244 a
473 1212 617 1255 praefato
647 1211 843 1254 Hieronymo
869 1210 973 1253 priore
1007 1221 1060 1251 ge-

323 1266 424 1298 nerali
443 1266 537 1305 edita,
554 1271 587 1297 ut
605 1265 794 1308 praefertur,
814 1274 886 1296 cum
912 1262 1059 1295 omnibus

323 1324 352 1351 et
388 1318 521 1361 singulis
555 1318 587 1349 in
613 1317 659 1349 eis
685 1316 862 1360 respective
888 1316 1059 1355 eontentis,

323 1371 510 1404 auctoritate
543 1370 728 1413 apostoliea,
762 1374 875 1402 tenore
907 1379 1061 1412 praesen-

324 1425 410 1463 tium,
437 1423 666 1456 confirmamus
688 1428 719 1455 et
737 1423 962 1465 approbamus,
982 1422 1061 1454 illis-

324 1487 385 1519 que
402 1476 598 1509 inviolabilis
616 1475 811 1518 apastolicae
833 1474 994 1507 firmitatis
1010 1485 1061 1507 ro-

323 1528 384 1561 bur
418 1529 608 1569 adiieimus,
636 1539 673 1560 ae
707 1538 822 1560 onmes
855 1532 887 1559 et
915 1527 1060 1569 singulos

324 1582 400 1614 iuris
422 1587 453 1615 et
488 1582 561 1614 faeti
595 1582 750 1621 desectus,
775 1580 800 1613 si
833 1580 887 1622 qui
920 1580 1061 1623 desuper

324 1635 571 1677 quomodolibet
591 1634 836 1674 intervenerint,
857 1634 1057 1676 supplemus.

367 1688 381 1730 ξ
406 1687 437 1720 3.
465 1687 685 1719 Decernentes
712 1687 843 1719 easdem
870 1691 1060 1729 praesentes

324 1740 448 1773 litteras
484 1751 609 1773 necnon
645 1740 753 1773 onmia
783 1744 815 1772 et
848 1739 973 1781 singula
1007 1739 1061 1771 de-

325 1799 410 1825 creta
424 1794 624 1836 praeinserta
638 1803 768 1835 semper
784 1792 886 1832 firma,
907 1792 1012 1825 valida
1030 1798 1062 1825 et

325 1844 467 1877 etticaeia
483 1846 619 1877 existere
647 1851 679 1877 et
699 1846 776 1883 sore,
793 1855 933 1887 suosque
950 1846 1062 1887 plena-

325 1897 389 1930 rios
416 1904 447 1930 et
471 1899 614 1940 integros
639 1897 771 1929 etl'eetus
790 1897 897 1930 sortiri
925 1903 956 1929 et
979 1897 1062 1930 obti-

326 1961 416 1990 nere,
433 1962 468 1983 ae
486 1951 524 1983 ab
539 1951 616 1989 illis,
634 1951 674 1983 ad
700 1961 778 1993 quos
802 1955 927 1992 spectat
948 1955 979 1982 et
1003 1960 1061 1992 pro

327 2009 472 2047 tempore
494 2005 758 2048 quandocumque
777 2004 948 2047 spectabit,
964 2004 1062 2036 invio-

325 2057 467 2090 labiliter
490 2063 522 2090 et
546 2058 732 2090 inconcusse
764 2057 951 2096 observari,
983 2057 1062 2089 illis-

326 2121 388 2153 que
406 2110 582 2153 respective
608 2111 639 2142 in
664 2110 812 2142 omnibus
829 2115 857 2142 et
880 2120 939 2153 per
955 2109 1061 2142 onmia

324 2163 513 2206 plenissime
531 2162 712 2206 suffragari,
732 2163 842 2206 sieque
861 2163 892 2195 in
909 2162 1063 2206 praemis-

325 2215 368 2248 sis
390 2226 449 2258 per
473 2227 691 2260 quoscumque
725 2216 846 2248 iudices
879 2215 1061 2248 ordinarios

326 2273 355 2300 et
372 2267 550 2311 delegatos,
567 2269 663 2302 etiam
679 2279 849 2302 causarum
863 2268 973 2312 palatii
991 2278 1062 2312 apo-

325 2321 430 2354 stolici
461 2322 634 2361 auditores,
655 2322 788 2355 iudicari
814 2327 845 2355 et
864 2321 990 2355 definiri
1009 2322 1063 2354 de-

325 2374 418 2414 bere,
445 2386 481 2408 ae
505 2375 628 2407 irritum
654 2380 685 2407 et
712 2375 808 2408 inane
841 2375 867 2408 si
892 2386 984 2408 secus
1011 2386 1063 2407 su-

327 2437 386 2470 per
408 2427 460 2461 his
486 2438 503 2460 a
529 2438 702 2471 quoquam,
723 2428 835 2472 quavis
861 2428 1060 2468 auctoritate,

329 2480 471 2513 scienter
503 2481 552 2513 vel
585 2480 795 2524 ignoranter,
824 2480 994 2523 eontigerit
1018 2485 1064 2513 at-

330 2534 459 2567 tentari.

1102 257 1385 289 constitutionibus
1416 264 1447 290 et
1480 258 1736 291 ordinationibus
1763 271 1839 301 apo-

1102 310 1234 347 stolicis,
1253 321 1390 348 necnon,
1405 316 1564 353 quatenus
1579 322 1658 353 opus
1678 311 1728 349 sit,
1748 323 1839 353 prae-

1103 362 1239 395 fatorum
1256 362 1383 395 Ordinis
1405 369 1434 395 et
1461 363 1645 405 provinciae
1666 364 1835 403 'rai-oniae,

1102 414 1209 447 aliisve
1235 415 1407 457 quibusvis,
1433 415 1529 447 etiam
1548 416 1742 453 iuramento,
1763 427 1839 449 eon-

1101 466 1284 499 firmatione
1311 468 1500 510 apostolica,
1529 471 1577 501 vel
1605 470 1715 512 quavis
1741 470 1839 502 sirmi-

1103 525 1164 551 tate
1192 520 1252 552 alia
1273 520 1444 558 roboratis,
1468 522 1594 553 statutis
1622 528 1650 553 et
1669 529 1839 556 consuetu-

1102 572 1241 611 dinibus,
1264 573 1445 616 privilegiis
1471 585 1610 617 quoque,
1640 575 1772 608 indultis
1806 582 1838 607 ct

1101 625 1216 657 litteris
1243 625 1428 668 apostolicis
1458 627 1489 658 in
1520 628 1713 659 eontrarium
1745 639 1838 670 prae-

1100 679 1270 711 missorum
1301 680 1542 722 quomodolibet
1568 681 1749 717 concessis,
1785 693 1839 723 ap-

1100 731 1242 774 probatis
1269 737 1298 763 et
1329 732 1513 771 innovatis·,
1544 733 1658 776 quibus
1688 733 1836 766 omnibus

1100 789 1129 815 et
1149 783 1294 826 singulis,
1314 784 1439 816 illorum
1461 790 1590 817 tenores
1610 786 1836 828 praesentibus

1101 846 1157 878 pro
1183 837 1279 879 pleno
1306 843 1337 869 et
1368 837 1569 869 sufficienter
1602 839 1765 881 expressis
1801 849 1838 870 ae

1101 888 1140 921 de
1166 889 1265 921 verbo
1290 889 1329 921 ad
1357 890 1488 922 verbum
1514 890 1646 923 insertis
1666 891 1837 930 babentes,

1101 941 1163 974 illis
1193 941 1270 974 alias
1304 942 1334 974 in
1361 953 1418 975 suo
1451 943 1570 975 robore
1598 943 1835 985 permansuris,

1101 995 1140 1027 ad
1165 995 1421 1038 praemissorum
1459 995 1635 1035 etl'eetum,
1673 997 1732 1028 bac
1767 996 1838 1028 viee

1101 1047 1278 1087 dumtaxat,
1299 1048 1488 1091 specialiter
1512 1054 1545 1080 et
1570 1060 1725 1092 expresse
1745 1049 1839 1081 dero-

1101 1111 1234 1142 gamus,
1273 1101 1457 1145 ceterisque
1498 1101 1670 1134 contrariis
1705 1102 1838 1145 quibus-

1101 1165 1255 1197 cumque.

1144 1207 1159 1249 ξ
1194 1206 1224 1238 5.
1264 1207 1415 1239 Volumus
1449 1213 1555 1240 autem
1587 1213 1619 1239 ut
1649 1209 1836 1241 earumdem

1102 1259 1323 1302 praesentium
1339 1260 1519 1292 litterarum
1535 1261 1756 1303 transumptis,
1771 1261 1837 1293 sive

1102 1313 1277 1355 exemplis,
1313 1313 1410 1345 etiam
1435 1314 1619 1356 impressis,
1650 1324 1747 1346 manu
1780 1315 1838 1346 ali-

1102 1365 1195 1397 euius
1219 1365 1338 1397 notarii
1366 1365 1488 1408 publici
1519 1366 1725 1409 subscriptis,
1744 1371 1775 1398 et
1802 1367 1839 1399 si-

1102 1418 1180 1460 gillo
1198 1426 1360 1460 personae
1378 1418 1410 1450 in
1431 1418 1655 1451 ecelesiastica
1680 1419 1838 1461 dignitate

1102 1471 1301 1504 constitutae
1327 1472 1475 1512 munitis,
1502 1473 1616 1505 eadem
1642 1483 1779 1515 prorsus·
1806 1472 1839 1504 ti-

1102 1525 1158 1557 des
1175 1524 1295 1567 ubique
1311 1526 1457 1558 locorum
1472 1530 1535 1558 tan]
1554 1525 1586 1558 in
1601 1526 1723 1558 iudicio
1743 1536 1837 1568 quam

1102 1582 1192 1610 extra
1216 1578 1296 1611 illud
1322 1578 1542 1619 adhibeatur,
1570 1589 1653 1622 quae
1687 1579 1838 1622 ipsismet

1101 1631 1333 1673 praesentibus
1371 1631 1588 1664 adhiberetur
1607 1659 1614 1671 ,
1659 1632 1684 1663 si
1730 1632 1838 1663 forentv

1103 1684 1267 1717 exhibitae
1294 1686 1344 1717 vel
1370 1689 1534 1717 ostensae.

1144 1736 1259 1769 Datum
1284 1737 1426 1777 Romae,
1453 1737 1538 1780 apud
1564 1737 1595 1770 S.
1620 1737 1751 1769 Mariam
1776 1737 1839 1769 Ma-

1102 1789 1227 1829 iorem,
1255 1790 1315 1822 sub
1340 1792 1460 1823 annulo
1485 1790 1672 1829 Piscatoris,
1704 1790 1755 1822 die
1781 1799 1838 1821 xxv

1102 1842 1237 1875 ianuarii
1282 1853 1421 1876 MDCinv
1437 1870 1444 1883 ,
1483 1842 1689 1886 pontificatus
1735 1841 1838 1874 nostri

1102 1905 1187 1928 anno
1212 1906 1254 1928 lx.

1138 1956 1195 1983 Dat.
1213 1957 1257 1984 die
1272 1957 1307 1985 25
1322 1957 1438 1984 ianuarii
1456 1957 1532 1990 1664,
1550 1957 1645 1992 pontis.
1664 1964 1733 1984 anno
1748 1963 1785 1983 ix.

1403 2098 1528 2132 CDLXI.

1103 2178 1235 2211 Decreta
1256 2189 1315 2223 pro
1340 2179 1481 2212 Lz'manti
1510 2178 1682 2222 provincia
1715 2179 1751 2211 in
1776 2178 1836 2211 In-

1147 2232 1210 2265 cliis
1236 2231 1368 2266 Ordinis
1399 2233 1437 2265 B.
1468 2232 1595 2265 Mariae
1629 2233 1666 2265 de
1699 2231 1840 2264 Mercede

1146 2285 1375 2328 redemptionis
1400 2286 1601 2329 captivorum
1624 2285 1782 2318 stabilita.

1296 2366 1463 2394 Alexander
1482 2367 1560 2400 Papa
1579 2366 1641 2393 vu.

1244 2411 1281 2439 ad
1299 2411 1435 2439 futuram
1453 2411 1497 2439 rei
1516 2410 1697 2438 memoriam.

1148 2481 1270 2525 Exponi
1295 2482 1388 2514 nobis
1417 2491 1523 2525 nuper
1548 2481 1622 2514 feeit
1647 2481 1782 2513 dilectus
1807 2480 1840 2512 ss-

1106 2536 1166 2568 lius
1191 2535 1377 2568 Franciseus
1403 2535 1441 2568 de
1468 2537 1497 2568 la
1522 2535 1618 2574 Rosa,
1651 2539 1841 2577 procurator

374 2588 388 2631 g
412 2588 442 2619 4.
470 2587 538 2621 Non
571 2587 772 2621 obstantibus
802 2588 1002 2631 praemissis,
1031 2598 1065 2621 ac
1107 2588 1268 2631 <generalis
1292 2588 1419 2622 Ordinis
1446 2590 1575 2620 t'ratrum
1602 2588 1635 2620 B.
1660 2587 1773 2619 Mariae
1800 2588 1838 2619 de

1737 201 1801 234 ⁰210
1848 210 1941 236 Amc.
1964 210 2033 237 ieet

1889 1218 2034 1242 'transumptis

1849 1244 1907 1264 credi
1922 1245 2015 1265 mandat.

1877 2486 1993 2513 Exposiim.
