2247 3208
88 202 138 230 An.
159 202 188 229 C.
208 202 274 230 t667

913 202 1055 227 CLEMENS
1080 205 1110 228 lx
1135 204 1183 228 1¹1².

283 256 315 284 et
339 250 482 293 singulos
498 251 576 283 alios
598 251 808 283 canonicatus
827 256 859 283 et
878 251 1021 293 singulas

282 304 486 348 praebendas
511 304 711 347 reliquarum
733 305 943 337 ecelesiarum
970 305 1023 336 1111-

283 357 434 397 iusmodi,
451 368 533 400 quae
552 368 588 390 ex
616 362 689 389 tuuc
707 358 745 390 ad
765 357 1023 401 quinquennium

284 416 359 443 tune
375 411 522 454 proxime
542 412 688 450 futurum,
705 422 722 443 a
736 411 798 443 sine
814 411 917 444 ultimi
933 411 1025 453 quin-

283 463 394 506 quenii
420 474 479 507 per
503 463 702 497 Clementem
733 464 1022 506 prafflleeessorem

282 517 449 560 prorogati
468 528 523 550 seu
544 517 690 550 concessi
709 517 973 560 computandum,
991 516 1022 548 in

282 570 419 613 singulis
444 571 560 610 martii,
580 571 648 604 iulii
667 575 699 603 et
722 570 910 603 novembris
932 580 1023 602 men·
1043 590 1045 599 i

281 624 368 656 sibus
394 634 452 666 pro
482 629 628 667 tempore
662 628 831 656 vacassent
855 628 887 656 et
910 634 1021 655 vacare

281 677 476 719 contigeret,
500 677 669 710 nominare
687 676 789 708 libere
815 681 847 708 et
871 676 957 708 licite
970 686 1022 707 va-

280 731 394 769 lerent,
422 730 506 763 dicta
531 729 721 762 auctoritate
746 729 910 762 concessit
927 734 954 762 et
974 729 1022 761 in-

280 785 399 825 dulsit;
426 795 461 816 ac
492 785 603 816 statuit
627 789 657 816 et
683 784 850 822 ordinavit,
878 784 963 826 quod
990 784 1020 820 ii,

279 837 318 870 ad
344 848 424 880 quos
445 837 585 873 collatio,
611 836 762 880 provisio,
788 838 1020 880 praesentatio,

278 890 393 924 electio
419 896 450 923 et
467 891 637 931 institutio,
662 892 712 924 vel
730 890 862 934 quaevis
878 891 939 923 alia
957 891 1022 923 dis-

277 943 397 986 positio
427 943 672 976 canonicatuum
705 948 736 976 et
760 944 1020 986 praebendarum

279 996 468 1030 huiusmodi
502 1008 561 1040 pro
594 1002 739 1040 tempore
765 1002 946 1040 spectaret,
970 1008 1020 1029 ca-

278 1050 450 1083 nonicatus
476 1055 507 1083 et¹
523 1050 739 1093 praebendas,
759 1061 840 1093 quos
858 1061 1017 1093 personae

281 1102 320 1135 ad
346 1102 419 1135 illos
445 1102 490 1135 sic
515 1103 699 1135 nominatae
725 1113 784 1146 per
808 1113 840 1135 se
873 1104 922 1135 vcl
948 1113 1020 1145 pro-

279 1160 461 1188 curatorem
480 1166 572 1188 suum
590 1156 628 1188 ad
645 1156 705 1188 boe
722 1157 761 1188 ab
776 1155 821 1188 eis
838 1155 1020 1198 specialiter

280 1209 487 1241 constitutum
506 1209 589 1241 int'ra
609 1209 704 1241 unius
731 1208 850 1241 mensis
867 1209 1018 1251 spatium,

278 1267 449 1304 postquam
464 1261 509 1294 eis
529 1262 578 1294 vel
598 1261 800 1304 procuratori
816 1272 873 1293 sno
888 1261 1017 1293 illorum

278 1315 400 1348 vacatio
425 1315 631 1355 innotuisset,
661 1316 829 1348 duxissent
848 1320 1019 1358 acceptan-

278 1368 345 1408 dos,
356 1378 426 1400 cum
451 1368 602 1401 omnibus
621 1369 744 1401 iuribus
763 1373 793 1401 et
812 1368 1017 1410 pertinentiis

277 1421 352 1462 suis,
371 1421 495 1454 eisdem
506 1421 681 1453 nominatis
697 1422 846 1464 personis
858 1422 1017 1461 conferre,

277 1479 310 1507 et
334 1475 373 1507 de
397 1474 436 1507 iis
462 1474 558 1507 etiam
590 1475 785 1518 providere,
811 1485 866 1507 seu
900 1484 953 1507 eas
978 1475 1017 1507 ad

276 1526 350 1560 illos
375 1533 575 1570 presentare,
603 1532 655 1560 aut
680 1527 809 1570 eligere,
829 1527 931 1560 autin
952 1527 1016 1560 illis

276 1580 457 1622 instituere,
484 1582 533 1614 vel
559 1581 637 1614 alias
664 1582 702 1614 de
729 1582 793 1615 illis
827 1582 859 1614 in
892 1592 1018 1615 earum-

277 1635 352 1667 dem
369 1645 585 1678 personarum
607 1634 848 1667 nominatarum
874 1635 1016 1668 savorem

277 1687 452 1731 disponere
473 1693 670 1728 tenerentur,
691 1689 855 1732 quodque,
870 1689 907 1721 iis
925 1700 1017 1732 prae-

276 1740 389 1774 missa¹
411 1742 514 1774 facere
540 1742 766 1775 recusantibus
783 1744 832 1776 vel
850 1743 1018 1786 negligen-

278 1795 362 1828 tibus
389 1801 441 1828 aut
466 1795 707 1836 differentibus,
734 1796 830 1829 etiam
855 1807 913 1840 pro
941 1802 1018 1830 tein-

276 1859 357 1892 pore
393 1849 492 1881 abbas
523 1849 553 1882 S.
581 1849 707 1881 Martini
740 1849 945 1882 Coloniensis
981 1861 1017 1883 ac

277 1901 418 1934 decanus
432 1901 589 1934 ecclesiae
610 1902 641 1934 S.
664 1901 753 1934 Pauli
770 1902 967 1941 Leodiensis,
988 1908 1019 1935 et
1038 1919 1040 1939 t

1039 1958 1040 1961 ’
1061 1956 1178 1988 iterum
1204 1955 1349 1987 extendit
1374 1959 1405 1987 et
1429 1953 1617 1998 prorogavit
1641 1964 1696 1986 seu
1725 1964 1803 1986 con-

278 1953 333 1997 qui
366 1954 547 1987 haereticae
584 1954 750 1997 pravitatis
785 1955 956 1998 inquisitor
985 1956 1017 1988 in

276 2007 341 2040 illis
365 2007 511 2050 partibus
544 2009 723 2051 apostolica
748 2009 939 2042 auctoritate
964 2010 1039 2041 (le-³

277 2065 407 2103 putatus
440 2061 612 2102 existeret,
637 2061 728 2104 prior
753 2063 867 2095 domus
891 2062 1039 2102 Ordinis,

278 2115 415 2148 fratrum
439 2116 702 2149 Praedicatorum
727 2117 822 2149 etiam
848 2116 1018 2150 Colonien-

279 2168 373 2208 sium,
400 2174 431 2201 et
455 2180 567 2201 eorum
593 2169 740 2212 quilibet,
759 2170 967 2202 canonicatus
987 2176 1018 2202 et

279 2221 482 2263 praebendas
497 2221 543 2254 sie
558 2227 706 2255 vacantes
718 2222 869 2265 personis
886 2223 924 2255 ad
943 2223 1016 2256 illos

279 2279 314 2305 ut
349 2274 532 2317 praefertur
567 2275 754 2315 nominatis,
780 2286 840 2318 pro
877 2278 914 2308 ea
949 2277 1016 2309 vice

280 2332 419 2367 tantum,
448 2328 561 2360 eadem
587 2329 775 2361 auctoritate
802 2330 960 2367 conferre,
988 2335 1018 2362 et

279 2381 318 2414 de
344 2381 408 2414 illis
440 2381 536 2414 etiam
569 2381 739 2423 providere
769 2382 891 2424 pariter
916 2383 1017 2416 libere

279 2438 310 2466 et
326 2433 411 2467 licite
435 2439 576 2477 possent,
597 2440 628 2466 et
645 2434 731 2477 quod
750 2434 788 2466 ab
804 2434 925 2467 eisdem
944 2446 1018 2478 per-

279 2487 367 2520 sonis
385 2487 429 2519 sic
452 2498 512 2530 pro
533 2493 679 2530 tempore
704 2487 879 2520 nominatis
897 2488 927 2519 in
947 2494 1017 2520 actu
1038 2490 1040 2528 ξ

1038 2535 1150 2572 ³deret
1183 2550 1288 2582 neque
1323 2540 1362 2572 ad
1395 2550 1450 2572 eos
1483 2550 1515 2572 se
1546 2539 1746 2579 extenderet,
1765 2549 1802 2571 ac

1038 2586 1040 2631 ¹,
1061 2593 1130 2625 sine
1156 2592 1356 2635 praeiudicio
1382 2592 1458 2624 dicti
1485 2598 1560 2625 tunc
1586 2597 1618 2625 et
1638 2602 1697 2635 pro
1723 2598 1803 2624 tem-

278 2541 509 2574 nominationis
530 2542 569 2574 de
588 2541 633 2573 eis
658 2552 716 2584 pro
742 2546 888 2584 tempore
903 2542 1014 2581 tat-tae,

315 2603 326 2635 1
344 2603 394 2629 Ed.
410 2602 488 2629 Μαίη.
504 2602 570 2639 legit
583 2603 727 2638 permissa
743 2603 779 2637 (R.
797 2602 844 2637 12).

1068 253 1099 284 in
1126 264 1187 296 qua
1213 253 1385 293 facultate,
1410 254 1442 286 in
1477 264 1540 297 quo
1577 255 1742 297 gymnasio
1775 260 1807 288 et

1067 316 1129 347 qua
1155 306 1235 338 liora
1262 306 1315 339 illa
1341 307 1460 340 (locere
1486 318 1540 339 seu
1566 308 1676 350 legere
1710 308 1805 341 debe-

1066 363 1135 390 rent
1174 359 1420 401 exprinwretur,
1446 366 1488 401 et,
1523 360 1549 393 si
1575 372 1592 393 a
1616 361 1805 404 praemissis

1067 411 1280 451 defecissent,
1307 419 1380 455 post,
1412 414 1548 456 primam
1575 420 1606 446 et
1631 415 1804 447 secundam

1066 465 1264 497 monitiones
1290 466 1335 497 eis
1362 467 1500 509 desuper
1534 468 1650 507 saetas,
1679 478 1696 500 a
1731 478 1806 511 per-

1066 517 1216 560 ceptione
1244 519 1401 551 t'ructuum
1420 547 1427 559 ,
1456 520 1640 552 reddituum
1677 526 1709 553 et.
1733 532 1806 564 pro-

1067 575 1219 601 ventuum
1237 571 1507 613 praebendarum,
1523 584 1602 615 quas
1619 573 1730 615 vigore
1749 585 1805 606 no-

1066 621 1279 654 minationum
1311 628 1342 655 et
1377 624 1584 656 collationum
1618 625 1803 658 huiusmodi

1066 679 1141 707 tunc
1179 676 1341 718 assequuti
1379 677 1538 715 fuissent,
1571 688 1630 720 per
1657 678 1804 711 abbatem

1065 733 1097 760 et
1119 729 1276 761 decanum
1304 730 1463 762 ecelesiae
1486 730 1620 763 §.Pauli
1646 731 1804 764 Leodien-

1064 780 1106 813 sis
1132 792 1167 813 ac
1192 781 1331 824 priorem
1358 783 1553 825 praedictos,
1583 788 1637 815 aut
1662 784 1802 827 aliquem

1065 845 1102 867 ex
1138 834 1204 873 eis,
1239 835 1277 867 ad
1303 835 1550 878 requisitionem
1578 836 1642 869 illis
1673 847 1730 879 per
1754 849 1804 870 re.-

1064 893 1186 920 ctorem
1219 894 1249 921 et
1282 889 1423 921 decanos
1449 890 1631 922 facultatum
1665 896 1696 923 et
1727 901 1803 933 pro-

1064 941 1184 974 visores
1214 942 1432 975 imit-ersitatis
1472 943 1656 977 huiusmodi
1689 944 1803 976 sacien-

1064 995 1144 1034 dam,
1157 996 1443 1038 suspenderentur,
1460 1001 1499 1036 et,
1512 997 1537 1029 si
1553 997 1803 1040 suspensionem

1065 1049 1251 1082 huiusmodi
1272 1061 1330 1092 per
1349 1060 1493 1083 mensem
1514 1050 1622 1083 animo
1641 1051 1802 1083 sustinuis-

1063 1106 1135 1134 sent
1160 1102 1333 1141 indurato,
1368 1103 1480 1135 iisdem
1506 1104 1704 1146 praebendis
1730 1103 1802 1146 ipso

1064 1155 1146 1187 sacto
1173 1160 1205 1187 et
1228 1167 1298 1187 rum
1325 1155 1438 1188 ellectu
1457 1157 1661 1199 privarentur
1686 1163 1717 1189 et.
1741 1168 1802 1201 pro

1063 1208 1194 1251 privatis
1222 1209 1449 1248 haberentur,
1475 1215 1507 1241 et
1531 1210 1637 1241 statim
1664 1210 1702 1243 de
1738 1210 1802 1244 illis

1063 1261 1133 1294 aliis
1158 1261 1307 1304 personis
1333 1263 1429 1294 niodo
1447 1268 1477 1294 et
1495 1263 1595 1295 t'orina
1613 1263 1800 1305 praemissis

1062 1315 1304 1358 provideretur,
1330 1326 1451 1355 verum,
1470 1315 1495 1347 si
1522 1326 1680 1358 personae
1700 1316 1803 1349 nomi-

1061 1373 1154 1401 natae
1174 1368 1357 1411 praedictae
1372 1369 1405 1400 in
1423 1369 1564 1411 aliquam
1581 1369 1802 1412 suspicionem

1062 1421 1208 1454 haeresis
1234 1421 1432 1461 incidissent,
1450 1422 1481 1454 in
1504 1433 1557 1455 eas
1584 1433 1644 1465 per
1668 1423 1799 1466 inquisi-

1061 1479 1147 1507 tores
1169 1475 1352 1507 baeretieae
1371 1475 1537 1518 pravitatis
1556 1475 1588 1508 in
1613 1475 1677 1508 illis
1703 1476 1803 1519 parti-

1060 1529 1119 1560 bus
1138 1529 1250 1561 eadem
1276 1529 1466 1561 auctoritate
1484 1529 1654 1572 deputatos
1681 1529 1801 1572 absque

1061 1582 1125 1614 ulla
1150 1584 1241 1614 mora
1266 1581 1494 1625 inquireretur,
1510 1587 1541 1614 et
1566 1582 1591 1615 si
1617 1583 1690 1615 illae
1716 1593 1802 1615 com-

1061 1640 1171 1678 pertae
1197 1635 1331 1667 fuissent
1356 1634 1484 1667 haeresi
1511 1635 1697 1668 huiusmodi
1722 1635 1802 1668 inse.-

1061 1694 1138 1727 e‘ae‚
1158 1688 1213 1720 alii
1238 1687 1389 1720 catholici
1408 1688 1447 1720 ad
1472 1687 1631 1720 beneficia
1652 1698 1710 1731 per
1727 1688 1802 1721 illos

1061 1741 1194 1774 obtenta
1218 1741 1313 1773 simili
1338 1742 1435 1774 modo
1470 1741 1740 1782 nominarentur;
1771 1746 1802 1774 et

1061 1794 1197 1827 subinde
1235 1793 1494 1838 quinquennimn
1536 1793 1725 1826 huiusmodi
1762 1795 1801 1826 ad

1062 1848 1147 1881 aliud
1174 1847 1432 1891 quinquennium
1465 1858 1483 1879 a
1511 1846 1573 1879 [ine
1608 1847 1801 1880 ultimodicti

1062 1901 1252 1945 quinquenii
1289 1901 1539 1943 computandum
1576 1901 1677 1933 semel
1703 1905 1801 1943 atque

1061 2009 1156 2041 sessit
1194 2014 1224 2040 et
1260 2007 1405 2041 indulsit.
1445 2007 1655 2040 Postmodum
1695 2012 1803 2039 autem

1062 2063 1246 2105 (postquam
1260 2061 1362 2094 felicis
1378 2060 1615 2093 recordationis
1626 2060 1802 2102 Gregorius

1061 2115 1145 2158 Papa
1170 2115 1220 2147 XV
1246 2113 1396 2146 similiter
1428 2113 1660 2156 praedecessor
1692 2118 1803 2145 noster

1061 2179 1121 2212 per
1145 2178 1219 2200 suas
1244 2167 1277 2199 in
1302 2167 1397 2199 simili
1423 2167 1524 2198 l'orma
1542 2165 1650 2199 Brevis
1672 2165 1804 2209 expedi-

1062 2227 1108 2254 tas
1133 2221 1258 2254 litteras
1282 2219 1442 2252 indultum
1467 2219 1679 2262 praedictum,
1698 2219 1801 2259 vobis,

1060 2279 1095 2306 ut
1114 2274 1312 2317 praefertur,
1338 2277 1566 2315 prorogatum,
1593 2282 1629 2304 ac
1660 2272 1802 2315 desuper

1061 2328 1222 2360 contectas
1245 2326 1366 2359 litteras
1393 2330 1423 2357 et
1443 2325 1475 2357 in
1501 2324 1546 2357 eis
1571 2330 1732 2365 contenta,
1759 2324 1803 2358 ita

1061 2385 1168 2412 tamen
1198 2385 1232 2411 ut
1269 2378 1454 2411 huiusmodi
1480 2378 1643 2411 indultum
1669 2378 1803 2411 canoni-

1060 2440 1148 2473 catus
1175 2439 1205 2465 et
1229 2433 1432 2476 praebendas
1457 2433 1729 2475 metropolitanae
1755 2442 1804 2465 ec-

1061 2487 1175 2519 elesiae
1201 2485 1404 2519 Coloniensis
1430 2485 1560 2518 minime
1587 2486 1804 2528 comprehen-

1702 196 1766 229 550
1813 207 1863 232 An.
1886 206 1913 233 c.
1937 207 1999 232 uss·
