2247 3208
259 243 308 271 An.
329 243 353 273 C.
382 245 446 273 μίν-9

241 1252 352 1272 Decretum
364 1258 424 1278 prae-

240 1281 340 1298 imm-tum
352 1280 424 1298 contir-

240 1309 305 1323 uvatui
324 1310 337 1324 a
354 1306 424 1326 runn-

239 2607 241 2609 .
256 2580 368 2601 Decretum
386 2581 413 2602 ir·

227 2609 302 2628 rilaus.

494 240 555 273 77ss

452 293 513 328 alia
536 298 750 338 imposterum
775 298 937 339 habenda,
957 300 1092 333 subditis
1110 313 1185 335 vero

452 349 609 385 choristis,
625 349 812 392 privationis
832 351 919 384 vocis
933 352 1054 385 activae
1074 359 1104 386 et
1117 365 1187 397 pas-

450 401 545 441 sivae,
563 401 689 434 donatis
708 407 823 443 autem,
839 404 1027 446 privationis
1043 406 1118 446 loci,
1138 418 1185 439 su-

448 464 507 496 per
521 454 635 496 quibus
648 465 664 486 a
677 455 747 487 solo
759 466 883 489 summo
898 456 1051 490 Pontifice
1064 459 1183 492 absolvi

447 510 479 538 et
504 506 684 549 dispensari
710 508 854 550 possint,
887 520 927 542 ne
952 510 1069 553 aliquis
1094 512 1184 544 dein-

446 569 519 602 ceps
545 559 584 592 ad
608 560 788 603 praefatum
813 563 923 595 ludum
948 564 1110 597 seminarii
1135 566 1182 598 lu-

447 611 509 650 dat,
536 622 594 644 nec
618 623 677 655 per
692 623 737 654 se,
753 624 812 646 nec
832 625 891 658 per
916 616 1026 657 alium,
1043 628 1103 649 nec
1120 629 1179 661 pro

445 675 495 703 se,
522 674 581 697 nec
605 675 665 708 pro
692 673 850 699 conventu
881 669 931 701 vel
955 671 1178 711 conventibus,

444 716 508 749 sive
533 727 591 759 pro
618 728 819 761 quacumque
832 724 981 763 persona,
998 723 1093 755 etiam
1107 734 1178 767 spe-

443 769 515 802 ciali
540 771 748 814 expressione
784 774 891 816 digna.
926 775 1176 820 Mandamusque

442 824 622 856 reverendo
648 824 730 867 patri
755 832 864 860 nostro
895 829 1095 870 procuratori
1122 840 1176 872 ge-

441 876 542 909 nerali
567 883 602 909 ut
625 884 717 911 curet
748 880 811 912 hoc
843 887 990 914 nostrum
1007 883 1175 916 decretum

440 940 457 962 a
474 929 683 963 sanctissimo
706 933 900 975 approbari,
928 940 960 967 et
987 937 1175 969 auctoritate

439 984 619 1026 apostolica
643 985 675 1017 in
701 991 896 1029 perpetuum
915 989 1041 1029 muniri,
1066 995 1139 1031 etc.‚

481 1038 594 1071 Datum
620 1039 751 1079 Romae,
771 1039 802 1072 in
823 1047 984 1074 conventu
1009 1049 1122 1077 nostro
1139 1045 1170 1079 S.

436 1091 554 1125 Mariae
569 1092 608 1124 de
621 1092 722 1133 Scala,
737 1093 788 1126 die
800 1104 850 1127 xix
858 1095 1009 1129 februarii
1020 1108 1170 1133 unctxlx.

574 1146 625 1178 Fr.
654 1146 821 1182 Pfflmppus
845 1160 862 1181 a
886 1148 938 1182 SS.
974 1150 1128 1185 Trinitate

648 1201 849 1243 praepositus
874 1203 1045 1244 generalis.

479 1252 494 1295 ξ
518 1251 548 1284 ⁶2.
576 1251 654 1285 Cum
678 1258 796 1292 autem,
824 1253 908 1286 sicut
932 1255 1045 1288 eadem
1075 1267 1172 1301 expo-

437 1304 510 1338 sitio
536 1305 761 1347 subiungebat,
789 1305 890 1338 dictus
907 1313 1101 1349 procurator
1118 1320 1172 1352 ge-

434 1357 553 1390 neralis
569 1358 732 1390 decretum
750 1358 948 1400 huiusmodi,
971 1371 1033 1404 quo
1050 1361 1171 1396 firmius

435 1411 590 1442 subsistat
614 1415 645 1442 et
670 1415 814 1443 servetur
837 1413 992 1454 exactius,
1020 1416 1171 1458 apostoli-

434 1473 490 1495 cae
527 1463 782 1496 confirmationis
821 1471 948 1499 nostrae
988 1469 1169 1510 patrocinio

434 1516 626 1548 communiri
656 1527 858 1560 summopere
891 1519 1073 1553 desideret:
1100 1532 1167 1562 nos,

434 1569 539 1612 ipsum
564 1576 810 1613 procuratorem
836 1574 1021 1614 generalem
1047 1575 1170 1617 specia-

432 1621 518 1655 libus
542 1622 706 1655 savoribus
733 1627 764 1655 et
789 1624 898 1666 gratiis
929 1627 1083 1669 prosequi
1115 1639 1170 1661 vo-

431 1675 546 1715 lentes,
565 1680 596 1708 et
610 1686 626 1707 a
640 1676 804 1718 quibusvis
819 1680 1168 1722 excommunicationis,

432 1727 655 1770 suspensionis
681 1735 712 1761 et
729 1729 894 1763 interdicti
913 1731 1050 1775 aliisque
1068 1735 1170 1767 eccle-

431 1780 568 1813 siasticis
591 1782 760 1815 sententiis
775 1809 782 1822 ,
808 1784 952 1816 censuris
978 1790 1009 1818 et
1032 1787 1166 1829 poenis,

430 1844 447 1866 a
471 1833 539 1866 iure
565 1835 614 1867 vel
640 1834 679 1866 ab
705 1835 844 1877 homine,
870 1837 979 1879 quavis
996 1839 1166 1873 occasione

429 1888 478 1920 vel
504 1890 599 1920 causa
624 1889 705 1929 latis,
731 1889 755 1922 si
782 1890 898 1933 quibus
920 1893 1169 1935 quomodolibet

429 1939 601 1973 innodatus
626 1941 740 1982 existit,
767 1944 805 1976 ad
835 1943 985 1977 effectum
1013 1956 1167 1989 praesen-

429 1992 509 2026 tium
540 1993 704 2027 dumtaxat
736 1997 1014 2039 consequendum,
1053 1998 1167 2033 harum

430 2045 513 2078 serie
532 2047 733 2081 absolventes
751 2054 783 2081 et
800 2049 985 2083 absolutum
1003 2051 1072 2084 sore
1090 2062 1165 2085 cen·

428 2105 544 2140 sentes,
565 2101 853 2144 supplicationibus
873 2103 942 2136 eius
961 2104 1092 2138 nomine
1113 2116 1166 2138 no-

427 2151 476 2184 bis
503 2163 600 2195 super
627 2154 689 2187 hoc
715 2154 878 2188 humiliter
900 2156 1057 2199 porrectis
1079 2157 1165 2191 incli-

427 2204 503 2244 nati,
519 2206 683 2239 decretum
704 2207 952 2250 praeinsertum‚
972 2210 1164 2245 auctoritate

428 2258 621 2300 apostolica,
649 2265 761 2292 tenore
786 2261 1023 2304 praesentium,
1048 2262 1164 2295 confir-

427 2321 552 2343 mamus
577 2317 608 2344 et
626 2313 854 2355 approbamus,
867 2314 977 2357 illique
992 2315 1164 2348 inviolabi-

426 2363 464 2396 lis
484 2364 678 2406 apostolicae
696 2364 853 2399 firmitatis
866 2368 968 2400 robur
981 2368 1160 2409 adiicimus,

426 2426 462 2449 ac
487 2426 597 2449 omnes
624 2422 655 2449 et
679 2417 822 2460 singulos
848 2419 926 2452 iuris
952 2425 983 2453 et
1007 2421 1080 2453 sacti
1110 2422 1163 2455 de-

426 2469 536 2509 sectus,
562 2469 588 2502 si
614 2471 666 2513 qui
693 2472 833 2515 desuper
857 2475 1102 2517 quomodolibet
1118 2474 1161 2507 in-

426 2522 633 2563 tervenerint,
659 2526 857 2567 supplemus.

469 2575 484 2618 5
509 2574 540 2608 3.
567 2575 782 2610 Decernentes
811 2579 943 2611 easdem
974 2585 1160 2622 praesentes

424 2627 550 2661 litteras
575 2639 703 2674 semper
726 2630 854 2672 firmas,
880 2631 999 2665 validas
1031 2637 1062 2665 et
1094 2633 1160 2666 effi-

1034 254 1114 279 BULL
1121 256 1213 280 mimi
1239 256 1391 283 ROMANUM

1230 315 1320 337 caces
1346 306 1483 341 existere
1509 315 1540 342 et
1565 311 1650 348 fore,
1683 323 1822 357 suosque
1856 316 1965 358 plena-

1228 356 1291 389 rios
1316 363 1348 390 et
1371 358 1515 402 integros
1542 362 1672 397 effectus
1697 366 1804 399 sortiri
1831 373 1861 399 et
1886 368 1963 401 obti-

1228 410 1306 449 neri,
1333 421 1369 444 ac
1394 413 1433 445 ab
1458 413 1530 453 illis,
1558 416 1596 448 ad
1615 427 1696 459 quos
1714 424 1837 460 spectat
1854 425 1886 452 et
1904 431 1961 463 pro

1227 466 1370 506 tempore
1402 467 1568 508 spectabit,
1595 468 1826 503 inviolabiliter
1850 473 1961 506 obser-

1226 516 1300 554 vari,
1322 516 1432 559 sicque
1457 519 1488 550 in
1507 521 1692 562 praemissis
1713 533 1771 565 per
1789 534 1962 566 quoscum-

1226 578 1286 609 que
1304 567 1427 602 iudices
1443 571 1623 605 ordinarios
1636 578 1666 605 et
1677 574 1849 617 delegatos,
1863 577 1959 609 etiam

1224 630 1391 654 causarum
1426 624 1538 665 palatii
1570 626 1738 668 apostolici
1775 628 1955 670 auditores,

1222 671 1356 705 iudicari
1382 681 1413 707 et
1438 675 1566 708 definiri
1592 677 1732 718 debere,
1768 690 1803 711 ae
1833 680 1955 714 irritum

1222 732 1249 758 et
1276 726 1369 760 inane
1394 729 1418 760 si
1444 740 1535 762 secus
1562 741 1657 774 super
1674 732 1724 764 his
1745 743 1762 765 a
1780 744 1953 777 quoquam,

1221 779 1329 821 quavis
1354 782 1552 821 auctoritate,
1577 784 1709 817 scientei
1735 787 1785 818 vel
1803 785 1958 828 ignoran-

1220 837 1274 872 ter,
1302 834 1474 876 contigerit
1497 836 1657 869 attentari.

1262 886 1276 927 {i
1302 885 1332 917 4.
1356 886 1424 919 Non
1446 888 1648 921 obstantibus
1667 890 1953 925 constitutionibus
1966 903 2152 956 dssfflffim‘m

1219 942 1250 969 ct
1270 938 1525 973 ordinationibus
1549 942 1744 984 apostolicis,
1769 954 1816 983 ac,
1845 949 1952 987 quate-

1218 1000 1276 1022 nus
1288 1001 1369 1033 opus
1383 992 1432 1031 sit,
1447 994 1708 1036 congregationis
1723 1000 1754 1028 et
1764 997 1950 1039 provinciae

1218 1042 1412 1084 huiusmodi,
1439 1045 1534 1078 etiam
1560 1046 1750 1087 iuramento,
1784 1050 1950 1082 confirma-

1217 1096 1302 1128 tione
1337 1098 1535 1139 apostolica,
1569 1100 1617 1131 vel
1655 1100 1764 1142 quavis
1801 1101 1950 1135 firmitate

1215 1147 1275 1180 alia
1299 1149 1470 1189 roboratis,
1497 1151 1621 1184 statutis
1647 1157 1678 1184 et
1702 1154 1949 1186 consuetudini-

1214 1200 1283 1240 bus,
1308 1202 1483 1245 privilegiis
1509 1214 1646 1247 quoque,
1673 1204 1807 1238 indultis
1840 1211 1872 1238 et
1899 1206 1949 1239 lit-

1215 1253 1292 1285 teris
1318 1255 1506 1297 apostolicis
1526 1256 1558 1287 iu
1581 1256 1780 1289 contrarium
1797 1258 1950 1300 praemis-

1215 1317 1325 1339 sorum
1350 1308 1597 1350 quomodolibet
1622 1309 1800 1349 concessis,
1833 1310 1949 1342 contir-

1213 1360 1305 1392 matis
1330 1367 1360 1392 et
1384 1360 1566 1401 innovatis;
1594 1362 1711 1405 quibus
1727 1363 1892 1408 ⁴omnibus
1918 1369 1950 1396 et.

1214 1413 1368 1455 singulis,
1400 1413 1529 1447 illorum
1563 1419 1692 1447 tenores
1725 1417 1948 1458 praesentibus

1213 1477 1272 1509 pro
1301 1468 1396 1509 plene
1433 1473 1464 1499 et
1492 1468 1688 1501 sufficienter
1718 1469 1875 1511 expressis
1913 1480 1949 1502 ac

1213 1519 1252 1551 ad
1277 1518 1408 1551 verbum
1433 1519 1560 1552 insertis
1586 1521 1754 1561 habentes,
1781 1521 1844 1554 illis
1869 1522 1948 1555 alias

1213 1571 1244 1604 in
1270 1582 1328 1604 suo
1348 1572 1464 1605 robore
1482 1573 1716 1616 permansuris,
1736 1574 1775 1606 ad
1792 1574 1948 1617 praemis-

1212 1636 1320 1658 sorum
1341 1625 1497 1665 effectum,
1516 1626 1575 1658 hac
1593 1626 1662 1659 vice
1681 1627 1854 1667 dumtaxat,
1874 1637 1948 1670 spe-

1212 1678 1334 1711 cialiter
1359 1685 1390 1711 et
1414 1689 1564 1722 expresse
1587 1679 1799 1721 derogamus;
1820 1680 1948 1712 ceteris-

1212 1742 1274 1775 que
1300 1731 1471 1764 contrariis
1498 1731 1767 1775 quibuscumque.

1254 1785 1367 1818 Datum
1394 1785 1523 1825 Romae,
1544 1786 1629 1828 apud
1654 1785 1684 1818 S.
1704 1785 1834 1818 Mariam
1853 1785 1949 1818 Maio-

1212 1849 1287 1877 rem,
1313 1839 1372 1870 sub
1393 1839 1512 1871 annulo
1537 1838 1720 1878 Piscatoris,
1738 1838 1787 1871 die
1810 1848 1818 1871 1
1840 1837 1946 1870 martii

1210 1900 1362 1929 uomxm,
1378 1891 1582 1934 pontificatus
1601 1891 1702 1924 nostri
1723 1900 1855 1924 annon.

1247 1952 1302 1979 Dat.
1325 1952 1368 1979 die
1392 1954 1400 1979 1
1419 1952 1507 1979 martii
1530 1952 1608 1986 1669,
1630 1960 1700 1979 anno
1716 1958 1744 1979 11.

1560 2095 1592 2128 C.

1207 2175 1394 2207 Nonnullae
1423 2174 1645 2206 ordinationes
1669 2185 1762 2217 snper
1794 2172 1945 2207 electione

1250 2227 1291 2259 ud
1315 2227 1480 2259 abbutias¹
1512 2231 1540 2259 el
1568 2227 1736 2269 prioratus
1765 2227 1941 2269 corcyreya-

1251 2280 1349 2312 tionis
1373 2280 1604 2312 monachorum
1631 2279 1888 2313 Caetescinorum
1904 2277 1923 2311 ¹.

1420 2359 1556 2385 clemens
1578 2359 1657 2392 Papa
1677 2359 1725 2391 IX,

1322 2403 1358 2429 ad
1378 2405 1554 2437 perpetuam
1574 2403 1618 2429 rei
1640 2403 1823 2429 memoriam.

1247 2473 1411 2507 iniunctae
1443 2473 1538 2506 nobis
1574 2473 1708 2506 caelitus
1741 2472 1940 2516 apostolicae

1180 2535 1182 2559 ι
1205 2527 1366 2561 servitutis
1399 2527 1541 2560 debitum
1573 2527 1671 2570 exigit
1696 2532 1731 2559 ut
1758 2526 1841 2559 felici
1866 2536 1941 2569 pro-

1240 2600 1250 2624 1
1265 2597 1409 2632 Perperaiu
1424 2597 1488 2624 edit.
1501 2596 1580 2623 lllain.
1596 2596 1662 2630 legit
1677 2596 1836 2624 abbatissas
1846 2596 1939 2631 (Rs.)-

1237 2642 1253 2668 2
1267 2642 1305 2669 Ex
1319 2642 1428 2676 Regest.
1444 2641 1472 2669 in
1486 2641 1587 2668 Secret.
1603 2642 1684 2670 Brev-

1977 267 2025 294 An.
2042 266 2070 293 C.
2093 268 2161 297 ¹669

1980 2481 2100 2503 Exordium-
