2247 3208
105 245 154 272 An.
175 244 288 273 &1062

127 410 235 433 Quat-«lani
253 411 282 432 (a-

98 438 172 457 cutem.

885 240 1072 266 ALEMNDER
1098 240 1142 264 vll
1167 240 1214 263 PP.

300 298 388 326 ratae
415 291 608 336 opportunis
635 291 714 325 iuris
733 296 764 324 ct
788 290 862 325 sacti
881 289 1034 323 remediis

299 357 397 388 cogas
422 352 454 378 et
478 346 680 388 compellas;

341 402 356 443 ς’
379 400 411 432 4.
438 400 476 432 Ε1
500 399 714 432 nihilominus
750 397 1010 441 archiepiscopis
1025 424 1032 437 ,

298 452 463 496 episcopis
483 458 512 485 et
527 452 814 491 archimandritae,
830 450 964 493 aliisque
983 460 1034 483 ec-

297 505 488 539 clesiasticis
503 506 654 549 personis
672 505 858 549 praedictis,
876 509 911 536 ut.
931 509 1032 536 ratam

296 559 494 599 huiusmodi,
511 569 572 602 per
593 570 649 592 eos
674 565 708 591 ut
730 557 950 602 praemittitur
975 558 1033 590 ob-

294 613 392 645 latam
415 619 446 645 et
470 613 677 655 promissam,
703 611 904 654 persolvere,
928 622 963 643 ac
986 610 1032 643 di-

295 671 364 698 ctus
391 665 559 708 Philippus
581 675 637 697 rex
663 670 693 697 et
713 664 781 697 eius
800 663 939 696 ministri
959 674 1030 696 03111

293 724 407 761 petere
433 723 465 750 et
489 718 636 761 recipere
662 718 784 760 absque
810 716 1048 750 conscientiae*

294 772 461 814 scrupulo,
488 781 546 803 seu
571 781 781 803 censurarum
802 775 833 802 et
848 780 1030 812 poenarum

292 824 534 867 praedictarum
549 823 690 863 incursu,
707 823 809 856 libere
828 829 859 856 et
876 823 961 855 licite
980 834 1031 855 va-

291 877 399 916 leant,
432 877 622 910 auctoritate
655 879 767 910 nostra
801 877 963 909 concedas
999 882 1029 908 et

290 930 471 973 indulgeas,
488 930 644 974 ipsosque
667 930 945 974 archiepiscopos,
961 930 1029 974 cpi-

292 994 410 1027 scopos
430 989 461 1017 et
474 984 772 1023 archimandritam,
793 984 938 1027 aliasque
954 993 1029 1027 per-

292 1044 389 1070 sonas
417 1037 655 1070 ecclesiasticas
681 1043 713 1070 et
737 1048 847 1070 carum
873 1038 1026 1080 singulas,

292 1095 451 1132 quatenus
476 1090 537 1133 ipsi
563 1090 681 1124 dictam
704 1096 806 1123 ratam
825 1091 887 1123 iam
905 1091 1028 1133 promi-

291 1143 395 1175 serint
408 1149 440 1176 et
454 1144 620 1183 solverint,
639 1154 769 1176 necnon
787 1144 937 1176 eumdem
953 1144 1027 1176 Phi-

290 1195 415 1238 lippum
434 1206 545 1238 regem
563 1196 696 1239 eiusque
717 1196 883 1229 ministros
898 1197 1027 1239 praedi-

290 1254 368 1289 ctos,
388 1249 413 1282 si
434 1250 582 1283 eamdem
598 1256 699 1282 ratam
721 1250 783 1282 iam
804 1251 1022 1293 perceperint,

288 1302 328 1334 ab
353 1301 503 1334 omnibus
522 1308 553 1335 et
578 1302 714 1345 singulis
733 1303 879 1335 censuris
898 1309 930 1336 ct
946 1314 1025 1346 poe-

287 1354 337 1386 nis
362 1360 541 1398 propterea
578 1355 828 1398 quomodolibet
862 1356 1021 1395 incursis,

287 1407 401 1441 eadem
416 1408 607 1441 auctoritate
625 1409 786 1447 absolvas,
805 1415 836 1441 et
853 1409 1022 1442 absolutos

286 1460 356 1493 sore
383 1471 519 1494 censeas
546 1467 577 1494 et
602 1462 762 1494 declares.
789 1462 827 1494 Et
851 1463 937 1505 quod
954 1473 1023 1495 om—

289 1522 343 1545 nes
369 1518 401 1546 et
421 1513 538 1556 singuli
563 1514 774 1557 pensionarii,
789 1525 846 1547 seu
864 1515 884 1547 ii
903 1515 1021 1558 quibus

285 1572 359 1598 loco
384 1566 582 1609 pensionum
607 1568 728 1600 fructus
746 1567 779 1600 in
804 1573 905 1601 totum
922 1570 972 1601 vel
988 1568 1021 1600 in

284 1624 412 1661 partem
437 1619 595 1653 reservati
621 1620 769 1660 existunt,
789 1621 1019 1664 cuiuscumque

285 1671 448 1714 dignitatis
472 1674 521 1706 vel
547 1673 744 1706 conditionis
771 1673 835 1706 sint
859 1674 1019 1717 (exceptis

285 1730 392 1759 tamen
407 1726 438 1759 S.
455 1727 491 1760 R.
506 1727 541 1760 E.
557 1727 786 1767 cardinalibus,
802 1738 931 1760 necnon
946 1728 1020 1760 dua-

284 1780 342 1811 lus
369 1780 536 1823 perpetuis
561 1780 774 1823 pensionibus
804 1780 930 1821 annuis,
956 1783 1019 1813 una

284 1832 414 1874 quidem
440 1833 488 1866 lis
507 1833 595 1867 mille
614 1834 828 1867 ducentorum
847 1845 946 1877 super
963 1835 1019 1868 Ca—

284 1885 454 1926 taniensis,
482 1888 585 1920 altera
604 1898 681 1920 vero
713 1888 928 1930 pensionibus
959 1889 1018 1922 hu-

282 1937 424 1972 iusmodi
449 1939 536 1972 mille
563 1940 825 1982 octingentorum
850 1946 1015 1973 scutorum

281 1998 432 2025 monetae
459 1993 534 2026 dicti
561 1993 653 2036 regni
679 1993 805 2027 Siciliae
831 2005 931 2037 super
955 1994 1017 2027 Ma-

281 2045 438 2078 zariensis
472 2057 659 2079 mensarum
694 2047 933 2090 episcopalium
966 2058 1016 2080 re-

281 2099 425 2141 spective
443 2099 612 2139 fructibus,
628 2100 809 2133 redditibus
825 2107 856 2134 et
875 2111 1016 2144 proven-

281 2151 387 2193 tibus,
414 2153 454 2185 ad
485 2153 629 2186 savorem
660 2154 769 2197 operis
794 2154 839 2198 pii
864 2163 924 2198 per
948 2162 1015 2188 me-

279 2212 441 2239 moratum
468 2207 653 2250 Philippum
685 2218 795 2250 regem
821 2208 853 2240 111
881 2208 1031 2241 basilica*

279 2259 309 2292 S.
324 2260 439 2292 Mariae
455 2260 583 2293 Maioris
595 2261 633 2293 de
644 2261 729 2293 Urbe
745 2261 877 2301 fundati,
890 2272 908 2294 a
921 2272 1015 2304 prae-

279 2312 364 2345 dicto
379 2312 568 2346 Innocentio
585 2314 843 2356 praedecessore
862 2325 922 2358 per
939 2326 1012 2348 suas

278 2373 363 2398 311110
381 2365 617 2399 1110311131101113
638 2367 825 2400 Dominicae
849 2378 1010 2407 iunchvn,

277 2428 307 2450 lx
332 2419 485 2459 octobris,
509 2419 652 2462 desuper
676 2420 734 2452 sub
755 2421 889 2463 plumbo
915 2431 1013 2464 cxpe-

277 2471 358 2503 ditas
382 2471 506 2504 litteras
538 2473 727 2515 reservatis)
754 2474 792 2506 ad
826 2473 1028 2507 huiusmodi*

276 2530 364 2557 ratae
402 2525 599 2558 solutionem
632 2526 664 2558 in
698 2526 849 2559 omnibus
886 2533 917 2559 et
951 2538 1012 2570 per

276 2578 395 2617 omnia,
420 2578 558 2621 perinde
584 2590 620 2611 ac
637 2579 664 2612 si
689 2579 882 2612 nominatim
908 2585 1011 2613 ratam

276 2631 423 2664 eamdem
447 2642 481 2665 se
508 2633 675 2666 soluturos
694 2632 893 2666 obtulissent
910 2633 1011 2675 (clau-
1027 2640 1029 2674 ζ

1728 228 1765 261 61

1069 288 1149 321 311113
1176 293 1208 321 et
1233 287 1376 321 decretis
1402 287 1434 319 in
1460 286 1579 319 litteris
1612 286 1803 329 apostolicis

1069 341 1333 374 rescrvationum
1356 341 1553 384 pensionum
1581 345 1614 373 et
1639 339 1804 372 fructuum

1068 394 1258 427 huiusmodi
1285 394 1382 427 etiam
1407 393 1685 427 consistorialiter
1702 403 1804 436 appo-

1067 446 1150 487 sitis,
1167 452 1199 479 et
1219 448 1305 490 quod
1331 447 1437 479 dictae
1458 447 1636 489 pensiones
1656 447 1695 479 ab
1715 446 1802 479 0111111

1067 499 1210 539 decima,
1237 499 1385 532 subsidio
1410 499 1604 531 charitativo
1631 504 1663 531 et
1688 499 1802 542 quovis

1066 552 1129 585 alio
1156 563 1266 592 onere,
1295 558 1358 584 tam
1384 552 1552 584 ordinario
1576 563 1672 594 quam
1697 557 1803 585 extra-

1065 605 1247 649 ordinario,
1268 605 1380 648 quavis
1399 605 1606 645 auctoritate,
1627 605 1723 637 etiam
1741 616 1801 648 pro

1046 658 1275 701 texpeditione
1302 664 1365 691 tam
1393 658 1549 691 oll'ensiva
1575 669 1671 701 quam
1689 659 1802 691 desen-

1064 711 1132 743 siva
1163 716 1278 744 contra
1302 711 1423 744 Turcas
1457 717 1487 743 ct
1520 711 1601 744 alios
1627 711 1800 751 infideles,

1065 769 1096 796 et
1121 764 1324 807 reipublicae
1350 765 1550 798 christianae
1574 765 1687 798 hostes
1707 766 1745 797 ah
1764 765 1801 798 il-

1064 817 1170 850 lorum
1196 819 1368 851 conatibus
1395 819 1601 859 (101011310110,
1628 830 1686 851 seu
1711 819 1801 852 inex-

1063 871 1229 913 cogitabili
1248 868 1356 911 causa,
1371 883 1388 904 a
1402 872 1548 904 Romano
1564 872 1721 905 Pontifice
1739 884 1799 916 pro

1063 929 1211 967 tempore
1228 926 1400 963 existente,
1412 925 1509 958 etiam
1524 926 1562 958 ad
1577 926 1797 969 imperatoris,

1062 988 1193 1020 regum,
1220 978 1340 1011 ducum
1366 983 1398 1011 et
1423 979 1562 1011 aliorum
1588 979 1797 1019 instantiam,

1061 1031 1261 1076 illorumque
1288 1033 1566 1076 contemplatione
1599 1038 1632 1065 et
1663 1033 1796 1074 intuitu,

1061 1085 1158 1118 etiam
1184 1091 1275 1118 motu
1301 1086 1436 1129 proprio
1463 1092 1495 1119 et
1520 1097 1556 1119 ex
1578 1088 1669 1119 certa
1694 1087 1799 1120 scien-

1061 1138 1104 1170 tia
1129 1138 1292 1181 impositis
1325 1144 1356 1171 et
1389 1139 1610 1182 imponendis,
1638 1146 1693 1172 aut
1717 1140 1796 1173 alias

1061 1190 1359 1234 qualitercumque,
1383 1198 1554 1235 exemptae
1573 1193 1648 1230 sint,
1675 1201 1799 1237 nequa-

1060 1244 1409 1287 quam·obstantibus),
1425 1250 1601 1278 teneantur
1612 1251 1644 1279 et
1660 1247 1798 1280 efficaci-

1059 1302 1109 1329 ter
1126 1297 1277 1330 obstricti
1297 1297 1373 1337 sint,
1393 1298 1523 1341 ipsique
1541 1299 1794 1343 archiepiscopi,

1059 1349 1206 1393 episcopi
1222 1355 1253 1383 et
1268 1350 1538 1391 archimandrita,
1553 1351 1703 1395 aliaeque
1721 1363 1797 1395 per-

1058 1413 1170 1443 sonae,
1198 1413 1335 1446 quarum
1358 1405 1526 1445 ecclesiae,
1546 1405 1746 1439 monasteria
1764 1411 1797 1438 et

1056 1457 1119 1489 alia
1143 1457 1304 1491 beneficia
1323 1458 1546 1491 ecclesiastica
1572 1459 1688 1492 annuis
1714 1470 1795 1502 pen-

1057 1509 1204 1543 sionibus
1230 1511 1412 1554 apostolica
1430 1512 1625 1545 auctoritate
1647 1513 1795 1556 assigna-

1056 1563 1095 1595 tis
1111 1568 1243 1606 gravata
1258 1569 1290 1596 et
1303 1569 1438 1596 onerata
1453 1570 1540 1605 sunt,
1556 1564 1577 1608 (¹
1592 1570 1695 1598 ratam
1712 1575 1793 1609 pen-

1055 1617 1274 1650 sionariorum
1292 1628 1440 1659 suorum,
1460 1628 1518 1651 seu
1541 1629 1655 1651 eorum
1673 1618 1791 1662 quibus

1055 1670 1179 1703 fructus
1205 1670 1393 1704 huiusmodi
1419 1676 1495 1704 sunt
1519 1672 1687 1712 reservati,
1715 1683 1791 1706 vere

1054 1729 1086 1756 et
1111 1724 1256 1764 realiter,
1283 1730 1316 1757 et
1341 1736 1546 1768 quacumque
1571 1725 1702 1758 fictione
1721 1737 1792 1759 ces-

1053 1782 1156 1816 sante,
1175 1778 1421 1820 persolverint),
1440 1781 1498 1810 sua
1522 1779 1658 1821 propria
1679 1784 1791 1812 aucto-

1053 1830 1148 1863 ritate
1160 1831 1371 1873 postmodum
1386 1842 1489 1874 penes
1502 1842 1537 1864 se
1553 1832 1699 1865 retinere
1713 1842 1790 1875 pos-

1052 1883 1129 1929 sint,
1147 1894 1206 1916 nec
1224 1889 1404 1928 propterea
1418 1885 1611 1925 sententias,
1631 1895 1788 1918 censuras

1052 1942 1084 1969 et
1106 1947 1231 1980 poenas
1257 1937 1289 1969 in
1315 1938 1440 1971 eisdem
1465 1938 1662 1981 pensionum
1682 1949 1789 1972 reser-

1051 1990 1235 2023 vationibus
1262 1996 1432 2024 contentas
1466 1991 1648 2032 incurrant,
1674 1992 1788 2025 eadem

1050 2044 1245 2076 auctoritate
1271 2044 1442 2077 decernas.

1093 2098 1107 2140 g
1132 2097 1162 2129 5.
1190 2097 1260 2130 Non
1285 2098 1492 2131 obstantibus
1517 2099 1724 2142 praemissis,
1751 2110 1787 2132 ac

1050 2151 1219 2193 quibusvis
1245 2151 1538 2185 constitutionibus
1557 2157 1589 2185 et
1607 2153 1788 2186 ordinatio-

1049 2205 1145 2237 nibus
1168 2205 1373 2248 apostoliciS,
1400 2216 1530 2239 necnon
1556 2207 1785 2248 ecclesiarum,

1048 2258 1325 2291 monasteriorum
1352 2263 1384 2291 et
1407 2258 1646 2292 beneficiorum
1673 2260 1787 2293 huius-

1047 2312 1155 2352 modi,
1183 2311 1281 2344 etiam
1307 2312 1507 2352 iuramento,
1534 2311 1784 2346 confirmatione

1047 2365 1241 2408 apostolica,
1260 2366 1310 2398 vel
1336 2365 1449 2408 quavis
1475 2364 1628 2398 firmitate
1650 2365 1712 2398 alia
1733 2376 1786 2398 ro-

1046 2419 1184 2459 boratis,
1199 2419 1329 2452 statutis
1344 2424 1376 2452 et
1394 2419 1704 2459 consuetudinibus,
1720 2419 1785 2462 pri-

1046 2472 1172 2515 vilegiis
1190 2483 1331 2516 quoque,
1347 2473 1495 2513 indultis,
1510 2472 1782 2516 exemptionibus,

1045 2527 1326 2567 immunitatibus,
1353 2526 1450 2560 etiam
1475 2527 1507 2559 in
1538 2537 1678 2570 corpore
1703 2526 1783 2558 iuris

1083 2598 1091 2623 1
1113 2596 1244 2624 Particula
1257 2598 1283 2625 sz’
1299 2597 1338 2624 vel
1355 2600 1495 2632 quatenus
1511 2597 1551 2624 vel
1568 2597 1721 2625 dammodo
1736 2604 1784 2624 ne-

1045 2643 1162 2670 cessario
1178 2643 1222 2669 hic
1237 2646 1277 2669 est
1292 2642 1441 2677 supplenda
1456 2644 1493 2671 (11.
1510 2644 1558 2675 1.).

1816 237 1864 262 An.
1885 236 1913 263 C.
1937 236 2003 263 ¹60:

1874 2107 1987 2128 Contrane

1804 2134 1898 2160 derogat.
