2247 3208
198 253 252 280 An.
269 254 298 282 C.
320 254 388 281 1669
435 249 497 279 'fflb

214 1527 357 1555 Sepslicztim

393 309 424 336 et
450 304 646 346 regularium
672 303 932 346 praepositorum
958 305 1067 337 nullae
1098 309 1130 336 et

393 355 553 388 invalidae
573 357 751 389 declaratae
766 357 896 395 suerint,
910 357 1044 400 ipsaque
1058 368 1130 391 con-

392 409 549 449 gregatio,
564 408 721 450 praedicti
737 408 820 441 Petri
839 410 986 452 proregis
1007 410 1128 453 pietate

391 465 424 492 et
447 461 516 492 zelo
542 461 580 492 ab
615 464 650 493 ea
677 462 848 504 plurimum
874 463 1127 503 commendatis,

391 513 560 552 censuerit,
578 513 603 545 si
620 514 715 546 nobis
734 515 916 557 placuisset,
929 526 988 558 per
1005 515 1128 549 litteras

390 566 583 607 apostolicas
608 567 639 598 in
667 568 766 600 forma
792 568 900 601 Brevis
926 570 986 602 sub
1005 571 1126 603 annulo

389 617 561 651 Piscatoris
586 630 682 662 posse
708 622 864 654 committi
889 627 1002 655 nostro
1029 629 1060 656 et
1080 623 1127 656 di-

389 675 458 703 ctae
482 670 572 704 Sedis
597 673 801 715 Apostolicae
827 675 946 707 nuncio
976 675 1009 707 in
1042 676 1127 708 dicta

389 723 515 756 cix-itate
537 726 749 758 commoranti
766 732 801 758 ut
825 726 894 770 ipse
911 728 1059 768 nuncius,
1079 739 1125 760 ar-

387 776 485 809 bitrio
511 782 542 810 et
571 778 786 819 conscientia,
819 780 905 813 bona
938 786 969 813 et
1003 781 1125 814 fructus

387 829 482 861 etiam
509 830 663 863 decursos
688 832 806 864 donata
831 838 863 864 et
887 843 1039 866 concessa
1065 834 1124 866 hu-

385 881 524 915 iusmodi
546 884 817 925 gubernatoribus
838 885 1006 929 hospitalis
1026 891 1057 919 et
1074 898 1125 920 ec-

387 935 505 968 clesiae
543 936 588 969 sic
618 942 654 968 ut
677 937 859 980 praefertur
895 938 1123 981 erigendorum

387 998 424 1019 ex
450 988 576 1031 integro
602 990 797 1023 concederet
820 996 851 1023 et
876 991 1064 1034 assignaret,
1091 1004 1123 1025 a-

385 1041 493 1084 liaque
519 1042 726 1086 infrascripta
762 1044 896 1077 concedi
922 1051 954 1078 et
978 1046 1122 1079 ordinari

385 1095 495 1137 possit,
512 1102 609 1138 prout
626 1097 657 1129 in
676 1098 812 1140 supplici
829 1099 940 1131 libello
958 1109 1017 1142 pro
1031 1105 1122 1143 parte

386 1147 463 1180 dicti
488 1148 574 1181 Petri
601 1151 749 1192 proregis
776 1151 869 1183 nobis
895 1157 926 1184 et
950 1162 1123 1196 congrega-

386 1200 464 1233 tioni
489 1203 675 1245 praedictae
702 1204 869 1237 humiliter
893 1212 1059 1248 porrecto,
1087 1217 1123 1239 ac

385 1255 582 1288 resolutione
608 1266 663 1288 seu
699 1257 832 1290 decreto
867 1259 1010 1292 eiusdem
1046 1270 1122 1292 con-

385 1308 583 1349 gregationis
610 1309 759 1352 desuper,
788 1311 846 1343 sub
867 1311 976 1344 datum
999 1312 1120 1345 Romae

385 1358 436 1392 die
461 1370 531 1394 xxx1
557 1362 685 1403 augusti
704 1362 778 1394 anni
803 1363 931 1395 Domini
956 1374 1120 1398 MDCvam

384 1416 530 1445 emanata
554 1424 609 1446 seu
635 1420 783 1448 emanato
818 1416 968 1449 similiter
992 1418 1121 1460 plenius

384 1466 591 1507 continetur;

429 1519 443 1562 ἓ
467 1519 498 1553 3.
526 1519 628 1558 Quare
654 1531 712 1564 pro
737 1528 828 1564 parte
854 1522 939 1555 Petri
970 1524 1119 1566 proregis

385 1578 414 1605 et
437 1573 689 1615 gubernatorum
715 1574 870 1607 ecclesiae
896 1580 927 1607 et
948 1575 1119 1619 hospitalis

384 1625 428 1657 sic
453 1625 680 1668 erigendoruln
718 1626 901 1660 huiusmodi
938 1629 1030 1661 nohis
1062 1629 1121 1661 fuit

383 1677 551 1711 humiliter
575 1680 806 1723 supplicatum,
830 1686 989 1723 quatenus
1015 1683 1061 1715 eis
1087 1683 1119 1716 in

383 1731 567 1773 praemissis
593 1738 776 1776 opportune
802 1734 974 1776 providere
1000 1735 1038 1768 de
1063 1736 1120 1769 be-

245 1790 370 1812 Gonvatntat
384 1784 541 1826 nignitate
559 1786 734 1828 apostolica
752 1786 975 1829 dignaremur:
994 1799 1052 1821 nos
1066 1789 1120 1832 igi-

189 1816 283 1837 Pourisex
307 1817 372 1838 «lona-

189 1843 444 1874 11=·=1=·51›r0u1int11r,
477 1848 636 1871 memores
660 1839 748 1871 verbi
775 1840 972 1882 prophetae:
998 1841 1120 1875 Beatus

189 1871 284 1891 iubrica-

383 1890 442 1933 qm'
455 1890 612 1933 intelliqit
629 1902 723 1934 saper
736 1903 870 1935 cycnum
889 1897 917 1925 e!
931 1904 1118 1937 pauperem,

383 1935 419 1974 ac
444 1943 609 1986 cupientes
637 1944 699 1976 hoc
723 1945 811 1987 pium
837 1956 918 1988 opus
936 1947 1118 1980 executioni

383 1995 580 2035 demandari,
593 2002 831 2040 proptereaque
849 1998 1032 2032 huiusmodi
1047 2010 1120 2044 sup-

381 2048 611 2090 plicationibus
637 2049 793 2090 inclinati,
830 2051 1019 2085 discretioni
1045 2058 1118 2086 tuae

382 2110 441 2143 per
467 2102 644 2143 apostolica
668 2104 784 2145 scripta
811 2105 1010 2146 mandamus,
1042 2117 1120 2149 qua-

383 2157 477 2185 tenus
496 2155 593 2195 bona,
612 2155 691 2195 iura,
711 2156 841 2196 fructus,
861 2162 934 2197 etc„
953 2158 1050 2191 etiam
1067 2159 1119 2192 de-

386 2216 510 2247 cursos,
529 2208 652 2251 aliaque
671 2219 688 2240 a
702 2209 974 2251 gubernatoribus
999 2212 1119 2254 primo-

384 2258 476 2291 dictis
503 2260 669 2303 hospitalis
694 2267 726 2293 et
746 2262 901 2295 ecclesiae
927 2264 972 2296 sic
995 2265 1120 2308 erigen-

383 2311 497 2344 dorum
524 2313 709 2347 huiusmodi
735 2320 769 2346 ut,
793 2316 976 2358 praefertur
1001 2318 1119 2351 donata

382 2369 411 2395 ct
438 2375 611 2405 concessa,
644 2377 715 2398 cum
752 2368 901 2401 omnibus
927 2375 958 2402 et
982 2371 1118 2413 singulis

380 2417 501 2460 pactis,
535 2419 802 2461 conditionibus,
837 2422 1090 2465 obligationibus
1108 2451 1115 2465 ,

381 2470 532 2503 clausulis
551 2476 581 2503 et
603 2472 876 2507 declarationibus
898 2475 929 2507 in
952 2477 1117 2520 scripturis

385 2523 520 2566 desuper
544 2525 697 2557 consectis
724 2528 887 2569 expressis
911 2534 942 2561 et
957 2530 1117 2562 contentis

381 2576 647 2620 quibuscumque,
670 2578 764 2611 licitis
784 2584 889 2612 tamen
909 2587 940 2613 et
960 2582 1115 2621 honestis,

976 256 1155 280 nttLLAnuJM
1179 256 1330 281 ROMANUM

1174 303 1268 336 ritate
1294 306 1404 338 nostra
1439 306 1478 338 de
1514 317 1595 340 novo
1620 309 1793 350 concedas,
1821 315 1851 342 et
1875 310 1908 342 in

1173 357 1266 390 dictis
1290 358 1381 390 novis
1402 358 1535 392 aedibus
1551 370 1651 393 unum
1670 361 1830 405 hospitale
1848 363 1907 395 sub

1173 409 1377 443 invocatione
1392 411 1423 444 S.
1434 411 1519 444 Petri
1534 417 1566 445 et
1579 413 1610 445 S.
1622 413 1760 447 Ianuarii
1775 425 1845 448 cum
1861 426 1908 448 ec-

1172 463 1268 496 clesia
1283 464 1418 507 aliisque
1433 466 1604 509 praedictis
1616 477 1675 509 per
1687 477 1748 510 pro
1764 473 1906 512 tempore

1172 517 1346 550 existentes
1372 518 1502 551 illorum
1532 519 1766 561 gubernatores
1791 532 1907 564 regen-

1171 570 1245 602 dum
1272 576 1304 603 et
1327 571 1679 618 administrandumin
1706 583 1770 616 quo
1788 584 1907 617 paupe-

1171 633 1222 655 res
1243 624 1463 657 mendicantes
1480 625 1646 667 utriusque
1663 636 1756 659 sexus
1775 632 1806 659 et
1822 627 1904 660 aliae

1170 686 1329 718 personae
1356 677 1422 710 otio
1458 684 1608 711 vacantes
1642 679 1783 721 degere,
1817 685 1848 713 et
1871 681 1905 713 in

1170 730 1309 762 ecclesia
1334 730 1378 762 sic
1403 731 1558 773 erigenda
1590 731 1774 765 huiusmodi
1800 743 1905 766 sacra-

1169 788 1278 814 menta
1303 783 1521 816 ecclesiastica
1546 785 1721 829 suscipere,
1740 791 1772 818 et
1788 785 1820 818 in
1837 786 1904 819 eius

1169 836 1364 878 sepulturis,
1390 841 1454 869 tam
1479 838 1540 881 ipsi
1567 849 1661 881 quam
1691 838 1765 879 alii,
1792 839 1845 882 qui
1871 839 1903 872 in

1169 886 1232 920 illis
1257 889 1388 931 sepeliri
1414 889 1594 930 voluerint,
1612 891 1741 934 sepeliri
1768 891 1902 934 possint,

1169 940 1239 973 sine
1258 941 1392 974 alicuius
1414 943 1623 985 praeiudicio,
1642 944 1833 977 auctoritate
1851 955 1904 977 no·

1169 996 1233 1025 stra
1252 995 1426 1036 praedicta,
1443 995 1548 1037 erigas
1567 1001 1599 1028 et
1616 996 1773 1036 instituas,
1790 996 1901 1040 illique

1168 1045 1214 1078 sic
1239 1051 1347 1079 erecto
1373 1052 1404 1079 et
1428 1047 1585 1089 instituto,
1603 1059 1661 1091 pro
1683 1050 1751 1082 eius
1777 1050 1850 1082 dote
1872 1055 1903 1082 et

1167 1102 1309 1141 congrua
1337 1110 1553 1143 personarum
1587 1102 1839 1135 mendicantium
1871 1107 1903 1135 et

1166 1151 1233 1184 otio
1258 1153 1446 1191 vacantium,
1469 1164 1503 1185 ac
1528 1153 1764 1193 ministrorum,
1784 1155 1903 1188 officia-

1167 1205 1245 1237 lium
1274 1211 1305 1238 et
1331 1206 1525 1239 famulorum
1550 1207 1636 1240 illius
1658 1208 1902 1249 sustentatione,

1166 1261 1197 1290 et
1221 1268 1355 1291 onerum
1388 1259 1416 1291 ei
1447 1259 1700 1293 incumbentium
1732 1267 1903 1305 supporta-

1167 1311 1265 1351 tione,
1284 1317 1316 1343 et
1340 1312 1496 1345 ecclesiae
1522 1313 1703 1355 praedictae
1729 1314 1901 1357 erigendae

1167 1363 1350 1397 huiusmodi
1376 1366 1631 1406 manutentione‚
1650 1367 1750 1407 bona,
1776 1367 1846 1400 iura
1871 1372 1904 1400 et

1167 1417 1299 1458 fructus,
1318 1423 1391 1457 eto,
1410 1418 1505 1450 etiam
1527 1419 1679 1452 decursos
1706 1420 1901 1460 huiusmodi,

1166 1469 1292 1512 aliaque
1319 1482 1335 1502 a
1359 1470 1526 1513 quibusvis
1551 1472 1619 1504 aliis
1646 1472 1764 1505 donata
1790 1478 1821 1505 et
1847 1473 1902 1506 do-

1165 1522 1279 1561 nanda,
1298 1533 1334 1555 ac
1355 1524 1515 1565 assignata
1540 1530 1572 1557 et
1596 1525 1789 1567 assignanda
1807 1536 1902 1568 quae-

1165 1585 1312 1618 cumque,
1339 1582 1510 1619 postquam
1535 1578 1653 1610 donata
1687 1583 1719 1610 et
1743 1578 1902 1620 assignata

1166 1628 1304 1670 suerint,
1330 1630 1373 1662 ita
1398 1631 1482 1673 quod
1508 1631 1603 1663 liceat
1628 1630 1900 1673 gubernatoribus

1164 1692 1222 1724 pro
1248 1687 1391 1725 tempore
1429 1683 1638 1716 existentibus
1675 1684 1844 1727 hospitalis
1870 1689 1903 1716 et

1164 1734 1321 1767 ecclesiae
1337 1746 1394 1778 per
1412 1740 1439 1768 te
1458 1736 1687 1778 erigendorum
1706 1736 1900 1777 huiusmodi,

1164 1797 1223 1829 per
1247 1797 1290 1828 se,
1317 1788 1365 1820 vel
1390 1787 1497 1827 alium,
1528 1799 1583 1821 seu
1608 1788 1700 1830 alios,
1728 1799 1840 1822 eorum
1866 1799 1902 1821 ac

1165 1836 1339 1883 hospitalis
1371 1846 1402 1873 et
1438 1841 1593 1874 ecclesiae
1618 1852 1678 1885 per
1714 1847 1743 1874 te
1776 1841 1902 1884 erigen-

1164 1892 1279 1925 dorum
1312 1893 1519 1933 nominibus,
1552 1893 1680 1926 illorum
1706 1894 1849 1927 omnium
1870 1899 1902 1927 et

1163 1946 1368 1988 singulorum
1403 1947 1543 1987 realem,
1575 1949 1781 1991 corporalem
1813 1953 1844 1981 et
1869 1959 1902 1980 a-

1164 2001 1301 2032 ctualem
1316 2000 1553 2042 possessionem
1565 2000 1697 2044 propria
1711 2001 1899 2034 auctoritate

1164 2051 1266 2084 libere
1301 2052 1573 2095 apprchendere,
1600 2058 1630 2085 et
1663 2054 1901 2096 apprehensam

1164 2110 1322 2148 perpetuo
1337 2105 1487 2145 retinere,
1501 2116 1535 2137 ac
1547 2105 1677 2138 illorum
1688 2106 1817 2147 fructus,
1830 2111 1898 2146 etc.,

1164 2157 1348 2200 percipere,
1376 2158 1504 2201 exigere
1532 2163 1563 2190 et
1587 2159 1704 2199 levare,
1723 2169 1759 2191 ac
1776 2158 1808 2190 in
1823 2169 1899 2191 usus

1164 2216 1195 2242 et
1222 2210 1393 2243 utilitatem
1420 2211 1590 2254 hospitalis
1612 2216 1644 2244 et
1668 2212 1824 2245 ecclesiae
1842 2221 1902 2255 per

1164 2269 1195 2296 te
1229 2264 1463 2306 erigendo‘rum
1495 2276 1532 2297 ac
1565 2275 1743 2308 pauperum
1776 2265 1901 2298 mendi-

1163 2316 1303 2349 cantium
1333 2316 1518 2349 huiusmodi
1545 2322 1744 2358 convertere,
1771 2317 1901 2350 dioece-

1164 2371 1231 2403 sani
1262 2371 1325 2403 loci
1352 2372 1402 2404 vel
1435 2372 1572 2404 cuiusvis
1606 2372 1737 2404 alterius
1769 2372 1900 2405 licentia

1163 2424 1306 2467 desuper
1328 2424 1460 2457 minime
1480 2425 1642 2468 requisita,
1663 2426 1776 2458 eadem
1793 2430 1885 2457 aucto

1161 2477 1254 2510 ritate
1275 2479 1384 2509 nostra
1409 2477 1503 2510 etiam
1528 2483 1688 2521 perpetuo
1705 2477 1849 2521 applices
1867 2482 1899 2511 et

1161 2530 1367 2572 appropries.
1394 2529 1455 2563 Nos
1474 2531 1572 2570 enim,
1591 2531 1618 2563 si
1634 2530 1893 2571 concessionem,
1909 2536 2095 2587 gjffjffjaoeyrao·

1161 2583 1367 2621 eret-tionem,
1381 2583 1626 2623 institutionem,
1643 2583 1896 2626 applicationem

381 2639 441 2673 pro
467 2635 520 2662 tuo
546 2630 679 2663 arbitrio
711 2637 741 2665 et
766 2633 983 2674 conscientia,
1011 2641 1118 2667 aucto·
1161 2641 1192 2668 et
1216 2636 1514 2680 appropriationem
1534 2637 1715 2679 praedictas
1732 2643 1837 2680 perte
1855 2637 1895 2671 vi-

1916 262 1965 289 An.
1982 261 2012 289 G.
2035 261 2103 290 1662
