2247 3208
179 222 227 248 Αη.
249 221 277 247 c.
302 221 367 248 1663
414 212 477 245 164

207 283 263 305 Quae
275 282 362 303 Alexan-

181 308 218 328 der
234 308 269 329 Vll
283 311 363 330 statue-

422 270 435 309 }
461 269 491 300 ἓ.
519 268 594 300 Cum
622 271 726 297 :uitem
750 273 856 306 nuper
874 263 1013 305 (mature
1036 271 1111 293 con-

379 322 522 354 siderato
549 319 634 361 quod
659 316 798 349 ecclesia
819 315 998 358 praedicta,
1026 324 1108 357 quae

378 373 494 417 priscis
515 370 716 413 temporibus
728 369 836 401 nobile
853 368 1027 401 delubrum
1041 372 1111 399 erat

378 424 507 457 nomine
529 423 707 462 Pmtlzeon,
728 426 775 454 tot
791 422 954 454 clarorum
973 420 1111 463 scripto-

379 489 448 510 rum
474 475 659 519 praeconiis
682 476 720 507 ab
744 472 903 517 eleganti¹
924 473 1111 517 symmetria

377 530 613 572 magnificaque
627 530 790 560 structura
798 528 1012 567 celebratum,
1023 528 1110 570 qinxd

377 583 496 615 veteris
522 581 692 614 idolatriae
719 581 872 613 sordibus
894 585 1110 623 expurgatum

378 636 462 668 felici
487 635 665 668 mutatione
698 638 828 666 sanctus
860 633 1043 666 Bonisacius
1075 634 1110 666 lv

377 689 616 731 praedecessor
640 692 754 719 noster
778 697 855 719 vero
872 687 938 719 Deo
956 686 988 718 in
1007 686 1111 718 hono-

378 751 446 773 rem
472 740 683 772 Beatissimae
707 738 846 781 Virginis
871 738 1027 781 Deiparae
1049 738 1111 770 Ma-

378 793 444 825 riae
460 798 492 825 et
505 793 697 825 Sanctorum
708 792 882 834 Martyrum
894 791 1108 831 consecravit,

378 855 414 877 ex
442 850 489 877 tot
513 845 697 886 insignibus
723 844 876 886 antiquae
901 843 1111 885 magnificen-

378 897 440 930 tiae
466 898 688 937 monimentis,
716 907 799 940 qnae
819 900 864 928 tot
880 896 1108 939 imperatores,

381 955 427 983 tot
451 951 602 983 consules
628 951 666 982 ad
692 949 789 981 huius
816 950 918 981 almae
944 948 1037 980 Urbis
1064 958 1112 980 or-

378 1008 490 1035 natum
509 1009 540 1035 et
556 1003 696 1035 nominis
714 1001 838 1034 romani
861 1001 997 1043 gloriam
1018 1001 1110 1043 quasi

379 1066 451 1087 cum
488 1055 682 1088 aeternitate
719 1058 885 1086 certatura
918 1058 1109 1093 erexerant,

380 1109 447 1140 sere
474 1110 542 1141 sola
567 1111 796 1150 perennasset,
820 1111 851 1139 et
873 1106 973 1149 prisci
994 1106 1042 1138 sui
1061 1106 1112 1137 de-

379 1162 464 1194 coris
480 1160 657 1204 plurimum
668 1159 870 1199 retinuisset,
886 1170 921 1191 ae
936 1159 1111 1191 maximum

380 1214 546 1256 hodieque
564 1213 670 1246 eidem
688 1212 766 1245 Urbi
784 1212 929 1245 adferret
945 1221 1113 1244 ornamen-

381 1271 460 1306 tum,
477 1267 534 1298 sed
549 1265 748 1298 subiacentis
764 1265 823 1297 sori
839 1265 902 1297 situ
918 1265 1111 1307 squaloreve

380 1320 538 1352 vilescere
564 1319 739 1357 videretur,
770 1324 802 1350 et
822 1318 909 1350 illins
935 1318 1111 1360 adspectus

386 1373 482 1405 etiam
508 1372 736 1414 contiguorum
757 1371 858 1403 nobili
878 1371 946 1403 cius
972 1370 1112 1413 porticui

381 1425 605 1458 aedificiorum
631 1435 695 1457 non
723 1425 792 1457 iure
820 1424 929 1456 forsan
955 1428 1113 1455 extructo—

381 1489 452 1511 rum
478 1478 606 1510 obiectu
626 1477 879 1520 interciperetur
900 1481 932 1508 et
956 1476 1115 1508 deforma-

382 1537 485 1571 retur,
512 1532 685 1573 aditusque
704 1531 735 1562 in
754 1531 895 1573 plateam
912 1529 1113 1572 praedictam

382 1585 515 1618 nimium
549 1583 786 1625 coarctaretur)
817 1593 890 1623 nos,
924 1582 1113 1615 earumdem

383 1638 541 1671 ecclesiae
575 1642 606 1669 et
641 1637 736 1669 Urbis
770 1636 881 1668 decori
918 1635 1113 1668 consulendi

384 1690 504 1729 studio,
533 1699 646 1722 omnes
673 1689 769 1721 aedes
796 1693 828 1721 et
851 1688 996 1720 aedificia
1022 1697 1116 1730 quae—

384 1753 523 1785 cumque
549 1742 653 1774 dictae
690 1741 831 1784 porticui
865 1741 1051 1773 adiacentes
1084 1745 1116 1772 et

385 1795 587 1835 adiacentia,
614 1806 650 1827 ac
683 1795 721 1826 ad
754 1795 858 1827 dictos
884 1794 1060 1837 capitulum
1085 1798 1117 1826 et

385 1848 559 1880 canonicos
585 1852 770 1890 spectantes
796 1852 828 1879 et
849 1847 1038 1889 spectantia,
1065 1856 1116 1889 pe-

385 1902 472 1933 nitus
499 1906 531 1933 et
555 1900 698 1933 funditus
725 1900 807 1932 dirui
833 1905 929 1942 atque
955 1899 1114 1938 demoliri,

385 1954 581 1996 illorumque
603 1954 721 1986 rudera
740 1959 771 1985 et
788 1958 958 1985 caementa
975 1953 1050 1985 inde
1070 1963 1118 1984 as-

386 2007 529 2049 portari,
546 2017 673 2038 necnon
691 2007 903 2038 domunculas
926 2006 1060 2048 ligneas,
1076 2010 1118 2037 ta-

386 2059 518 2098 bernas,
538 2069 668 2091 scamna
683 2064 715 2090 et
732 2059 875 2091 tabulata
892 2068 1117 2101 quaecumque

389 2112 421 2143 in
448 2112 532 2143 dicta
554 2112 661 2154 platea
683 2111 855 2143 existentia
874 2110 949 2143 inde
974 2110 1117 2143 amoveri

389 2169 419 2196 et
445 2164 575 2206 penitus
602 2164 690 2203 tolli,
711 2169 837 2195 certum
858 2174 935 2196 vero
961 2162 1024 2196 loci
1050 2173 1118 2206 spa-

389 2217 468 2248 tium
495 2217 526 2248 in
549 2217 683 2248 sormam
704 2215 894 2259 hemicycli‘2
916 2217 1117 2259 aliquantum

389 2269 539 2311 oblongi,
567 2280 602 2301 ac
628 2269 717 2301 labra
742 2273 773 2301 et
797 2274 989 2301 ornamenta
1008 2268 1116 2307 fontis,

390 2322 444 2365 qui
470 2322 501 2353 in
528 2322 710 2354 meditullio
729 2322 873 2353 ‹trinsdcm
891 2323 1019 2364 plateae
1037 2321 1117 2353 situs

391 2381 452 2415 est,
479 2376 517 2406 ab
544 2377 580 2406 ca
604 2380 695 2417 parte.
715 2386 795 2417 qnae
813 2385 927 2407 versus
946 2373 1118 2407 ecclesiam

389 2428 420 2461 S.
447 2428 564 2460 Mariae
590 2427 796 2469 Magdalenac
818 2427 1038 2470 protenditur,
1058 2437 1119 2458 am-

390 2481 521 2521 bientis,
538 2491 598 2523 pro
614 2480 812 2512 ‹unm-andis
831 2479 894 2511 illic
915 2478 1118 2511 domunculis

427 2553 436 2576 1
457 2550 526 2577 Edit.
543 2550 620 2576 Main.
638 2549 698 2584 legit
714 2550 848 2583 eleyenlz's
864 2550 902 2582 (n.
918 2550 965 2582 τ,).

425 2595 441 2622 ‘2
463 2595 519 2621 [fidit
548 2594 616 2620 ‚llain
646 2594 707 2629 legit
723 2594 873 2621 hemiicz'cli
887 2594 925 2626 (R.
943 2594 990 2627 ¹12).

950 213 1130 238 BULLARIUM
1156 211 1307 235 ROMANUM

1145 270 1203 291 seu
1229 258 1372 290 tabernis
1391 256 1607 296 nwrcatoriis,
1628 256 1803 299 designari,
1820 254 1875 288 ibi-

1145 322 1207 355 que
1225 311 1438 343 domunculas
1453 320 1510 342 seu
1522 311 1672 342 tabernas
1688 308 1874 341 huiusmodi

1145 364 1256 404 locari,
1283 364 1370 396 illam
1397 368 1503 395 antem
1530 362 1633 395 dictae
1655 364 1782 405 plateae
1806 372 1876 404 par-

1145 422 1230 457 tem,
1258 426 1338 459 quae
1373 415 1545 447 ecclesiam
1575 419 1607 447 et
1635 415 1757 447 sontem
1786 424 1876 457 prae-

1146 469 1249 502 dictos
1275 468 1460 505 interiacet,
1484 477 1612 499 necnon
1637 467 1703 499 vias
1728 467 1874 510 publicas

1145 524 1177 555 in
1195 523 1265 566 ipsa
1290 523 1396 565 platea
1422 521 1673 563 circmnquatpie
1700 520 1876 553 existentes

1146 575 1306 608 eiusmodi
1320 573 1564 617 impedimentis
1580 573 1701 606 liberas
1716 578 1748 605 et
1760 583 1876 605 vacuas

1144 638 1316 660 remanere
1345 626 1557 667 iusserimus,
1590 626 1736 668 haecque
1768 626 1879 658 omnia

1145 691 1179 713 re
1204 681 1275 723 ipsa
1291 681 1330 712 ab
1348 679 1425 719 illis,
1452 679 1570 722 quibus
1592 679 1676 710 hanc
1701 688 1810 710 curam
1828 678 1878 710 de—

1145 734 1309 773 deramus,
1336 732 1519 765 executioni
1536 731 1730 764 demandata
1747 730 1878 770 suerint,

1145 787 1226 819 facta
1250 786 1347 818 etiam
1365 796 1424 828 per
1442 785 1580 817 dilectos
1601 783 1684 816 filios
1704 783 1877 826 magistros

1144 839 1269 871 viarum
1305 838 1410 870 dictae
1446 837 1540 869 Urbis
1581 838 1692 869 exacta
1729 837 1877 868 locorum

1145 893 1272 934 plateae
1308 890 1514 933 praedictae,
1550 894 1614 922 tam
1645 899 1759 921 eorum
1795 898 1876 931 quae

1145 944 1249 977 libera
1273 949 1305 976 et
1330 954 1429 977 vacua
1454 953 1644 983 remanere,
1679 953 1776 985 quam
1810 942 1878 975 illo-

1146 1007 1217 1028 rum
1231 996 1264 1028 in
1279 996 1397 1038 quibus
1416 996 1631 1028 domunculae
1650 1006 1709 1028 seu
1722 996 1878 1028 tabernae

1145 1048 1360 1081 mercatoriae
1388 1047 1576 1080 huiusmodi
1601 1047 1754 1080 collocari
1785 1048 1879 1080 dehe-

1146 1106 1229 1141 rent,
1256 1101 1474 1133 delineatione
1500 1111 1558 1133 seu
1583 1101 1712 1143 planta,
1739 1110 1821 1143 quae
1845 1100 1879 1132 in

1146 1154 1225 1187 actis
1260 1155 1450 1187 eorumdem
1486 1154 1718 1196 magistrorum
1753 1152 1879 1185 viarum

1148 1207 1198 1239 die
1222 1217 1293 1240 xxvx
1318 1206 1479 1239 currentis
1504 1206 1625 1239 mensis
1655 1199 1767 1249 aprilis
1794 1205 1880 1238 exhi-

1147 1260 1213 1292 bita
1237 1259 1424 1302 reperitur:
1452 1259 1528 1292 hinc
1553 1264 1604 1291 est
1629 1259 1717 1302 quod
1742 1269 1818 1299 nos,
1844 1263 1880 1291 ut

1148 1365 1221 1398 ciali
1235 1365 1325 1397 iussu
1341 1369 1372 1396 et
1383 1365 1536 1397 mandato
1550 1368 1664 1396 nostro
1679 1364 1763 1396 sacta
1780 1362 1879 1396 fuisse

1148 1419 1265 1451 harum
1290 1418 1374 1450 serie
1401 1418 1616 1460 declaramus)
1652 1417 1691 1449 ad
1724 1416 1879 1449 ecclesiae

1148 1478 1180 1505 et
1193 1472 1287 1505 Urbis
1308 1472 1527 1514 praefatarum
1544 1475 1694 1504 ornatum
1711 1470 1880 1513 perpetuis

1149 1525 1264 1558 suturis
1290 1524 1491 1567 temporibus
1508 1523 1741 1556 inviolabiliter
1754 1532 1881 1555 serven-

1149 1583 1210 1619 tur,
1228 1577 1412 1622 providere,
1424 1588 1461 1610 ac
1474 1582 1730 1610 memoratorum
1748 1575 1881 1618 capituli

1149 1635 1182 1663 et
1205 1630 1437 1663 canonicorum
1469 1629 1673 1663 indemnitati
1707 1628 1880 1661 consulere

1149 1684 1328 1727 cupientes,
1346 1693 1475 1716 necnon
1491 1682 1736 1726 praedictorum
1755 1680 1832 1714 Sixti
1850 1685 1883 1713 et

1149 1736 1270 1769 Urbani
1287 1737 1582 1779 praedecessorum
1597 1734 1796 1776 aliarumque
1810 1743 1883 1776 qua-

1151 1789 1303 1821 rumlibet
1336 1789 1515 1821 litterarum
1551 1786 1804 1831 apostolicarum
1842 1791 1884 1818 te-

1150 1853 1248 1875 nores
1274 1847 1307 1874 et
1331 1843 1421 1874 datas
1448 1842 1544 1873 etiam
1568 1840 1734 1881 veriores,
1766 1845 1799 1872 et
1822 1838 1884 1872 alia

1151 1906 1376 1938 quaecumque
1395 1895 1492 1926 etiam
1516 1894 1693 1937 specialem
1718 1897 1751 1925 et
1774 1892 1885 1925 indivi-

1152 1949 1247 1981 duam
1271 1947 1473 1980 mentionem
1504 1951 1536 1979 et
1567 1945 1813 1989 expressionem
1839 1955 1885 1977 re-

1152 2001 1332 2044 quirentia,
1369 1999 1600 2043 praesentibus
1631 2009 1690 2041 pro
1724 1999 1822 2041 plene
1852 2002 1884 2029 et

1152 2054 1352 2086 sufficienter
1382 2052 1545 2095 expressis
1579 2051 1760 2090 habentes,
1794 2055 1884 2082 motu

1150 2106 1296 2150 proprio,
1324 2116 1359 2138 ac
1384 2116 1421 2137 ex
1447 2106 1534 2137 certa
1559 2103 1693 2136 scientia
1711 2108 1743 2135 et
1760 2104 1885 2134 matura

1152 2159 1388 2193 deliberatione
1413 2157 1544 2196 nostris,
1564 2157 1668 2199 deque
1686 2155 1885 2199 apostolicae

1151 2212 1324 2256 potestatis
1349 2210 1565 2254 plenitudine,
1591 2220 1682 2241 areas
1708 2208 1836 2241 aedium
1855 2212 1887 2240 et

1153 2265 1373 2298 aedificiorum
1400 2263 1489 2295 iussu
1514 2267 1627 2295 nostro
1654 2261 1832 2294 dirutorum
1856 2266 1887 2293 et

1154 2318 1394 2357 demolitorum,
1420 2322 1455 2349 ut
1478 2316 1674 2359 praefertur,
1702 2326 1737 2347 ac
1760 2314 1887 2347 univer-

1154 2382 1221 2403 sam
1245 2372 1387 2414 plateam
1412 2369 1612 2413 praedictam
1632 2369 1782 2411 (excepto
1801 2367 1887 2400 dum-

1154 2430 1239 2457 taxat
1263 2424 1451 2466 supradicto
1478 2423 1539 2455 loci
1565 2422 1669 2465 spatio
1701 2432 1761 2464 pro
1790 2421 1887 2453 collo—

1154 2477 1265 2509 candis
1292 2475 1495 2509 domunculis
1521 2486 1577 2507 seu
1601 2473 1746 2507 tabernis
1767 2483 1887 2520 merca·

1156 2530 1256 2569 tortis,
1280 2529 1361 2562 sicut
1378 2529 1409 2561 in
1435 2528 1577 2572 praefata
1595 2527 1815 2560 delineatione
1829 2535 1887 2559 seu

1153 2584 1263 2626 planta
1282 2582 1393 2615 videre
1411 2586 1469 2621 est,
1488 2580 1682 2623 designato),
1698 2590 1714 2612 a
1730 2578 1894 2619 dominio„

1887 206 1935 233 An.
1954 205 1985 233 C.
2007 204 2074 232 ¹663

1947 1269 2004 1293 Quae
2023 1273 2078 1288 nune

1147 1312 1325 1355 praemissa
1352 1311 1459 1344 omnia
1484 1317 1516 1344 et
1540 1311 1668 1353 singula
1688 1311 1785 1354 (quae
1810 1321 1879 1354 spe·
1893 1295 2077 1344 ,semicana-ier
