2247 3208
214 183 264 212 An.
286 184 315 211 c.
334 183 401 212 1664
447 176 511 210 ‘274

222 1324 225 1325 ⁷
238 1297 349 1318 Decretum
368 1297 394 1318 ir-

210 1326 283 1344 silaus.

210 1984 321 2005 Contraria
332 1984 392 2005 tollit.

409 234 532 277 cupiat:
555 242 624 272 nos,
643 232 747 275 ipsum
770 231 972 274 Alphonsum
994 231 1145 274 speciali·

407 287 469 318 bus
495 285 660 318 favoribus
679 288 711 316 et
724 283 838 326 gratiis
855 283 1014 327 prosequi
1032 284 1146 316 volen-

408 343 466 377 tes,
494 342 526 369 et
550 348 567 370 a
585 336 755 379 quibusvis
781 336 1143 379 excommunicationis,

408 388 636 432 suspensionis
663 393 695 421 et
718 388 903 428 interdicti,
930 388 1070 432 aliisque
1095 399 1147 422 ec-

407 441 602 474 clesiasticis
627 441 816 482 sententiis,
836 441 986 474 censuris
1012 445 1045 475 et
1067 450 1146 486 poe-

407 494 470 533 nis,
497 505 514 526 a
538 493 609 526 iure
628 494 678 526 vel
699 494 738 527 ab
756 494 902 534 bomine,
922 494 1034 538 quavis
1054 505 1147 528 occa-

409 546 501 580 sione
526 547 577 578 vel
602 547 699 578 causa
720 546 807 587 latis,
827 547 853 579 si
872 546 991 590 quibus
1010 559 1147 591 quomo-

407 598 534 631 dolibet
568 598 743 633 innodatus
770 599 900 640 existit,
927 601 966 633 ad
993 600 1145 634 effectum

406 652 632 695 praesentium
658 652 826 686 dumtaxat
854 655 1144 698 consequendum,

407 706 525 737 harum
549 705 637 738 serie
661 699 871 740 absolventes
900 711 932 739 ct
959 708 1146 741 absolutum

407 758 477 791 sore
502 762 686 799 censentes,
702 759 992 802 supplicationibus
1007 761 1075 795 eius
1089 772 1146 796 no-

406 810 492 843 mine
510 810 606 844 nobis
620 821 719 854 super
732 812 796 844 hoc
808 812 975 846 humiliter
987 815 1144 857 porrectis

407 862 574 903 inclinati,
602 862 846 907 praeinsertum
876 866 1039 908 praefatae
1071 878 1146 901 con-

407 917 606 959 gregationis
634 917 844 951 cardinalium
874 920 1062 961 decretum,
1093 932 1147 954 au-

406 970 552 1003 ctoritate
567 971 760 1013 apostolica,
777 976 892 1008 tenore
906 974 1145 1015 praesentium,

407 1022 637 1055 confirmamus
664 1028 696 1055 et
713 1025 947 1066 approbamus,
973 1025 1087 1069 illique
1112 1038 1145 1060 a-

405 1074 586 1117 postolicae
617 1074 781 1108 firmitatis
812 1077 916 1110 robur
947 1078 1140 1121 adiicimus;

406 1128 493 1159 salva
522 1132 629 1160 tamen
655 1138 786 1172 semper
810 1129 843 1162 in
868 1131 1056 1173 praemissis
1089 1144 1144 1166 au-

405 1181 552 1213 ctoritate
579 1181 725 1214 eiusdem
750 1184 1014 1227 congregationis
1041 1186 1143 1219 cardi-

405 1234 539 1266 nalium.

450 1287 464 1330 ξ
489 1286 520 1320 3.
552 1287 768 1321 Decernentes
795 1290 924 1323 easdem
956 1298 1144 1334 praesentes

406 1339 527 1373 litteras
552 1348 678 1384 semper
701 1340 817 1382 firmas,
843 1342 965 1376 validas
983 1349 1015 1376 et
1039 1344 1145 1379 effica-

406 1402 458 1425 ces
484 1392 620 1425 existere
645 1398 676 1425 οἱ
700 1394 789 1435 sore,
815 1405 953 1439 suosque
977 1398 1143 1440 plenarios

405 1450 437 1478 et
460 1445 603 1488 integros
629 1445 757 1479 ess'ectus
791 1448 898 1480 sortiri
924 1453 955 1481 et
980 1450 1142 1491 obtinere,

405 1508 441 1530 ac
465 1497 537 1537 illis,
564 1499 602 1531 ad
629 1509 709 1542 quos
730 1505 852 1543 spectat
869 1507 900 1534 et
919 1512 978 1545 pro
997 1508 1142 1546 tempore

405 1551 581 1594 spectabit,
608 1551 794 1594 plenissime
823 1553 1006 1597 suffragari,
1033 1557 1143 1599 sicque

405 1603 438 1635 in
464 1604 647 1647 praemissis
678 1615 735 1648 per
764 1617 984 1651 quoscumque
1021 1609 1144 1643 iudices

405 1657 587 1690 ordinarios
606 1663 637 1690 et
657 1659 832 1701 delegatos,
857 1660 951 1693 etiam
976 1672 1143 1695 causarum

404 1709 514 1752 palatii
548 1711 717 1753 apostolici
743 1712 915 1753 auditores,
945 1714 1080 1748 iudicari
1112 1721 1144 1749 et

405 1761 533 1795 definiri
567 1763 702 1804 debere,
736 1773 772 1797 ac
792 1765 917 1798 irritum
942 1772 973 1799 et
997 1766 1092 1800 inane
1117 1769 1143 1801 si

404 1825 495 1848 secus
520 1826 616 1859 super
641 1816 691 1849 his
716 1827 733 1849 a
758 1828 930 1861 quoquam,
957 1820 1067 1863 quavis
1091 1832 1145 1853 au-

405 1868 562 1909 ctoritate,
587 1869 726 1902 scienter
749 1871 798 1903 vel
824 1870 1022 1914 ignoranter,
1042 1874 1144 1906 conti-

405 1921 488 1963 gerit
505 1922 666 1955 attentari.

448 1975 463 2017 ἓ
487 1974 518 2007 4.
546 1975 614 2008 Non
639 1976 841 2011 obstantibus
865 1979 1144 2014 constitutionibus

405 2032 436 2059 et
471 2029 727 2063 ordinationibus
764 2032 964 2074 apostolicis,
1000 2043 1141 2075 necnon,

404 2086 561 2123 quatenus
579 2092 658 2125 opus
676 2083 724 2124 sit,
736 2085 953 2127 praefatorum
967 2085 1094 2120 Ordinis
1112 2091 1144 2119 et

404 2134 586 2176 provinciae
602 2161 609 2175 ,
638 2135 733 2168 ctiam
758 2136 947 2178 iuramento,
973 2138 1143 2172 confirma-

404 2186 489 2219 tione
516 2187 698 2230 apostolica,
721 2189 770 2221 vel
789 2190 897 2233 quavis
914 2189 1063 2224 firmitate
1082 2192 1142 2225 alia

403 2240 569 2280 roboratis,
582 2241 706 2273 statutis
724 2246 755 2274 et
769 2244 1064 2285 consuetudinibus,
1079 2245 1142 2288 pri-

402 2293 526 2335 vilegiis
552 2304 689 2337 quoque,
716 2294 846 2327 indultis
873 2301 903 2328 ct
927 2296 1040 2330 litteris
1065 2308 1142 2340 apo-

403 2346 523 2378 stolicis
547 2346 578 2378 in
593 2347 787 2380 contrarium
801 2350 1048 2392 praemissorum
1062 2361 1141 2393 quo-

402 2399 580 2431 modolibet
603 2401 771 2441 concessis,
787 2402 970 2445 approbatis
995 2408 1027 2435 et
1049 2403 1140 2436 inno-

402 2452 501 2491 vatis;
528 2452 643 2496 quibus
673 2453 820 2486 omnibus
846 2459 877 2486 et
900 2455 1042 2498 singulis,
1068 2456 1139 2488 illo-

403 2515 474 2537 rum
500 2510 626 2538 tenores
658 2507 880 2548 praesentibus
905 2517 963 2550 pro
988 2509 1083 2551 plene
1109 2513 1139 2541 et

402 2557 598 2591 sufficienter
633 2559 790 2602 expressis
825 2569 861 2592 ac
894 2560 932 2593 de
967 2560 1063 2595 verbo
1099 2561 1138 2594 ad

990 182 1169 207 BULLARIUM
1192 183 1344 210 ROMANUM

1187 231 1321 264 verbum
1345 231 1473 264 insertis
1498 232 1669 274 habentes,
1695 234 1758 268 illis
1789 234 1866 268 alias
1891 235 1924 268 in

1187 294 1244 316 suo
1268 284 1385 317 robore
1410 286 1646 327 permansuris,
1673 288 1711 320 ad
1733 288 1925 330 praemisso-

1187 346 1257 369 rum
1275 336 1432 377 effectum,
1452 337 1512 370 hac
1527 338 1594 371 vice
1612 339 1782 380 dumtaxat,
1805 340 1926 383 specia-

1187 389 1260 421 liter
1286 393 1317 421 et
1341 399 1492 433 expresse
1517 390 1725 433 derogamus;
1745 393 1924 436 ceterisque

1188 442 1355 475 contrariis
1380 443 1646 486 quibuscumque.

1231 495 1343 528 Datum
1367 495 1496 535 Romae,
1522 497 1606 539 apud
1630 497 1661 530 S.
1678 497 1806 530 Mariam
1830 499 1925 532 Maio-

1188 558 1265 589 rem,
1284 549 1342 581 sub
1357 550 1475 582 annulo
1492 549 1671 591 piscatoris
1689 550 1740 583 die
1754 561 1827 585 xxvi
1849 552 1924 586 maii

1187 610 1339 642 mncth,
1357 601 1560 644 pontificatus
1585 603 1693 644 nostri,
1712 614 1795 637 anno
1811 615 1842 637 x.

1223 653 1280 680 Dat.
1298 653 1341 680 die
1361 653 1395 681 26
1415 654 1476 680 maii
1498 654 1576 688 1664,
1593 655 1691 690 pontif.
1711 663 1781 683 anno
1800 662 1827 683 x.

1466 797 1647 831 CDLXXVII

1190 875 1280 915 Quod
1299 887 1369 909 vnon
1394 877 1487 910 liceat
1511 878 1670 920 fratribus
1694 879 1860 912 Minornm
1887 880 1926 913 de

1233 928 1443 966 Ohservanlici
1466 931 1571 963 sancti
1595 931 1764 964 Francisci
1787 943 1924 965 commo-

1231 980 1378 1013 rantibus
1402 980 1533 1015 Tolosae
1549 983 1702 1017 indncere
1721 994 1840 1017 novum
1863 986 1924 1018 Ro-

1230 1035 1354 1067 sarz'nm
1371 1035 1429 1067 snb
1448 1035 1543 1068 titulo
1557 1035 1738 1079 Scraphici,
1755 1047 1810 1070 nec
1823 1039 1926 1080 facere

1227 1089 1455 1131 processionem
1480 1090 1757 1132 confraternitatis
1783 1091 1922 1135 Concep-

1230 1141 1329 1175 lionis
1350 1143 1461 1185 primii
1478 1142 1639 1176 dominica
1654 1144 1824 1177 cuiuslibet
1836 1155 1926 1177 nten-

1228 1195 1295 1234 sis,
1332 1205 1388 1228 nec
1427 1195 1580 1228 tabellam
1611 1205 1767 1239 eoeponere
1801 1197 1926 1240 inqua

1229 1249 1333 1282 Beata
1372 1248 1469 1292 Vz'ryo
1504 1248 1555 1281 del
1589 1249 1766 1282 Rosarinm
1803 1251 1924 1283 sanclis

1228 1301 1404 1335 Francisco
1428 1306 1456 1335 et
1482 1301 1607 1336 Clarae.

1379 1383 1543 1410 Alexander
1562 1383 1640 1416 Papa
1660 1384 1723 1416 VII,

1330 1428 1365 1453 ad
1382 1426 1512 1453 futuram
1532 1427 1576 1454 rei
1596 1428 1778 1455 memoriam.

1230 1496 1263 1529 ln
1289 1507 1442 1540 supremo
1460 1497 1629 1531 militantis
1645 1498 1806 1532 Ecclesiae
1827 1501 1921 1541 solio,

1186 1549 1309 1583 meritis
1334 1550 1409 1583 lieet
1432 1550 1616 1593 imparibus,
1643 1562 1703 1594 per
1727 1552 1923 1586 ineffabilem

1186 1602 1312 1636 divinae
1326 1602 1478 1636 bonitatis
1496 1604 1728 1637 abundantiam
1749 1606 1924 1646 constituti,

1186 1662 1311 1689 exortas
1337 1657 1421 1689 inter
1445 1657 1615 1700 religiosos
1639 1659 1723 1692 viros
1741 1664 1927 1693 controver-

1185 1709 1247 1742 sias
1271 1710 1462 1753 opportunis
1487 1710 1667 1743 rationibus
1685 1711 1836 1745 dirimere
1861 1717 1926 1744 stu-

1187 1764 1310 1804 demus,
1328 1764 1409 1796 sicut
1433 1764 1465 1796 in
1486 1764 1623 1798 Domino
1642 1765 1856 1809 conspicimus
1875 1776 1925 1799 sa-

1186 1816 1322 1849 lubriter
1346 1817 1511 1860 expedire.

1229 1870 1244 1913 ἓ
1268 1869 1300 1902 ’1.
1327 1869 1437 1913 Itaque
1463 1870 1617 1903 dilectum
1640 1870 1743 1904 filium
1770 1882 1924 1914 procura-

1186 1927 1291 1955 torem
1309 1924 1494 1966 generalem
1513 1923 1640 1957 Ordinis
1661 1924 1923 1958 Praedicatorum

1186 1976 1385 2019 specialibus
1410 1976 1572 2009 favoribus
1589 1982 1621 2009 et
1637 1978 1749 2020 gratiis
1768 1979 1922 2021 prosequi

1185 2029 1340 2070 volentes,
1366 2034 1399 2062 et
1422 2040 1439 2062 a
1465 2030 1634 2073 quibusvis
1661 2031 1922 2063 excommunica-

1186 2081 1297 2122 tionis,
1324 2081 1552 2125 suspensionis
1571 2087 1603 2115 et
1627 2082 1807 2123 interdicti,
1835 2083 1922 2116 aliis-

1186 2144 1249 2177 que
1283 2134 1516 2168 ecclesiasticis
1549 2135 1743 2176 sententiis,
1770 2137 1920 2169 censuris

1186 2191 1218 2219 et
1241 2187 1372 2231 poenis,
1392 2199 1409 2219 a
1426 2187 1497 2220 iure
1516 2189 1566 2221 vel
1584 2188 1623 2220 ab
1642 2188 1785 2229 homine,
1806 2189 1920 2232 quavis

1185 2240 1359 2273 occasione
1377 2241 1427 2273 vel
1445 2243 1543 2273 causa
1558 2241 1645 2282 latis,
1661 2241 1687 2273 si
1705 2242 1824 2285 quibus
1842 2253 1921 2285 quo-

1184 2293 1363 2326 modolibet
1384 2294 1559 2327 innodatus
1577 2294 1695 2335 existit,
1714 2296 1753 2328 ad
1769 2295 1921 2329 effectum

1183 2347 1410 2390 praesentium
1443 2348 1610 2380 dumtaxat
1634 2349 1918 2391 consequendum,

1928 186 1977 213 An.
1999 186 2027 214 C.
2047 186 2114 213 ¹664

1960 1510 2104 1533 Prooemium.

1986 1881 2001 1902 Α
2023 1882 2117 1903 censuris

1934 1908 2033 1929 absolvit.

1184 2400 1300 2432 harum
1326 2400 1412 2433 serie
1438 2401 1648 2434 absolventes
1676 2406 1708 2434 et
1732 2400 1918 2434 absolutum
1964 2425 1969 2429 .

1184 2452 1252 2485 fore
1272 2458 1443 2488 censentes
1457 2480 1464 2494 ‚

1224 2507 1239 2549 g
1257 2505 1287 2538 2.
1308 2506 1606 2550 Supplicationibus
1625 2506 1694 2540 eius
1712 2505 1844 2539 nomine
1862 2517 1918 2540 no-

1181 2559 1230 2593 bis
1255 2569 1355 2605 super
1379 2560 1442 2594 hoc
1466 2560 1633 2594 humiliter
1648 2560 1807 2605 porrectis
1823 2559 1916 2601 incli-

1940 2526 2044 2548 Prohibet
2058 2527 2112 2548 Pon-

1927 2553 1978 2575 tifex
2014 2554 2112 2582 patribus
