<?xml version="1.0" encoding="UTF-8"?>
<!DOCTYPE html PUBLIC "-//W3C//DTD XHTML 1.0 Transitional//EN"
    "http://www.w3.org/TR/xhtml1/DTD/xhtml1-transitional.dtd">
<html xmlns="http://www.w3.org/1999/xhtml" xml:lang="en" lang="en">
 <head>
  <title>
</title>
<meta http-equiv="Content-Type" content="text/html;charset=utf-8" />
  <meta name='ocr-system' content='tesseract 3.04.00' />
  <meta name='ocr-capabilities' content='ocr_page ocr_carea ocr_par ocr_line ocrx_word'/>
</head>
<body>
  <div class='ocr_page' id='page_1' title='image "./bullarumdiplomat17cath_0466.png"; bbox 0 0 2247 3208; ppageno 0'>
   <div class='ocr_carea' id='block_1_1' title="bbox 220 193 513 231">
    <p class='ocr_par' dir='ltr' id='par_1_1' title="bbox 220 193 513 231">
     <span class='ocr_line' id='line_1_1' title="bbox 220 193 513 231; baseline -0.017 -1"><span class='ocrx_word' id='word_1_1' title='bbox 220 200 269 231; x_wconf 63' lang='lat' dir='ltr'>An.</span> <span class='ocrx_word' id='word_1_2' title='bbox 287 204 314 230; x_wconf 78' lang='lat' dir='ltr'>c.</span> <span class='ocrx_word' id='word_1_3' title='bbox 339 204 405 230; x_wconf 63' lang='lat'>1565</span> <span class='ocrx_word' id='word_1_4' title='bbox 450 193 513 228; x_wconf 57' lang='lat' dir='ltr'>32³ss</span> 
     </span>
    </p>
   </div>
   <div class='ocr_carea' id='block_1_2' title="bbox 245 369 366 391">
    <p class='ocr_par' dir='ltr' id='par_1_2' title="bbox 245 369 366 391">
     <span class='ocr_line' id='line_1_2' title="bbox 245 369 366 391; baseline -0.017 0"><span class='ocrx_word' id='word_1_5' title='bbox 245 369 366 391; x_wconf 64' lang='lat' dir='ltr'>Exordium.</span> 
     </span>
    </p>
   </div>
   <div class='ocr_carea' id='block_1_3' title="bbox 242 682 365 704">
    <p class='ocr_par' dir='ltr' id='par_1_3' title="bbox 242 682 365 704">
     <span class='ocr_line' id='line_1_3' title="bbox 242 682 365 704; baseline -0.008 -2"><span class='ocrx_word' id='word_1_6' title='bbox 242 682 365 704; x_wconf 47' lang='lat' dir='ltr'>Postumia,</span> 
     </span>
    </p>
   </div>
   <div class='ocr_carea' id='block_1_4' title="bbox 211 1259 395 1305">
    <p class='ocr_par' dir='ltr' id='par_1_4' title="bbox 211 1259 395 1305">
     <span class='ocr_line' id='line_1_4' title="bbox 252 1259 395 1280; baseline 0 -1"><span class='ocrx_word' id='word_1_7' title='bbox 252 1259 325 1279; x_wconf 61' lang='lat' dir='ltr'>Annuit</span> <span class='ocrx_word' id='word_1_8' title='bbox 341 1259 395 1280; x_wconf 78' lang='lat' dir='ltr'>Pun-</span> 
     </span>
     <span class='ocr_line' id='line_1_5' title="bbox 211 1284 269 1305; baseline 0.017 -1"><span class='ocrx_word' id='word_1_9' title='bbox 211 1284 269 1305; x_wconf 65' lang='lat' dir='ltr'>listi.</span> 
     </span>
    </p>
   </div>
   <div class='ocr_carea' id='block_1_5' title="bbox 211 2045 393 2092">
    <p class='ocr_par' dir='ltr' id='par_1_5' title="bbox 211 2045 393 2092">
     <span class='ocr_line' id='line_1_6' title="bbox 281 2045 393 2070; baseline 0.009 -5"><span class='ocrx_word' id='word_1_10' title='bbox 281 2045 393 2070; x_wconf 61' lang='lat' dir='ltr'>nero-„fauo</span> 
     </span>
     <span class='ocr_line' id='line_1_7' title="bbox 211 2073 370 2092; baseline 0 -1"><span class='ocrx_word' id='word_1_11' title='bbox 211 2073 370 2092; x_wconf 70' lang='lat' dir='ltr'>contrariorum.</span> 
     </span>
    </p>
   </div>
   <div class='ocr_carea' id='block_1_6' title="bbox 211 2201 396 2248">
    <p class='ocr_par' dir='ltr' id='par_1_6' title="bbox 211 2201 396 2248">
     <span class='ocr_line' id='line_1_8' title="bbox 252 2201 396 2228; baseline 0.014 -8"><span class='ocrx_word' id='word_1_12' title='bbox 252 2201 396 2228; x_wconf 71' lang='lat' dir='ltr'>rmnsumpto-</span> 
     </span>
     <span class='ocr_line' id='line_1_9' title="bbox 211 2228 330 2248; baseline 0.008 -1"><span class='ocrx_word' id='word_1_13' title='bbox 211 2233 256 2248; x_wconf 78' lang='lat' dir='ltr'>runt</span> <span class='ocrx_word' id='word_1_14' title='bbox 272 2228 330 2248; x_wconf 69' lang='lat' dir='ltr'>[idei.</span> 
     </span>
    </p>
   </div>
   <div class='ocr_carea' id='block_1_7' title="bbox 554 248 994 322">
    <p class='ocr_par' dir='ltr' id='par_1_7' title="bbox 554 248 994 322">
     <span class='ocr_line' id='line_1_10' title="bbox 607 248 950 282; baseline -0.009 -5"><span class='ocrx_word' id='word_1_15' title='bbox 607 250 772 277; x_wconf 77' lang='lat' dir='ltr'>Alexander</span> <span class='ocrx_word' id='word_1_16' title='bbox 793 249 870 282; x_wconf 82' lang='lat' dir='ltr'>Papa</span> <span class='ocrx_word' id='word_1_17' title='bbox 889 248 950 281; x_wconf 87' lang='lat' dir='ltr'>vn,</span> 
     </span>
     <span class='ocr_line' id='line_1_11' title="bbox 554 291 994 322; baseline -0.009 -1"><span class='ocrx_word' id='word_1_18' title='bbox 554 295 589 322; x_wconf 86' lang='lat' dir='ltr'>ad</span> <span class='ocrx_word' id='word_1_19' title='bbox 610 295 740 320; x_wconf 82' lang='lat' dir='ltr'>futuram</span> <span class='ocrx_word' id='word_1_20' title='bbox 760 292 804 320; x_wconf 79' lang='lat' dir='ltr'>rei</span> <span class='ocrx_word' id='word_1_21' title='bbox 825 291 994 318; x_wconf 82' lang='lat' dir='ltr'>memoriam</span> 
     </span>
    </p>
   </div>
   <div class='ocr_carea' id='block_1_8' title="bbox 403 352 1149 2446">
    <p class='ocr_par' dir='ltr' id='par_1_8' title="bbox 410 352 1149 661">
     <span class='ocr_line' id='line_1_12' title="bbox 457 352 1149 389; baseline -0.009 0"><span class='ocrx_word' id='word_1_22' title='bbox 457 357 496 389; x_wconf 71' lang='lat' dir='ltr'>Ex</span> <span class='ocrx_word' id='word_1_23' title='bbox 524 355 659 388; x_wconf 83' lang='lat' dir='ltr'>iniuncti</span> <span class='ocrx_word' id='word_1_24' title='bbox 685 354 779 387; x_wconf 89' lang='lat' dir='ltr'>nohis</span> <span class='ocrx_word' id='word_1_25' title='bbox 804 352 957 386; x_wconf 88' lang='lat' dir='ltr'>divinitus</span> <span class='ocrx_word' id='word_1_26' title='bbox 982 361 1149 385; x_wconf 87' lang='lat' dir='ltr'>sacrosan-</span> 
     </span>
     <span class='ocr_line' id='line_1_13' title="bbox 413 404 1147 451; baseline -0.004 -12"><span class='ocrx_word' id='word_1_27' title='bbox 413 410 452 441; x_wconf 70' lang='lat' dir='ltr'>cti</span> <span class='ocrx_word' id='word_1_28' title='bbox 478 409 678 451; x_wconf 83' lang='lat' dir='ltr'>apostolatus</span> <span class='ocrx_word' id='word_1_29' title='bbox 698 407 794 440; x_wconf 86' lang='lat' dir='ltr'>officii</span> <span class='ocrx_word' id='word_1_30' title='bbox 813 405 920 439; x_wconf 89' lang='lat' dir='ltr'>debito</span> <span class='ocrx_word' id='word_1_31' title='bbox 939 405 1000 448; x_wconf 86' lang='lat' dir='ltr'>piis</span> <span class='ocrx_word' id='word_1_32' title='bbox 1017 404 1147 447; x_wconf 72' lang='lat' dir='ltr'>catholi-</span> 
     </span>
     <span class='ocr_line' id='line_1_14' title="bbox 412 457 1146 502; baseline -0.007 -9"><span class='ocrx_word' id='word_1_33' title='bbox 412 472 521 494; x_wconf 81' lang='lat' dir='ltr'>corum</span> <span class='ocrx_word' id='word_1_34' title='bbox 546 472 658 502; x_wconf 74' lang='lat' dir='ltr'>regum</span> <span class='ocrx_word' id='word_1_35' title='bbox 686 459 780 499; x_wconf 81' lang='lat' dir='ltr'>votis,</span> <span class='ocrx_word' id='word_1_36' title='bbox 807 459 923 501; x_wconf 85' lang='lat' dir='ltr'>quibus</span> <span class='ocrx_word' id='word_1_37' title='bbox 950 457 1146 500; x_wconf 80' lang='lat' dir='ltr'>gloriosissi-</span> 
     </span>
     <span class='ocr_line' id='line_1_15' title="bbox 412 508 1145 554; baseline -0.005 -9"><span class='ocrx_word' id='word_1_38' title='bbox 412 524 480 545; x_wconf 83' lang='lat' dir='ltr'>mae</span> <span class='ocrx_word' id='word_1_39' title='bbox 506 512 646 554; x_wconf 58' lang='lat' dir='ltr'>Virginis</span> <span class='ocrx_word' id='word_1_40' title='bbox 664 511 818 554; x_wconf 77' lang='lat' dir='ltr'>Dciparac</span> <span class='ocrx_word' id='word_1_41' title='bbox 837 510 952 542; x_wconf 84' lang='lat' dir='ltr'>Mariae</span> <span class='ocrx_word' id='word_1_42' title='bbox 978 508 1145 541; x_wconf 89' lang='lat' dir='ltr'>veneratio</span> 
     </span>
     <span class='ocr_line' id='line_1_16' title="bbox 410 561 1146 609; baseline -0.007 -11"><span class='ocrx_word' id='word_1_43' title='bbox 410 570 620 609; x_wconf 80' lang='lat' dir='ltr'>promovetur</span> <span class='ocrx_word' id='word_1_44' title='bbox 645 570 676 596; x_wconf 82' lang='lat' dir='ltr'>et</span> <span class='ocrx_word' id='word_1_45' title='bbox 700 568 844 606; x_wconf 74' lang='lat' dir='ltr'>augetur.</span> <span class='ocrx_word' id='word_1_46' title='bbox 868 561 1037 606; x_wconf 81' lang='lat' dir='ltr'>apostolici</span> <span class='ocrx_word' id='word_1_47' title='bbox 1060 562 1146 594; x_wconf 80' lang='lat' dir='ltr'>favo-</span> 
     </span>
     <span class='ocr_line' id='line_1_17' title="bbox 411 616 929 661; baseline -0.006 -11"><span class='ocrx_word' id='word_1_48' title='bbox 411 618 454 650; x_wconf 85' lang='lat' dir='ltr'>ris</span> <span class='ocrx_word' id='word_1_49' title='bbox 481 617 695 650; x_wconf 83' lang='lat' dir='ltr'>libentissime</span> <span class='ocrx_word' id='word_1_50' title='bbox 713 616 929 661; x_wconf 78' lang='lat' dir='ltr'>adiungimus.</span> 
     </span>
    </p>

    <p class='ocr_par' dir='ltr' id='par_1_9' title="bbox 403 666 1144 2018">
     <span class='ocr_line' id='line_1_18' title="bbox 453 666 1142 713; baseline -0.007 -11"><span class='ocrx_word' id='word_1_51' title='bbox 453 673 468 713; x_wconf 56' lang='grc' dir='ltr'>ς’</span> <span class='ocrx_word' id='word_1_52' title='bbox 493 671 523 702; x_wconf 74' lang='grc'>’1.</span> <span class='ocrx_word' id='word_1_53' title='bbox 551 671 661 713; x_wconf 89' lang='lat' dir='ltr'>Itaque</span> <span class='ocrx_word' id='word_1_54' title='bbox 692 669 794 702; x_wconf 72' lang='lat' dir='ltr'>enixis</span> <span class='ocrx_word' id='word_1_55' title='bbox 830 668 958 711; x_wconf 79' lang='lat' dir='ltr'>piisque</span> <span class='ocrx_word' id='word_1_56' title='bbox 993 666 1142 709; x_wconf 86' lang='lat' dir='ltr'>precibus</span> 
     </span>
     <span class='ocr_line' id='line_1_19' title="bbox 410 718 1142 755; baseline -0.007 0"><span class='ocrx_word' id='word_1_57' title='bbox 410 722 588 755; x_wconf 80' lang='lat' dir='ltr'>carissimi¹</span> <span class='ocrx_word' id='word_1_58' title='bbox 615 722 646 754; x_wconf 87' lang='lat' dir='ltr'>in</span> <span class='ocrx_word' id='word_1_59' title='bbox 679 721 805 753; x_wconf 84' lang='lat' dir='ltr'>Christo</span> <span class='ocrx_word' id='word_1_60' title='bbox 830 720 886 753; x_wconf 89' lang='lat' dir='ltr'>silii</span> <span class='ocrx_word' id='word_1_61' title='bbox 912 718 1014 752; x_wconf 78' lang='lat' dir='ltr'>nostri</span> <span class='ocrx_word' id='word_1_62' title='bbox 1040 718 1142 751; x_wconf 86' lang='lat' dir='ltr'>Caroli</span> 
     </span>
     <span class='ocr_line' id='line_1_20' title="bbox 408 771 1144 818; baseline -0.008 -10"><span class='ocrx_word' id='word_1_63' title='bbox 408 775 635 818; x_wconf 72' lang='lat' dir='ltr'>Hispaniarum</span> <span class='ocrx_word' id='word_1_64' title='bbox 653 774 738 816; x_wconf 80' lang='lat' dir='ltr'>regis</span> <span class='ocrx_word' id='word_1_65' title='bbox 759 772 910 805; x_wconf 74' lang='lat' dir='ltr'>catholici</span> <span class='ocrx_word' id='word_1_66' title='bbox 933 771 1063 804; x_wconf 88' lang='lat' dir='ltr'>nominc</span> <span class='ocrx_word' id='word_1_67' title='bbox 1089 781 1144 803; x_wconf 92' lang='lat' dir='ltr'>no-</span> 
     </span>
     <span class='ocr_line' id='line_1_21' title="bbox 407 823 1142 871; baseline -0.01 -10"><span class='ocrx_word' id='word_1_68' title='bbox 407 828 457 861; x_wconf 85' lang='lat' dir='ltr'>bis</span> <span class='ocrx_word' id='word_1_69' title='bbox 483 838 542 871; x_wconf 87' lang='lat' dir='ltr'>per</span> <span class='ocrx_word' id='word_1_70' title='bbox 566 827 720 860; x_wconf 89' lang='lat' dir='ltr'>dilectum</span> <span class='ocrx_word' id='word_1_71' title='bbox 745 825 845 858; x_wconf 83' lang='lat' dir='ltr'>lilium</span> <span class='ocrx_word' id='word_1_72' title='bbox 875 824 1015 857; x_wconf 88' lang='lat' dir='ltr'>nobilem</span> <span class='ocrx_word' id='word_1_73' title='bbox 1040 823 1142 855; x_wconf 92' lang='lat' dir='ltr'>virum</span> 
     </span>
     <span class='ocr_line' id='line_1_22' title="bbox 407 876 1141 922; baseline -0.007 -10"><span class='ocrx_word' id='word_1_74' title='bbox 407 881 533 914; x_wconf 87' lang='lat' dir='ltr'>Petrum</span> <span class='ocrx_word' id='word_1_75' title='bbox 559 881 597 913; x_wconf 86' lang='lat' dir='ltr'>dc</span> <span class='ocrx_word' id='word_1_76' title='bbox 625 879 792 922; x_wconf 73' lang='lat' dir='ltr'>Aragonia,</span> <span class='ocrx_word' id='word_1_77' title='bbox 811 878 911 921; x_wconf 87' lang='lat' dir='ltr'>ipsius</span> <span class='ocrx_word' id='word_1_78' title='bbox 931 876 1033 909; x_wconf 88' lang='lat' dir='ltr'>Caroli</span> <span class='ocrx_word' id='word_1_79' title='bbox 1055 876 1141 918; x_wconf 84' lang='lat' dir='ltr'>regis</span> 
     </span>
     <span class='ocr_line' id='line_1_23' title="bbox 407 929 1142 976; baseline -0.007 -11"><span class='ocrx_word' id='word_1_80' title='bbox 407 934 490 976; x_wconf 90' lang='lat' dir='ltr'>apud</span> <span class='ocrx_word' id='word_1_81' title='bbox 516 944 575 965; x_wconf 86' lang='lat' dir='ltr'>nos</span> <span class='ocrx_word' id='word_1_82' title='bbox 602 938 631 965; x_wconf 85' lang='lat' dir='ltr'>ct</span> <span class='ocrx_word' id='word_1_83' title='bbox 657 932 772 965; x_wconf 77' lang='lat' dir='ltr'>Sedent</span> <span class='ocrx_word' id='word_1_84' title='bbox 797 929 1014 973; x_wconf 50' lang='lat' dir='ltr'>,Apostolicam</span> <span class='ocrx_word' id='word_1_85' title='bbox 1040 933 1142 961; x_wconf 90' lang='lat' dir='ltr'>orato·</span> 
     </span>
     <span class='ocr_line' id='line_1_24' title="bbox 406 980 1143 1026; baseline -0.009 -8"><span class='ocrx_word' id='word_1_86' title='bbox 406 996 501 1024; x_wconf 85' lang='lat' dir='ltr'>rem,</span> <span class='ocrx_word' id='word_1_87' title='bbox 536 984 700 1017; x_wconf 88' lang='lat' dir='ltr'>humiliter</span> <span class='ocrx_word' id='word_1_88' title='bbox 729 982 890 1026; x_wconf 85' lang='lat' dir='ltr'>porrectis</span> <span class='ocrx_word' id='word_1_89' title='bbox 925 981 1065 1023; x_wconf 82' lang='lat' dir='ltr'>benigne</span> <span class='ocrx_word' id='word_1_90' title='bbox 1097 980 1143 1012; x_wconf 87' lang='lat' dir='ltr'>in-</span> 
     </span>
     <span class='ocr_line' id='line_1_25' title="bbox 406 1033 1139 1076; baseline -0.01 -6"><span class='ocrx_word' id='word_1_91' title='bbox 406 1037 540 1076; x_wconf 82' lang='lat' dir='ltr'>clinati,</span> <span class='ocrx_word' id='word_1_92' title='bbox 567 1042 599 1068; x_wconf 89' lang='lat' dir='ltr'>ut</span> <span class='ocrx_word' id='word_1_93' title='bbox 634 1037 665 1068; x_wconf 92' lang='lat' dir='ltr'>in</span> <span class='ocrx_word' id='word_1_94' title='bbox 696 1040 762 1067; x_wconf 90' lang='lat' dir='ltr'>toto</span> <span class='ocrx_word' id='word_1_95' title='bbox 793 1035 881 1066; x_wconf 87' lang='lat' dir='ltr'>Statu</span> <span class='ocrx_word' id='word_1_96' title='bbox 911 1033 1139 1065; x_wconf 77' lang='lat' dir='ltr'>Mediolanensi</span> 
     </span>
     <span class='ocr_line' id='line_1_26' title="bbox 406 1086 1140 1124; baseline -0.01 -2"><span class='ocrx_word' id='word_1_97' title='bbox 406 1096 437 1122; x_wconf 84' lang='lat' dir='ltr'>ct</span> <span class='ocrx_word' id='word_1_98' title='bbox 473 1090 504 1122; x_wconf 92' lang='lat' dir='ltr'>in</span> <span class='ocrx_word' id='word_1_99' title='bbox 544 1089 766 1121; x_wconf 73' lang='lat' dir='ltr'>marchionatu</span> <span class='ocrx_word' id='word_1_100' title='bbox 796 1086 997 1124; x_wconf 81' lang='lat' dir='ltr'>Finariensi‚</span> <span class='ocrx_word' id='word_1_101' title='bbox 1032 1091 1097 1116; x_wconf 87' lang='lat' dir='ltr'>tuin</span> <span class='ocrx_word' id='word_1_102' title='bbox 1124 1095 1140 1116; x_wconf 86' lang='lat' dir='ltr'>a</span> 
     </span>
     <span class='ocr_line' id='line_1_27' title="bbox 406 1137 1141 1181; baseline -0.01 -7"><span class='ocrx_word' id='word_1_103' title='bbox 406 1141 607 1174; x_wconf 81' lang='lat' dir='ltr'>secularibus</span> <span class='ocrx_word' id='word_1_104' title='bbox 640 1146 705 1172; x_wconf 87' lang='lat' dir='ltr'>tum</span> <span class='ocrx_word' id='word_1_105' title='bbox 739 1150 755 1172; x_wconf 89' lang='lat' dir='ltr'>a</span> <span class='ocrx_word' id='word_1_106' title='bbox 790 1137 994 1181; x_wconf 76' lang='lat' dir='ltr'>regularibus</span> <span class='ocrx_word' id='word_1_107' title='bbox 1025 1137 1141 1168; x_wconf 90' lang='lat' dir='ltr'>utrius-</span> 
     </span>
     <span class='ocr_line' id='line_1_28' title="bbox 406 1189 1140 1237; baseline -0.01 -10"><span class='ocrx_word' id='word_1_108' title='bbox 406 1205 466 1237; x_wconf 80' lang='lat' dir='ltr'>que</span> <span class='ocrx_word' id='word_1_109' title='bbox 493 1204 609 1233; x_wconf 74' lang='lat' dir='ltr'>sexus,</span> <span class='ocrx_word' id='word_1_110' title='bbox 638 1193 691 1236; x_wconf 82' lang='lat' dir='ltr'>qui</span> <span class='ocrx_word' id='word_1_111' title='bbox 729 1192 825 1224; x_wconf 88' lang='lat' dir='ltr'>horas</span> <span class='ocrx_word' id='word_1_112' title='bbox 857 1190 1029 1222; x_wconf 77' lang='lat' dir='ltr'>canonicas</span> <span class='ocrx_word' id='word_1_113' title='bbox 1060 1189 1140 1221; x_wconf 86' lang='lat' dir='ltr'>reci-</span> 
     </span>
     <span class='ocr_line' id='line_1_29' title="bbox 407 1241 1141 1283; baseline -0.005 -6"><span class='ocrx_word' id='word_1_114' title='bbox 407 1251 474 1278; x_wconf 86' lang='lat' dir='ltr'>tare</span> <span class='ocrx_word' id='word_1_115' title='bbox 500 1250 675 1283; x_wconf 73' lang='lat' dir='ltr'>tenentur,</span> <span class='ocrx_word' id='word_1_116' title='bbox 701 1243 841 1276; x_wconf 81' lang='lat' dir='ltr'>officium</span> <span class='ocrx_word' id='word_1_117' title='bbox 875 1248 907 1275; x_wconf 89' lang='lat' dir='ltr'>et</span> <span class='ocrx_word' id='word_1_118' title='bbox 938 1242 1035 1274; x_wconf 87' lang='lat' dir='ltr'>missa</span> <span class='ocrx_word' id='word_1_119' title='bbox 1061 1241 1141 1273; x_wconf 86' lang='lat' dir='ltr'>Con-</span> 
     </span>
     <span class='ocr_line' id='line_1_30' title="bbox 407 1294 1141 1341; baseline -0.008 -10"><span class='ocrx_word' id='word_1_120' title='bbox 407 1298 566 1341; x_wconf 82' lang='lat' dir='ltr'>ceptionis</span> <span class='ocrx_word' id='word_1_121' title='bbox 606 1297 720 1329; x_wconf 82' lang='lat' dir='ltr'>Beatae</span> <span class='ocrx_word' id='word_1_122' title='bbox 757 1295 873 1327; x_wconf 79' lang='lat' dir='ltr'>Mariae</span> <span class='ocrx_word' id='word_1_123' title='bbox 909 1294 1046 1336; x_wconf 71' lang='lat' dir='ltr'>Virginis</span> <span class='ocrx_word' id='word_1_124' title='bbox 1083 1294 1141 1326; x_wconf 92' lang='lat' dir='ltr'>Im-</span> 
     </span>
     <span class='ocr_line' id='line_1_31' title="bbox 406 1347 1139 1390; baseline -0.008 -6"><span class='ocrx_word' id='word_1_125' title='bbox 406 1352 585 1384; x_wconf 78' lang='lat' dir='ltr'>maculatac</span> <span class='ocrx_word' id='word_1_126' title='bbox 611 1361 682 1382; x_wconf 72' lang='lat' dir='ltr'>cnm</span> <span class='ocrx_word' id='word_1_127' title='bbox 709 1350 820 1381; x_wconf 74' lang='lat' dir='ltr'>octava</span> <span class='ocrx_word' id='word_1_128' title='bbox 846 1349 877 1380; x_wconf 92' lang='lat' dir='ltr'>in</span> <span class='ocrx_word' id='word_1_129' title='bbox 908 1353 1075 1390; x_wconf 83' lang='lat' dir='ltr'>posterum</span> <span class='ocrx_word' id='word_1_130' title='bbox 1101 1347 1139 1379; x_wconf 90' lang='lat' dir='ltr'>de</span> 
     </span>
     <span class='ocr_line' id='line_1_32' title="bbox 405 1399 1138 1447; baseline -0.007 -12"><span class='ocrx_word' id='word_1_131' title='bbox 405 1409 580 1447; x_wconf 71' lang='lat' dir='ltr'>praecepto</span> <span class='ocrx_word' id='word_1_132' title='bbox 605 1403 758 1435; x_wconf 73' lang='lat' dir='ltr'>recitetur</span> <span class='ocrx_word' id='word_1_133' title='bbox 783 1412 853 1433; x_wconf 88' lang='lat' dir='ltr'>cum</span> <span class='ocrx_word' id='word_1_134' title='bbox 886 1399 1078 1435; x_wconf 83' lang='lat' dir='ltr'>lectionibus</span> <span class='ocrx_word' id='word_1_135' title='bbox 1108 1399 1138 1430; x_wconf 94' lang='lat' dir='ltr'>in</span> 
     </span>
     <span class='ocr_line' id='line_1_33' title="bbox 406 1452 1140 1496; baseline -0.007 -8"><span class='ocrx_word' id='word_1_136' title='bbox 406 1456 568 1489; x_wconf 73' lang='lat' dir='ltr'>octavario</span> <span class='ocrx_word' id='word_1_137' title='bbox 596 1465 729 1488; x_wconf 88' lang='lat' dir='ltr'>romano</span> <span class='ocrx_word' id='word_1_138' title='bbox 762 1465 778 1486; x_wconf 88' lang='lat' dir='ltr'>a</span> <span class='ocrx_word' id='word_1_139' title='bbox 811 1452 1064 1496; x_wconf 69' lang='lat' dir='ltr'>congregatione</span> <span class='ocrx_word' id='word_1_140' title='bbox 1089 1462 1140 1484; x_wconf 76' lang='lat' dir='ltr'>ve-</span> 
     </span>
     <span class='ocr_line' id='line_1_34' title="bbox 406 1508 1138 1541; baseline -0.007 0"><span class='ocrx_word' id='word_1_141' title='bbox 406 1508 599 1541; x_wconf 82' lang='lat' dir='ltr'>nerabilium</span> <span class='ocrx_word' id='word_1_142' title='bbox 625 1509 758 1540; x_wconf 76' lang='lat' dir='ltr'>fratrum</span> <span class='ocrx_word' id='word_1_143' title='bbox 794 1512 979 1539; x_wconf 85' lang='lat' dir='ltr'>nostrorum</span> <span class='ocrx_word' id='word_1_144' title='bbox 1009 1510 1138 1537; x_wconf 86' lang='lat' dir='ltr'>sanctae.</span> 
     </span>
     <span class='ocr_line' id='line_1_35' title="bbox 407 1557 1140 1594; baseline -0.007 0"><span class='ocrx_word' id='word_1_145' title='bbox 407 1562 568 1594; x_wconf 80' lang='lat' dir='ltr'>Romanae</span> <span class='ocrx_word' id='word_1_146' title='bbox 603 1560 763 1593; x_wconf 68' lang='lat' dir='ltr'>Ecclesiae</span> <span class='ocrx_word' id='word_1_147' title='bbox 797 1559 1008 1591; x_wconf 69' lang='lat' dir='ltr'>cardinalium</span> <span class='ocrx_word' id='word_1_148' title='bbox 1041 1557 1140 1590; x_wconf 84' lang='lat' dir='ltr'>sacris</span> 
     </span>
     <span class='ocr_line' id='line_1_36' title="bbox 406 1611 1140 1657; baseline -0.007 -10"><span class='ocrx_word' id='word_1_149' title='bbox 406 1615 521 1647; x_wconf 83' lang='lat' dir='ltr'>ritibus</span> <span class='ocrx_word' id='word_1_150' title='bbox 540 1614 796 1657; x_wconf 77' lang='lat' dir='ltr'>praepositorum</span> <span class='ocrx_word' id='word_1_151' title='bbox 813 1611 990 1654; x_wconf 86' lang='lat' dir='ltr'>approbato</span> <span class='ocrx_word' id='word_1_152' title='bbox 1008 1616 1140 1643; x_wconf 84' lang='lat' dir='ltr'>conten-</span> 
     </span>
     <span class='ocr_line' id='line_1_37' title="bbox 406 1663 1138 1708; baseline -0.005 -9"><span class='ocrx_word' id='word_1_153' title='bbox 406 1667 457 1708; x_wconf 81' lang='lat' dir='ltr'>tis,</span> <span class='ocrx_word' id='word_1_154' title='bbox 484 1673 514 1700; x_wconf 86' lang='lat' dir='ltr'>et</span> <span class='ocrx_word' id='word_1_155' title='bbox 539 1677 555 1699; x_wconf 86' lang='lat' dir='ltr'>a</span> <span class='ocrx_word' id='word_1_156' title='bbox 581 1666 631 1699; x_wconf 89' lang='lat' dir='ltr'>die</span> <span class='ocrx_word' id='word_1_157' title='bbox 664 1676 719 1699; x_wconf 83' lang='lat' dir='ltr'>vni</span> <span class='ocrx_word' id='word_1_158' title='bbox 746 1666 783 1698; x_wconf 90' lang='lat' dir='ltr'>ad</span> <span class='ocrx_word' id='word_1_159' title='bbox 810 1675 848 1698; x_wconf 81' lang='lat' dir='ltr'>xv</span> <span class='ocrx_word' id='word_1_160' title='bbox 874 1663 1053 1698; x_wconf 75' lang='lat' dir='ltr'>decembris</span> <span class='ocrx_word' id='word_1_161' title='bbox 1080 1663 1138 1695; x_wconf 90' lang='lat' dir='ltr'>rite</span> 
     </span>
     <span class='ocr_line' id='line_1_38' title="bbox 405 1718 1138 1764; baseline -0.004 -11"><span class='ocrx_word' id='word_1_162' title='bbox 405 1720 579 1764; x_wconf 66' lang='lat' dir='ltr'>dispositis,</span> <span class='ocrx_word' id='word_1_163' title='bbox 602 1720 793 1752; x_wconf 81' lang='lat' dir='ltr'>auctoritate</span> <span class='ocrx_word' id='word_1_164' title='bbox 813 1718 1004 1760; x_wconf 78' lang='lat' dir='ltr'>apostolica,</span> <span class='ocrx_word' id='word_1_165' title='bbox 1025 1722 1138 1750; x_wconf 87' lang='lat' dir='ltr'>tenore</span> 
     </span>
     <span class='ocr_line' id='line_1_39' title="bbox 404 1771 1138 1816; baseline -0.005 -10"><span class='ocrx_word' id='word_1_166' title='bbox 404 1773 638 1816; x_wconf 75' lang='lat' dir='ltr'>praesentium,</span> <span class='ocrx_word' id='word_1_167' title='bbox 656 1772 842 1804; x_wconf 79' lang='lat' dir='ltr'>mandamus</span> <span class='ocrx_word' id='word_1_168' title='bbox 868 1777 899 1803; x_wconf 87' lang='lat' dir='ltr'>et</span> <span class='ocrx_word' id='word_1_169' title='bbox 923 1771 1138 1809; x_wconf 69' lang='lat' dir='ltr'>decet—ninius;</span> 
     </span>
     <span class='ocr_line' id='line_1_40' title="bbox 403 1823 1138 1869; baseline -0.007 -10"><span class='ocrx_word' id='word_1_170' title='bbox 403 1827 554 1869; x_wconf 81' lang='lat' dir='ltr'>idemque</span> <span class='ocrx_word' id='word_1_171' title='bbox 581 1825 720 1858; x_wconf 81' lang='lat' dir='ltr'>officium</span> <span class='ocrx_word' id='word_1_172' title='bbox 747 1825 785 1857; x_wconf 86' lang='lat' dir='ltr'>ad</span> <span class='ocrx_word' id='word_1_173' title='bbox 811 1834 904 1856; x_wconf 89' lang='lat' dir='ltr'>usum</span> <span class='ocrx_word' id='word_1_174' title='bbox 931 1823 1008 1856; x_wconf 89' lang='lat' dir='ltr'>cleri</span> <span class='ocrx_word' id='word_1_175' title='bbox 1034 1823 1138 1855; x_wconf 78' lang='lat' dir='ltr'>Status</span> 
     </span>
     <span class='ocr_line' id='line_1_41' title="bbox 404 1876 1139 1920; baseline -0.008 -8"><span class='ocrx_word' id='word_1_176' title='bbox 404 1885 433 1912; x_wconf 87' lang='lat' dir='ltr'>et</span> <span class='ocrx_word' id='word_1_177' title='bbox 449 1878 691 1911; x_wconf 78' lang='lat' dir='ltr'>marchionatus</span> <span class='ocrx_word' id='word_1_178' title='bbox 710 1878 928 1920; x_wconf 80' lang='lat' dir='ltr'>praefatorum</span> <span class='ocrx_word' id='word_1_179' title='bbox 947 1876 1085 1908; x_wconf 76' lang='lat' dir='ltr'>seorsim</span> <span class='ocrx_word' id='word_1_180' title='bbox 1101 1876 1139 1907; x_wconf 89' lang='lat' dir='ltr'>ab</span> 
     </span>
     <span class='ocr_line' id='line_1_42' title="bbox 403 1929 1141 1972; baseline -0.005 -8"><span class='ocrx_word' id='word_1_181' title='bbox 403 1931 564 1964; x_wconf 74' lang='lat' dir='ltr'>octavario</span> <span class='ocrx_word' id='word_1_182' title='bbox 591 1940 725 1963; x_wconf 88' lang='lat' dir='ltr'>romano</span> <span class='ocrx_word' id='word_1_183' title='bbox 748 1929 886 1972; x_wconf 86' lang='lat' dir='ltr'>imprimi</span> <span class='ocrx_word' id='word_1_184' title='bbox 913 1938 1006 1971; x_wconf 85' lang='lat' dir='ltr'>posse</span> <span class='ocrx_word' id='word_1_185' title='bbox 1025 1938 1141 1960; x_wconf 78' lang='lat' dir='ltr'>concc-</span> 
     </span>
     <span class='ocr_line' id='line_1_43' title="bbox 405 1985 521 2018; baseline -0.017 0"><span class='ocrx_word' id='word_1_186' title='bbox 405 1985 521 2018; x_wconf 83' lang='lat' dir='ltr'>dimus.</span> 
     </span>
    </p>

    <p class='ocr_par' dir='ltr' id='par_1_10' title="bbox 407 2035 1140 2186">
     <span class='ocr_line' id='line_1_44' title="bbox 449 2035 1140 2080; baseline -0.006 -10"><span class='ocrx_word' id='word_1_187' title='bbox 449 2040 463 2080; x_wconf 60' lang='lat' dir='ltr'>g*</span> <span class='ocrx_word' id='word_1_188' title='bbox 488 2038 518 2070; x_wconf 68' lang='lat'>2.</span> <span class='ocrx_word' id='word_1_189' title='bbox 542 2038 610 2070; x_wconf 79' lang='lat' dir='ltr'>Non</span> <span class='ocrx_word' id='word_1_190' title='bbox 631 2037 832 2070; x_wconf 83' lang='lat' dir='ltr'>obstantibus</span> <span class='ocrx_word' id='word_1_191' title='bbox 851 2035 1140 2068; x_wconf 78' lang='lat' dir='ltr'>constitutionibus</span> 
     </span>
     <span class='ocr_line' id='line_1_45' title="bbox 407 2088 1140 2133; baseline -0.007 -9"><span class='ocrx_word' id='word_1_192' title='bbox 407 2097 439 2124; x_wconf 90' lang='lat' dir='ltr'>et</span> <span class='ocrx_word' id='word_1_193' title='bbox 463 2091 720 2124; x_wconf 80' lang='lat' dir='ltr'>ordinationibus</span> <span class='ocrx_word' id='word_1_194' title='bbox 745 2088 942 2133; x_wconf 86' lang='lat' dir='ltr'>apostolicis,</span> <span class='ocrx_word' id='word_1_195' title='bbox 961 2088 1140 2129; x_wconf 67' lang='lat' dir='ltr'>ceterisque</span> 
     </span>
     <span class='ocr_line' id='line_1_46' title="bbox 408 2143 872 2186; baseline -0.004 -11"><span class='ocrx_word' id='word_1_196' title='bbox 408 2144 577 2176; x_wconf 84' lang='lat' dir='ltr'>contrariis</span> <span class='ocrx_word' id='word_1_197' title='bbox 604 2143 872 2186; x_wconf 86' lang='lat' dir='ltr'>quibuscumque.</span> 
     </span>
    </p>

    <p class='ocr_par' dir='ltr' id='par_1_11' title="bbox 407 2192 1142 2446">
     <span class='ocr_line' id='line_1_47' title="bbox 451 2192 1140 2239; baseline -0.01 -9"><span class='ocrx_word' id='word_1_198' title='bbox 451 2197 521 2239; x_wconf 61' lang='lat'>33.</span> <span class='ocrx_word' id='word_1_199' title='bbox 560 2197 712 2229; x_wconf 81' lang='lat' dir='ltr'>Volumus</span> <span class='ocrx_word' id='word_1_200' title='bbox 745 2200 850 2227; x_wconf 84' lang='lat' dir='ltr'>autem</span> <span class='ocrx_word' id='word_1_201' title='bbox 890 2199 925 2226; x_wconf 91' lang='lat' dir='ltr'>ut</span> <span class='ocrx_word' id='word_1_202' title='bbox 956 2192 1140 2226; x_wconf 86' lang='lat' dir='ltr'>earumdem</span> 
     </span>
     <span class='ocr_line' id='line_1_48' title="bbox 407 2245 1139 2292; baseline -0.005 -12"><span class='ocrx_word' id='word_1_203' title='bbox 407 2250 627 2292; x_wconf 87' lang='lat' dir='ltr'>praesentium</span> <span class='ocrx_word' id='word_1_204' title='bbox 652 2249 830 2280; x_wconf 89' lang='lat' dir='ltr'>litterarum</span> <span class='ocrx_word' id='word_1_205' title='bbox 850 2245 1066 2288; x_wconf 81' lang='lat' dir='ltr'>transumptis,</span> <span class='ocrx_word' id='word_1_206' title='bbox 1084 2255 1139 2277; x_wconf 88' lang='lat' dir='ltr'>seu</span> 
     </span>
     <span class='ocr_line' id='line_1_49' title="bbox 408 2298 1141 2344; baseline -0.007 -10"><span class='ocrx_word' id='word_1_207' title='bbox 408 2301 575 2344; x_wconf 80' lang='lat' dir='ltr'>exemplis,</span> <span class='ocrx_word' id='word_1_208' title='bbox 594 2301 688 2334; x_wconf 85' lang='lat' dir='ltr'>etiam</span> <span class='ocrx_word' id='word_1_209' title='bbox 704 2300 879 2343; x_wconf 69' lang='lat' dir='ltr'>impressis</span> <span class='ocrx_word' id='word_1_210' title='bbox 895 2310 989 2332; x_wconf 83' lang='lat' dir='ltr'>manu</span> <span class='ocrx_word' id='word_1_211' title='bbox 1008 2298 1141 2331; x_wconf 88' lang='lat' dir='ltr'>alicuius</span> 
     </span>
     <span class='ocr_line' id='line_1_50' title="bbox 407 2351 1142 2396; baseline -0.007 -9"><span class='ocrx_word' id='word_1_212' title='bbox 407 2354 523 2387; x_wconf 85' lang='lat' dir='ltr'>notarii</span> <span class='ocrx_word' id='word_1_213' title='bbox 538 2354 659 2396; x_wconf 76' lang='lat' dir='ltr'>publici</span> <span class='ocrx_word' id='word_1_214' title='bbox 674 2353 877 2395; x_wconf 83' lang='lat' dir='ltr'>subscriptis,</span> <span class='ocrx_word' id='word_1_215' title='bbox 897 2358 928 2384; x_wconf 88' lang='lat' dir='ltr'>et</span> <span class='ocrx_word' id='word_1_216' title='bbox 945 2351 1050 2393; x_wconf 79' lang='lat' dir='ltr'>sigillo</span> <span class='ocrx_word' id='word_1_217' title='bbox 1072 2360 1142 2393; x_wconf 88' lang='lat' dir='ltr'>per-</span> 
     </span>
     <span class='ocr_line' id='line_1_51' title="bbox 407 2403 1142 2446; baseline -0.007 -7"><span class='ocrx_word' id='word_1_218' title='bbox 407 2417 506 2440; x_wconf 84' lang='lat' dir='ltr'>sonae</span> <span class='ocrx_word' id='word_1_219' title='bbox 525 2407 556 2438; x_wconf 89' lang='lat' dir='ltr'>in</span> <span class='ocrx_word' id='word_1_220' title='bbox 576 2406 789 2438; x_wconf 74' lang='lat' dir='ltr'>ecclesiastica</span> <span class='ocrx_word' id='word_1_221' title='bbox 808 2405 963 2446; x_wconf 76' lang='lat' dir='ltr'>dignitate</span> <span class='ocrx_word' id='word_1_222' title='bbox 989 2403 1142 2435; x_wconf 83' lang='lat' dir='ltr'>constitu-</span> 
     </span>
    </p>
   </div>
   <div class='ocr_carea' id='block_1_9' title="bbox 407 2455 1163 2500">
    <p class='ocr_par' dir='ltr' id='par_1_12' title="bbox 407 2455 1163 2500">
     <span class='ocr_line' id='line_1_52' title="bbox 407 2455 1163 2500; baseline -0.005 -9"><span class='ocrx_word' id='word_1_223' title='bbox 407 2465 457 2491; x_wconf 88' lang='lat' dir='ltr'>tae</span> <span class='ocrx_word' id='word_1_224' title='bbox 483 2458 626 2497; x_wconf 89' lang='lat' dir='ltr'>munitis,</span> <span class='ocrx_word' id='word_1_225' title='bbox 645 2458 756 2490; x_wconf 80' lang='lat' dir='ltr'>cadem</span> <span class='ocrx_word' id='word_1_226' title='bbox 776 2468 905 2500; x_wconf 82' lang='lat' dir='ltr'>prorsus</span> <span class='ocrx_word' id='word_1_227' title='bbox 923 2456 1001 2488; x_wconf 80' lang='lat' dir='ltr'>sides</span> <span class='ocrx_word' id='word_1_228' title='bbox 1029 2461 1090 2487; x_wconf 87' lang='lat' dir='ltr'>tam</span> <span class='ocrx_word' id='word_1_229' title='bbox 1110 2455 1140 2487; x_wconf 94' lang='lat' dir='ltr'>in</span> <span class='ocrx_word' id='word_1_230' title='bbox 1161 2485 1163 2492; x_wconf 19' lang='grc' dir='ltr'>λ</span> 
     </span>
    </p>
   </div>
   <div class='ocr_carea' id='block_1_10' title="bbox 407 2509 1141 2602">
    <p class='ocr_par' dir='ltr' id='par_1_13' title="bbox 407 2509 1141 2602">
     <span class='ocr_line' id='line_1_53' title="bbox 407 2509 1141 2554; baseline -0.007 -9"><span class='ocrx_word' id='word_1_231' title='bbox 407 2512 537 2552; x_wconf 83' lang='lat' dir='ltr'>iudicio,</span> <span class='ocrx_word' id='word_1_232' title='bbox 566 2522 661 2554; x_wconf 87' lang='lat' dir='ltr'>quam</span> <span class='ocrx_word' id='word_1_233' title='bbox 688 2515 776 2542; x_wconf 68' lang='lat' dir='ltr'>extra</span> <span class='ocrx_word' id='word_1_234' title='bbox 803 2509 880 2543; x_wconf 86' lang='lat' dir='ltr'>illud</span> <span class='ocrx_word' id='word_1_235' title='bbox 907 2509 1025 2552; x_wconf 83' lang='lat' dir='ltr'>ubique</span> <span class='ocrx_word' id='word_1_236' title='bbox 1054 2510 1141 2541; x_wconf 88' lang='lat' dir='ltr'>loco-</span> 
     </span>
     <span class='ocr_line' id='line_1_54' title="bbox 442 2571 1024 2602; baseline -0.007 -2"><span class='ocrx_word' id='word_1_237' title='bbox 442 2575 453 2599; x_wconf 84' lang='lat' dir='ltr'>t</span> <span class='ocrx_word' id='word_1_238' title='bbox 477 2572 545 2600; x_wconf 85' lang='lat' dir='ltr'>Edit.</span> <span class='ocrx_word' id='word_1_239' title='bbox 566 2572 644 2599; x_wconf 67' lang='lat' dir='ltr'>nain.</span> <span class='ocrx_word' id='word_1_240' title='bbox 666 2571 728 2601; x_wconf 64' lang='lat' dir='ltr'>teeti</span> <span class='ocrx_word' id='word_1_241' title='bbox 747 2571 905 2598; x_wconf 74' lang='lat' dir='ltr'>clarissimi</span> <span class='ocrx_word' id='word_1_242' title='bbox 925 2574 961 2602; x_wconf 80' lang='lat' dir='ltr'>[n.</span> <span class='ocrx_word' id='word_1_243' title='bbox 977 2571 1024 2602; x_wconf 80' lang='grc' dir='ltr'>τ.).</span> 
     </span>
    </p>
   </div>
   <div class='ocr_carea' id='block_1_11' title="bbox 1161 739 1166 2546">
    <p class='ocr_par' dir='ltr' id='par_1_14' title="bbox 1161 739 1166 2546">
     <span class='ocr_line' id='line_1_55' title="bbox 1161 739 1166 2546; baseline 0 0"><span class='ocrx_word' id='word_1_244' title='bbox 1161 739 1166 2546; x_wconf 95' lang='lat' dir='ltr'> </span> 
     </span>
    </p>
   </div>
   <div class='ocr_carea' id='block_1_12' title="bbox 1000 194 1351 223">
    <p class='ocr_par' dir='ltr' id='par_1_15' title="bbox 1000 194 1351 223">
     <span class='ocr_line' id='line_1_56' title="bbox 1000 194 1351 223; baseline 0 0"><span class='ocrx_word' id='word_1_245' title='bbox 1000 194 1178 223; x_wconf 51' lang='lat' dir='ltr'>Bruanium</span> <span class='ocrx_word' id='word_1_246' title='bbox 1202 197 1351 223; x_wconf 69' lang='lat' dir='ltr'>Romnum</span> 
     </span>
    </p>
   </div>
   <div class='ocr_carea' id='block_1_13' title="bbox 1188 246 1923 593">
    <p class='ocr_par' dir='ltr' id='par_1_16' title="bbox 1190 246 1923 382">
     <span class='ocr_line' id='line_1_57' title="bbox 1191 246 1923 290; baseline 0.003 -13"><span class='ocrx_word' id='word_1_247' title='bbox 1191 256 1261 278; x_wconf 88' lang='lat' dir='ltr'>rum</span> <span class='ocrx_word' id='word_1_248' title='bbox 1282 246 1485 286; x_wconf 86' lang='lat' dir='ltr'>adhibeatur,</span> <span class='ocrx_word' id='word_1_249' title='bbox 1506 257 1588 289; x_wconf 81' lang='lat' dir='ltr'>quae</span> <span class='ocrx_word' id='word_1_250' title='bbox 1610 247 1752 290; x_wconf 83' lang='lat' dir='ltr'>ipsismet</span> <span class='ocrx_word' id='word_1_251' title='bbox 1772 257 1923 290; x_wconf 79' lang='lat' dir='ltr'>praesen-</span> 
     </span>
     <span class='ocr_line' id='line_1_58' title="bbox 1191 298 1922 336; baseline 0.004 -7"><span class='ocrx_word' id='word_1_252' title='bbox 1191 298 1273 330; x_wconf 85' lang='lat' dir='ltr'>tibus</span> <span class='ocrx_word' id='word_1_253' title='bbox 1291 298 1508 336; x_wconf 83' lang='lat' dir='ltr'>adhiberetur,</span> <span class='ocrx_word' id='word_1_254' title='bbox 1527 300 1551 331; x_wconf 84' lang='lat' dir='ltr'>si</span> <span class='ocrx_word' id='word_1_255' title='bbox 1569 300 1673 332; x_wconf 78' lang='lat' dir='ltr'>forent</span> <span class='ocrx_word' id='word_1_256' title='bbox 1694 300 1854 333; x_wconf 71' lang='lat' dir='ltr'>exhibitae</span> <span class='ocrx_word' id='word_1_257' title='bbox 1873 300 1922 332; x_wconf 90' lang='lat' dir='ltr'>vel</span> 
     </span>
     <span class='ocr_line' id='line_1_59' title="bbox 1190 355 1351 382; baseline 0.006 -1"><span class='ocrx_word' id='word_1_258' title='bbox 1190 355 1351 382; x_wconf 86' lang='lat' dir='ltr'>ostensae.</span> 
     </span>
    </p>

    <p class='ocr_par' dir='ltr' id='par_1_17' title="bbox 1188 402 1922 593">
     <span class='ocr_line' id='line_1_60' title="bbox 1232 402 1921 447; baseline 0.004 -13"><span class='ocrx_word' id='word_1_259' title='bbox 1232 402 1344 434; x_wconf 87' lang='lat' dir='ltr'>Datum</span> <span class='ocrx_word' id='word_1_260' title='bbox 1371 403 1401 435; x_wconf 92' lang='lat' dir='ltr'>in</span> <span class='ocrx_word' id='word_1_261' title='bbox 1420 404 1499 435; x_wconf 76' lang='lat' dir='ltr'>Arce</span> <span class='ocrx_word' id='word_1_262' title='bbox 1514 403 1709 447; x_wconf 72' lang='lat' dir='ltr'>(landulphi,</span> <span class='ocrx_word' id='word_1_263' title='bbox 1728 405 1921 437; x_wconf 63' lang='lat' dir='ltr'>:libanensis</span> 
     </span>
     <span class='ocr_line' id='line_1_61' title="bbox 1189 455 1922 495; baseline 0.004 -8"><span class='ocrx_word' id='word_1_264' title='bbox 1189 455 1353 495; x_wconf 83' lang='lat' dir='ltr'>dioecesis,</span> <span class='ocrx_word' id='word_1_265' title='bbox 1369 457 1426 488; x_wconf 89' lang='lat' dir='ltr'>sub</span> <span class='ocrx_word' id='word_1_266' title='bbox 1444 457 1562 488; x_wconf 87' lang='lat' dir='ltr'>annulo</span> <span class='ocrx_word' id='word_1_267' title='bbox 1585 456 1764 495; x_wconf 77' lang='lat' dir='ltr'>Piscatoris‚</span> <span class='ocrx_word' id='word_1_268' title='bbox 1784 457 1835 489; x_wconf 86' lang='lat' dir='ltr'>die</span> <span class='ocrx_word' id='word_1_269' title='bbox 1851 467 1922 490; x_wconf 74' lang='lat' dir='ltr'>xxiv</span> 
     </span>
     <span class='ocr_line' id='line_1_62' title="bbox 1188 507 1921 552; baseline 0.003 -13"><span class='ocrx_word' id='word_1_270' title='bbox 1188 507 1330 540; x_wconf 87' lang='lat' dir='ltr'>octobris</span> <span class='ocrx_word' id='word_1_271' title='bbox 1355 518 1490 548; x_wconf 48' lang='lat' dir='ltr'>,unetxxg</span> <span class='ocrx_word' id='word_1_272' title='bbox 1517 508 1724 552; x_wconf 75' lang='lat' dir='ltr'>pontificatus</span> <span class='ocrx_word' id='word_1_273' title='bbox 1748 509 1851 542; x_wconf 82' lang='lat' dir='ltr'>nostri</span> <span class='ocrx_word' id='word_1_274' title='bbox 1870 520 1921 541; x_wconf 88' lang='lat' dir='ltr'>an-</span> 
     </span>
     <span class='ocr_line' id='line_1_63' title="bbox 1188 570 1296 593; baseline -0.009 -1"><span class='ocrx_word' id='word_1_275' title='bbox 1188 570 1230 592; x_wconf 91' lang='lat' dir='ltr'>no</span> <span class='ocrx_word' id='word_1_276' title='bbox 1254 570 1296 593; x_wconf 82' lang='lat' dir='ltr'>xi.</span> 
     </span>
    </p>
   </div>
   <div class='ocr_carea' id='block_1_14' title="bbox 1222 621 1866 657">
    <p class='ocr_par' dir='ltr' id='par_1_18' title="bbox 1222 621 1866 657">
     <span class='ocr_line' id='line_1_64' title="bbox 1222 621 1866 657; baseline 0.002 -9"><span class='ocrx_word' id='word_1_277' title='bbox 1222 621 1280 648; x_wconf 83' lang='lat' dir='ltr'>Dat.</span> <span class='ocrx_word' id='word_1_278' title='bbox 1297 621 1340 648; x_wconf 75' lang='lat' dir='ltr'>die.</span> <span class='ocrx_word' id='word_1_279' title='bbox 1354 622 1389 649; x_wconf 64' lang='grc' dir='ltr'>ΞΔ</span> <span class='ocrx_word' id='word_1_280' title='bbox 1404 622 1522 649; x_wconf 84' lang='lat' dir='ltr'>octobris</span> <span class='ocrx_word' id='word_1_281' title='bbox 1540 622 1617 656; x_wconf 83' lang='grc'>1665,</span> <span class='ocrx_word' id='word_1_282' title='bbox 1635 622 1728 657; x_wconf 82' lang='lat' dir='ltr'>pontis.</span> <span class='ocrx_word' id='word_1_283' title='bbox 1746 631 1815 649; x_wconf 85' lang='lat' dir='ltr'>auno</span> <span class='ocrx_word' id='word_1_284' title='bbox 1832 629 1866 650; x_wconf 83' lang='lat' dir='ltr'>xi.</span> 
     </span>
    </p>
   </div>
   <div class='ocr_carea' id='block_1_15' title="bbox 1488 763 1617 795">
    <p class='ocr_par' dir='ltr' id='par_1_19' title="bbox 1488 763 1617 795">
     <span class='ocr_line' id='line_1_65' title="bbox 1488 763 1617 795; baseline -0.008 0"><span class='ocrx_word' id='word_1_285' title='bbox 1488 763 1617 795; x_wconf 75' lang='lat' dir='ltr'>DxxtV.</span> 
     </span>
    </p>
   </div>
   <div class='ocr_carea' id='block_1_16' title="bbox 1188 841 1920 1083">
    <p class='ocr_par' dir='ltr' id='par_1_20' title="bbox 1188 841 1920 1083">
     <span class='ocr_line' id='line_1_66' title="bbox 1188 841 1920 874; baseline 0.001 -1"><span class='ocrx_word' id='word_1_286' title='bbox 1188 841 1226 873; x_wconf 72' lang='lat' dir='ltr'>Ut</span> <span class='ocrx_word' id='word_1_287' title='bbox 1257 841 1292 873; x_wconf 83' lang='lat' dir='ltr'>in</span> <span class='ocrx_word' id='word_1_288' title='bbox 1325 841 1474 873; x_wconf 80' lang='lat' dir='ltr'>omnibus</span> <span class='ocrx_word' id='word_1_289' title='bbox 1510 841 1659 873; x_wconf 73' lang='lat' dir='ltr'>‹iomim&#39;is</span> <span class='ocrx_word' id='word_1_290' title='bbox 1692 846 1720 874; x_wconf 83' lang='lat' dir='ltr'>et</span> <span class='ocrx_word' id='word_1_291' title='bbox 1745 841 1920 874; x_wconf 68' lang='lat' dir='ltr'>ditionibus</span> 
     </span>
     <span class='ocr_line' id='line_1_67' title="bbox 1227 894 1916 936; baseline 0.004 -12"><span class='ocrx_word' id='word_1_292' title='bbox 1227 903 1400 936; x_wconf 72' lang='lat' dir='ltr'>reqnorum</span> <span class='ocrx_word' id='word_1_293' title='bbox 1425 894 1559 926; x_wconf 79' lang='lat' dir='ltr'>Siciliae</span> <span class='ocrx_word' id='word_1_294' title='bbox 1583 898 1611 927; x_wconf 78' lang='lat' dir='ltr'>el</span> <span class='ocrx_word' id='word_1_295' title='bbox 1636 894 1811 927; x_wconf 72' lang='lat' dir='ltr'>Sardiniae</span> <span class='ocrx_word' id='word_1_296' title='bbox 1835 895 1916 927; x_wconf 81' lang='lat' dir='ltr'>reci-</span> 
     </span>
     <span class='ocr_line' id='line_1_68' title="bbox 1230 946 1919 989; baseline 0.001 -12"><span class='ocrx_word' id='word_1_297' title='bbox 1230 949 1313 978; x_wconf 78' lang='lat' dir='ltr'>tetur</span> <span class='ocrx_word' id='word_1_298' title='bbox 1343 946 1485 989; x_wconf 76' lang='lat' dir='ltr'>officium</span> <span class='ocrx_word' id='word_1_299' title='bbox 1516 951 1544 979; x_wconf 82' lang='lat' dir='ltr'>el</span> <span class='ocrx_word' id='word_1_300' title='bbox 1574 947 1670 979; x_wconf 75' lang='lat' dir='ltr'>missa</span> <span class='ocrx_word' id='word_1_301' title='bbox 1699 947 1919 989; x_wconf 73' lang='lat' dir='ltr'>Conceptionis</span> 
     </span>
     <span class='ocr_line' id='line_1_69' title="bbox 1229 996 1918 1041; baseline 0.001 -11"><span class='ocrx_word' id='word_1_302' title='bbox 1229 999 1267 1030; x_wconf 90' lang='lat' dir='ltr'>B.</span> <span class='ocrx_word' id='word_1_303' title='bbox 1302 998 1344 1030; x_wconf 75' lang='lat' dir='ltr'>M.</span> <span class='ocrx_word' id='word_1_304' title='bbox 1381 998 1525 1041; x_wconf 68' lang='lat' dir='ltr'>Virqinis</span> <span class='ocrx_word' id='word_1_305' title='bbox 1557 996 1918 1038; x_wconf 74' lang='lat' dir='ltr'>Immaculatne,⁸cum</span> 
     </span>
     <span class='ocr_line' id='line_1_70' title="bbox 1228 1050 1366 1083; baseline 0 0"><span class='ocrx_word' id='word_1_306' title='bbox 1228 1050 1366 1083; x_wconf 42' lang='lat' dir='ltr'>octava&amp;</span> 
     </span>
    </p>
   </div>
   <div class='ocr_carea' id='block_1_17' title="bbox 1311 1129 1801 1207">
    <p class='ocr_par' dir='ltr' id='par_1_21' title="bbox 1311 1129 1801 1207">
     <span class='ocr_line' id='line_1_71' title="bbox 1376 1129 1725 1163; baseline 0.003 -7"><span class='ocrx_word' id='word_1_307' title='bbox 1376 1131 1541 1157; x_wconf 78' lang='lat' dir='ltr'>Alexander</span> <span class='ocrx_word' id='word_1_308' title='bbox 1560 1131 1638 1163; x_wconf 79' lang='lat' dir='ltr'>Papa</span> <span class='ocrx_word' id='word_1_309' title='bbox 1658 1129 1725 1160; x_wconf 77' lang='lat' dir='ltr'>vu.</span> 
     </span>
     <span class='ocr_line' id='line_1_72' title="bbox 1311 1174 1801 1207; baseline 0.004 -7"><span class='ocrx_word' id='word_1_310' title='bbox 1311 1175 1347 1200; x_wconf 84' lang='lat' dir='ltr'>ad</span> <span class='ocrx_word' id='word_1_311' title='bbox 1367 1177 1540 1207; x_wconf 79' lang='lat' dir='ltr'>perpetuam</span> <span class='ocrx_word' id='word_1_312' title='bbox 1559 1174 1602 1201; x_wconf 86' lang='lat' dir='ltr'>rei</span> <span class='ocrx_word' id='word_1_313' title='bbox 1623 1175 1801 1202; x_wconf 53' lang='lat' dir='ltr'>memoriam.</span> 
     </span>
    </p>
   </div>
   <div class='ocr_carea' id='block_1_18' title="bbox 1182 1243 1921 2339">
    <p class='ocr_par' dir='ltr' id='par_1_22' title="bbox 1182 1243 1919 1697">
     <span class='ocr_line' id='line_1_73' title="bbox 1226 1243 1918 1286; baseline 0 -10"><span class='ocrx_word' id='word_1_314' title='bbox 1226 1243 1426 1276; x_wconf 79' lang='lat' dir='ltr'>Sacrosancti</span> <span class='ocrx_word' id='word_1_315' title='bbox 1452 1245 1650 1286; x_wconf 83' lang='lat' dir='ltr'>apostolatus</span> <span class='ocrx_word' id='word_1_316' title='bbox 1671 1243 1768 1276; x_wconf 82' lang='lat' dir='ltr'>officii</span> <span class='ocrx_word' id='word_1_317' title='bbox 1794 1243 1918 1277; x_wconf 85' lang='lat' dir='ltr'>humili·</span> 
     </span>
     <span class='ocr_line' id='line_1_74' title="bbox 1183 1296 1918 1345; baseline 0.001 -18"><span class='ocrx_word' id='word_1_318' title='bbox 1183 1297 1237 1328; x_wconf 87' lang='lat' dir='ltr'>tati</span> <span class='ocrx_word' id='word_1_319' title='bbox 1263 1301 1391 1345; x_wconf 68' lang='lat' dir='ltr'>nostrae</span> <span class='ocrx_word' id='word_1_320' title='bbox 1410 1306 1468 1338; x_wconf 87' lang='lat' dir='ltr'>per</span> <span class='ocrx_word' id='word_1_321' title='bbox 1492 1296 1688 1328; x_wconf 79' lang='lat' dir='ltr'>inett‘abilem</span> <span class='ocrx_word' id='word_1_322' title='bbox 1714 1296 1840 1328; x_wconf 84' lang='lat' dir='ltr'>divinae</span> <span class='ocrx_word' id='word_1_323' title='bbox 1862 1296 1918 1328; x_wconf 88' lang='lat' dir='ltr'>bo-</span> 
     </span>
     <span class='ocr_line' id='line_1_75' title="bbox 1183 1347 1919 1390; baseline -0.001 -10"><span class='ocrx_word' id='word_1_324' title='bbox 1183 1347 1290 1380; x_wconf 89' lang='lat' dir='ltr'>nitatis</span> <span class='ocrx_word' id='word_1_325' title='bbox 1315 1348 1540 1379; x_wconf 81' lang='lat' dir='ltr'>abundantiam</span> <span class='ocrx_word' id='word_1_326' title='bbox 1572 1347 1714 1390; x_wconf 79' lang='lat' dir='ltr'>impositi</span> <span class='ocrx_word' id='word_1_327' title='bbox 1747 1348 1829 1379; x_wconf 88' lang='lat' dir='ltr'>ratio</span> <span class='ocrx_word' id='word_1_328' title='bbox 1861 1358 1919 1390; x_wconf 80' lang='lat' dir='ltr'>po-</span> 
     </span>
     <span class='ocr_line' id='line_1_76' title="bbox 1183 1400 1918 1443; baseline -0.003 -10"><span class='ocrx_word' id='word_1_329' title='bbox 1183 1402 1287 1440; x_wconf 83' lang='lat' dir='ltr'>stulat,</span> <span class='ocrx_word' id='word_1_330' title='bbox 1303 1405 1337 1432; x_wconf 91' lang='lat' dir='ltr'>ut</span> <span class='ocrx_word' id='word_1_331' title='bbox 1362 1401 1413 1443; x_wconf 90' lang='lat' dir='ltr'>pia</span> <span class='ocrx_word' id='word_1_332' title='bbox 1438 1400 1673 1433; x_wconf 86' lang='lat' dir='ltr'>catholicorum</span> <span class='ocrx_word' id='word_1_333' title='bbox 1700 1410 1812 1441; x_wconf 78' lang='lat' dir='ltr'>regum</span> <span class='ocrx_word' id='word_1_334' title='bbox 1838 1405 1918 1437; x_wconf 83' lang='lat' dir='ltr'>vota,</span> 
     </span>
     <span class='ocr_line' id='line_1_77' title="bbox 1182 1453 1919 1495; baseline -0.001 -10"><span class='ocrx_word' id='word_1_335' title='bbox 1182 1454 1221 1486; x_wconf 92' lang='lat' dir='ltr'>ad</span> <span class='ocrx_word' id='word_1_336' title='bbox 1258 1453 1438 1495; x_wconf 80' lang='lat' dir='ltr'>augendam</span> <span class='ocrx_word' id='word_1_337' title='bbox 1480 1453 1638 1495; x_wconf 80' lang='lat' dir='ltr'>latiusque.</span> <span class='ocrx_word' id='word_1_338' title='bbox 1675 1453 1919 1495; x_wconf 74' lang='lat' dir='ltr'>propagandam</span> 
     </span>
     <span class='ocr_line' id='line_1_78' title="bbox 1183 1505 1919 1548; baseline -0.001 -11"><span class='ocrx_word' id='word_1_339' title='bbox 1183 1505 1428 1548; x_wconf 80' lang='lat' dir='ltr'>augustissimae</span> <span class='ocrx_word' id='word_1_340' title='bbox 1442 1505 1582 1547; x_wconf 78' lang='lat' dir='ltr'>Virginis</span> <span class='ocrx_word' id='word_1_341' title='bbox 1600 1505 1655 1545; x_wconf 88' lang='lat' dir='ltr'>Dei</span> <span class='ocrx_word' id='word_1_342' title='bbox 1675 1505 1844 1537; x_wconf 83' lang='lat' dir='ltr'>Genitricis</span> <span class='ocrx_word' id='word_1_343' title='bbox 1863 1505 1919 1536; x_wconf 83' lang='lat' dir='ltr'>Ma-</span> 
     </span>
     <span class='ocr_line' id='line_1_79' title="bbox 1182 1557 1918 1599; baseline -0.004 -8"><span class='ocrx_word' id='word_1_344' title='bbox 1182 1559 1247 1591; x_wconf 91' lang='lat' dir='ltr'>riae</span> <span class='ocrx_word' id='word_1_345' title='bbox 1266 1559 1507 1591; x_wconf 88' lang='lat' dir='ltr'>venerationem</span> <span class='ocrx_word' id='word_1_346' title='bbox 1527 1557 1701 1596; x_wconf 83' lang='lat' dir='ltr'>tendentia,</span> <span class='ocrx_word' id='word_1_347' title='bbox 1720 1557 1918 1599; x_wconf 81' lang='lat' dir='ltr'>apostolicae</span> 
     </span>
     <span class='ocr_line' id='line_1_80' title="bbox 1182 1610 1918 1653; baseline -0.004 -8"><span class='ocrx_word' id='word_1_348' title='bbox 1182 1612 1348 1645; x_wconf 87' lang='lat' dir='ltr'>charitatis</span> <span class='ocrx_word' id='word_1_349' title='bbox 1374 1611 1480 1644; x_wconf 81' lang='lat' dir='ltr'>favore</span> <span class='ocrx_word' id='word_1_350' title='bbox 1506 1610 1722 1643; x_wconf 88' lang='lat' dir='ltr'>libentissime</span> <span class='ocrx_word' id='word_1_351' title='bbox 1747 1620 1918 1653; x_wconf 79' lang='lat' dir='ltr'>prosequa-</span> 
     </span>
     <span class='ocr_line' id='line_1_81' title="bbox 1182 1676 1263 1697; baseline 0 0"><span class='ocrx_word' id='word_1_352' title='bbox 1182 1676 1263 1697; x_wconf 89' lang='lat' dir='ltr'>mur.</span> 
     </span>
    </p>

    <p class='ocr_par' dir='ltr' id='par_1_23' title="bbox 1183 1714 1921 2339">
     <span class='ocr_line' id='line_1_82' title="bbox 1226 1714 1917 1760; baseline -0.003 -11"><span class='ocrx_word' id='word_1_353' title='bbox 1226 1717 1295 1760; x_wconf 59' lang='lat' dir='ltr'>gl.</span> <span class='ocrx_word' id='word_1_354' title='bbox 1322 1717 1431 1760; x_wconf 85' lang='lat' dir='ltr'>Itaque</span> <span class='ocrx_word' id='word_1_355' title='bbox 1472 1716 1573 1749; x_wconf 77' lang='lat' dir='ltr'>enixis</span> <span class='ocrx_word' id='word_1_356' title='bbox 1608 1715 1735 1758; x_wconf 86' lang='lat' dir='ltr'>piisque</span> <span class='ocrx_word' id='word_1_357' title='bbox 1769 1714 1917 1758; x_wconf 87' lang='lat' dir='ltr'>precibus</span> 
     </span>
     <span class='ocr_line' id='line_1_83' title="bbox 1183 1767 1916 1803; baseline -0.004 0"><span class='ocrx_word' id='word_1_358' title='bbox 1183 1770 1339 1803; x_wconf 83' lang='lat' dir='ltr'>carissimi</span> <span class='ocrx_word' id='word_1_359' title='bbox 1372 1770 1403 1802; x_wconf 91' lang='lat' dir='ltr'>in</span> <span class='ocrx_word' id='word_1_360' title='bbox 1434 1769 1561 1802; x_wconf 87' lang='lat' dir='ltr'>Christo</span> <span class='ocrx_word' id='word_1_361' title='bbox 1599 1768 1655 1801; x_wconf 78' lang='lat' dir='ltr'>filii</span> <span class='ocrx_word' id='word_1_362' title='bbox 1690 1768 1789 1801; x_wconf 86' lang='lat' dir='ltr'>nostri</span> <span class='ocrx_word' id='word_1_363' title='bbox 1814 1767 1916 1801; x_wconf 85' lang='lat' dir='ltr'>Caroli</span> 
     </span>
     <span class='ocr_line' id='line_1_84' title="bbox 1184 1820 1917 1866; baseline -0.004 -11"><span class='ocrx_word' id='word_1_364' title='bbox 1184 1822 1409 1866; x_wconf 82' lang='lat' dir='ltr'>Hispaniarum</span> <span class='ocrx_word' id='word_1_365' title='bbox 1434 1821 1519 1863; x_wconf 75' lang='lat' dir='ltr'>regis</span> <span class='ocrx_word' id='word_1_366' title='bbox 1544 1820 1716 1859; x_wconf 76' lang='lat' dir='ltr'>catholici,</span> <span class='ocrx_word' id='word_1_367' title='bbox 1742 1820 1795 1863; x_wconf 89' lang='lat' dir='ltr'>qui</span> <span class='ocrx_word' id='word_1_368' title='bbox 1822 1820 1917 1852; x_wconf 84' lang='lat' dir='ltr'>etiam</span> 
     </span>
     <span class='ocr_line' id='line_1_85' title="bbox 1183 1873 1918 1914; baseline -0.005 -6"><span class='ocrx_word' id='word_1_369' title='bbox 1183 1876 1309 1909; x_wconf 84' lang='lat' dir='ltr'>Siciliae</span> <span class='ocrx_word' id='word_1_370' title='bbox 1335 1880 1366 1914; x_wconf 79' lang='lat' dir='ltr'>et</span> <span class='ocrx_word' id='word_1_371' title='bbox 1390 1874 1556 1907; x_wconf 86' lang='lat' dir='ltr'>Sardiniae</span> <span class='ocrx_word' id='word_1_372' title='bbox 1576 1884 1630 1906; x_wconf 79' lang='lat' dir='ltr'>rex</span> <span class='ocrx_word' id='word_1_373' title='bbox 1657 1873 1770 1912; x_wconf 80' lang='lat' dir='ltr'>existit,</span> <span class='ocrx_word' id='word_1_374' title='bbox 1786 1873 1918 1905; x_wconf 89' lang='lat' dir='ltr'>nomine</span> 
     </span>
     <span class='ocr_line' id='line_1_86' title="bbox 1184 1925 1919 1971; baseline -0.005 -10"><span class='ocrx_word' id='word_1_375' title='bbox 1184 1928 1278 1961; x_wconf 90' lang='lat' dir='ltr'>nobis</span> <span class='ocrx_word' id='word_1_376' title='bbox 1291 1938 1350 1971; x_wconf 83' lang='lat' dir='ltr'>per</span> <span class='ocrx_word' id='word_1_377' title='bbox 1368 1927 1520 1959; x_wconf 79' lang='lat' dir='ltr'>dilectum</span> <span class='ocrx_word' id='word_1_378' title='bbox 1539 1926 1640 1958; x_wconf 82' lang='lat' dir='ltr'>lilium</span> <span class='ocrx_word' id='word_1_379' title='bbox 1655 1926 1797 1958; x_wconf 87' lang='lat' dir='ltr'>nobilem</span> <span class='ocrx_word' id='word_1_380' title='bbox 1815 1925 1919 1957; x_wconf 88' lang='lat' dir='ltr'>virum</span> 
     </span>
     <span class='ocr_line' id='line_1_87' title="bbox 1184 1977 1918 2021; baseline -0.005 -8"><span class='ocrx_word' id='word_1_381' title='bbox 1184 1982 1313 2013; x_wconf 83' lang='lat' dir='ltr'>Petrum</span> <span class='ocrx_word' id='word_1_382' title='bbox 1339 1980 1377 2012; x_wconf 90' lang='lat' dir='ltr'>de</span> <span class='ocrx_word' id='word_1_383' title='bbox 1396 1978 1558 2021; x_wconf 79' lang='lat' dir='ltr'>Aragonia</span> <span class='ocrx_word' id='word_1_384' title='bbox 1586 1978 1686 2021; x_wconf 88' lang='lat' dir='ltr'>ipsius</span> <span class='ocrx_word' id='word_1_385' title='bbox 1703 1977 1808 2010; x_wconf 88' lang='lat' dir='ltr'>Caroli</span> <span class='ocrx_word' id='word_1_386' title='bbox 1834 1978 1918 2020; x_wconf 79' lang='lat' dir='ltr'>regis</span> 
     </span>
     <span class='ocr_line' id='line_1_88' title="bbox 1184 2029 1919 2076; baseline -0.005 -11"><span class='ocrx_word' id='word_1_387' title='bbox 1184 2033 1269 2076; x_wconf 90' lang='lat' dir='ltr'>apud</span> <span class='ocrx_word' id='word_1_388' title='bbox 1294 2042 1354 2065; x_wconf 85' lang='lat' dir='ltr'>nos</span> <span class='ocrx_word' id='word_1_389' title='bbox 1378 2037 1407 2063; x_wconf 91' lang='lat' dir='ltr'>et</span> <span class='ocrx_word' id='word_1_390' title='bbox 1432 2031 1546 2063; x_wconf 86' lang='lat' dir='ltr'>Sedem</span> <span class='ocrx_word' id='word_1_391' title='bbox 1570 2029 1787 2072; x_wconf 73' lang='lat' dir='ltr'>Apostolicam</span> <span class='ocrx_word' id='word_1_392' title='bbox 1812 2035 1919 2062; x_wconf 83' lang='lat' dir='ltr'>orato-</span> 
     </span>
     <span class='ocr_line' id='line_1_89' title="bbox 1184 2081 1917 2126; baseline -0.007 -8"><span class='ocrx_word' id='word_1_393' title='bbox 1184 2096 1250 2119; x_wconf 87' lang='lat' dir='ltr'>rem</span> <span class='ocrx_word' id='word_1_394' title='bbox 1263 2084 1429 2117; x_wconf 90' lang='lat' dir='ltr'>humiliter</span> <span class='ocrx_word' id='word_1_395' title='bbox 1446 2082 1602 2126; x_wconf 83' lang='lat' dir='ltr'>porrertis</span> <span class='ocrx_word' id='word_1_396' title='bbox 1613 2081 1753 2123; x_wconf 75' lang='lat' dir='ltr'>benigne</span> <span class='ocrx_word' id='word_1_397' title='bbox 1764 2081 1917 2120; x_wconf 84' lang='lat' dir='ltr'>inclinati,</span> 
     </span>
     <span class='ocr_line' id='line_1_90' title="bbox 1184 2134 1918 2178; baseline -0.007 -7"><span class='ocrx_word' id='word_1_398' title='bbox 1184 2144 1216 2171; x_wconf 89' lang='lat' dir='ltr'>ut</span> <span class='ocrx_word' id='word_1_399' title='bbox 1241 2139 1274 2170; x_wconf 92' lang='lat' dir='ltr'>in</span> <span class='ocrx_word' id='word_1_400' title='bbox 1299 2137 1448 2170; x_wconf 88' lang='lat' dir='ltr'>omnibus</span> <span class='ocrx_word' id='word_1_401' title='bbox 1479 2135 1651 2178; x_wconf 84' lang='lat' dir='ltr'>provinciis</span> <span class='ocrx_word' id='word_1_402' title='bbox 1684 2140 1715 2166; x_wconf 83' lang='lat' dir='ltr'>et</span> <span class='ocrx_word' id='word_1_403' title='bbox 1739 2134 1918 2167; x_wconf 86' lang='lat' dir='ltr'>ditionibus</span> 
     </span>
     <span class='ocr_line' id='line_1_91' title="bbox 1183 2187 1921 2234; baseline -0.008 -10"><span class='ocrx_word' id='word_1_404' title='bbox 1183 2200 1357 2234; x_wconf 82' lang='lat' dir='ltr'>regnorum</span> <span class='ocrx_word' id='word_1_405' title='bbox 1386 2189 1514 2221; x_wconf 87' lang='lat' dir='ltr'>Siciliae</span> <span class='ocrx_word' id='word_1_406' title='bbox 1548 2193 1576 2220; x_wconf 86' lang='lat' dir='ltr'>et</span> <span class='ocrx_word' id='word_1_407' title='bbox 1611 2187 1788 2226; x_wconf 86' lang='lat' dir='ltr'>Sardiniae,</span> <span class='ocrx_word' id='word_1_408' title='bbox 1814 2192 1879 2219; x_wconf 88' lang='lat' dir='ltr'>tum</span> <span class='ocrx_word' id='word_1_409' title='bbox 1904 2196 1921 2218; x_wconf 88' lang='lat' dir='ltr'>a</span> 
     </span>
     <span class='ocr_line' id='line_1_92' title="bbox 1183 2240 1920 2283; baseline -0.008 -5"><span class='ocrx_word' id='word_1_410' title='bbox 1183 2244 1380 2278; x_wconf 81' lang='lat' dir='ltr'>secularibus</span> <span class='ocrx_word' id='word_1_411' title='bbox 1401 2248 1466 2274; x_wconf 85' lang='lat' dir='ltr'>tum</span> <span class='ocrx_word' id='word_1_412' title='bbox 1491 2252 1507 2274; x_wconf 89' lang='lat' dir='ltr'>a</span> <span class='ocrx_word' id='word_1_413' title='bbox 1527 2241 1728 2283; x_wconf 69' lang='lat' dir='ltr'>regularibus</span> <span class='ocrx_word' id='word_1_414' title='bbox 1752 2240 1920 2282; x_wconf 82' lang='lat' dir='ltr'>utriusque</span> 
     </span>
     <span class='ocr_line' id='line_1_93' title="bbox 1183 2292 1921 2339; baseline -0.008 -10"><span class='ocrx_word' id='word_1_415' title='bbox 1183 2307 1286 2336; x_wconf 81' lang='lat' dir='ltr'>sexus,</span> <span class='ocrx_word' id='word_1_416' title='bbox 1313 2295 1367 2339; x_wconf 83' lang='lat' dir='ltr'>qui</span> <span class='ocrx_word' id='word_1_417' title='bbox 1393 2295 1489 2327; x_wconf 87' lang='lat' dir='ltr'>horas</span> <span class='ocrx_word' id='word_1_418' title='bbox 1515 2293 1684 2325; x_wconf 74' lang='lat' dir='ltr'>canonicas</span> <span class='ocrx_word' id='word_1_419' title='bbox 1714 2292 1850 2324; x_wconf 83' lang='lat' dir='ltr'>recitare</span> <span class='ocrx_word' id='word_1_420' title='bbox 1875 2296 1921 2323; x_wconf 85' lang='lat' dir='ltr'>te-</span> 
     </span>
    </p>
   </div>
   <div class='ocr_carea' id='block_1_19' title="bbox 1184 2344 2113 2397">
    <p class='ocr_par' dir='ltr' id='par_1_24' title="bbox 1184 2344 2113 2397">
     <span class='ocr_line' id='line_1_94' title="bbox 1184 2344 2113 2397; baseline -0.011 -14"><span class='ocrx_word' id='word_1_421' title='bbox 1184 2354 1318 2388; x_wconf 75' lang='lat' dir='ltr'>nentur,</span> <span class='ocrx_word' id='word_1_422' title='bbox 1344 2348 1481 2381; x_wconf 80' lang='lat' dir='ltr'>osticium</span> <span class='ocrx_word' id='word_1_423' title='bbox 1515 2352 1545 2378; x_wconf 75' lang='lat' dir='ltr'>et</span> <span class='ocrx_word' id='word_1_424' title='bbox 1569 2346 1667 2378; x_wconf 84' lang='lat' dir='ltr'>missa</span> <span class='ocrx_word' id='word_1_425' title='bbox 1693 2344 2113 2397; x_wconf 40' lang='lat' dir='ltr'>Conceptionis[gaufftdtitnrffi</span> 
     </span>
    </p>
   </div>
   <div class='ocr_carea' id='block_1_20' title="bbox 1184 2399 1996 2441">
    <p class='ocr_par' dir='ltr' id='par_1_25' title="bbox 1184 2399 1996 2441">
     <span class='ocr_line' id='line_1_95' title="bbox 1184 2399 1996 2441; baseline -0.009 -6"><span class='ocrx_word' id='word_1_426' title='bbox 1184 2404 1298 2435; x_wconf 84' lang='lat' dir='ltr'>Beatae</span> <span class='ocrx_word' id='word_1_427' title='bbox 1316 2401 1434 2434; x_wconf 85' lang='lat' dir='ltr'>Mariae</span> <span class='ocrx_word' id='word_1_428' title='bbox 1448 2399 1585 2441; x_wconf 70' lang='lat' dir='ltr'>Virginis</span> <span class='ocrx_word' id='word_1_429' title='bbox 1604 2399 1826 2430; x_wconf 82' lang='lat' dir='ltr'>immaculatae</span> <span class='ocrx_word' id='word_1_430' title='bbox 1846 2407 1916 2429; x_wconf 86' lang='lat' dir='ltr'>cum</span> <span class='ocrx_word' id='word_1_431' title='bbox 1929 2402 1996 2423; x_wconf 52' lang='lat' dir='ltr'>brica-</span> 
     </span>
    </p>
   </div>
   <div class='ocr_carea' id='block_1_21' title="bbox 1184 2449 1920 2546">
    <p class='ocr_par' dir='ltr' id='par_1_26' title="bbox 1184 2449 1920 2546">
     <span class='ocr_line' id='line_1_96' title="bbox 1184 2449 1919 2496; baseline -0.01 -9"><span class='ocrx_word' id='word_1_432' title='bbox 1184 2457 1293 2488; x_wconf 78' lang='lat' dir='ltr'>octava</span> <span class='ocrx_word' id='word_1_433' title='bbox 1318 2454 1347 2485; x_wconf 93' lang='lat' dir='ltr'>in</span> <span class='ocrx_word' id='word_1_434' title='bbox 1374 2458 1536 2496; x_wconf 90' lang='lat' dir='ltr'>posterum</span> <span class='ocrx_word' id='word_1_435' title='bbox 1573 2451 1610 2483; x_wconf 89' lang='lat' dir='ltr'>de</span> <span class='ocrx_word' id='word_1_436' title='bbox 1642 2455 1814 2492; x_wconf 86' lang='lat' dir='ltr'>praecepto</span> <span class='ocrx_word' id='word_1_437' title='bbox 1837 2449 1919 2481; x_wconf 85' lang='lat' dir='ltr'>reci-</span> 
     </span>
     <span class='ocr_line' id='line_1_97' title="bbox 1185 2501 1920 2546; baseline -0.01 -7"><span class='ocrx_word' id='word_1_438' title='bbox 1185 2512 1284 2546; x_wconf 76' lang='lat' dir='ltr'>tetur,</span> <span class='ocrx_word' id='word_1_439' title='bbox 1313 2516 1384 2537; x_wconf 80' lang='lat' dir='ltr'>cum</span> <span class='ocrx_word' id='word_1_440' title='bbox 1409 2503 1598 2537; x_wconf 79' lang='lat' dir='ltr'>lectionibus</span> <span class='ocrx_word' id='word_1_441' title='bbox 1625 2503 1656 2534; x_wconf 92' lang='lat' dir='ltr'>in</span> <span class='ocrx_word' id='word_1_442' title='bbox 1682 2501 1843 2534; x_wconf 85' lang='lat' dir='ltr'>octavario</span> <span class='ocrx_word' id='word_1_443' title='bbox 1867 2510 1920 2532; x_wconf 83' lang='lat' dir='ltr'>ro-</span> 
     </span>
    </p>
   </div>
   <div class='ocr_carea' id='block_1_22' title="bbox 1220 2564 1672 2602">
    <p class='ocr_par' dir='ltr' id='par_1_27' title="bbox 1220 2564 1672 2602">
     <span class='ocr_line' id='line_1_98' title="bbox 1220 2564 1672 2602; baseline -0.011 -7"><span class='ocrx_word' id='word_1_444' title='bbox 1220 2571 1230 2595; x_wconf 87' lang='lat'>1</span> <span class='ocrx_word' id='word_1_445' title='bbox 1249 2568 1286 2595; x_wconf 82' lang='lat' dir='ltr'>Ex</span> <span class='ocrx_word' id='word_1_446' title='bbox 1303 2567 1409 2602; x_wconf 73' lang='lat' dir='ltr'>aegest.</span> <span class='ocrx_word' id='word_1_447' title='bbox 1427 2566 1452 2593; x_wconf 91' lang='lat' dir='ltr'>in</span> <span class='ocrx_word' id='word_1_448' title='bbox 1469 2565 1568 2592; x_wconf 86' lang='lat' dir='ltr'>Secret.</span> <span class='ocrx_word' id='word_1_449' title='bbox 1592 2564 1672 2591; x_wconf 86' lang='lat' dir='ltr'>Brev.</span> 
     </span>
    </p>
   </div>
   <div class='ocr_carea' id='block_1_23' title="bbox 1933 197 2117 227">
    <p class='ocr_par' dir='ltr' id='par_1_28' title="bbox 1933 197 2117 227">
     <span class='ocr_line' id='line_1_99' title="bbox 1933 197 2117 227; baseline 0.005 -1"><span class='ocrx_word' id='word_1_450' title='bbox 1933 199 1981 226; x_wconf 69' lang='lat' dir='ltr'>An.</span> <span class='ocrx_word' id='word_1_451' title='bbox 1996 198 2026 226; x_wconf 80' lang='lat' dir='ltr'>C.</span> <span class='ocrx_word' id='word_1_452' title='bbox 2050 197 2117 227; x_wconf 67' lang='grc'>1665</span> 
     </span>
    </p>
   </div>
   <div class='ocr_carea' id='block_1_24' title="bbox 1955 1251 2097 1273">
    <p class='ocr_par' dir='ltr' id='par_1_29' title="bbox 1955 1251 2097 1273">
     <span class='ocr_line' id='line_1_100' title="bbox 1955 1251 2097 1273; baseline -0.014 0"><span class='ocrx_word' id='word_1_453' title='bbox 1955 1251 2097 1273; x_wconf 72' lang='lat' dir='ltr'>Prooemium.</span> 
     </span>
    </p>
   </div>
   <div class='ocr_carea' id='block_1_25' title="bbox 1954 1721 2071 1748">
    <p class='ocr_par' dir='ltr' id='par_1_30' title="bbox 1954 1721 2071 1748">
     <span class='ocr_line' id='line_1_101' title="bbox 1954 1721 2071 1748; baseline 0.009 -5"><span class='ocrx_word' id='word_1_454' title='bbox 1954 1721 2071 1748; x_wconf 66' lang='lat' dir='ltr'>Expostuu.</span> 
     </span>
    </p>
   </div>
  </div>
 </body>
</html>
