2247 3208
169 195 216 221 An.
236 195 263 222 o.
286 196 352 223 1655
397 186 461 221 330

180 1516 268 1540 Nativa.

361 243 538 281 innovatis3
567 242 682 284 quibus
713 240 863 272 omnibus
887 244 919 271 et
943 238 1094 281 singulis,

360 298 489 330 illorum
516 300 645 327 tenores
670 292 899 336 praesentibus
920 287 1094 334 pro'plene

361 354 392 381 et
415 347 614 380 sufficienter
639 345 804 388 expressis
829 345 962 377 insertis
985 349 1017 376 et
1038 344 1095 377 ha-

358 403 487 438 bentes,
507 399 570 431 illis
589 398 667 431 alias
683 399 715 430 in
730 398 925 430 suo-robore
943 407 1095 439 perman-

359 453 456 491 suris,
484 452 523 483 ad
548 451 808 494 praemissorum
834 449 1005 489 effectum,
1034 450 1094 482 hac

357 505 424 537 vice
452 505 630 543 dumtaxat,
657 504 845 546 specialiter
873 507 903 535 et
936 513 1092 546 expresse

358 558 580 599 derogmnus,
612 556 796 599 ceterisque
825 555 996 588 contrariis
1023 557 1094 599 qui-

355 611 414 643 bus
420 621 572 653 cumque.
659 652 663 656 ι

398 663 509 695 Datum
536 659 676 703 Romaess,
703 663 787 706 apud
814 662 844 695 S.
873 662 1004 695 Mariam
1030 663 1092 696 Ma-

355 716 476 755 iorem,
497 717 556 748 sub
590 716 711 748 annulo
745 715 940 754 Piscatoms,
961 715 1012 748 die
1041 726 1091 749 xm

353 768 488 801 ianuarii
513 778 648 808 iuDCLxV,
674 767 881 812 pontificatus
909 767 1013 800 nostri
1036 778 1092 800 an-

353 832 396 854 no
424 832 453 854 x.

388 882 449 908 Dat.
467 882 509 909 die
525 882 554 909 ⁰21
573 881 689 909 ianuarii
707 882 785 916 1665,
804 882 898 917 pontif.
920 890 990 910 anno
1011 890 1037 910 x.

684 1024 747 1056 DII.

350 1104 417 1136 Pro
430 1103 644 1135 translatione
653 1102 842 1145 professor&
854 1102 1089 1135 monachorum

393 1155 598 1197 reqularium
623 1155 654 1188 S.
682 1155 848 1187 Bernardi
878 1155 1012 1189 Ordinis
1038 1156 1086 1190 Ci-

393 1208 573 1240 sterciensis
602 1218 622 1239 a
637 1208 832 1240 monasterio
856 1207 889 1240 S.
906 1207 1088 1241 Pudentia-

393 1271 454 1293 nae
478 1261 515 1293 de
542 1261 624 1294 Urbe
652 1261 694 1293 ad
711 1261 941 1294 monasterium
958 1261 989 1295 S.
1007 1262 1088 1296 Ber-

392 1313 493 1346 nardz'
517 1313 658 1346 eiusdem
688 1314 783 1346 Urbis
793 1312 811 1346 ¹.

541 1394 707 1421 Alexander
727 1395 806 1428 Papa
824 1385 891 1425 vn,

494 1439 530 1465 ad
550 1439 682 1465 futuram
701 1439 745 1466 rei
765 1439 945 1466 memoriam.

392 1509 478 1550 Cum,
494 1509 574 1541 sicut
595 1509 731 1542 dilectus
750 1508 835 1542 filius
857 1510 1006 1553 superior
1018 1521 1086 1554 pro·

346 1563 492 1595 vincialis
517 1562 701 1605 provinciae
725 1563 888 1595 Romanae
909 1563 1086 1607 Congrega-

347 1617 445 1649 tionis
465 1617 698 1649 monachorum
718 1616 964 1649 reformatorum
984 1618 1084 1650 saneti

347 1669 502 1703 Bcrnardi
527 1669 654 1702 Ordinis
675 1669 895 1702 Cisterciensis
920 1671 1013 1703 nobis
1030 1681 1086 1703 nu-

345 1735 403 1767 per
421 1724 539 1767 exponi
554 1723 638 1765 fecit,
657 1723 688 1756 in
708 1723 790 1756 dieta
815 1724 955 1766 generali
981 1724 1084 1757 dictae

346 1777 606 1819 congregationis
645 1787 755 1809 mense
800 1777 894 1820 aprili
937 1777 1083 1820 proxime

346 1829 520 1873 praeterito
545 1830 577 1861 in
604 1830 663 1862 hac
687 1830 769 1862 alma
793 1829 876 1862 Urbe
903 1832 1010 1862 nostra
1034 1841 1084 1863 ce-

346 1883 487 1922 lebrata,
513 1892 573 1925 pro
599 1883 799 1915 sublevando
829 1883 1025 1916 monasterio
1050 1883 1080 1916 S.

345 1935 565 1967 l‘udentianae
586 1935 679 1968 Urbis
696 1940 728 1967 et
744 1934 1010 1978 Congregationis
1029 1937 1084 1969 hu-

346 1988 493 2027 iusmodi,
512 1988 545 2020 in
570 1999 634 2031 quo
659 1988 890 2031 professorium
908 2000 979 2022 curn
996 1990 1084 2023 novi-

346 2042 423 2073 tiatu
442 2041 648 2075 coniunctum
669 2042 901 2085 reperiebatur,
920 2044 1083 2076 decretum

346 2094 442 2126 suerit.
472 2094 558 2127 idem
594 2095 827 2137 prosessorium
852 2095 927 2128 inde
953 2096 991 2128 ad
1015 2107 1084 2129 mo-

345 2147 522 2179 nasterium
547 2147 576 2180 S.
600 2148 754 2180 Bernardi
777 2149 963 2181 earumdem
988 2148 1081 2181 Urbis

345 2204 376 2231 et
396 2199 674 2242 Congregationis,
699 2201 783 2243 quod
801 2201 909 2233 omnia
930 2201 1083 2244 requisita

345 2252 527 2293 necessaria
544 2253 651 2292 habet,
667 2258 693 2285 et
710 2253 821 2296 inquo
836 2254 993 2287 eiusmodi
1012 2265 1082 2298 pro-

344 2304 515 2337 sessorium
525 2305 602 2337 alias
616 2306 804 2338 collocatum
822 2307 888 2347 suit,
908 2308 1082 2341 accedente

343 2367 451 2389 tamen
472 2358 510 2389 ad
536 2357 569 2390 id
594 2358 723 2391 licentia
749 2360 1009 2402 congregationis
1029 2371 1082 2393 ve-

344 2411 538 2443 nerabilium
563 2411 695 2444 fratrum
720 2418 903 2446 nostrorum
927 2413 958 2446 S.
987 2414 1023 2446 R.
1043 2414 1077 2446 E.

344 2462 555 2496 cardinalium
580 2474 677 2507 super
702 2470 783 2497 statu
810 2466 1006 2508 regularium
1031 2466 1080 2499 de-

380 2577 391 2604 1
410 2577 447 2604 Ex
464 2577 569 2612 aegest.
586 2577 612 2604 in
627 2578 726 2605 Seeret.
745 2578 819 2606 Brev.

943 192 1121 215 BULLARIUM
1145 191 1296 216 ROMANUM

1882 193 1932 220 An.
1949 193 1977 220 G.
1999 193 2067 222 1665

1138 243 1275 281 putatae,
1286 240 1450 272 transferri
1461 241 1586 282 debere,
1597 242 1768 285 cupiatque
1783 252 1874 285 prop-

1138 296 1225 324 terea
1243 291 1344 324 dictus
1368 294 1516 336 superior
1538 295 1742 337 provincialis
1760 305 1875 338 oppor-

1137 349 1213 377 tune
1227 345 1259 377 in
1278 346 1460 388 praemissis
1475 358 1492 379 a
1505 348 1597 380 nobis
1611 349 1773 391 provideri
1791 354 1822 381 et
1838 354 1873 381 ut

1136 397 1219 430 infra
1243 398 1424 441 indulgeri:
1539 398 1545 404 ”

1180 451 1194 493 ξ’
1217 450 1247 483 i.
1267 451 1339 489 Nos,
1357 451 1461 494 ipsum
1478 453 1674 495 superiorem
1691 455 1871 496 provincia·
1891 466 1985 495 'Annuit
2007 466 2064 487 Pon-

1136 502 1205 535 lem‘
1216 502 1408 546 specialibus
1426 504 1583 537 favoribus
1599 510 1627 537 et
1642 506 1751 547 gratiis
1764 518 1871 550 prose·
1881 492 1937 513 ”m

1136 555 1189 598 qui
1203 556 1353 597 volentes,
1369 561 1400 589 et
1411 567 1427 589 a
1442 557 1603 599 quibusvis
1616 560 1871 592 excommunica-

1135 608 1248 649 tionis,
1264 609 1494 652 suspensionis
1520 614 1553 643 et
1576 610 1756 652 interdicti,
1784 612 1871 645 aliis-

1135 671 1199 704 que
1211 661 1443 694 ecclesiasticis
1462 662 1649 703 sententiis,
1668 664 1816 697 censuris
1839 670 1871 698 et

1134 713 1269 755 poenis,
1296 724 1313 746 a
1337 714 1407 746 iure
1433 715 1483 747 vel
1509 715 1548 747 ab
1574 715 1724 756 homine,
1757 717 1869 760 quavis

1134 765 1308 798 occasione
1329 767 1379 799 vel
1394 769 1492 799 causa
1505 767 1591 808 latis,
1610 768 1637 800 si
1658 768 1776 812 quibus
1795 780 1870 812 quo·

1134 819 1316 852 modolibet
1353 818 1526 853 innodatus
1562 820 1688 861 existit,
1718 822 1758 855 ad
1796 821 1869 856 effe-

1133 876 1218 903 ctum
1241 872 1461 914 praesentium
1483 873 1645 906 dumtaxat
1668 868 1878 918 consequen-¹

1134 924 1217 965 dum,
1240 924 1353 958 barum
1385 925 1469 958 serie
1493 926 1696 960 absolventes
1721 932 1754 960 et
1777 928 1869 962 abso-

1133 978 1233 1010 lutum
1257 977 1324 1010 sore
1356 983 1528 1011 censentes
1549 1006 1556 1019 ‚
1586 979 1767 1013 huiusmodi
1795 992 1869 1025 sup-

1132 1030 1358 1072 plicationibus
1377 1031 1531 1072 inclinati,
1557 1032 1596 1064 de
1620 1038 1868 1078 memoratorum

1133 1083 1342 1116 cardinalium
1376 1084 1520 1126 consilio,
1545 1086 1674 1119 attentis
1706 1087 1865 1132 narratis,

1132 1136 1201 1169 loco
1217 1137 1373 1180 praedicti
1391 1139 1574 1171 monasterii
1592 1138 1622 1172 S.
1638 1134 1866 1182 Pudentianae,

1132 1189 1289 1232 designati
1325 1201 1383 1233 pro
1407 1191 1602 1234 professorio
1637 1193 1671 1225 in
1703 1193 1868 1236 provincia

1131 1242 1274 1276 Romana
1290 1242 1553 1286 Congregationis
1570 1246 1802 1279 monachorum
1823 1257 1867 1279 re-

1131 1296 1338 1329 formatorum
1364 1297 1560 1339 lmiusmodi,
1586 1299 1772 1332 auctoritate
1790 1310 1866 1344 apo-

1130 1350 1248 1390 stolica,
1263 1354 1373 1383 tenore
1398 1351 1623 1393 praesentium,
1650 1352 1863 1395 designamus,

1129 1413 1165 1434 ac
1190 1403 1378 1445 deputamus
1408 1414 1467 1447 pro
1500 1404 1695 1447 prosessorio
1729 1416 1866 1448 praeno-

1128 1455 1283 1488 minatum
1306 1456 1535 1489 monasterium
1556 1456 1587 1489 S.
1607 1457 1760 1490 Bernardi
1782 1458 1864 1491 eius-

1130 1508 1201 1540 dem
1227 1508 1430 1551 provinciae;
1452 1510 1537 1542 salva
1555 1515 1662 1542 tamen
1680 1520 1807 1553 sempor
1830 1511 1863 1543 in

1129 1561 1312 1603 praemissis
1326 1562 1512 1595 auctoritate
1531 1562 1715 1606 praedictae
1731 1573 1864 1606 congre-

1129 1615 1265 1655 gationis
1289 1614 1509 1647 cardinalium.

1170 1668 1185 1711 ἓ
1210 1667 1239 1700 02.
1267 1668 1487 1701 Decernentes
1512 1669 1645 1701 easdem
1670 1673 1862 1712 praesentes

1128 1722 1251 1754 litteras
1277 1731 1407 1764 semper
1430 1721 1557 1761 firmas,
1592 1721 1714 1755 validas
1741 1727 1772 1754 et
1796 1723 1864 1756 effi-

1128 1768 1219 1807 caces
1252 1775 1390 1807 existere
1416 1779 1449 1807 et
1472 1775 1558 1816 sore,
1586 1786 1726 1819 suosque
1751 1777 1863 1820 plena-

1126 1829 1192 1862 rios
1218 1833 1250 1861 et
1274 1829 1416 1872 integros
1441 1828 1573 1862 effectus
1599 1829 1705 1862 sortiri
1731 1834 1762 1862 et
1786 1831 1864 1863 ohti-

1127 1892 1218 1922 nere,
1239 1892 1274 1914 ac
1295 1882 1333 1914 ab
1358 1881 1433 1922 illis,
1461 1882 1499 1915 ad
1517 1893 1597 1925 quos
1617 1887 1740 1925 spectat
1757 1887 1788 1915 et
1804 1894 1861 1926 pro

1126 1940 1272 1978 tempore
1297 1935 1472 1978 spectabit,
1498 1935 1727 1969 inviolabiliter
1752 1937 1862 1969 obser-

1126 1987 1212 2028 vari,
1245 1987 1357 2031 sicque
1389 1987 1422 2020 in
1456 1988 1642 2031 praemissis
1675 1999 1735 2032 per
1766 1998 1861 2032 quos-

1126 2051 1264 2084 cumque
1281 2040 1404 2073 iudices
1429 2035 1610 2074 ordinarios
1628 2046 1660 2073 et
1677 2042 1857 2084 delegatos,

1126 2094 1222 2127 etiam
1246 2104 1415 2126 causarum
1440 2094 1551 2137 palatii
1577 2094 1746 2137 apostolici
1771 2094 1861 2126 audi-

1125 2151 1220 2186 tores,
1235 2146 1369 2179 iudicari
1387 2151 1419 2179 et
1438 2146 1563 2179 definiri
1578 2147 1709 2188 debere,
1730 2157 1767 2179 ac
1790 2146 1861 2179 irri-

1125 2204 1191 2232 tum
1216 2204 1248 2231 et
1270 2199 1366 2232 inane
1392 2199 1418 2231 si
1443 2210 1535 2232 secus
1562 2210 1662 2243 super
1682 2197 1733 2232 his
1751 2211 1769 2232 a
1787 2211 1850 2244 quo

1125 2263 1230 2296 quam,
1259 2252 1371 2296 quavis
1404 2252 1608 2293 auctoritate,
1643 2252 1785 2286 scienter
1808 2254 1860 2286 vel

1123 2305 1322 2348 ignoranter,
1350 2305 1522 2348 contigerit
1545 2306 1708 2338 attentari.

1167 2360 1181 2402 ξ
1206 2358 1237 2392 3.
1264 2358 1333 2391 Non
1364 2358 1564 2391 obstantibus
1598 2359 1798 2402 praemissis,
1823 2366 2052 2415 acmffffstjeucon·

1123 2411 1402 2445 constitutionibus
1434 2417 1465 2444 et
1496 2411 1751 2445 ordinationibus
1781 2422 1858 2455 apo-

1123 2465 1253 2505 stolicis,
1279 2475 1414 2505 necnon,
1433 2471 1587 2509 quatenus
1605 2476 1684 2509 opus
1709 2464 1759 2505 sit,
1780 2464 1857 2498 Con-

1124 2517 1319 2560 gregationis
1341 2528 1375 2550 ac
1390 2518 1575 2561 provinciae
1597 2523 1627 2551 et
1647 2518 1856 2562 monasterio-

1122 2582 1191 2604 rum
1217 2571 1419 2613 huiusmodi,
1446 2572 1543 2605 etiam
1567 2571 1754 2613 iuramento,
1780 2582 1854 2605 con-

1886 1706 1889 1709 ·
1901 1678 2012 1701 Decretum
2031 1680 2058 1702 ir-

1874 1708 1948 1727 rizans,
