2247 3208
169 218 220 244 An.
237 216 266 243 C.
290 216 357 244 1668

193 958 347 980 consororibus

163 986 300 1012 praeinsertis
319 986 347 1006 in-

163 1012 283 1037 dulgentias
297 1018 345 1033 cou-

163 1039 229 1059 cedit.

986 212 1127 238 CLEMENS
1151 213 1181 236 tx
1205 213 1253 236 121³.

364 265 483 297 donata
496 270 528 297 et
541 263 684 306 elargita,
696 274 730 296 ac
746 263 859 303 danda,
872 263 1098 305 relinquenda,

363 317 513 349 donanda
531 322 563 349 et
587 316 777 359 elargienda
801 316 959 359 recipere,
980 315 1098 358 illaque

362 380 422 412 per
440 380 550 402 earum
570 369 724 403 officiales
740 375 771 402 et
787 369 953 402 ministros
971 380 1097 411 regere,

363 422 542 464 gubernare
568 429 597 455 et
623 423 869 461 administrare,
900 433 936 455 ae
957 422 990 454 iu
1016 422 1099 454 cius-

363 476 435 507 dem
461 476 724 518 congregationis
755 476 819 508 sire
854 474 982 507 unionis
1012 475 1098 507 eius-

361 539 422 571 que
441 528 568 571 piorum
588 540 721 571 operum
741 540 814 561 usus
835 534 867 560 et
890 528 1097 560 necessitates

361 592 397 614 ae
422 581 597 615 utilitatem
630 587 838 627 convertere,
863 580 906 612 ita
931 586 1039 612 tamen
1063 584 1098 611 ut

361 635 400 667 de
426 634 565 677 receptis
598 639 630 667 et
665 633 897 667 administratis
928 633 1096 675 praedicto

363 687 516 730 episcopo
542 686 715 720 Viennensi
740 686 827 718 iuxta
860 685 990 718 decreta
1018 684 1098 718 Con-

361 740 425 773 cilii
440 739 618 773 Tridentini
633 739 792 771 rationem
812 739 950 772 reddere
971 743 1098 771 tenean-

363 798 429 832 tur,
452 793 555 826 libere
581 798 612 824 et
636 791 721 824 licite
746 791 871 834 possint
895 796 926 823 et
946 792 1095 832 valeant,

361 846 549 878 auctoritate
575 850 605 877 et
624 850 753 877 tenores
774 836 955 887 praedictis,
982 854 1097 877 conce-

360 897 465 931 dimus
491 902 523 930 et
546 897 764 939 indulgemus.

402 951 417 993 ξ
442 950 474 983 4.
490 951 634 994 Insuper,
647 956 682 983 ut
702 961 897 984 consorores
912 950 1095 993 praedictae

358 1003 391 1035 in
407 1004 537 1047 piorum
562 1015 697 1047 operum
718 1004 870 1037 exercitio
896 1005 997 1047 magis
1023 1016 1097 1038 con-

358 1056 537 1098 foveantur,
567 1063 598 1090 et
622 1058 661 1090 ad
686 1057 742 1090 illa
764 1057 978 1100 imposterum
1005 1069 1096 1091 exer·
1117 1082 1119 1088 ,

359 1111 462 1143 cenda
486 1111 684 1154 peramplius
710 1111 884 1143 invitentur
897 1110 916 1151 ¹,
946 1112 1095 1154 dictaque

358 1164 568 1206 congregatio
586 1164 650 1196 sive
677 1164 754 1196 unio
773 1163 893 1196 maiora
911 1164 942 1196 in
961 1165 1028 1197 dies
1045 1165 1096 1197 be-

360 1217 533 1249 nedicente
551 1216 687 1249 Domino
709 1217 862 1259 suscipiat
886 1217 1092 1257 incrementa,

358 1269 397 1301 de
437 1269 669 1311 omnipotentis
707 1269 762 1301 Dei
799 1269 1022 1302 misericordia
1058 1282 1094 1301 ac

355 1321 523 1355 beatorum
537 1322 621 1354 Petri
637 1327 667 1354 et
681 1322 767 1354 Pauli
785 1323 1006 1365 apostolorum
1025 1322 1094 1354 eius

355 1375 545 1408 auctoritate
570 1373 701 1413 contisi,
726 1375 874 1407 omnibus
900 1380 931 1407 et
956 1375 1092 1417 singulis

354 1427 554 1467 mulieribus,
580 1427 736 1460 matronis
754 1434 786 1460 et
803 1428 992 1470 virginibus,
1011 1439 1092 1471 quae

353 1481 642 1523 congregationem
660 1491 717 1513 seu
735 1480 890 1514 unionem
906 1482 1092 1514 lmiusmodi

354 1533 566 1577 imposterum
591 1533 826 1576 ingredientur,
849 1535 900 1568 die
919 1535 1023 1578 primo
1041 1546 1093 1568 ea-
1114 1547 1115 1584 ᾗ

353 1597 426 1619 rum
451 1586 630 1629 ingressus,
656 1586 681 1619 si
716 1597 789 1620 vere
822 1588 1027 1630 poenitentes
1060 1594 1093 1621 ct

354 1639 523 1672 consessae
548 1639 784 1672 sanctissimum
805 1640 1027 1674 Eucharistiae
1049 1652 1094 1674 sa-

354 1698 555 1725 cramentum
580 1693 800 1735 sumpserint,
822 1694 1003 1736 plenariam
1017 1720 1024 1731 ,
1057 1705 1093 1728 ac

355 1745 480 1778 eisdem
504 1746 537 1778 in
561 1746 736 1779 cuiuslibet
769 1757 879 1780 earum
905 1748 1019 1780 mortis
1045 1759 1094 1780 ar-

357 1799 466 1839 ticulo,
484 1799 510 1832 si
527 1810 601 1832 vere
627 1799 723 1832 etiam
742 1800 949 1842 poenitentes
971 1806 1002 1833 et
1018 1812 1094 1834 eou-

355 1852 460 1885 sessae
489 1862 525 1884 ac
549 1854 639 1884 sacra
671 1853 898 1886 comimmione
932 1855 1092 1894 resectae,

354 1907 414 1945 rcl,
441 1910 600 1948 quatenus
618 1905 651 1938 id
669 1905 775 1938 faeere
797 1906 1010 1949 nequiverint,
1033 1908 1094 1940 sal-

357 1963 420 1990 tem
446 1957 621 1998 contritae,
647 1968 765 1990 nomen
789 1958 860 1991 lesu
884 1970 958 1998 ore,
985 1960 1011 1991 si
1036 1971 1094 2002 po-

356 2010 490 2051 tuerint,
510 2011 559 2043 sin
576 2010 694 2051 minus,
718 2011 815 2044 corde
838 2012 951 2045 devote
969 2012 1094 2045 ini-oca-

354 2063 466 2103 verint,
494 2063 591 2096 etiam
614 2063 819 2107 plenariam;
846 2074 975 2097 necnon
1000 2076 1094 2108 prae-

356 2115 449 2148 dictis
470 2116 703 2149 consoroiibus
721 2116 753 2148 in
779 2116 890 2149 eadem
916 2127 1092 2159 congrega-

355 2168 443 2201 tione
467 2169 532 2202 sive
562 2169 681 2202 unione
711 2180 771 2212 pro
798 2175 946 2213 tempore
973 2170 1094 2203 descri-

355 2221 428 2263 ptis,
442 2221 645 2264 principissis
659 2222 790 2264 quidem
805 2232 841 2254 ex
862 2223 981 2266 inclyta
995 2223 1092 2256 domo

355 2273 520 2306 Austriaea
545 2273 635 2314 ortis,
660 2285 718 2306 seu
743 2274 776 2307 in
798 2277 836 2308 ea
859 2286 920 2318 pro
947 2281 1091 2318 tempore

355 2326 477 2369 nuptis,
505 2336 586 2369 quae
611 2328 712 2360 semel
737 2328 771 2360 in
796 2328 1012 2368 hebdomada,
1043 2339 1093 2361 ce-

356 2379 433 2412 teris
451 2389 538 2420 vero,
553 2389 634 2422 quae
653 2380 796 2423 quinque
811 2380 932 2414 vicibus
946 2381 1094 2424 quolibet

355 2442 454 2473 anno,
470 2441 544 2464 vere
565 2432 773 2474 poenitentes
788 2438 820 2466 et
841 2434 1005 2466 confessae
1020 2444 1093 2468 san-

355 2484 531 2517 ctissimum
556 2484 777 2518 Eucharistiae
803 2491 1038 2518 sacramentum
1060 2486 1090 2518 iai

389 2600 401 2626 1
424 2598 524 2626 Forsan
540 2599 701 2627 incitentur
720 2604 756 2634 ut.
769 2600 817 2633 T.)-

1775 206 1840 238 695

1143 261 1278 293 ecclesia
1303 272 1357 293 scu
1384 262 1531 304 cappella
1567 262 1666 304 ipsius
1703 273 1879 305 congrega-

1143 313 1237 346 tionis
1262 314 1327 347 sire
1360 315 1487 347 unionis
1521 316 1740 358 sumpserint,
1768 316 1877 359 ibique

1142 376 1201 408 pro
1224 367 1473 400 christianorum
1492 367 1674 411 principum
1693 369 1879 408 concordia,

1141 419 1313 452 haeresum
1340 421 1574 463 extirpatione,
1601 432 1635 453 ac
1662 427 1790 454 sauctae
1814 433 1879 455 ma-

1141 472 1198 503 tris
1222 472 1385 506 Ecclesiae
1420 474 1614 506 exaltatione
1651 474 1813 517 supplices
1838 475 1877 507 ad

1142 524 1239 556 Deum
1264 536 1378 567 preces
1403 526 1588 567 ell'uderint,
1608 539 1669 570 qua
1694 529 1759 561 rice
1785 540 1879 572 prae-

1141 575 1300 610 dictarum
1326 578 1357 610 id
1377 579 1503 620 egerint
1527 581 1706 622 respective
1731 581 1880 614 similiter

1140 629 1318 670 plenariam
1344 631 1487 663 omnium
1513 639 1720 674 peccatorum
1745 644 1877 667 suorum

1140 681 1374 723 indulgentiam
1392 688 1423 715 et
1447 684 1671 717 remissionem
1697 686 1879 720 misericor-

1140 733 1225 767 diter
1250 734 1282 766 in
1308 735 1444 768 Domino
1470 738 1690 771 concedmus.

1183 787 1197 830 ἓ
1223 787 1254 821 5.
1283 788 1453 821 Praeterea
1491 791 1642 823 onmihus
1679 797 1709 823 et
1741 792 1876 834 singulis

1142 841 1374 874 consororibus
1406 843 1581 886 praedictis
1605 844 1638 876 in
1663 846 1775 877 eadem
1801 856 1878 878 con-

1118 913 1119 919 1
1140 895 1329 936 erogatione
1355 896 1420 928 sive
1440 897 1559 929 unione
1577 907 1636 939 pro
1659 902 1804 940 tempore
1824 898 1876 930 de-

1140 947 1278 990 scriptis,
1298 949 1425 991 quoties
1440 949 1570 992 aliquod
1588 949 1786 983 christianae
1805 951 1878 983 cha·

1139 998 1242 1031 ritatis
1276 1003 1325 1034 rel
1361 1001 1491 1044 pictatis
1527 1013 1610 1045 opus
1647 1003 1874 1045 exercuerint,

1141 1052 1235 1085 toties
1260 1060 1388 1087 eentum
1415 1055 1483 1087 ‹iics
1509 1056 1547 1088 de
1568 1056 1722 1089 iniunctis
1748 1056 1793 1089 eis
1823 1063 1877 1090 aut

1117 1106 1216 1139 xalias
1242 1109 1488 1150 quomodolibet
1520 1110 1637 1142 debitis
1669 1110 1877 1152 poenitentiis

1138 1161 1170 1192 in
1192 1162 1293 1194 forma
1318 1162 1479 1194 Ecclesiae
1506 1165 1658 1195 consueta
1678 1165 1873 1197 relaxamus.

1138 1213 1278 1253 Drinum,
1298 1221 1331 1247 ut
1356 1215 1490 1248 eeclesia
1517 1226 1571 1247 seu
1597 1217 1744 1259 cappella
1764 1216 1795 1249 in
1815 1229 1875 1260 qua

1137 1268 1303 1312 praedicta
1329 1268 1486 1310 particula
1507 1269 1586 1311 ligni
1607 1269 1660 1302 SS.
1683 1269 1794 1302 Crucis
1815 1281 1874 1313 pro

1139 1327 1282 1363 tempore
1308 1321 1532 1360 asseri-abitur,
1552 1322 1702 1363 congruis
1727 1322 1876 1365 frequen-

1113 1383 1116 1388 ’
1137 1379 1221 1406 tetur
1247 1374 1444 1413 honoribus,
1471 1380 1503 1406 et
1527 1374 1754 1408 christifideles
1779 1386 1818 1408 eo
1844 1376 1876 1408 li-

1113 1427 1264 1459 tentius
1289 1427 1470 1460 devotionis
1504 1430 1599 1460 causa
1623 1427 1663 1460 ad
1688 1427 1776 1460 illam
1801 1439 1879 1461 eon..

1138 1480 1246 1519 fiuant,
1276 1491 1338 1522 quo
1365 1490 1400 1512 cx
1428 1481 1488 1513 hoc
1513 1480 1634 1513 ibidem
1659 1481 1875 1523 spiritualium

1139 1532 1314 1574 gratiarum
1339 1533 1430 1565 donis
1450 1533 1581 1566 uberius
1606 1533 1754 1566 noverint
1772 1545 1806 1567 se
1828 1545 1878 1567 re-

1139 1586 1266 1625 sectos,
1295 1586 1443 1618 omnibus
1477 1591 1509 1619 et
1534 1586 1671 1629 singulis
1706 1586 1876 1630 utriusque

1138 1649 1233 1671 sexus
1253 1638 1520 1672 christifidelibus
1539 1650 1614 1672 rere
1632 1640 1876 1683 poenitentibus

1137 1697 1166 1723 et
1193 1692 1348 1724 confessis
1374 1702 1410 1724 ac
1430 1695 1521 1725 sacra
1546 1693 1773 1726 communione
1796 1693 1876 1726 rese-

1137 1744 1206 1784 ctis,
1239 1745 1293 1787 qui
1327 1745 1498 1778 ecclesiam
1528 1756 1585 1778 seu
1610 1747 1792 1789 cappellam
1819 1746 1877 1778 hu-

1137 1798 1275 1831 iusmodi
1308 1799 1339 1830 in
1369 1798 1566 1831 inventionis
1603 1804 1635 1831 et
1664 1799 1875 1833 Exaltationis

1137 1851 1282 1884 eiusdem
1307 1852 1360 1884 SS.
1387 1851 1495 1885 Crucis
1519 1852 1606 1885 sestis
1632 1853 1747 1885 diebus
1774 1864 1790 1885 a
1811 1853 1876 1896 pri-

1136 1905 1194 1938 mis
1227 1905 1368 1948 vesperis
1405 1916 1505 1948 usque
1541 1906 1579 1938 ad
1613 1916 1763 1938 occasum
1799 1907 1876 1939 solis

1137 1958 1302 2001 utriusque
1325 1958 1396 1990 sesti
1416 1958 1599 1991 huiusmodi
1621 1958 1755 2000 singulis
1781 1959 1874 1992 annis

1137 2012 1250 2044 devote
1274 2011 1485 2051 visitaverint,
1502 2017 1533 2044 et
1549 2012 1594 2044 ibi
1608 2022 1668 2054 pro
1687 2012 1876 2045 christiano-

1114 2074 1116 2090 ι
1136 2075 1207 2096 rum
1224 2063 1409 2107 principum
1427 2064 1610 2103 concordia,
1628 2064 1802 2097 haeresum
1823 2076 1874 2098 ex-

1137 2117 1328 2159 tirpatione,
1354 2128 1388 2149 ac
1413 2123 1541 2150 sanctae
1577 2117 1686 2149 matris
1711 2118 1874 2150 Ecclesiae

1137 2170 1331 2203 exaltatione
1356 2170 1426 2213 pias
1460 2171 1498 2202 ad
1524 2170 1624 2202 Deum
1659 2181 1774 2213 preces
1800 2171 1876 2204 effu-

1136 2222 1254 2263 derint,
1275 2233 1337 2266 quo
1356 2224 1406 2256 die
1420 2223 1662 2266 praedictorum
1683 2223 1715 2256 id
1737 2224 1873 2266 egerint,

1136 2276 1317 2319 plenariam
1342 2276 1484 2309 omnium
1508 2282 1715 2319 peccatorum
1741 2288 1875 2310 suorum

1135 2328 1372 2371 indulgentiam
1391 2334 1422 2361 et
1441 2329 1667 2362 remissionem
1692 2329 1875 2363 misericor-

1114 2417 1115 2429 *
1136 2381 1221 2414 diter
1246 2381 1278 2413 in
1298 2381 1437 2414 Domino
1463 2381 1688 2414 concedimus.

1179 2435 1194 2477 ἓ
1218 2433 1249 2466 (i.
1276 2433 1347 2466 Non
1364 2433 1566 2466 obstantibus
1586 2435 1873 2468 constitutionibus

1136 2493 1168 2519 et
1193 2487 1449 2520 ordinationibus
1474 2487 1670 2530 apostoliciS‚
1691 2488 1873 2532 ceterisque

1114 2562 1115 2580 ἶ
1136 2539 1307 2571 contrariis
1340 2539 1620 2582 quibuscumque:
1647 2541 1874 2582 praesentibus

1113 2585 1302 2636 jperpetuis
1328 2592 1442 2624 suturis
1470 2593 1669 2636 t=:i‚·iporibt1s
1695 2593 1850 2626 valituris.

1887 218 1936 241 Au.
1955 217 1981 241 ιζ.
2005 217 2071 242 too&

1914 1225 1938 1246 lit
1958 1224 2005 1246 aliis
2021 1224 2070 1245 [ide-

1887 1253 1948 1273 libus.

1913 2442 2004 2468 Dei-ngat
2020 2448 2059 2463 een

1885 2473 1964 2489 itastis-
