2247 3208
183 218 231 243 An.
250 216 276 242 c.
301 216 365 242 1167
413 205 477 239 58ss

201 2058 348 2084 Exeqnutores

163 2083 258 2106 demutat.

375 274 409 296 ac
434 274 469 295 ex
495 263 582 294 certa
606 260 741 293 scientia
758 263 790 291 et
806 259 937 292 matura
955 258 1114 290 delibera-

376 315 462 347 tione
488 313 623 351 nostris,
651 312 755 354 deque
780 310 980 354 apostolicae
1006 315 1113 353 potes—

373 367 446 399 tatis
473 364 686 408 plenitudine,
705 363 876 403 unionem,
897 363 1111 395 annexionem

373 424 403 451 ct
434 417 730 460 incorporationem
761 416 857 448 eremi
889 415 1112 449 Camaldulen-

372 471 454 502 sium
477 469 634 509 Etruriae,
657 470 720 501 sive
745 468 931 511 provinciae
947 468 1109 507 Arebnae,

373 534 408 555 ac
434 522 697 564 congregationis
723 521 838 553 Montis
869 521 1030 561 Coronae,
1059 531 1111 552 ea-

372 586 509 618 rumque
535 575 709 618 respective
735 585 932 614 eremorum,
953 579 1111 606 monaste-

361 628 504 673 ssiorun‘n
525 628 742 660 membrorum
763 632 794 660 et
811 627 947 660 aliorum
965 628 1110 660 locorum

369 681 562 723 regularitun
581 681 818 724 praedictorum
834 680 980 719 invicem,
999 679 1110 712 unius-

371 745 431 776 que
458 734 727 776 Congregationis
759 744 793 765 ex
828 732 891 765 illis
917 733 964 765 sic
989 732 1106 771 unitis,

369 786 502 817 annexis
540 791 571 818 et
606 785 817 829 incorporatis
854 785 1050 817 erectionem
1078 790 1110 817 ct

370 892 541 923 decessore
568 892 674 929 saetas,
695 902 821 923 necnon
840 891 933 924 aliam
951 890 1106 923 unionem

369 943 433 976 sive
470 944 770 987 incorporationem
807 944 907 976 eremi
944 943 1107 976 Camaldu-

368 996 466 1029 lensis
484 997 517 1028 in
535 998 698 1029 montibus
714 1007 817 1040 prope
831 996 1001 1029 Taurinum
1014 996 1104 1035 sitae,

368 1052 430 1081 una
454 1061 524 1081 cum
550 1050 621 1082 aliis
648 1050 774 1089 eremis,
799 1049 949 1082 domibus
974 1055 1005 1081 et
1023 1049 1103 1081 locis

366 1103 405 1134 ab
432 1105 468 1134 ea
487 1103 758 1145 dependentibus,
777 1102 840 1135 sive
859 1112 989 1145 quoquo
1001 1102 1104 1134 inodo

366 1156 404 1187 ad
438 1156 524 1187 illam
552 1156 789 1198 pertinentibus
807 1183 814 1196 ,
841 1156 879 1187 ad
906 1155 1103 1198 praedictam

365 1208 651 1250 congregationem
677 1208 969 1241 camaldulens2u1n
988 1207 1103 1240 Montis

365 1260 510 1294 Coronae
542 1262 677 1302 factam,
705 1267 737 1294 et
765 1263 803 1294 ab
835 1262 949 1294 eodem
975 1261 1124 1293 Urbano2

364 1315 617 1357 praedecessore
644 1314 864 1361 confirmatam
897 1320 931 1346 ut
959 1314 1103 1357 praeser—

365 1373 425 1406 tur,
441 1372 482 1407 et,
496 1374 592 1410 prout
605 1368 676 1400 illas
696 1367 872 1410 respective
888 1373 1098 1406 concernunt,

364 1425 527 1452 emanatas
559 1420 701 1462 desuper
732 1419 831 1462 ipsius
857 1418 976 1451 Urbani
1008 1429 1102 1462 prae-

363 1472 548 1505 decessoris
574 1472 695 1505 litteras
720 1472 925 1515 praedictaS,
954 1483 990 1504 ex
1016 1483 1101 1504 nunc

362 1531 472 1557 tenore
499 1526 714 1568 praesentium
737 1536 936 1564 revocamus,
963 1525 1101 1558 dissolvi-

362 1588 440 1617 mus,
459 1579 621 1610 irritamus
640 1583 670 1610 et
683 1579 897 1617 annullamus,
915 1578 1099 1621 viribusque

362 1635 394 1663 ct
419 1630 535 1663 effectu
561 1631 688 1673 penitus
711 1636 742 1663 et
763 1630 894 1663 omnino
916 1641 1098 1671 vacuamus,

361 1694 397 1715 ac
423 1694 458 1715 ex
480 1694 564 1715 nunc
588 1688 760 1723 revocatas,
788 1684 966 1723 dissolutas,
993 1683 1098 1715 irritas

361 1740 394 1768 et
419 1736 611 1775 annullatas,
638 1735 826 1778 viribusque
852 1741 884 1768 et
908 1734 1023 1767 effectu
1048 1746 1100 1768 va-

362 1799 437 1820 cuas
465 1798 533 1820 esse
560 1793 591 1819 et
617 1788 685 1819 sore
711 1780 916 1820 decernimus
942 1793 973 1820 et
997 1788 1098 1820 decla-

360 1851 469 1873 ramus
487 1867 494 1880 ,
521 1850 647 1873 necnon
677 1840 824 1873 nationes
847 1841 1032 1883 praedictas
1059 1842 1097 1873 ab

360 1893 498 1926 invicem
523 1903 723 1936 separamus,
746 1904 864 1936 easque
889 1893 928 1926 ad
964 1893 1119 1940 sormam3

359 1946 547 1987 regiminis,
575 1956 638 1988 quo
663 1952 735 1978 ante
760 1946 896 1979 uniones
920 1946 1097 1989 respective

360 1998 637 2040 gubernabantur,
664 1999 860 2032 reducimus.

403 2051 466 2093 §lu
490 2052 660 2084 Praeterea
684 2051 803 2084 dilecto
821 2051 888 2084 snio
914 2056 1023 2084 nostro
1043 2052 1098 2084 Pe-

358 2110 406 2136 tro
424 2104 454 2136 S.
478 2104 514 2136 R.
535 2104 568 2136 E.
593 2104 747 2137 cardinali
758 2104 882 2137 Vidono
900 2109 1095 2147 nuncupato,

358 2156 485 2188 Ordinis
513 2157 695 2190 huiusmodi
728 2158 813 2200 apud
838 2168 898 2190 nos
924 2163 955 2190 et
980 2157 1096 2190 Sedem

358 2210 576 2252 Apostolicam
592 2211 779 2253 protectori,
795 2221 852 2253 per
867 2211 995 2243 easdem
1010 2221 1097 2253 prae-

357 2268 463 2294 sentes
489 2269 575 2295 motu
600 2263 670 2305 pari
695 2262 926 2295 committimus
953 2268 985 2295 et
1008 2274 1097 2295 man-

357 2316 485 2355 damus,
512 2321 544 2347 ut
569 2316 700 2348 cuilibet
733 2327 769 2348 ex
795 2316 887 2348 dictis
912 2315 1097 2348 nationibus

356 2370 444 2409 leges
470 2373 501 2400 et
526 2368 776 2401 consuetudines
794 2369 942 2411 antiquas
968 2379 1005 2401 ex
1030 2369 1097 2401 lau-

358 2421 456 2452 dabili
476 2431 587 2452 earum
612 2421 759 2453 instituto
777 2421 967 2454 auctoritate
986 2423 1097 2453 nostrai

357 2473 538 2515 apostolica
561 2479 698 2513 statuat,
725 2479 898 2516 exacteque
933 2473 1096 2506 observari

357 2527 450 2559 saciat
499 2527 544 2558 ius
570 2526 741 2569 unicuique
766 2527 903 2566 tribuat,
931 2537 1041 2559 causas
1067 2532 1098 2558 et

357 2579 429 2612 lites
458 2579 584 2611 decidat
608 2584 639 2611 et
663 2578 826 2619 terminet,
853 2583 1026 2625 ceteraque
1053 2579 1097 2611 sa-

960 210 1140 234 BULLARIUM
1164 209 1315 235 ROMANUM

1157 257 1218 289 ciat
1255 267 1334 300 quae
1377 259 1415 290 ad
1448 259 1599 291 maiorem
1630 258 1684 291 Dei
1710 258 1829 290 cultum
1863 263 1894 290 et

1156 309 1291 351 gloriam
1313 321 1348 342 ac
1374 310 1532 342 dictarum
1549 311 1714 343 nationum
1737 311 1894 353 tranquil-

1155 362 1278 394 litatem
1293 363 1476 395 conducere
1491 362 1705 395 arbitrabitur.
1724 363 1786 396 Nos
1805 363 1891 396 enim

1155 414 1214 457 ipsi
1240 415 1332 447 Petro
1358 415 1513 448 cardinali
1540 420 1573 447 et
1591 416 1767 458 protectori
1783 426 1892 458 quam-

1154 477 1290 510 cumque
1315 468 1530 500 necessariam
1556 473 1587 500 et
1611 472 1825 510 opportunam
1851 469 1889 500 ad

1153 520 1329 562 praemissa
1343 520 1534 559 facultatem,
1551 521 1664 552 harum
1683 520 1776 559 serie,
1790 526 1888 560 motu,

1153 573 1284 605 scicntia
1299 578 1330 605 et
1347 574 1512 615 potestatis
1530 573 1733 616 plenitudine
1747 573 1887 617 paribus.

1152 625 1321 658 tribuimus
1349 631 1380 658 et
1406 626 1622 669 impartimur.

1196 679 1210 721 ᾖ
1235 679 1265 711 5.
1294 679 1509 712 Decernentes
1543 680 1674 712 easdem
1699 685 1889 723 praesentes

1152 731 1275 763 litteras
1301 737 1332 764 et
1357 732 1388 763 in
1416 731 1460 764 eis
1486 738 1638 764 contenta
1655 743 1887 775 quaecumque,

1151 784 1246 816 etiam
1272 796 1308 816 ex
1334 796 1372 817 eo
1399 786 1485 828 quod
1506 786 1658 818 eremitae
1685 785 1839 828 praedicti
1859 791 1889 818 et

369 838 605 871 institutionem
631 850 647 871 a
673 844 850 871 memorato
868 838 997 870 Urbano
1016 847 1108 880 prae-
1127 839 1129 866 5
1150 836 1204 868 alii
1230 837 1367 879 quilibet
1390 837 1423 869 in
1447 837 1633 880 praemissis
1659 837 1814 870 interesse
1832 838 1888 870 ha-

1150 888 1262 921 bentes
1287 900 1341 923 seu
1369 890 1490 923 babere
1517 891 1766 933 quomodolibet
1794 902 1887 934 prae-

1150 942 1328 981 tendentes,
1356 943 1479 975 etiamsi
1507 944 1645 975 cuiusvis
1670 949 1777 981 status,
1804 944 1887 977 ordi-

1149 993 1214 1033 nis,
1242 994 1456 1034 conditionis,
1483 996 1759 1038 praeeminentiae
1786 1002 1818 1029 et
1841 997 1887 1029 di—

1149 1046 1294 1088 gnitatis,
1320 1052 1373 1078 aut
1407 1047 1484 1079 alias
1509 1048 1640 1090 speciali
1666 1054 1696 1080 et
1720 1048 1886 1082 individua

1147 1098 1310 1131 mentione
1336 1099 1425 1141 digni
1452 1099 1602 1140 existant,
1630 1100 1694 1133 illis
1720 1111 1785 1133 non
1811 1111 1887 1134 con-

1147 1151 1313 1191 senserint,
1341 1162 1395 1184 seu
1417 1152 1455 1184 ad
1482 1162 1518 1184 ea
1542 1152 1638 1193 citati,
1657 1153 1756 1186 vocati
1782 1158 1813 1186 et
1831 1164 1885 1186 au-

1147 1204 1213 1244 diti,
1230 1209 1283 1236 aut
1303 1215 1426 1245 causae,
1442 1210 1578 1248 propter
1593 1216 1671 1249 quas
1688 1206 1776 1249 ipsae
1794 1216 1886 1249 prae-

1146 1262 1251 1289 sentes
1277 1257 1475 1297 emanarint,
1502 1257 1677 1299 adductae,
1702 1258 1884 1292 veriticatae

1145 1315 1176 1341 et
1200 1309 1389 1342 iustificatae
1422 1320 1486 1342 non
1523 1310 1658 1351 suerint,
1686 1312 1734 1344 vel
1760 1321 1796 1344 ex
1822 1312 1884 1345 alia

1145 1373 1345 1406 quacumque
1367 1364 1572 1406 quantumvis
1598 1365 1751 1407 legitima,
1776 1366 1831 1409 pia
1853 1371 1884 1398 et

1144 1416 1344 1458 privilegiata
1369 1419 1475 1455 causa,
1502 1418 1632 1457 colore,
1658 1424 1827 1460 praetextu
1851 1424 1883 1451 et

1144 1468 1259 1511 capite,
1285 1469 1379 1501 etiam
1405 1468 1564 1509 enormis,
1583 1470 1826 1503 enormissimae
1852 1476 1883 1503 et

1143 1522 1250 1554 totalis
1275 1521 1439 1562 laesionis,
1458 1522 1547 1555 nullo
1572 1533 1712 1566 unquam
1735 1528 1881 1566 tempore

1143 1574 1182 1606 de
1208 1574 1426 1617 subreptionis
1447 1575 1498 1606 vel
1524 1575 1727 1618 obreptionis
1745 1581 1797 1608 aut
1814 1578 1881 1609 nul-

1143 1626 1239 1659 litatis
1267 1626 1355 1666 vitio,
1379 1637 1436 1658 seu
1462 1626 1651 1659 intentionis
1677 1632 1805 1660 nostrae
1830 1629 1879 1661 vel

1141 1678 1296 1711 interesse
1327 1679 1516 1712 habentium
1546 1690 1744 1720 consensus,
1777 1681 1879 1714 aliove

1142 1732 1286 1775 quolibet
1310 1732 1513 1775 quantumvis
1533 1743 1650 1775 magno
1678 1739 1709 1765 et
1733 1733 1881 1766 substan-

1142 1784 1208 1817 tiali
1238 1785 1362 1818 defectu
1382 1785 1498 1825 notari,
1523 1785 1715 1828 impugnari,
1736 1785 1878 1828 infringi,

1141 1838 1321 1878 retractari,
1340 1838 1377 1870 ad
1405 1838 1559 1871 terminos
1583 1838 1662 1870 iuris
1687 1839 1807 1879 reduci,
1826 1844 1880 1871 aut

1140 1890 1172 1922 in
1198 1891 1452 1923 controversiam
1471 1891 1624 1930 revocari,
1645 1902 1700 1923 seu
1726 1892 1878 1924 adversus
1928 1886 1933 1893 ⁴

1140 1943 1210 1976 illas
1236 1943 1425 1986 aperitionis
1452 1943 1528 1983 oris,
1553 1943 1768 1976 restitutionis
1785 1943 1879 1976 inin-

1140 2001 1276 2038 tegrum,
1297 1996 1422 2028 aliudve
1449 1997 1673 2039 quodcumque
1690 1996 1777 2036 iuris,
1804 1996 1877 2029 sacti

1139 2050 1187 2082 vel
1213 2049 1331 2091 gratiae
1357 2049 1537 2082 remedium
1562 2049 1713 2081 intentari
1746 2050 1795 2081 vel
1820 2050 1878 2082 im-

1138 2102 1272 2145 petrari,
1299 2112 1353 2134 seu
1378 2102 1558 2145 impetrato,
1581 2107 1634 2135 aut
1657 2102 1752 2135 etiam
1776 2108 1877 2143 motu,

1139 2155 1272 2188 scientia
1287 2161 1318 2188 et
1333 2155 1500 2198 potestatis
1526 2156 1726 2198 plenitudine
1745 2155 1876 2198 paribus

1139 2219 1294 2242 concesso
1318 2210 1368 2242 vel
1391 2214 1547 2248 emanato,
1568 2209 1750 2252 quempiam
1775 2209 1807 2241 in
1834 2209 1877 2241 iu-

1140 2261 1224 2294 dicio
1249 2263 1298 2294 vel
1329 2266 1418 2294 extra
1441 2261 1521 2294 illud
1545 2261 1591 2293 uti
1620 2272 1676 2294 seu
1701 2271 1733 2294 se
1766 2261 1876 2294 iuvare

1116 2324 1118 2331 ’
1138 2324 1243 2357 posse,
1264 2315 1320 2347 sed
1348 2314 1432 2357 ipsas
1451 2319 1637 2356 praesentes
1655 2314 1776 2347 litteras
1794 2325 1876 2347 sem-

1139 2376 1197 2410 per
1220 2365 1338 2406 firmas,
1367 2367 1487 2399 validas
1512 2372 1543 2399 et
1569 2366 1712 2400 efficaces
1738 2367 1873 2399 existere

1139 2425 1171 2452 et
1196 2419 1272 2459 sore,
1291 2430 1429 2462 suosque
1447 2420 1610 2462 plenarios
1625 2426 1655 2452 et
1673 2420 1814 2461 integros
1833 2420 1872 2452 es-

1140 2474 1239 2506 l'ectus
1271 2472 1378 2505 sortiri
1405 2479 1436 2505 et
1471 2473 1638 2513 obtinere,
1666 2484 1701 2505 ac
1729 2472 1808 2511 illis,
1834 2472 1872 2505 ad

1140 2536 1218 2569 quos
1250 2532 1372 2569 spectat
1396 2531 1426 2559 et
1451 2537 1508 2569 pro
1534 2531 1677 2568 tempore
1702 2525 1870 2567 spectabit,

1140 2578 1172 2610 in
1189 2578 1337 2611 omnibus
1359 2583 1389 2610 et
1406 2588 1464 2621 per
1481 2578 1587 2610 omnia
1608 2577 1793 2620 plenissime
1811 2577 1874 2610 sus-

1901 209 1947 233 Ar..
1966 208 1992 232 (ἶ.
2017 206 2082 233 1667

1927 686 2037 707 Decretum
2054 687 2082 709 ir·

1900 715 1972 733 ritanS.
