2247 3208
236 229 286 256 An.
301 228 325 255 c.
352 227 416 254 1062
462 216 504 251 40

428 276 557 308 valcant
582 283 616 306 se
648 270 762 304 sistere
789 279 900 302 sacrae
932 266 1074 301 facultati
1102 265 1160 297 Pa-

428 326 572 365 risiensi,
601 330 633 357 et
662 323 768 367 primo
796 320 934 354 examini
964 330 1024 363 per
1054 318 1159 362 ipsam

429 378 575 411 faciendo
594 375 711 415 debite,
731 379 767 407 ut
790 384 850 418 par
867 378 924 413 est,
947 371 1156 412 satisfacere;

428 431 523 469 unde,
542 429 595 472 qui
618 429 656 461 ad
674 428 957 460 baccalaureaturn
976 436 993 457 a
1009 424 1158 468 patribus

427 482 537 526 priore
563 486 595 514 et
618 480 745 514 consilii
778 479 873 513 electi
905 477 1036 518 fuerint,
1063 477 1157 511 nobis

427 539 460 567 ct
484 533 730 567 successoribus
766 531 886 565 nostris
920 541 980 574 pro
1009 535 1158 574 tempore

427 586 640 620 confirmandi
666 585 974 630 praesentabuntur,
993 588 1028 615 ut
1043 588 1159 626 postea

427 650 500 673 cum
524 639 644 672 nostris
677 637 793 672 litteris
826 636 1077 670 confirmatoriis
1108 647 1158 669 sa-

427 703 500 726 crae
520 702 554 725 se
579 692 701 732 sistant,
727 696 876 733 tempore
901 688 1031 729 debito,
1057 688 1158 722 facul-

427 745 482 778 tati
507 743 697 783 Parisiensi,
723 743 755 775 in
788 753 852 786 qua
884 741 1036 782 admissi,
1070 741 1158 774 iuxta

426 798 572 831 eiusdem
598 795 757 830 facultatis
794 796 894 837 leges,
927 804 1043 827 cursus
1080 804 1156 827 suos

425 862 483 884 seu
508 849 656 883 licentias
688 847 877 893 perficient3
904 851 979 891 post
1003 847 1157 891 adeptum

424 914 502 936 vero
528 902 678 936 licentiae
709 901 859 944 gradum,
885 910 946 944 per
970 899 1157 943 quindecim

426 961 548 989 tantum
573 965 702 988 menses
721 965 738 987 a
756 953 806 986 die
833 952 980 987 eiusdem
1004 953 1156 986 licentiae

424 1008 608 1053 adeptionis
622 1018 710 1047 voce,
725 1005 914 1051 privilegiis,
934 1006 1110 1047 consuetis,
1126 1012 1158 1040 et

424 1062 591 1096 mansione
617 1061 649 1094 in
674 1061 928 1094 bocconventu
960 1065 992 1093 et
1016 1060 1156 1103 collegio

425 1116 629 1158 gaudebunt;
649 1113 821 1146 transactis
840 1118 948 1146 autem
966 1113 1156 1146 huiusmodi

424 1166 608 1211 quindecim
633 1166 810 1206 mensibus,
828 1165 861 1198 in
879 1176 953 1198 suas
970 1165 1155 1209 provincias

424 1225 637 1260 revertentur,
663 1230 723 1252 nec
756 1219 896 1262 amplius
926 1225 1023 1252 erunt
1048 1219 1086 1252 de
1111 1219 1157 1252 sa-

423 1273 511 1306 1111Ιί11
538 1272 635 1305 11111115
654 1276 831 1305 conventus
850 1276 882 1304 et
901 1271 1031 1315 collegii
1051 1271 1114 1306 nisi
1139 1283 1156 1304 a

423 1325 569 1370 patribus
601 1324 729 1358 consilii
758 1334 819 1368 pro
852 1329 1001 1368 ternpore
1034 1325 1073 1358 ad
1099 1324 1156 1358 ali-

424 1380 510 1422 quod
536 1378 676 1412 officium
694 1377 873 1421 eligantur;
893 1383 925 1410 et
941 1378 1005 1411 hoc
1023 1378 1155 1422 quidem

423 1437 459 1464 ut
489 1432 702 1475 sequentibus
735 1430 959 1464 baccalaureis
997 1436 1029 1464 et
1055 1431 1156 1475 magi-

424 1485 498 1519 stris
523 1484 614 1517 novis
639 1486 747 1517 locum
773 1484 902 1517 cedant.

466 1549 509 1572 vi.
536 1538 584 1571 Ad
601 1538 885 1571 baccalaureatum
902 1547 968 1570 non
994 1536 1156 1580 eligantur

424 1591 484 1624 nisi
506 1592 702 1631 sacerdotes,
728 1590 854 1623 etiamsi
880 1589 1001 1622 fuerint
1024 1589 1057 1622 in
1079 1601 1156 1635 pro-

425 1644 549 1685 vinciis;
566 1649 597 1677 et
614 1644 645 1676 in
663 1644 825 1677 defectum
847 1644 1064 1684 sacerdotum,
1081 1643 1155 1687 eligi

425 1702 581 1741 poterunt
609 1698 723 1730 fratres
740 1724 747 1737 ,
773 1697 881 1737 m0d0‚
909 1702 1085 1741 antequam
1116 1698 1155 1731 de

426 1751 578 1783 tentativa
607 1751 851 1794 respondeant,
876 1750 1005 1794 possint
1035 1750 1156 1784 initiari

424 1803 533 1847 aliquo
548 1814 641 1836 sacro
655 1803 782 1836 ordine.
798 1803 883 1836 Nulli
898 1814 975 1837 vero
994 1803 1157 1847 eligantur

425 1856 485 1889 nisi
505 1856 681 1889 habuerint
697 1861 806 1889 cetera
822 1857 982 1900 requisita
1004 1856 1091 1890 iuxta
1111 1858 1157 1890 le-

425 1921 479 1952 ges
505 1915 537 1943 et
560 1909 833 1943 consuetudinem
865 1915 1032 1953 receptam
1058 1910 1155 1943 huius

425 1968 602 1996 conventus
629 1967 661 1995 et
680 1962 819 2006 collegii,
844 1962 998 1995 nimirum
1023 1968 1059 1996 ut
1082 1974 1157 1996 cur-

426 2026 496 2048 sum
521 2015 788 2059 philosophicum
816 2026 877 2059 per
895 2016 986 2056 duos,
1009 2021 1041 2049 et
1064 2017 1158 2049 theo-

426 2068 566 2111 logicum
591 2079 651 2112 per
675 2074 740 2101 tres
766 2068 842 2101 item
876 2069 1008 2102 circiter
1043 2080 1155 2110 annos,

426 2125 523 2164 atque
548 2125 638 2153 actus
665 2121 762 2153 studii
788 2121 819 2154 in
845 2122 908 2155 hoc
937 2127 1101 2155 conventu
1127 2127 1159 2155 ct

426 2173 565 2216 collegio
590 2173 642 2217 pie
664 2179 695 2206 et
712 2174 920 2207 laudabiliter
946 2175 1156 2216 absolverint,

427 2229 459 2258 et
481 2225 617 2269 insuper
632 2226 807 2259 habuerint
823 2227 1010 2261 testimonia
1031 2229 1159 2272 profes-

427 2288 548 2320 sorum,
582 2279 795 2323 ipsorumque
825 2280 1058 2323 magistrorum
1089 2281 1159 2325 pie-

427 2331 517 2371 tatis,
545 2332 584 2364 de
609 2332 679 2371 vita,
706 2333 851 2366 moribus
877 2338 910 2366 et
934 2338 1031 2367 cantu
1062 2340 1158 2378 atque

428 2386 584 2427 doctrina,
614 2386 761 2430 patribus
793 2387 919 2421 consilii
951 2388 1042 2432 prius
1069 2389 1159 2422 exhi-

426 2440 545 2473 benda.

470 2503 528 2527 v11.
554 2492 592 2526 Et
615 2503 655 2526 nc
680 2493 713 2526 in
739 2494 898 2528 electione
926 2495 1159 2530 baccalaureo-

428 2555 500 2579 rum
525 2546 634 2589 aliqua
658 2546 816 2580 inseratur
840 2548 1014 2591 provinciis
1039 2549 1158 2583 iniuria

428 2600 479 2633 vel
503 2600 664 2634 habeatur
688 2611 904 2645 personarum
930 2602 1093 2646 acceptio.
1124 2603 1157 2636 in

1006 217 1185 244 BULLARIUM
1209 215 1361 241 ROMANFM

1193 263 1330 306 singulis
1349 261 1585 297 electionibus¹
1604 262 1726 306 (quoad
1743 261 1814 295 fieri
1836 267 1928 305 pote-

1193 315 1248 359 rit)
1270 320 1456 348 assumetur
1480 314 1597 358 aliquis
1620 326 1657 348 ex
1682 315 1828 358 qualibet
1851 326 1927 358 pro-

1193 368 1318 409 vincia,
1345 367 1395 401 sin
1419 367 1526 400 minus
1558 367 1590 400 in
1616 367 1829 411 sequentibus
1862 369 1928 401 ele-

1193 421 1354 455 ctionibus
1380 426 1566 455 assumatur
1590 420 1706 464 aliquis
1733 432 1769 454 ex
1795 421 1927 465 provin-

1193 473 1241 507 cia
1258 485 1342 518 quae
1359 474 1391 507 in
1416 473 1691 518 praecedentibus
1710 474 1926 508 electionibus

1192 527 1319 560 nullum
1344 526 1460 560 habuit
1483 528 1745 567 baccalaureum,
1772 528 1869 560 modo
1895 527 1926 561 in

1192 580 1231 612 ea
1254 579 1452 623 recipiatur⁹
1476 579 1593 623 aliquis
1619 591 1719 623 capax
1744 580 1799 614 tali
1825 581 1925 623 gradu

1191 632 1278 666 iuxta
1301 632 1506 677 praescripta
1530 633 1563 667 in
1589 632 1751 677 superiori
1776 644 1925 673 numero,

1192 690 1224 718 et
1247 684 1293 718 sic
1318 685 1505 720 successive
1538 686 1572 719 in
1607 685 1678 719 aliis
1708 686 1925 720 electionibus

1191 749 1229 770 ex
1254 738 1292 771 iis
1316 738 1507 782 provinciis,
1535 749 1635 783 quae,
1662 744 1697 772 ut
1721 739 1842 772 dictum
1867 745 1925 779 est,

1192 791 1368 825 habuerint
1398 791 1431 824 in
1469 792 1532 825 hoc
1566 792 1674 825 studio
1711 792 1925 825 sufficientem

1191 854 1364 877 numerum
1389 844 1589 878 studentium
1607 850 1639 878 et
1654 845 1845 880 admiserint
1860 856 1926 878 ma-

1191 897 1310 940 gistros
1336 897 1368 930 in
1393 900 1484 930 sacra
1502 898 1668 941 theologia
1695 909 1769 931 cum
1796 909 1925 932 eorum-

1191 951 1264 984 dem
1289 950 1526 994 praerogativis
1553 956 1584 984 et
1607 951 1800 995 privilegiis⁸

1234 1015 1303 1037 vul.
1331 1004 1445 1037 Munus
1472 1004 1626 1047 regentis,
1645 1004 1733 1037 iuxta
1758 1006 1924 1049 antiquam

1191 1056 1462 1090 consuetudinem
1488 1057 1585 1090 huius
1611 1063 1791 1090 conventus
1810 1063 1843 1092 et
1860 1060 1926 1091 col-

1191 1109 1284 1152 legii,
1319 1109 1505 1143 successive
1536 1109 1715 1143 exercent⁸
1739 1111 1792 1154 qui
1819 1111 1925 1144 officio

1189 1161 1395 1194 baccalaurei
1420 1162 1518 1195 studii
1544 1168 1576 1195 et
1600 1164 1800 1207 praesentati
1826 1164 1924 1197 functi

1191 1214 1327 1255 fuerint,
1354 1215 1409 1258 qui
1434 1226 1451 1248 a
1475 1215 1622 1259 patribus
1648 1216 1775 1249 consilii
1802 1217 1925 1259 eligen-

1190 1273 1242 1300 tur
1265 1279 1326 1311 per
1345 1273 1476 1301 turnum
1500 1269 1760 1312 provinciarum3
1784 1281 1924 1314 quorum

1190 1326 1330 1365 uterque
1355 1331 1416 1365 per
1432 1332 1552 1354 annum
1568 1322 1673 1355 officio
1691 1323 1835 1366 regentis
1856 1325 1925 1356 fun-

1190 1379 1297 1417 getur.
1332 1374 1420 1407 Unus
1457 1375 1496 1407 ad
1532 1374 1639 1408 minus
1677 1375 1718 1408 sit
1749 1377 1854 1409 lector
1891 1376 1923 1408 in

1189 1427 1411 1471 philosophia,
1437 1427 1528 1460 cuius
1554 1434 1662 1471 partes
1696 1433 1793 1462 erunt
1815 1429 1866 1461 bis
1892 1429 1923 1462 in

1191 1479 1242 1513 die
1268 1479 1426 1513 lectiones
1452 1481 1582 1514 tradere
1609 1486 1640 1514 ct
1664 1481 1846 1525 explicare,
1873 1492 1925 1515 se-

1190 1533 1379 1577 rotinasque
1404 1534 1666 1568 concertationes
1691 1534 1758 1567 suis
1784 1535 1926 1579 discipu-

1190 1586 1228 1620 lis
1254 1589 1356 1622 semel
1381 1586 1458 1620 item
1482 1587 1514 1619 in
1540 1587 1591 1620 die
1621 1587 1765 1628 habere,
1793 1588 1924 1621 desides

1190 1651 1227 1673 ac
1257 1640 1290 1673 in
1326 1641 1431 1674 classe
1468 1640 1696 1684 delinquentes
1732 1641 1922 1684 corrigere;

1191 1694 1278 1737 quod
1303 1693 1328 1726 si
1354 1693 1494 1726 officium
1529 1704 1624 1726 51111111
1661 1699 1750 1727 recte
1789 1705 1826 1727 ac
1851 1694 1923 1727 dili-

1190 1753 1306 1791 genter
1322 1748 1497 1791 peregerit,
1513 1747 1732 1781 honorificum
1747 1748 1878 1791 aliquod
1895 1749 1923 1781 ei

1190 1800 1356 1834 tribuatur
1379 1811 1440 1844 pro
1466 1801 1563 1834 unico
1589 1806 1661 1834 actu
1687 1801 1848 1834 facultatis
1867 1802 1925 1834 Pa-

1190 1854 1351 1895 risiensis,
1378 1854 1404 1886 si
1429 1854 1604 1898 aliquando
1629 1865 1647 1887 a
1675 1855 1821 1898 patribus
1848 1865 1925 1888 con-

1191 1907 1253 1941 silii
1277 1908 1309 1940 in
1334 1908 1560 1941 baccalareum
1586 1908 1661 1951 eligi
1687 1898 1863 1951 contissat.

1235 1972 1276 1996 lx.
1301 1961 1371 1994 Duo
1397 1972 1434 1994 ex
1460 1963 1552 1994 sacra
1576 1961 1727 1995 facultate
1749 1961 1924 1994 Parisiensi

1191 2015 1339 2059 graduati
1375 2014 1441 2047 sint
1474 2014 1662 2058 theologiae
1694 2015 1923 2058 professoreS‚

1192 2069 1330 2109 duobus,
1344 2074 1399 2101 aut
1423 2068 1519 2101 etiam
1538 2068 1640 2101 tribus
1658 2067 1816 2109 trienniis,
1836 2068 1863 2100 si
1881 2067 1925 2101 ita

1192 2121 1468 2154 reverendissimo
1492 2120 1576 2165 patri
1601 2120 1746 2164 generali
1762 2131 1823 2164 pro
1845 2126 1925 2153 tem-

1192 2186 1273 2219 pore
1298 2175 1350 2218 (ex
1375 2174 1522 2219 patribus
1559 2174 1686 2208 consilii
1724 2174 1821 2207 huius
1847 2185 1925 2208 con-

1191 2233 1306 2261 ventus
1326 2232 1358 2260 et
1374 2227 1503 2271 collegii
1521 2226 1744 2270 assumendi⁴)
1763 2227 1926 2260 videbitur

1193 2280 1357 2325 expedire,
1377 2280 1532 2321 duraturi,
1552 2280 1605 2324 qui
1631 2280 1838 2313 scholaribus
1857 2279 1924 2313 suis

1192 2329 1240 2368 bis
1265 2334 1298 2367 in
1324 2334 1374 2368 die
1399 2335 1518 2378 legant,
1544 2344 1628 2367 unus
1653 2333 1779 2368 scilicet
1802 2334 1841 2367 de
1859 2343 1926 2366 ma-

1227 2434 1239 2459 1
1258 2431 1324 2459 Male
1339 2430 1404 2458 edit.
1420 2430 1502 2458 Main.
1520 2429 1602 2458 habet
1615 2430 1783 2458 electoribus
1801 2437 1849 2465 pro
1868 2429 1926 2457 ele-

1190 2477 1334 2506 ctionibus
1352 2477 1389 2510 (n.
1405 2477 1454 2509 1.).

1225 2522 1242 2549 2
1256 2522 1358 2548 Forsan
1372 2520 1542 2556 reperiatur
1555 2527 1603 2555 pro
1618 2519 1781 2554 recipiatur
1796 2519 1834 2554 (R.
1851 2518 1898 2554 τ.).

1226 2566 1242 2594 3
1257 2566 1288 2593 Ni
1302 2565 1447 2601 legendum
1462 2565 1496 2592 sit
1510 2567 1661 2593 exerceant
1674 2568 1711 2599 (R.
1728 2565 1776 2598 τ,).

1225 2611 1243 2638 4
1256 2611 1327 2638 Male
1341 2610 1405 2638 edit.
1420 2609 1499 2637 Main.
1516 2610 1581 2646 legit
1594 2609 1770 2638 assumendis
1784 2609 1825 2643 (R.
1840 2606 1890 2643 τ.).

1945 213 1993 239 An.
2008 213 2036 238 C.
2061 211 2125 238 1662
