2247 3208
247 218 295 245 Aa.
313 218 341 245 c.
365 217 431 245 1667
478 206 542 241 600

1023 213 1201 238 BULLARIUM

444 264 556 297 domus
581 267 707 296 sanctae
732 272 792 305 pro
817 267 964 305 tempore
990 261 1179 293 existentem

443 321 587 360 spectare
606 320 637 347 et
652 315 816 357 pertinere
833 314 969 353 debere,
991 318 1179 346 remanente

443 373 549 400 tamen
571 367 759 400 eorumdem
787 366 1021 399 beneficiorum
1046 366 1180 399 admini-

441 420 593 453 stratione
611 430 712 463 penes
734 420 807 452 illos
827 419 881 463 qui
900 430 937 452 ea
955 420 993 453 de
1015 419 1178 462 praesenti

440 472 628 516 possident,
664 472 749 504 dicta
779 473 969 505 auctoritate
1000 476 1122 505 statuas
1147 477 1179 504 et

442 524 606 557 decernas.
646 524 818 557 Praeterea
837 552 844 565 ,
886 535 945 568 pro
985 524 1175 557 eorumdem

440 577 604 620 praefecti,
625 578 835 618 alumnorum,
853 578 1073 610 ministrorum
1086 582 1118 609 et
1134 578 1177 610 in-

440 630 649 663 servientium
666 630 828 672 prioratus
848 630 1033 663 huiusmodi
1054 635 1177 663 susten-

440 682 560 716 tatione
576 688 607 715 et
620 683 875 723 manutentione‚
893 693 1004 716 omnes
1021 688 1052 715 et
1068 683 1176 725 singu-

439 736 500 776 los,
518 740 582 768 tam
601 736 863 779 praebendarum
887 736 1123 769 canonicalium
1144 741 1176 768 et

438 788 605 828 sacristae,
631 788 798 821 infirmarii
826 793 859 821 et
885 788 1024 822 cantoris
1055 788 1175 821 officio-

436 851 507 874 rum
532 841 737 882 huiusmodi,
764 852 800 874 ac
823 841 981 874 bonorum
1012 841 1174 874 stabilium

437 905 455 927 a
488 896 600 927 mensa
634 894 838 927 conventuali
879 893 977 937 ipsius
1011 893 1173 937 prioratus

437 946 701 990 dependentium,
721 951 752 978 et
769 946 862 978 dictis
879 945 990 978 officiis
1007 946 1045 978 ab
1063 946 1174 979 imme-

435 999 586 1032 morabili
608 1004 751 1042 tempore
776 1004 810 1032 ut
834 999 1015 1042 praefertur
1035 999 1173 1041 assigna-

436 1057 541 1085 torum
556 1079 564 1093 ,
598 1062 726 1085 necnon
768 1052 807 1084 ad
844 1052 990 1084 eamdem
1027 1062 1171 1085 mensam

434 1104 660 1149 spectantium,
675 1104 759 1137 inter
776 1104 946 1137 canonicos
959 1105 1122 1146 regulares
1133 1106 1171 1138 de

434 1157 576 1200 capitulo
601 1157 702 1200 ipsius
726 1157 886 1200 prioratus
913 1157 1011 1190 dividi
1042 1168 1171 1190 consue-

435 1214 496 1250 tos,
512 1220 607 1253 quam
631 1209 828 1253 parochialis
851 1209 1009 1242 ecclesiae
1025 1210 1170 1243 eiusdem

433 1262 596 1305 prioratus
622 1262 660 1294 ab
678 1272 742 1294 uno
761 1262 909 1295 exdictis
928 1262 1092 1295 canonicis
1114 1273 1171 1306 per

433 1315 611 1358 praefatam
635 1315 921 1357 congregationem
950 1326 1006 1348 seu
1039 1316 1170 1348 domum

433 1372 575 1401 sanctam
599 1368 765 1401 nominato
792 1368 1009 1401 administrari
1036 1369 1167 1409 solitae,

432 1431 468 1453 ac
492 1420 624 1454 alterius
650 1421 846 1464 parochialis
864 1421 1021 1454 ecclesiae
1043 1422 1105 1454 loci
1131 1422 1169 1454 de

432 1474 599 1507 Altavillar
624 1474 662 1508 ab
689 1474 802 1507 eodem
820 1475 964 1517 prioratu
986 1475 1171 1518 dependen-

432 1528 471 1560 tis
502 1532 533 1560 et
563 1527 638 1560 inde
669 1537 782 1570 parum
814 1528 984 1567 distantis,
1017 1539 1099 1571 quae
1130 1529 1169 1561 ad

431 1579 643 1623 vicepriorein
677 1580 874 1623 praefatum,
906 1581 1034 1623 praevia
1066 1582 1169 1614 nomi-

431 1633 563 1666 natione
579 1633 774 1673 huiusmodi,
793 1638 938 1676 spectare
956 1633 1119 1674 asseritur,
1139 1640 1170 1666 et

432 1685 521 1719 cuius
547 1696 624 1718 cura
649 1696 708 1729 per
732 1686 886 1719 vicarium
906 1686 1111 1720 amovibilem
1129 1688 1168 1719 ab

433 1749 472 1772 eo
505 1739 693 1782 deputatum
726 1739 867 1771 exerceri
904 1740 1006 1779 solet,
1041 1750 1169 1772 necnon

430 1792 526 1825 unius
543 1797 721 1835 perpetuae
739 1793 960 1835 cappellaniae
979 1792 1010 1824 in
1033 1793 1170 1826 eeclesia

430 1845 596 1889 prioratus
622 1845 809 1878 huiusmodi
834 1850 974 1885 erectae,
992 1851 1023 1878 et
1041 1846 1080 1878 ab
1103 1856 1168 1879 uno

432 1909 468 1931 ex
486 1899 609 1931 eisdem
624 1899 788 1932 canonicis
807 1909 864 1942 per
882 1899 1168 1941 congregationem
1190 1936 1191 1942 ἵ

432 1961 490 1984 seu
507 1951 635 1984 domum
649 1956 791 1983 sanctam
806 1952 982 1994 praefatam
1002 1952 1168 1985 nominato

432 2004 572 2036 obtineri
598 2009 784 2044 consuetae,
808 2004 939 2043 fructus,
966 2004 1110 2037 redditus
1139 1998 1192 2055 (ξιξ

430 2062 605 2100 proventus
621 2083 628 2096 ,
654 2056 707 2099 qui
733 2057 772 2089 ad
798 2067 954 2089 summam
983 2057 1170 2100 septingen-

432 2114 537 2141 torum
563 2115 594 2141 et
621 2109 732 2151 viginti
763 2109 814 2141 vel
847 2109 975 2142 circiter
1005 2115 1169 2142 scutorum

430 2167 579 2194 monetae
616 2161 802 2194 huiusmodi
835 2166 869 2193 ut
900 2162 1082 2204 praefertur
1116 2134 1192 2201 aſtri

430 2214 550 2246 nuatim
575 2215 768 2253 ascendunt,
803 2214 992 2247 auctoritate
1025 2207 1191 2257 praefata]

430 2267 552 2310 pariter
568 2272 726 2310 perpetuo
744 2267 888 2310 applices
907 2273 938 2299 et
962 2267 1164 2310 appropries.
1188 2271 1191 2319 l

431 2320 475 2351 Ac
499 2320 627 2352 demum
653 2319 802 2352 omnibus
829 2324 860 2352 et
883 2320 1019 2362 singulis
1037 2321 1168 2364 presby·
1188 2327 1191 2336 '

430 2372 506 2405 teris
543 2378 574 2405 et
606 2373 752 2413 clericis,
786 2373 921 2416 aliisque
953 2373 1104 2416 personis
1135 2346 1191 2412 ini

430 2425 577 2469 prioratu
602 2425 747 2468 praefato
772 2436 829 2468 pro
856 2431 1002 2469 tempore
1027 2426 1167 2468 degenti-

429 2479 500 2518 bus,
526 2482 562 2510 ut
587 2479 736 2511 omnibus
763 2484 793 2511 et
814 2478 950 2521 singulis
976 2479 1164 2522 privilegiis

429 2531 672 2574 praerogativis,
699 2531 966 2574 exemptionibus,
984 2531 1105 2573 gratiis,
1124 2532 1166 2563 fa-

428 2583 559 2617 voribus
585 2588 616 2615 et
640 2583 848 2625 indulgentiis
864 2610 871 2624 ,
899 2584 1014 2627 quibus
1034 2583 1165 2627 presby-

1225 212 1377 239 ROMANUM
1407 228 1420 243 x

1223 260 1303 300 teri,
1335 262 1464 302 clerici,
1497 263 1642 307 aliaeque
1668 275 1828 308 personae
1854 266 1957 300 dictae

1222 314 1484 354 congregationis
1507 314 1645 348 Oratorii
1665 327 1720 349 seu
1747 318 1859 351 domus
1888 330 1958 352 san—

1222 370 1300 405 ctae,
1321 370 1384 398 tam
1405 366 1444 399 de
1469 366 1550 407 iure,
1576 378 1636 400 usu
1661 374 1693 402 et
1712 371 1957 412 consuetudine,

1222 428 1317 460 quam
1342 419 1418 451 alias
1445 420 1693 462 quomodolibet
1719 428 1864 464 utuntur,
1896 425 1957 456 fru-

1221 473 1319 501 untur
1344 474 1375 502 et
1390 471 1538 512 gaudent,
1558 483 1594 505 ac
1611 473 1666 513 uti,
1686 474 1746 506 frui
1769 481 1800 508 et
1815 477 1955 517 gaudere

1219 526 1355 564 possunt
1385 527 1416 555 et
1447 527 1599 565 poterunt
1630 525 1663 557 in
1695 525 1853 567 futurum,
1885 528 1953 571 pari

1219 574 1315 607 modo
1339 575 1394 614 uti,
1421 575 1483 608 frui
1507 581 1539 608 et
1561 577 1701 618 gaudere
1726 578 1825 611 libere
1856 585 1888 612 et
1918 581 1954 613 li-

1219 626 1280 659 cite
1305 627 1430 669 possint
1454 633 1484 660 et
1508 629 1646 670 valeant,
1663 630 1747 663 dicta
1764 632 1954 665 auctoritate

1218 681 1377 713 concedas
1410 685 1441 714 et
1470 682 1649 725 indulgeas.
1685 682 1749 716 Nos
1779 685 1865 717 enim
1897 685 1954 718 tibi

1218 743 1315 776 super
1344 734 1494 767 omnibus
1532 739 1563 768 et
1596 735 1731 777 singulis
1768 737 1953 780 praemissis

1217 796 1454 829 quamcumque
1488 788 1706 821 necessariam
1738 795 1770 822 et
1800 796 1955 833 opportu-

1216 845 1289 867 nam
1315 836 1506 877 facultatem,
1539 839 1651 871 eadem
1676 840 1876 880 auctoritate,
1908 846 1953 873 te-

1216 897 1295 920 nore
1320 890 1547 931 praesentium,
1582 891 1754 924 tribuimus
1781 898 1813 925 et
1836 893 1952 936 impar-

1216 946 1322 974 timur.

1258 994 1273 1037 g
1298 994 1328 1026 4.
1356 994 1426 1027 Non
1458 995 1663 1029 obstantibus
1689 997 1888 1040 praemissis,
1914 1009 1950 1032 ac

1214 1048 1326 1079 nostra
1342 1052 1375 1079 et
1391 1048 1602 1081 cancellariae
1624 1050 1820 1092 apostolicae
1841 1053 1950 1094 regula

1214 1100 1252 1132 de
1278 1110 1343 1132 non
1368 1100 1583 1134 concedendis
1610 1101 1820 1144 indulgentiis
1839 1104 1878 1136 ad
1902 1104 1951 1136 in-

1213 1157 1288 1192 star,
1314 1153 1449 1196 aliisque
1475 1154 1661 1197 apostolicis
1686 1155 1770 1188 acin
1790 1155 1950 1189 universa-

1212 1206 1310 1246 libus,
1337 1206 1658 1251 provincialibusque
1684 1213 1716 1240 et
1741 1209 1951 1252 synodalibus

1212 1258 1356 1291 conciliis
1381 1259 1484 1299 editis,
1502 1260 1708 1302 generalibus
1729 1262 1780 1294 vel
1801 1261 1951 1305 speciali-

1212 1311 1282 1351 bus,
1308 1312 1594 1345 constitutionibus
1619 1319 1651 1345 et
1674 1314 1950 1355 ordinationibus,

1212 1374 1256 1405 ac,
1276 1369 1434 1408 quatenus
1453 1375 1534 1408 opus
1553 1365 1602 1405 sit,
1625 1366 1788 1408 prioratus
1807 1371 1839 1399 et
1862 1366 1952 1400 Ordi-

1212 1418 1261 1449 nis
1288 1417 1484 1459 huiusmodi,
1512 1418 1609 1451 etiam
1638 1418 1842 1459 iuramento,
1875 1430 1951 1452 con-

1212 1469 1392 1503 firmatione
1418 1471 1617 1514 apostolica,
1642 1472 1690 1504 vel
1716 1472 1826 1514 quavis
1850 1471 1950 1504 firmi-

1213 1528 1274 1555 tate
1305 1523 1366 1555 alia
1393 1524 1570 1564 roboratis,
1605 1524 1729 1557 statutis
1762 1529 1792 1557 et
1817 1534 1950 1558 consue-

1211 1575 1393 1616 tudinibus,
1424 1576 1599 1619 privilegiis
1638 1587 1785 1620 quoque,
1815 1577 1949 1611 indultis

1212 1632 1243 1660 et
1257 1628 1374 1661 litteris
1395 1629 1579 1671 apostolicis
1597 1629 1630 1661 in
1647 1629 1841 1662 contrarium
1863 1640 1951 1673 prae-

1211 1681 1380 1713 missorum
1410 1681 1653 1724 quomodolibet
1676 1682 1854 1723 concessis,
1879 1693 1950 1715 con-

1211 1734 1342 1767 firmatis
1378 1740 1409 1767 et
1444 1734 1621 1774 innovatis;
1655 1735 1769 1778 quibus
1802 1735 1949 1768 omnibus

1212 1792 1243 1819 et
1267 1787 1411 1829 singulis,
1430 1787 1558 1820 illorum
1574 1793 1702 1820 tenores
1726 1788 1949 1831 praesentibus

1212 1851 1269 1884 pro
1294 1841 1389 1883 plene
1423 1845 1454 1872 et
1490 1840 1686 1873 sufficienter
1716 1841 1876 1884 expressis
1913 1851 1950 1874 ac

1213 1894 1250 1926 de
1279 1893 1378 1926 verbo
1404 1893 1442 1926 ad
1463 1894 1594 1926 verbum
1620 1893 1748 1926 insertis
1773 1893 1949 1933 habentes,

1190 1945 1192 1975 ὲ
1211 1946 1274 1979 illis
1299 1947 1376 1979 alias
1393 1946 1424 1977 in
1447 1956 1503 1978 suo
1528 1946 1645 1978 robore
1664 1946 1890 1988 permansuris,
1909 1945 1949 1978 ad

1961 221 2011 246 An.
2031 220 2059 246 t).
2082 219 2147 246 1607

2032 1012 2147 1036 norogatio

1961 1040 2122 1060 contrariorum.

1211 1999 1461 2042 praemissorum
1492 1998 1656 2039 effectum,
1684 1999 1744 2030 hac
1766 1998 1833 2031 vice
1859 1999 1952 2042 dum-v

1212 2057 1307 2092 taxat,
1324 2051 1506 2095 specialiter
1523 2056 1554 2083 et
1574 2061 1722 2094 expresse
1742 2051 1947 2093 derogamus;

1211 2105 1390 2148 ceterisque
1416 2103 1587 2137 contrariis
1620 2104 1887 2146 quibuscumque.

1254 2158 1367 2190 Datum
1393 2157 1534 2196 Romae,
1560 2157 1642 2199 apud
1676 2156 1707 2188 S.
1735 2155 1864 2188 Mariam
1888 2155 1949 2188 Ma-

1210 2211 1324 2250 iorem,
1350 2210 1408 2243 sub
1430 2211 1548 2243 annulo
1572 2209 1757 2249 piscatoris,
1772 2209 1824 2242 die
1841 2219 1877 2242 111
1892 2219 1949 2241 no-

1210 2263 1350 2296 vembris
1374 2273 1537 2303 iinctxvn,
1555 2262 1759 2306 pontificatus
1778 2262 1878 2295 nostri
1896 2271 1948 2294 an-

1211 2327 1252 2350 no
1275 2327 1296 2350 1.

1245 2377 1305 2404 Dat.
1321 2377 1364 2405 die
1379 2378 1394 2405 3
1415 2377 1569 2405 novembris
1586 2376 1664 2412 1667,
1681 2375 1778 2412 pontif.
1799 2383 1870 2402 anno
1886 2383 1905 2402 ι,
