2247 3208
169 219 222 247 an.
242 218 274 246 C.
290 215 358 244 1668

192 383 266 403 Cas-at
285 384 348 410 privi-

165 415 198 435 pa
227 410 279 430 locis
308 411 348 436 piis

165 442 275 457 concessa.

183 1384 273 1410 Deputat
283 1391 337 1406 com-

153 1416 281 1433 misianum.

360 264 450 303 tium,
476 263 572 296 modo
599 267 630 295 et
661 263 762 295 forma
795 261 1022 305 infrascriptis,
1056 261 1095 294 de

360 328 443 350 novo
468 316 673 349 concedimus
699 321 730 348 et
752 315 968 357 indulgemus.

404 371 418 413 ξ
443 369 474 402 9.
502 370 545 401 Ac
572 370 703 412 insuper
728 369 836 402 omnia
861 374 891 401 ct
925 378 1096 411 quaecum-

361 434 421 465 que
447 422 615 465 privilegia
634 427 666 454 et
686 422 864 461 Facultates,
891 421 1096 464 quibuscum-

360 486 422 518 que
450 475 614 514 ecclesiis,
645 475 872 512 monasteriis,
904 473 1094 512 ordinibus,

358 528 678 560 consratcrnitatibus
703 533 733 560 et
759 527 828 560 aliis
854 527 931 559 locis
958 525 1037 568 piis,
1064 530 1096 557 et

357 582 506 623 personis
542 581 820 631 quibuslibetuut
855 578 1092 623 praetemlitnr,

357 645 559 677 ‹piat-umque
581 634 674 666 etiam
694 634 801 666 forsan
822 632 1000 675 apostolica
1026 642 1094 664 auc-

357 688 486 720 toritate
513 688 781 731 quandocumque
807 686 904 718 ctiam
929 696 987 728 per
1012 686 1093 717 viani

355 741 660 773 communicationis
686 751 720 771 ac
746 739 840 772 etiam
875 743 964 770 motu
997 738 1092 770 simili

355 798 384 824 et
412 793 489 825 alias
515 791 760 835 quomodolibet
785 802 949 830 concessa,
977 801 1030 824 seu
1053 792 1092 823 ab

354 845 419 878 illis
439 852 623 888 praetensa,
644 845 814 888 praedictis
834 844 1044 887 indulgentiis
1063 850 1094 877 et

353 898 463 939 gratiis
496 899 561 931 sive
592 898 813 941 spiritualibus
839 898 903 931 sivo
932 903 1093 941 tempora-

352 951 436 983 libus
462 951 590 990 similia,
607 952 655 983 vel
674 951 705 982 in
725 961 834 984 earum
854 951 1014 984 desectum
1032 962 1090 994 pro

351 1003 415 1036 illis
441 1010 472 1037 et
496 1005 622 1037 illarum
652 1005 720 1037 vice
753 1005 889 1037 valitura
920 1010 952 1038 et
984 1006 1092 1048 prosu-

352 1062 441 1097 tura,
477 1057 603 1089 etiamsi
630 1058 759 1100 speciali
786 1057 971 1100 indigerent
1001 1069 1091 1091 men-

352 1111 461 1147 tione,
490 1111 680 1143 auctoritate
707 1117 737 1143 et
763 1116 873 1144 tenore
907 1111 1088 1154 praedictis,

351 1170 509 1206 perpetuo
536 1174 745 1203 revocamus,
770 1174 947 1204 cassamus,
979 1165 1090 1197 abole-

351 1227 420 1248 nms
446 1222 475 1248 et
501 1218 722 1255 annullanms,
749 1217 936 1259 neminique
970 1217 1002 1249 in
1034 1228 1090 1260 po-

350 1274 473 1301 sterum
498 1269 666 1312 sutl'ragari
694 1280 789 1312 posse
815 1275 869 1302 aut
890 1270 1010 1303 debere
1036 1271 1090 1303 de—

350 1322 526 1355 cernimus.

394 1375 408 1417 g
434 1374 465 1407 3.
493 1374 727 1415 Quamobrem,
754 1376 792 1408 de
819 1375 898 1415 fide,
932 1376 1088 1409 industria

350 1431 381 1459 et
404 1427 567 1470 probitate
593 1428 701 1460 dilecti
720 1428 775 1461 filii
794 1429 925 1461 Antonii
943 1429 980 1461 de
1002 1429 1088 1461 Men-

351 1481 429 1513 doza
455 1481 600 1513 canonici
626 1481 801 1514 doctoralis
828 1482 984 1515 ccclesiae
1011 1483 1088 1515 Por-

351 1533 545 1575 talegrensis
564 1534 695 1566 multam
718 1535 749 1566 in
775 1535 910 1567 Domino
937 1535 1085 1568 fiduciam

349 1586 516 1627 habentes,
543 1588 689 1620 eumdem
715 1588 890 1621 Antonium
916 1589 1087 1632 indulgen-

349 1639 466 1671 tiarum
486 1645 516 1672 et
534 1640 709 1681 gratiarum
728 1640 941 1683 spiritualium
960 1647 988 1674 et
1011 1647 1087 1674 tem-

347 1692 508 1735 poralium
534 1692 773 1735 praedictarum
799 1694 830 1726 in
855 1695 971 1736 regnis,
992 1695 1086 1727 terris

349 1751 381 1777 et
405 1744 483 1778 locis
517 1745 733 1788 supradictis,
767 1758 838 1779 cum
871 1747 1021 1781 omnibus
1056 1753 1087 1781 et

348 1799 483 1841 singulis
502 1799 644 1839 indultis,
671 1800 882 1839 facultatibus,
904 1802 1087 1834 concessio-

348 1851 463 1891 nibus,
490 1852 782 1894 declarationibus,
817 1854 1083 1894 extensionibus,

348 1905 498 1938 clausulis
542 1911 573 1938 et
616 1906 754 1939 decretis
799 1907 830 1938 in
876 1907 1085 1940 ultimodictis

347 1958 436 1990 Pauli
450 1959 710 2002 praedecessoris
724 1961 879 2003 praedicti
899 1961 1013 1993 litteris
1033 1971 1086 1993 ex-

347 2012 486 2054 pressis,
515 2018 719 2046 executorem
748 2014 1005 2046 connnissarinm
1032 2025 1086 2056 gc-

347 2066 502 2105 neralem,
523 2066 712 2099 auctoritate
730 2072 761 2099 et
775 2072 885 2099 tenore
900 2066 1082 2109 praedictis,

348 2118 552 2161 deputamus,
573 2119 742 2162 eidemque
760 2121 889 2162 plenam
907 2126 938 2152 et
951 2120 1084 2152 liberam

346 2171 380 2203 in
405 2172 591 2214 praemissis
613 2172 794 2205 facultatem
813 2179 841 2205 et
858 2173 1083 2205 auctoritatem

349 2224 530 2265 tribuimus,
555 2236 614 2268 per
637 2236 682 2266 se,
704 2226 754 2258 vel
773 2226 883 2266 alium,
908 2236 963 2258 seu
989 2226 1082 2266 alios,

348 2286 428 2319 quos
453 2277 491 2308 ad
519 2277 551 2310 id
576 2278 712 2310 idoneos
738 2278 876 2319 duxerit,
904 2279 1082 2321 eligendos,

348 2329 387 2361 ad
413 2330 638 2363 executionem
664 2331 916 2373 praemissorum
946 2337 977 2364 et
1004 2332 1082 2365 alias

347 2381 434 2414 iuxta
460 2383 624 2415 facultates
650 2393 830 2423 concessas,
853 2385 941 2416 omni
960 2390 991 2417 et
1007 2395 1084 2427 qua-

348 2445 485 2478 cumque
511 2435 731 2478 appellatione
753 2436 943 2478 postposita,
968 2447 1084 2479 proee-

348 2488 464 2528 dendi,
489 2489 616 2531 aliaque
647 2488 785 2520 faciendi
816 2494 848 2520 et
878 2489 1080 2531 exequendi,

348 2551 428 2583 quae
454 2541 486 2572 in
511 2541 699 2584 praemissis
717 2547 748 2574 et
765 2541 849 2574 circa
874 2552 911 2573 ea
935 2552 1084 2574 necessa-

347 2593 395 2626 ria
419 2594 538 2627 fuerint
563 2600 593 2628 et
614 2595 859 2638 quomodolibet
876 2602 1069 2638 opportuna.

987 212 1026 236 CL
1032 212 1131 237 EMENS
1155 213 1186 236 lx
1211 212 1258 236 ΓΡ.

1139 318 1168 346 et
1192 314 1449 347 ordinationibus
1475 314 1684 357 apostolicis,
1712 324 1746 345 ac
1777 314 1880 346 eccle-

1138 366 1279 406 siarum,
1312 368 1605 407 monasteriorum,
1646 372 1878 406 conventuum,

1139 424 1171 450 et
1193 418 1346 452 Ordinum
1365 431 1652 463 quorumcnmqne,
1672 420 1767 453 etiam
1794 419 1879 452 iura-

1138 477 1257 511 mento,
1274 472 1515 505 confirmatione
1533 473 1722 515 apostolica,
1737 474 1783 505 vel
1800 484 1879 516 qua-

1137 524 1182 556 vis
1196 523 1345 557 firmitate
1360 526 1420 558 alia
1434 526 1603 567 roboratis,
1618 526 1744 558 statutis
1760 532 1788 558 et
1803 536 1878 558 con-

1137 578 1562 621 suetudinibus,l‘n‘ivilegiis
1577 591 1716 622 quoque,
1734 580 1875 620 indultis,

1137 629 1358 672 indulgentiis,
1387 632 1591 665 facultatibus
1616 638 1647 665 et
1668 633 1783 665 litteris
1801 644 1876 676 apo-

1137 683 1266 723 stolicis,
1293 685 1461 726 quibusvis
1478 686 1631 725 ecclesiis,
1656 687 1750 719 etiam
1768 688 1877 719 cathe-

1137 736 1283 769 dralibus
1308 743 1339 769 et
1363 739 1633 781 metropolitanis,
1660 751 1785 772 necnon
1812 751 1875 773 nio-

1136 789 1288 822 nastcriis
1323 796 1353 822 et
1386 792 1598 824 conventibus
1636 798 1699 824 tam
1733 794 1875 825 virorum

1137 853 1231 885 qnam
1257 844 1451 884 mulierum,
1479 845 1575 878 etiam
1606 846 1872 886 lllendicantium,

1135 895 1229 927 etiam
1252 907 1334 939 quae
1360 907 1449 929 mare
1472 908 1629 940 magynum
1655 900 1873 941 :qspellantmx

1135 953 1167 980 et
1180 949 1366 991 quorumvis
1381 949 1546 990 Ordinuni,
1566 950 1661 983 etiam
1676 951 1870 990 militiarum,

1135 1001 1329 1045 illorumque
1347 1003 1572 1045 superiorilms
1590 1009 1619 1036 ct
1635 1004 1793 1047 personis,
1804 1005 1874 1036 uni-

1133 1054 1339 1087 versitatibus
1355 1055 1451 1087 etiam
1466 1056 1646 1088 studiorum
1661 1057 1869 1099 generalium,

1135 1106 1295 1149 collegiis¹
1314 1108 1507 1141 secularium
1532 1114 1563 1141 et
1588 1110 1785 1151 regularium
1803 1121 1873 1153 per-

1133 1170 1298 1200 sonarum,
1318 1161 1639 1198 eorm-aternitatibus
1658 1167 1688 1194 et
1706 1162 1775 1195 aliis
1794 1163 1871 1195 locis

1132 1213 1203 1255 piis,
1230 1213 1296 1245 sive
1323 1213 1355 1245 in
1382 1224 1509 1246 causam
1535 1220 1565 1247 et
1586 1226 1643 1257 pro
1665 1216 1869 1258 expeditione

1132 1271 1245 1298 contra
1265 1265 1382 1299 ancas
1401 1272 1433 1299 et
1452 1267 1533 1299 alios
1556 1267 1629 1300 fidei
1653 1268 1772 1308 hostes,
1800 1280 1870 1301 nec—

1132 1329 1197 1350 non
1222 1329 1282 1362 pro
1304 1319 1424 1351 fabrica
1442 1320 1593 1353 basilicae
1613 1321 1770 1364 Principis
1788 1322 1871 1364 Apo-

1132 1372 1273 1405 tolorum
1298 1373 1336 1405 de
1355 1372 1451 1412 Urbe,
1471 1374 1531 1405 sub
1550 1373 1807 1417 quilmscumqtie
1825 1380 1870 1407 te-

1131 1425 1267 1457 noribus
1304 1430 1336 1457 et
1367 1426 1498 1465 formis,
1526 1437 1562 1458 ac
1600 1438 1671 1459 cum
1702 1427 1868 1470 quibusvis

1132 1479 1283 1510 clausulis
1311 1483 1340 1511 et
1367 1479 1515 1518 decretis,
1535 1479 1629 1511 etiam
1651 1485 1754 1520 motu,
1772 1481 1870 1513 scien-

1131 1531 1185 1568 tia,
1212 1531 1449 1564 deliberatione
1476 1537 1504 1564 et
1531 1533 1699 1574 potcstatis
1728 1534 1868 1576 plenitu-

1131 1584 1205 1616 dine
1221 1584 1386 1625 similibus,
1403 1590 1434 1617 et
1448 1585 1525 1617 alias
1541 1587 1783 1628 quomodolibet
1799 1598 1870 1620 con-

1130 1637 1226 1669 cessis
1253 1642 1284 1669 et
1309 1637 1494 1677 innovatis3
1522 1638 1638 1680 quibus
1664 1640 1812 1671 omnibus
1837 1645 1869 1672 et

1130 1689 1278 1731 singulis,
1305 1690 1430 1722 etiamsi
1456 1701 1514 1732 pro
1540 1690 1709 1723 sufficienti
1738 1692 1867 1724 illorum

1131 1742 1344 1784 derogatione
1372 1743 1409 1775 dc
1436 1743 1499 1775 illis
1525 1754 1700 1787 eorumque
1728 1745 1801 1777 totis
1823 1751 1868 1777 te-

1129 1795 1263 1828 noribus
1289 1795 1447 1839 specialis,
1475 1796 1637 1839 specifica,
1666 1808 1820 1840 expressa
1838 1804 1869 1831 et

1130 1848 1305 1889 individua,
1333 1861 1370 1882 ac
1395 1849 1433 1882 de
1459 1850 1557 1883 verbo
1577 1851 1615 1883 ad
1633 1851 1777 1891 verbum,
1801 1862 1866 1883 non

1129 1908 1237 1935 autem
1262 1914 1321 1946 per
1341 1904 1500 1936 clausulas
1518 1905 1686 1946 generales
1704 1905 1788 1937 idem
1809 1906 1867 1937 im-

1128 1962 1315 2000 portantes,
1341 1958 1462 1990 mentio
1488 1969 1542 1990 seu
1569 1959 1701 2001 quaevis
1726 1958 1788 1991 alia
1813 1969 1867 1990 ex·

1129 2010 1256 2053 pressio
1294 2011 1444 2043 habenda
1480 2016 1533 2043 aut
1574 2011 1681 2054 aliqua
1718 2011 1779 2044 alia
1815 2022 1868 2043 ex-

1129 2063 1247 2107 quisita
1272 2064 1375 2096 forma
1410 2065 1450 2097 ad
1482 2065 1544 2097 hoc
1577 2065 1732 2097 servanda
1762 2070 1864 2105 esset,

1129 2122 1256 2149 tenores
1283 2117 1466 2149 huiusmodi
1485 2117 1709 2160 praesentibus
1733 2128 1791 2160 pro
1817 2128 1867 2150 ex-

1127 2171 1249 2212 pressis
1269 2171 1435 2211 habentes,
1454 2171 1517 2203 illis
1534 2171 1611 2203 alias
1629 2171 1660 2203 in
1676 2182 1732 2204 suo
1748 2172 1865 2204 robore

1127 2224 1356 2267 permansuris,
1372 2224 1410 2256 ad
1432 2224 1687 2267 praemissorum
1707 2223 1865 2264 effectum,

1127 2282 1225 2317 motu,
1252 2276 1386 2309 scientia
1412 2282 1443 2309 et
1466 2277 1635 2320 potestatis
1661 2277 1865 2319 plenitudine

1127 2329 1278 2372 paribus,
1305 2335 1533 2372 praeterquam
1560 2330 1665 2372 quoad
1698 2330 1864 2363 facultates

1126 2392 1296 2415 concessas
1321 2382 1566 2414 Mendieantium
1592 2382 1748 2415 Ordinurn
1772 2393 1866 2426 snpe-

1127 2435 1265 2468 rioribus
1287 2435 1393 2478 quoad
1410 2445 1538 2468 suorum
1556 2435 1711 2468 Ordinum
1739 2435 1865 2476 fratres,

1126 2487 1312 2530 specialiter
1344 2493 1376 2520 et
1399 2498 1551 2531 expresse
1578 2489 1786 2531 derogamus,
1813 2497 1865 2522 Ce-

1127 2540 1267 2583 terisque
1293 2540 1464 2573 contrariis
1491 2541 1758 2585 quibuscumque.

1162 2605 1172 2629 1
1197 2602 1268 2630 Edit.
1286 2603 1364 2630 main.
1383 2603 1448 2639 legit
1463 2603 1579 2639 colleyii
1593 2607 1631 2639 (R.
1648 2604 1696 2638 Τ.).

1773 202 1840 235 ῧῦῖ)
1888 212 1936 236 An.
1958 211 1985 236 c.
2003 209 2072 236 'ines

1184 261 1198 304 g
1223 261 1251 293 4.
1277 261 1344 294 Non
1367 261 1571 294 obstantibus
1595 260 1880 293 constitutionilms
1911 272 2074 292 Contrariisdo·

1891 301 1958 324 rogat.
