2247 3208
1758 221 1792 252 Δ11

324 287 373 318 ne,
400 283 433 310 et
458 277 540 311 alter
565 282 638 320 post
663 275 851 317 meridiem,
879 282 911 310 et.
935 287 1062 309 succes·
1095 278 1217 317 colore,
1236 277 1357 311 directe
1380 278 1428 311 vel
1455 277 1625 317 indirecte,
1644 288 1702 321 per
1727 289 1761 310 se:
1781 280 1829 311 vel

131 229 181 255 An.
203 229 232 255 c.
253 229 317 256 1002
916 228 1103 252 ‚iti-xxxxmin
1128 230 1175 252 rr.
1203 231 1247 254 vn
1846 230 1894 255 An.
1915 228 2031 256 01669,

324 330 390 363 sive
421 329 566 373 qnotidie
603 330 642 363 de
676 340 751 363 sero
784 329 815 362 in
848 329 1059 362 conserentiis

323 393 380 416 eos
405 387 597 421 exerceant,
624 383 663 415 ad
688 383 885 415 studendum
915 383 1061 425 compel-

321 436 408 475 lant,
435 441 531 479 atque
568 436 794 479 negligentes,
821 442 876 468 aut
908 435 1058 468 nolentes

322 488 353 522 in
378 489 416 522 iis
443 500 526 533 quae
553 489 651 523 studii
687 495 762 521 sunt
793 488 872 532 ipsis
898 487 1056 528 obedire,

320 542 360 575 ad
374 548 483 586 patres
502 543 646 586 priorem
665 548 696 576 et
713 548 881 584 regentem
898 541 1056 582 deserant,

321 601 482 639 quatenus
500 598 607 639 poena
625 596 794 638 condigna,
810 596 906 628 etiam
926 595 1054 629 eiectio-

320 649 369 681 nis
395 659 411 682 e
438 654 599 681 conventu
626 654 657 681 ct
681 649 832 691 collegit»,
856 649 1054 692 puniantur,

320 701 457 745 insuper
491 706 626 734 careant
649 713 666 734 a
695 702 880 744 peregrinis
906 708 939 734 et
963 703 1074 738 noris⁴

319 754 544 798 opinionibus,
571 755 767 798 praesertim
793 765 832 786 ne
859 754 890 786 in
916 754 982 787 suis
1010 756 1053 788 le-

318 807 491 847 ctionibus,
518 807 791 850 explicationibus
810 813 842 840 et
862 808 1052 851 disputatio-

317 859 415 892 nibus
441 859 620 903 quidquam
646 860 860 900 innnisceant,
888 861 975 904 quod
1001 872 1052 894 cx-

316 912 426 956 plicite
464 913 514 945 vel
558 913 714 956 implicite
751 913 900 946 videatur
935 924 1052 958 sapere

316 965 563 1009 propositiones
580 966 719 998 Iansenii
742 967 920 1007 «immittas,
941 973 972 999 et
990 968 1052 1001 lioc

317 1019 449 1063 quidem
474 1020 535 1052 snb
560 1020 675 1063 poenis
703 1021 863 1053 contentis
883 1021 913 1053 in
932 1032 1053 1065 nuper-

316 1072 406 1105 i'iinis
442 1073 733 1106 constitutionibus
763 1074 953 1116 apostolicis
996 1074 1053 1107 [r-

316 1125 390 1158 bani
407 1125 480 1165 vlu,
499 1125 676 1160 Innocentii
696 1127 719 1159 X
741 1133 771 1159 et
791 1127 965 1160 Alexandri
983 1127 1050 1160 ΥΙΙί

316 1178 455 1211 feliciter
490 1178 678 1221 regnantis,
706 1190 786 1222 quas
822 1180 862 1212 ab
897 1180 1050 1214 omnibus

315 1231 426 1275 recipi,
453 1233 617 1275 acceptari
643 1238 674 1265 et
699 1233 822 1266 serrari
840 1234 965 1276 absque
984 1235 1049 1267 nlla

315 1284 582 1326 tergiversatione
602 1285 662 1318 sub
679 1286 804 1318 eisdem
820 1286 936 1330 poenis
954 1298 1049 1330 prae-

313 1336 452 1380 cipimus
478 1342 510 1370 et
532 1338 738 1371 mandamus.

354 1400 383 1423 x.
421 1389 466 1424 Ne
502 1401 538 1424 ex
572 1392 727 1425 varietate
753 1398 785 1425 et
808 1392 1047 1436 multiplicitate

311 1448 517 1485 statutorum,
545 1455 627 1488 quae
653 1456 714 1488 pro
741 1451 927 1489 temporum
955 1446 1048 1479 vicis-

311 1493 452 1527 situdine
486 1505 664 1539 rerumque
689 1496 851 1540 exigentia
871 1497 1044 1540 hucusque

310 1557 328 1579 a
350 1548 665 1590 praedecessoribus
692 1549 811 1582 nostris
838 1549 943 1593 posita
960 1556 1043 1590 sunt,

309 1601 375 1633 ulla
399 1601 539 1645 amplius
565 1602 776 1635 dubitationis
806 1604 855 1635 vel
881 1603 972 1645 litigii
992 1614 1044 1635 su-

308 1653 412 1697 persit
436 1654 574 1695 occasio,
602 1666 638 1688 ea
665 1655 773 1688 omnia
795 1657 1045 1699 quomodolibet

309 1707 359 1749 (ut
383 1707 479 1740 etiam
505 1707 644 1741 diximus
670 1708 701 1740 in
726 1708 898 1752 prooemio
925 1709 1062 1742 horum*

309 1760 542 1805 decretorum),
558 1762 619 1795 nisi
644 1763 836 1796 auctoritate
863 1764 1043 1808 apostolica

309 1820 473 1855 emanata,
506 1816 745 1859 approbatione
771 1816 896 1850 firmata
929 1823 960 1850 et
992 1828 1043 1850 ro-

307 1868 422 1901 borata
438 1868 567 1909 suerint,
587 1871 804 1911 annullamus,
826 1882 992 1904 cassamus
1011 1877 1042 1904 et

307 1919 482 1961 irritamus,
497 1927 597 1965 prout
615 1919 790 1963 annullata,
809 1929 934 1956 cassata
951 1929 981 1956 ct
998 1923 1041 1956 ir-

307 1973 367 2007 rita
391 1974 514 2018 duplici
539 1977 653 2008 nostra
677 1975 869 2009 auctoritate
889 1977 1039 2010 volumus

306 2032 338 2060 et
354 2027 580 2068 declaramus;
599 2028 839 2072 praecipientes
862 2034 1041 2073 propterea

306 2080 457 2115 omnibus
483 2087 515 2115 et
538 2082 676 2125 singulis
701 2082 794 2116 nobis
817 2082 1037 2124 interioribus,

306 2134 337 2167 in
372 2135 525 2168 meritum
560 2136 712 2169 salutaris
745 2136 976 2177 obedientiae,
1008 2143 1040 2170 et

305 2188 365 2221 sub
382 2188 574 2222 rebellionis
592 2195 723 2223 nostrae
743 2201 778 2222 ac
797 2190 998 2233 expulsionis
1021 2201 1036 2223 e

304 2247 466 2275 conventu
491 2242 624 2286 poenis,
652 2248 683 2276 et
707 2243 739 2274 in
765 2243 957 2282 subsidium,
985 2254 1037 2276 ex-

304 2295 609 2329 communicationis
639 2295 772 2329 maioris
798 2296 880 2329 latae
907 2301 1037 2329 senten-

305 2347 377 2388 tiae,
392 2359 498 2392 quam,
518 2349 577 2382 hac
593 2349 688 2382 unica
704 2360 764 2393 pro
779 2349 863 2382 trina
880 2351 1037 2383 canonica

303 2401 483 2436 monitione
513 2402 696 2445 praemissa
728 2403 761 2435 in
798 2403 847 2435 liis
884 2403 1033 2447 scriptis,

302 2454 380 2488 licet
402 2455 493 2489 inviti
517 2455 663 2496 serimus,
690 2460 724 2488 ut
747 2455 816 2488 istis
842 2456 962 2489 nostris
980 2457 1036 2489 de-

302 2507 399 2541 cretis
424 2508 456 2541 in
481 2508 632 2541 omnibus
666 2514 804 2552 pareant
836 2514 932 2552 atque
958 2510 1035 2541 obe-

302 2561 399 2601 diant,
425 2572 466 2594 ne
491 2561 605 2605 quovis
631 2567 799 2605 praetextu
817 2563 867 2594 vel
886 2562 1033 2605 quaesito

337 2624 349 2650 1
367 2623 447 2657 Male,
463 2626 491 2650 nt
506 2627 588 2659 patet,
605 2624 668 2651 edit.
681 2624 760 2651 Main.
777 2624 841 2659 legit
860 2624 929 2653 VM!
941 2624 1032 2659 (nnn).

385 2677 463 2705 Bau.
484 2678 566 2706 Rom.
586 2693 616 2697 —-
636 2678 692 2706 Vol.
709 2677 800 2705 XVII.
945 2678 962 2705 6

1093 341 1152 373 per
1177 331 1278 371 alios,
1304 337 1416 365 contra
1441 331 1563 375 aliquid
1588 331 1704 371 moliri,
1727 336 1830 365 atten-

1093 389 1178 423 tare,
1206 386 1255 417 vel
1282 395 1319 417 ex
1353 385 1399 417 eis
1430 384 1618 426 immutare,
1647 385 1827 424 moderari,

1092 436 1303 479 restringere,
1330 437 1498 480 ampliare,
1526 437 1702 477 infirmare,
1724 449 1829 471 cassa-

1092 499 1142 529 re,
1169 490 1219 522 vel
1253 489 1386 522 illorum
1420 490 1673 532 publicationem
1701 498 1730 523 et
1756 502 1829 524 exc-

1092 542 1285 585 qnutionem
1311 542 1471 586 impedire
1491 548 1542 575 aut
1571 544 1746 583 retari'are,
1766 545 1826 576 sub

1090 595 1213 628 eisdem
1240 595 1366 639 poenis,
1393 596 1443 628 vel
1473 603 1702 639 p1·ai.·suin.·mt;
1731 609 1825 630 secus

1090 653 1208 687 autem,
1229 647 1254 679 si
1277 647 1353 690 quid
1370 647 1401 680 in
1423 649 1624 681 contrariiun
1644 650 1754 692 quavis
1772 661 1826 682 an-

1089 700 1237 733 ctoritate
1263 701 1348 733 intra
1372 707 1517 734 nostram
1544 702 1738 744 religionem
1760 703 1826 745 (ra-

1088 753 1182 796 pituli
1219 753 1383 796 generalis
1410 756 1556 797 excepta)
1584 760 1742 787 tentatum
1777 757 1825 789 vel

1088 812 1242 840 statutum
1269 807 1319 840 vel
1343 807 1532 840 innovatum
1559 809 1663 847 suerit,
1691 809 1824 841 omnino

1088 859 1232 900 irritum,
1259 871 1389 893 cassum
1416 867 1443 893 ct
1481 861 1659 894 invalidum
1696 861 1823 894 censeri

1089 918 1120 946 et
1144 913 1259 946 haberi
1285 914 1446 953 volumus,
1475 914 1694 954 decernimus,
1718 915 1825 948 decla-

1088 976 1207 1006 ramus,
1228 972 1325 1010 atque
1352 967 1556 999 mandamus.

1129 1031 1171 1054 xi.
1199 1020 1441 1058 Verumtamen,
1461 1020 1486 1053 si
1505 1021 1633 1063 aliquae
1652 1021 1822 1053 difficulta-

1087 1078 1133 1106 tcs
1160 1073 1337 1116 aliquando
1356 1074 1438 1106 sorte
1455 1073 1604 1106 oriantur
1625 1074 1709 1106 circa
1728 1085 1823 1117 prae-

1086 1127 1246 1159 dictorum
1276 1127 1485 1160 decretorum
1512 1126 1761 1170 intelligentiam
1792 1134 1823 1161 et

1085 1186 1228 1212 mentem
1253 1184 1410 1219 nostram,
1436 1179 1711 1222 significabuntur
1731 1192 1822 1214 reve-

1083 1232 1282 1266 rendissimo
1308 1232 1392 1276 patri
1413 1233 1559 1275 generali
1582 1244 1641 1276 pro
1660 1239 1820 1277 tempore,

1083 1286 1175 1319 cuius
1213 1285 1475 1329 interpretationi
1510 1287 1661 1319 standum
1688 1288 1821 1321 omnino

1082 1339 1155 1372 erit.
1183 1339 1329 1382 Denique
1357 1339 1388 1372 in
1414 1339 1550 1382 reliquis
1582 1341 1819 1381 observantiis,

1082 1393 1113 1425 in
1138 1393 1176 1426 iis
1203 1393 1344 1426 decretis
1370 1403 1436 1425 non
1462 1393 1637 1436 expressis,
1657 1394 1696 1426 ab
1715 1394 1820 1426 ‹inni-

1080 1447 1162 1485 bus,
1190 1445 1245 1489 qui
1278 1456 1365 1478 nunc
1391 1451 1467 1479 sunt
1498 1452 1553 1478 aut
1584 1446 1615 1478 in
1649 1452 1819 1489 posterum

1081 1504 1178 1532 erunt
1202 1504 1233 1532 et
1259 1499 1437 1531 manebunt
1460 1498 1492 1531 in
1520 1499 1583 1532 hoc
1607 1505 1770 1532 conventu
1789 1506 1820 1533 et

1080 1552 1220 1595 collegio
1240 1552 1279 1585 de
1298 1551 1419 1585 familia
1434 1552 1626 1595 respective,
1645 1558 1819 1585 serventur

1079 1605 1287 1638 Summorum
1326 1604 1517 1638 Pontificum
1552 1605 1759 1646 sanctiones,
1788 1612 1819 1640 et

1079 1659 1249 1702 speciatim
1275 1659 1403 1692 Ordinis
1421 1659 1524 1692 nostri
1546 1660 1814 1700 constitutiones,

1078 1711 1164 1744 unde
1189 1717 1256 1745 tota
1281 1712 1375 1745 nohis
1393 1712 1527 1756 propria
1554 1712 1670 1745 tradita
1689 1712 1815 1745 vivendi

1077 1775 1204 1797 norma.
1232 1764 1393 1805 Ceterum,
1413 1776 1452 1797 ne
1472 1764 1660 1798 huiusmodi
1684 1766 1816 1798 decreta

1076 1818 1109 1851 in
1129 1817 1329 1851 oblivionem
1347 1819 1525 1858 tradantur,
1548 1819 1740 1851 mandamus
1759 1830 1816 1862 pa-

1077 1871 1116 1904 tri
1141 1871 1244 1915 priori
1269 1872 1429 1905 moderno
1458 1878 1549 1904 ntea
1576 1872 1744 1915 registrari
1770 1872 1815 1904 sa-

1076 1924 1139 1957 ciat
1161 1925 1193 1957 in
1218 1925 1303 1959 libro
1328 1925 1448 1965 studii,
1475 1931 1507 1957 ct
1532 1930 1593 1957 tam
1628 1925 1689 1968 ipsi
1716 1935 1813 1968 quam

1076 1977 1142 2010 suis
1169 1977 1418 2011 successoribus
1450 1977 1617 2021 prioribus
1651 1977 1813 2021 praccipi-

1075 2040 1146 2063 mus
1171 2030 1204 2063 in
1228 2031 1382 2064 meritum
1407 2030 1546 2074 Spiritus
1571 2030 1676 2063 Sancti
1707 2037 1741 2063 ut
1766 2031 1813 2062 l'n-

1075 2084 1156 2116 turis
1170 2083 1340 2128 perpetuis
1354 2084 1559 2128 temporibus
1578 2085 1680 2116 semel
1696 2085 1811 2117 saltem

1073 2136 1106 2169 in
1131 2146 1216 2169 anno
1242 2137 1374 2180 publice
1410 2148 1520 2170 coram
1555 2142 1621 2170 toto
1647 2143 1810 2170 conventu

1073 2190 1214 2233 tegenda
1238 2196 1356 2223 curent
1379 2196 1411 2224 ct
1434 2191 1601 2223 mandent.
1630 2190 1743 2223 Datum
1758 2206 1761 2209 ·
1778 2191 1810 2223 in

1072 2246 1185 2276 nostra
1209 2243 1394 2277 visitatione
1424 2243 1521 2276 huius
1546 2243 1650 2276 nostri
1676 2243 1809 2276 maioris

1072 2302 1252 2330 conventus
1268 2302 1300 2330 et
1320 2297 1450 2340 collegii
1468 2297 1672 2337 parisiensis,
1693 2297 1743 2329 die
1761 2307 1808 2331 xxi

1071 2350 1191 2383 mensis
1218 2350 1372 2390 octobris,
1400 2361 1485 2383 anilo
1510 2360 1640 2384 nnetix.

1246 2404 1361 2437 Frater
1385 2404 1507 2437 Pactus
1531 2404 1703 2442 chnnxcs,

1106 2456 1199 2501 prior
1214 2457 1360 2499 general.
1382 2462 1412 2489 ot
1430 2455 1675 2489 conniiissarius
1699 2460 1805 2499 apost.

1158 2509 1243 2542 Loco
1267 2511 1290 2550 †
1315 2508 1425 2551 sigilli.

1334 2562 1368 2594 F.
1389 2563 1549 2595 AuiiEtit‘s
1569 2561 1740 2600 Mixcixrs,

1363 2615 1560 2648 secretarius
1575 2613 1715 2648 Ordinis.
