2247 3208
495 240 557 273 908

448 302 505 335 CII.
531 302 632 345 Super
653 301 877 345 praecedentia
900 302 1119 345 procuratoris
1138 312 1190 342 ge-

538 354 655 388 neralis
680 354 711 387 in
738 365 898 388 concursu
929 354 1066 388 aliorum
1092 366 1188 398 prae-

539 409 679 441 latorum
699 408 826 441 Ordinis
847 408 1077 442 canonicorum
1100 419 1192 448 regu-

541 461 655 494 larium
682 461 711 493 S.
733 461 918 499 salvatoris,
940 461 1012 495 779.

1040 249 1213 272 mmmmm!

450 514 523 548 CIII.

542 620 571 652 in
597 620 674 662 Alga
701 620 919 659 Venetiarum,
937 631 971 653 ae
995 621 1128 654 fratrum
1149 622 1194 654 Ie-

542 679 720 712 suanorum,
744 680 775 706 et
796 675 928 707 fratrum
956 675 1055 707 sancti
1082 675 1194 708 Hiero-

541 726 627 771 nyrni
646 728 685 760 de
704 727 826 761 Fesulis
844 728 998 771 (exceptis
1015 728 1138 767 saeris),
1164 728 1194 760 in

541 790 641 822 regno
676 780 804 814 Siciliae
839 781 922 813 ultra
956 781 1094 814 Pharum
1130 781 1194 814 exi-

542 834 667 873 stentia,
707 834 842 878 applicat
883 835 913 867 in
939 834 1118 868 subsidium
1146 835 1192 866 ‹ri-

543 887 645 920 vitatis
670 886 810 921 Candiae
836 893 862 919 et
890 887 980 929 regni
1016 887 1127 921 Cretae
1160 898 1196 921 ac

542 940 753 984 expeditionis
779 946 891 974 contra
916 941 1044 980 Tui-cas,
1074 940 1149 973 781.

551 994 590 1027 Ut
603 994 789 1027 exercitium
808 996 885 1028 artis
907 994 999 1028 serici
1018 995 1049 1027 in
1072 994 1196 1028 civitate

542 1047 722 1080 Pisaurensi
749 1048 907 1081 nobilitati
936 1058 998 1080 nou
1034 1048 1196 1091 praeiudi-

545 1106 605 1140 cet,
635 1100 708 1133 781.

543 1153 714 1187 Concessio
737 1154 1008 1196 indulgentiarum
1032 1165 1091 1198 pro
1111 1155 1196 1187 clu-i-

545 1207 736 1241 stifidelibus
757 1209 865 1241 ltaliae
888 1215 917 1241 et
939 1209 1116 1242 insularui‘u
1144 1209 1197 1241 ad-

547 1260 717 1294 iacentium
759 1262 901 1295 divinum
944 1261 1094 1294 auxilium
1139 1262 1197 1293 im-

454 993 526 1027 CIV.

455 1153 515 1187 CV.

545 1315 746 1358 plorantibus
771 1326 830 1359 pro
856 1315 939 1347 felici
966 1315 1122 1348 electione
1151 1327 1199 1348 re·
1223 1343 1225 1349 ,

546 1368 592 1409 gis
618 1368 769 1401 Poloniae
795 1379 830 1401 ac
864 1368 1053 1401 liberatione
1086 1369 1198 1401 Cirtae

545 1431 563 1454 a
584 1421 751 1465 tyrannide
774 1428 799 1454 et
828 1422 925 1455 armis
946 1422 1127 1455 communis
1147 1422 1199 1454 lio-

545 1474 611 1515 stis‚
633 1474 708 1508 782.

558 1528 737 1561 Declaratio
773 1528 927 1561 nullitatis
959 1535 1122 1570 gestorum
1161 1529 1199 1561 ab

549 1590 729 1615 oeconomo
762 1582 992 1615 Mediolanensi
1024 1582 1109 1614 circa
1139 1592 1196 1625 ap-

549 1634 795 1678 prehensionem
813 1634 1024 1677 possessionis
1045 1644 1152 1667 rerum
1172 1640 1201 1667 et

550 1689 709 1722 bonorum
725 1688 764 1721 ad
783 1694 957 1722 conventus
983 1688 1202 1731 congregatio-

550 1752 626 1775 num
653 1752 897 1786 suppressarum
929 1742 1063 1775 fratrum
1089 1742 1198 1775 Iesua-

551 1801 656 1828 torum
687 1800 717 1828 et
750 1796 925 1829 Fesulanae
962 1795 993 1828 in
1029 1800 1112 1828 statu
1138 1795 1201 1828 Me-

549 1848 728 1882 diolanensi
753 1849 830 1882 sitos
861 1848 1086 1892 spectantium,
1115 1855 1145 1881 et
1170 1859 1201 1882 a-

549 1902 726 1936 motionem
751 1902 1050 1936 administratorum
1077 1902 1116 1934 ab
1143 1901 1201 1934 Or-

551 1956 683 1989 dinariis
709 1957 949 2000 deputatorum,
979 1954 1052 1988 784.

461 2009 549 2043 CVII.
579 2010 757 2043 lubilaeum
782 2020 841 2053 pro
867 2009 1012 2043 dominio
1038 2009 1201 2053 Reipubli-

552 2074 607 2097 cae
632 2063 811 2106 Ragusinae
831 2064 869 2096 ad
888 2063 1157 2107 supplicationem
1176 2073 1203 2096 e-

553 2117 675 2151 iusdem
691 2117 899 2160 Reipublicae
913 2126 1112 2155 concessum,
1124 2115 1199 2148 786.

464 2171 564 2204 CVIII.
594 2171 739 2204 Facultas
765 2180 881 2212 magno
908 2169 1062 2212 magistro
1088 2169 1200 2213 hospi-

554 2224 624 2257 talis
648 2224 748 2257 sancti
773 2223 900 2256 Ioannis
922 2222 1203 2266 IIierosolymitani

552 2277 807 2311 dismembrandi
838 2288 890 2310 sex
922 2277 1022 2310 millia
1048 2276 1202 2309 librarum

553 2341 733 2364 annuarum
767 2340 802 2362 ex
835 2329 1014 2363 redditibus
1044 2329 1205 2373 prioratus

553 2384 582 2417 S.
609 2384 723 2426 AEgidii
759 2383 885 2426 linguae
918 2383 1128 2422 Provinciae,
1170 2393 1206 2415 ex

554 2437 670 2481 quibus
711 2437 797 2470 mille
832 2442 922 2470 scuta
958 2435 1207 2479 applicabuntur

555 2490 700 2533 expensis
725 2490 824 2523 victus
851 2491 984 2522 fratrum
1011 2488 1115 2521 dictae
1148 2488 1208 2520 lin—

555 2553 655 2585 guae,
694 2542 836 2585 reliquae
872 2551 947 2575 vero
985 2541 1071 2573 mille
1107 2540 1207 2572 librae

556 2595 719 2628 communi
753 2595 877 2627 aerario
910 2595 941 2627 in
972 2595 1207 2637 compensatio-

557 2659 629 2685 nem
661 2648 768 2683 daumi
794 2649 880 2692 quod
907 2648 950 2680 illi
976 2658 1033 2692 per
1059 2648 1209 2680 dismem-

458 1527 532 1559 CVI.

553 514 667 548 Omnia
693 514 777 547 bona
803 515 1092 557 congregationum
1119 527 1193 559 sup-
1218 506 1219 510 Ἰ

540 578 722 611 pressarum
749 569 979 601 canonicorum
1007 569 1037 601 S.
1066 569 1193 610 Georgii
1219 586 1220 591 =

1242 250 1391 272 HOMINVM

1331 301 1512 334 brationem
1547 301 1731 335 huiusmodi
1767 303 1876 336 inferri
1909 313 1981 346 pos-

1334 360 1391 393 set,
1420 354 1492 388 788.

1364 408 1499 441 Donatio
1544 415 1719 442 conventus
1760 416 1786 443 et
1832 411 1984 445 ecclesiae

1334 463 1378 493 ὃς.
1422 461 1547 494 Ioannis
1580 468 1609 493 et
1643 462 1756 500 Pauli,
1793 473 1984 506 suppressae

1335 515 1593 556 congregationis
1620 515 1753 548 fratrum
1774 516 1985 555 Iesuatorum‚

1336 568 1450 611 puellis
1468 568 1664 611 pauperibus
1682 568 1712 600 S.
1738 568 1874 612 Philippi
1901 569 1985 602 Nerii

1335 622 1373 654 de
1400 621 1494 659 Urbe,
1520 620 1594 654 790.

1246 673 1305 706 CX.
1332 674 1510 707 Declaratio
1540 675 1695 709 nullitatis
1720 675 1985 719 capitulationum

1335 727 1410 760 sede
1451 728 1716 772 archiepiscopali
1753 728 1986 774 Salisburgensi

1336 787 1465 814 vacante
1484 792 1500 814 a
1518 782 1750 825 capitularibus
1768 781 1871 815 dictae
1891 782 1989 815 eccle-

1337 833 1400 867 siae
1427 835 1457 867 in
1484 835 1719 878 praeiudicium
1758 835 1988 869 iurisdictionis

1336 887 1617 931 archiepiscopalis
1634 895 1662 921 et
1681 888 1880 922 auctoritatis
1894 888 1985 922 Sedis

1338 941 1537 984 Apostolicae
1564 942 1732 979 factarum,
1757 941 1830 974 793.

1363 994 1488 1027 Erectio
1514 994 1587 1027 novi
1613 994 1780 1038 hospitalis
1805 994 1836 1026 in
1863 994 1989 1027 civitate

1337 1047 1546 1090 Neapolitana
1571 1048 1629 1081 sub
1652 1047 1853 1081 invocatione
1878 1047 1907 1080 S.
1934 1048 1991 1080 Pe-

1327 1101 1375 1133 -tri
1403 1108 1432 1134 et
1449 1102 1477 1133 S.
1497 1100 1633 1133 Ianuarii
1653 1111 1712 1143 pro
1730 1111 1789 1134 usu
1811 1111 1990 1144 pauperum

1289 1163 1294 1169 ·
1339 1155 1593 1187 mendicantium
1629 1161 1658 1187 et
1692 1154 1757 1187 otio
1786 1154 1986 1193 vacantium,

1340 1207 1412 1239 72³4.

1250 1260 1338 1293 CXII.
1363 1261 1555 1294 Constitutio
1581 1261 1758 1304 prohibens
1775 1266 1990 1294 mercaturam

1339 1322 1365 1346 et
1394 1314 1633 1356 negociationes
1658 1315 1818 1347 seculares
1843 1314 1991 1347 ecclesia-

1340 1368 1426 1401 sticis
1452 1368 1640 1411 praesertim
1672 1367 1829 1409 religiosis
1854 1366 1992 1410 quibus-

1340 1421 1415 1454 libet
1442 1421 1471 1453 in
1490 1420 1587 1453 Iudiis
1612 1420 1826 1453 Orientalibus
1847 1425 1877 1452 et
1898 1421 1993 1452 Arne-

1341 1474 1406 1506 rica
1432 1484 1517 1506 nunc
1542 1479 1572 1505 et
1598 1484 1655 1516 pro
1686 1479 1841 1516 tempore,
1861 1473 1994 1506 existen-

1343 1527 1436 1565 tibus,
1466 1525 1538 1558 79⁸.

1253 1580 1353 1613 CXIII.
1380 1580 1556 1612 Declaratio
1582 1580 1666 1611 eirca
1691 1580 1884 1612 solutionem
1912 1579 1993 1610 deci-

1343 1643 1412 1665 mae
1438 1633 1544 1675 quoad
1566 1631 1798 1665 ecclesiasticos
1817 1641 1992 1674 regnorum

1344 1692 1373 1718 et
1388 1685 1624 1729 provinciarum
1645 1694 1782 1717 coronae
1801 1684 1991 1726 Aragoniae,

1343 1738 1417 1771 802).

1255 1793 1357 1826 CXIV.
1391 1793 1515 1825 Erectio
1541 1790 1802 1834 congregationis
1828 1791 1996 1833 indulgen-

1343 1849 1393 1880 tiis
1418 1851 1449 1880 et
1473 1846 1571 1879 sacris
1602 1844 1747 1888 reliquiis
1780 1844 1993 1888 praepositae,

1343 1900 1417 1934 805.

1255 1955 1343 1989 CXV.
1376 1953 1545 1988 Concessio
1581 1952 1797 1995 indulgentiae
1833 1951 1996 1995 plenariae

1344 2006 1605 2040 christifidelibus
1630 2005 1749 2045 Italiae,
1771 2010 1801 2038 et
1818 2005 1997 2038 insularum

1346 2060 1575 2099 adiacentium,
1600 2059 1739 2092 divinam
1766 2069 1860 2102 opem
1883 2058 1995 2102 implo—

1346 2114 1489 2147 rantibus
1530 2123 1589 2156 pro
1629 2112 1821 2149 liberatione
1861 2110 1996 2144 civitatis

1346 2167 1484 2200 Candiae
1510 2172 1540 2199 et
1567 2165 1655 2207 regni
1677 2165 1788 2198 Cretae
1810 2164 1848 2197 ab
1869 2172 1997 2207 oppres-

1345 2220 1434 2253 sione
1459 2220 1648 2258 Tuoearum,
1676 2217 1750 2250 806.

1260 2273 1360 2306 CXVI.
1378 2272 1568 2306 Commissio
1587 2270 1831 2314 archiepiscopo
1849 2269 1999 2303 Mediola-

1349 2326 1437 2360 nensi
1460 2324 1656 2369 procedendi
1678 2329 1790 2357 contra
1814 2323 2000 2367 expulsores

1349 2378 1547 2423 Inquisitoris
1590 2378 1774 2418 lanuensis,
1824 2385 2000 2419 eorumque

1349 2432 1532 2476 complices,
1557 2441 1628 2464 cuin
1653 2430 1858 2463 facultatibus
1882 2438 2001 2473 oppor-

1351 2486 1454 2524 tunis,
1481 2484 1555 2516 ⁸08.

1262 2539 1376 2572 CXVII.
1401 2538 1573 2582 Suspensio
1600 2538 1677 2570 iuris
1703 2535 1888 2570 conferendi
1910 2535 2001 2567 hene-

1351 2592 1422 2624 Iieia
1449 2592 1479 2623 iu
1507 2591 1654 2629 civitate,
1682 2589 1784 2632 patria
1809 2593 1838 2620 et
1862 2587 2000 2620 dioecesi

1351 2645 1518 2678 Leodicnsi
1533 2645 1601 2687 sita⁷
1614 2644 1645 2675 in
1664 2642 1824 2687 aliquibus
1839 2640 2002 2675 mensibus

1244 409 1315 441 tltx.

1248 994 1325 1026 CXI.
