2247 3208
0 2855 17 3208 *nmen-*vu*-

111 238 161 264 An.
177 238 208 265 C.
227 237 294 266 1662

309 285 520 329 pertinentia,
539 284 618 316 sicut
639 283 864 326 redemptores
886 280 1042 314 Castellae

309 344 342 371 et
366 338 539 371 Vandaliae
559 337 689 369 faciunt.

352 401 413 424 mx.
441 391 615 423 Praeterea
640 388 831 432 approbavit
863 392 896 419 ct
927 385 1043 418 confir-

309 445 429 484 mavit,
457 444 542 487 quod
569 449 721 476 statutum
754 447 804 475 est
836 441 868 473 in
902 439 1041 482 capitulo

309 497 454 539 generali
472 497 656 537 Mmciensi,
676 505 793 538 nempe
812 493 897 537 quod
914 492 947 524 in
966 502 1043 535 qna-

308 550 388 583 libet
405 550 580 593 provincia,
597 548 747 592 expensis
767 547 879 589 ipsius,
895 554 1041 577 carceres

308 603 533 645 designentur,
550 601 583 633 in
601 601 715 644 quibus
733 598 879 641 religiosi
891 608 951 640 pro
966 607 1043 640 qua-

308 655 397 688 litate
423 655 590 687 eriminum
617 653 825 686 detineantur
845 656 876 683 et
903 660 1043 694 purgen-

307 714 367 746 tur,
393 713 433 748 et,
459 708 545 740 iuxta
576 707 741 739 decretum
767 703 960 737 sanctissimi
987 702 1043 735 Ur·

307 761 464 801 hanimi,
476 771 587 793 eorum
603 758 868 801 incorrigibilitas
886 761 1039 789 tentetur:

306 823 366 857 pro
392 812 542 856 expensis
559 822 636 845 vero
662 816 726 844 tam
751 811 790 843 ad
816 809 1041 843 formationem

308 875 483 904 carcerum,
510 875 605 908 quam
631 865 669 896 ad
695 863 963 896 sustentationem
989 862 1044 894 de-

308 917 538 961 linquentium,
554 923 732 950 conventus
750 915 936 959 provinciae
954 914 1042 946 iuxta

309 970 557 1014 dispositionem
582 969 792 1013 provincialis
824 968 1041 1007 contribuant,

309 1029 341 1056 et
364 1024 396 1056 in
422 1024 569 1067 qualibet
592 1023 758 1066 provincia
784 1021 967 1065 depositum
996 1020 1043 1052 in-

309 1077 477 1117 stituatur,
502 1076 534 1108 in
567 1087 632 1119 quo
665 1085 836 1119 processus
866 1080 898 1107 et
928 1083 1040 1106 causae

308 1130 535 1172 religiosorum
568 1128 765 1167 serventur¹‚
789 1127 951 1170 simulque
982 1127 1043 1158 sor-

308 1188 412 1215 metur
428 1182 522 1220 liber,
540 1181 572 1214 in
591 1192 655 1224 quo
671 1186 826 1213 notentur
843 1189 969 1219 causae,
986 1188 1041 1211 seu

303 1245 488 1277 processus,
503 1235 545 1266 ita
558 1241 593 1267 ut
608 1233 768 1275 registrati
782 1237 946 1271 maneant3
961 1241 1041 1274 quae

309 1287 417 1320 onmia
452 1286 669 1331 provinciales
705 1284 943 1318 successoribus
979 1284 1042 1317 suis

309 1340 451 1373 fideliter
474 1340 622 1373 conferre
649 1345 812 1371 tenentur.

352 1403 400 1426 Lx.
418 1393 590 1425 Praeterea
604 1392 806 1435 praedictum
823 1393 974 1434 generale
990 1391 1044 1424 de-

308 1446 485 1479 linitorium
510 1445 703 1489 approbavit
720 1450 751 1477 et
775 1444 976 1477 confirmavit
991 1445 1043 1476 de-

309 1498 522 1531 clarationem
548 1499 663 1531 saetam
689 1509 705 1530 a
729 1498 873 1541 capitulo
899 1497 1041 1540 generali

309 1551 479 1584 Murciensi
501 1562 578 1593 erga
596 1551 800 1583 consiliarios
817 1556 1043 1587 conventuum,

310 1606 349 1637 de
378 1615 442 1647 qno
474 1605 579 1647 agitur
603 1604 707 1647 capite
731 1615 788 1637 xui
813 1604 973 1636 secundae
1000 1603 1045 1636 di-

310 1658 490 1691 stinctionis
508 1663 690 1690 nostrarum
707 1658 983 1697 constitutionum,
999 1657 1045 1689 vi-

311 1711 442 1743 delicet:
469 1711 556 1754 quod
576 1711 608 1743 in
636 1711 782 1753 quolibet
805 1715 964 1743 conventu
990 1709 1045 1742 Or-

312 1764 396 1796 dinis
417 1774 529 1796 omnes
549 1769 656 1806 patres
674 1764 819 1806 graduati
837 1764 957 1796 debent
976 1775 1043 1797 esse

312 1816 499 1855 consiliarii,
524 1822 556 1848 et
570 1822 605 1848 ut
623 1818 703 1849 tales
721 1817 834 1856 teneri,
854 1823 886 1849 et
900 1817 954 1849 ubi
979 1827 1044 1849 non

313 1869 433 1901 suerint
448 1875 513 1901 tres
531 1870 687 1911 graduati,
702 1869 837 1901 vicarius
857 1875 1045 1909 conventus,

313 1923 518 1966 praedicator
533 1923 762 1962 conventualis,
780 1928 809 1955 et
822 1923 975 1965 magister
991 1933 1047 1955 no-

312 1975 462 2008 vitiorum
480 1975 600 2007 suntin
615 1975 783 2008 eonsilium
800 1975 951 2015 vocandi;
968 1986 1048 2008 sem-

313 2039 371 2072 per
388 2033 495 2061 tamen
513 2029 763 2071 supponendum
777 2029 934 2072 estquod,
950 2029 974 2061 si
993 2029 1048 2061 ali-

314 2081 384 2124 quis
402 2082 574 2124 graduatus
593 2081 635 2113 ibi
655 2082 790 2124 degerit,
808 2083 970 2114 vocandus
990 2082 1046 2113 sit:

314 2139 345 2166 et
362 2133 449 2166 iuxta
466 2134 554 2166 hune.
572 2140 719 2166 tenorem
736 2134 934 2177 praedictum
955 2140 1049 2177 eaput

315 2186 458 2219 ordinari
485 2187 594 2219 debet.

359 2249 421 2272 Lxl.
448 2239 621 2272 Praeterea
652 2240 843 2283 approbavit
874 2245 906 2272 et
936 2240 1051 2273 consu·-

316 2292 415 2324 mavit
431 2292 631 2335 praedictum
649 2294 801 2335 generale
821 2292 1050 2332 dessnssorium,

318 2345 405 2388 quod
429 2350 581 2377 statutum
616 2350 664 2377 est
692 2356 708 2377 a
739 2345 880 2388 capitulo
907 2346 1051 2388 generali

318 2397 487 2430 Mureiensi
512 2408 589 2440 erga
614 2398 859 2441 dispositionem
885 2399 999 2442 capitis
1014 2410 1053 2432 xv

319 2451 481 2484 secundae
499 2450 716 2484 distinctionis
734 2456 917 2483 nostrarum
934 2452 1054 2484 consti-

145 403 244 424 Carceres
273 405 293 424 in

110 430 206 461 qualibet
246 436 293 456 pro·

111 462 118 475 1
125 463 186 477 incia.

174 1402 292 1424 Consiliarii

109 1435 257 1452 conventuum.

118 2247 301 2271 nuagnauocom-

117 2275 271 2294 mvndatoruin.

897 230 1085 255 ALEXANDER
1106 231 1152 254 vn
1178 231 1225 254 rr.
1719 219 1779 253 101

1830 229 1918 257 Αη.(].
1941 229 2007 256 1002

1078 285 1170 321 caput
1187 284 1299 311 tenore
1315 277 1535 311 huiuscemodi
1550 277 1811 322 incipiatzteom-

1077 332 1283 364 mendatores
1309 331 1478 364 domorum
1507 331 1634 364 Ordinis
1666 331 1767 364 nostri
1793 342 1810 364 a

1077 384 1274 426 praesidenti
1303 384 1454 428 capituli,
1475 396 1510 416 ac
1533 384 1721 427 provinciali
1746 385 1811 417 cle-

1077 441 1147 477 eto,
1176 442 1207 469 et
1232 437 1421 480 provintdali
1454 437 1621 476 absoluto,
1649 437 1809 481 simulque

1076 499 1146 521 rum
1179 494 1316 532 quatuor
1348 488 1573 521 definitoribus
1604 490 1808 532 provinciae,

1077 542 1287 584 designentur
1312 548 1344 575 et
1367 543 1646 585 provideantur».

1121 604 1194 628 Lxu.
1222 594 1358 637 Insuper
1375 595 1569 638 approbavit
1585 601 1617 628 et
1640 595 1809 629 confirma·
1849 609 2007 638 commentum.

1076 647 1120 679 vit
1136 647 1301 680 decretum
1317 647 1447 690 capituli
1466 648 1629 690 generalis
1654 649 1808 682 Murcien-
1823 639 2005 687 [ii...'»''¹1'{.²·'...-‘<‘1¹.'.'¹r'„2

1076 700 1128 740 sis,
1154 711 1217 743 quo
1243 700 1393 733 statuitur
1417 701 1502 743 quod
1527 702 1808 735 conunendatores
1823 690 2005 734 listis*¹¹1’..?.'.2ssl.';1;

1076 753 1159 785 intra
1184 753 1360 786 triennium
1384 753 1545 796 religiosis
1570 754 1718 787 omnibus
1735 742 2003 788 eon-‘qufflumhb‘st‘

1077 806 1281 839 ventualibus
1305 807 1489 839 vestiarium
1511 813 1675 850 praestare
1698 813 1809 841 tenen-

1077 865 1125 891 tur
1149 859 1207 891 sub
1232 861 1338 902 poena
1362 859 1551 902 privationis
1575 859 1662 892 vocis
1686 860 1807 893 activae

1076 917 1107 945 et
1130 913 1276 955 passivae
1295 913 1327 945 in
1345 913 1488 956 capitulo
1513 913 1660 956 proxime
1686 914 1807 953 futuro,

1076 965 1200 998 etiamsi
1215 966 1293 998 alias
1307 966 1450 1009 magistri
1463 968 1511 999 vel
1523 967 1718 1010 praesentati
1735 967 1809 999 exti-

1077 1018 1183 1051 terint.
1204 1018 1488 1052 Commendatores
1506 1025 1612 1053 autem
1636 1021 1808 1054 observare

1076 1078 1226 1105 tenentur
1238 1073 1530 1117 inotumproprium
1551 1074 1741 1107 sanctissimi
1754 1074 1809 1107 Ur-

1076 1125 1150 1157 bani
1168 1125 1230 1157 vul
1249 1125 1331 1158 cirea
1356 1127 1443 1159 bona
1464 1127 1624 1160 Ecclesiae
1644 1138 1709 1160 non
1731 1128 1809 1161 alie-

1076 1178 1193 1218 nanda,
1210 1183 1242 1210 et
1261 1178 1346 1211 iuxta
1364 1179 1427 1212 hoe
1452 1180 1549 1212 debet
1567 1180 1697 1223 disponi
1716 1186 1810 1213 tenor

1076 1232 1238 1263 slausnlae
1264 1232 1448 1275 praedictae
1474 1233 1693 1275 alienationis,
1717 1233 1809 1267 firmo

1076 1295 1111 1317 ae
1136 1291 1262 1317 servato
1288 1286 1473 1329 supradicto
1498 1286 1603 1330 eapite
1624 1297 1674 1320 xv.

1120 1348 1207 1371 Lxul.
1226 1339 1410 1379 Praeterea,
1430 1350 1500 1371 euin
1521 1351 1557 1373 ex
1584 1341 1715 1374 decreto
1740 1352 1811 1374 san·
1852 1349 1910 1387 Psior
1934 1349 2006 1368 duum*

1076 1392 1206 1424 ctissimi
1231 1392 1352 1425 domini
1371 1392 1545 1426 Clementis
1560 1393 1635 1435 VIII,
1654 1395 1760 1427 nullus
1777 1394 1810 1427 in
1824 1375 2005 1438 iiiiiiiv¹i<⁴-*¹'fiiiii1'3¹

1077 1445 1219 1487 priorem
1256 1445 1370 1477 domus
1406 1446 1680 1479 Bareliinonensis
1710 1428 2007 1490 possit{.¹r¹22''s'i-ffi'l'f..¹,f''¹

1078 1496 1164 1540 eligi,
1186 1497 1247 1530 nisi
1267 1497 1361 1530 fuerit
1379 1498 1555 1541 magisterii
1574 1500 1623 1531 vel
1644 1500 1683 1532 ad
1707 1500 1812 1532 minus

1078 1556 1342 1594 praesentaturae
1369 1552 1469 1593 gradu
1495 1552 1676 1594 insignitus,
1693 1558 1724 1585 et
1748 1554 1813 1585 ele-

1079 1603 1141 1635 ctio
1167 1603 1260 1636 aliter
1286 1604 1366 1636 saeta
1390 1604 1479 1637 irrita
1497 1604 1538 1636 sit
1562 1610 1593 1637 et
1618 1605 1737 1638 nullius
1762 1616 1814 1638 va-

1080 1657 1168 1697 loris,
1195 1657 1371 1700 capitulum
1397 1659 1549 1700 generale
1576 1658 1751 1691 lvlurciense
1773 1659 1812 1691 de

1080 1721 1164 1743 anno
1202 1721 1358 1745 innexxxw
1395 1712 1571 1745 declaravit
1603 1723 1639 1745 ae
1671 1712 1815 1745 decrevit

1080 1764 1199 1797 debere
1234 1775 1303 1797 esse
1337 1766 1433 1798 talem
1464 1770 1741 1808 p1·aes·:=ntaturan1
1774 1766 1812 1798 de

1080 1819 1200 1850 lectura
1219 1823 1250 1850 et
1275 1818 1313 1850 (le
1339 1829 1474 1851 numero
1499 1819 1699 1861 provinciae:
1727 1820 1813 1862 quod

1080 1876 1231 1903 statutum
1248 1871 1309 1904 hoe
1335 1872 1535 1914 praedictum
1561 1874 1711 1914 generale
1738 1871 1814 1905 defi-

1081 1923 1232 1956 nitoriuni
1259 1923 1450 1967 approbavit
1475 1929 1505 1956 et
1529 1924 1738 1959 confirmavit.

1126 1986 1206 2008 [ΧΠ.
1233 1977 1416 2016 Praeterea,
1441 1988 1512 2009 cum
1537 1977 1570 2009 in
1596 1978 1735 2021 capitulo
1762 1985 1835 2033 geae¹
1856 1986 2012 2031 Sihvpjssffltffi

1082 2030 1184 2062 ner-ali
1206 2030 1361 2062 Toletano
1380 2031 1547 2063 decretum
1564 2031 1604 2064 sit
1620 2033 1705 2075 quod
1726 2033 1816 2076 prior
1830 2020 1945 2075 iii-Quiri«
1966 2040 2011 2082 ¹¹33}

1084 2082 1356 2115 Barchinonemis
1382 2083 1461 2126 (qui,
1483 2095 1519 2116 ex
1537 2084 1605 2117 iure
1631 2069 2000 2118 11051131111111111Ῐῖ1ξῖιιιυιῃςίχι

1084 2136 1359 2177 constitutionum,
1377 2143 1508 2170 vacante
1528 2140 1715 2181 generalatu
1741 2145 1815 2171 ante

1085 2191 1247 2231 expletum
1272 2189 1479 2231 sexenuium,
1506 2191 1538 2223 in
1569 2190 1675 2224 officio
1707 2192 1816 2225 vicarii

1086 2241 1246 2284 generalis
1277 2253 1350 2275 curn
1381 2244 1478 2285 plena
1503 2243 1724 2277 iurisdictione
1749 2255 1819 2277 sue-

1086 2295 1193 2337 eedit),
1203 2295 1239 2335 si,
1249 2296 1379 2338 quando
1399 2296 1517 2329 dictum
1531 2296 1719 2330 vicariatum
1733 2297 1819 2330 adie-

1085 2347 1136 2387 rit,
1162 2347 1201 2379 sit
1225 2349 1329 2381 solum
1361 2355 1586 2392 praesentatus
1603 2377 1610 2390 ‚
1635 2350 1706 2393 ipso
1736 2351 1819 2384 sacto

1086 2401 1249 2443 magister,
1276 2402 1316 2433 ob
1344 2400 1439 2434 oflicii
1466 2403 1655 2444 gravitatem
1681 2408 1714 2435 et
1737 2403 1822 2446 regi-

1086 2464 1160 2486 men
1180 2453 1276 2486 totius
1293 2454 1470 2496 religionis,
1487 2455 1654 2496 habeatur,
1676 2456 1821 2488 nominc-

319 2504 498 2543 tutionum‚
523 2510 763 2547 consequenter
786 2505 824 2537 ad
850 2505 913 2537 alia
937 2510 1053 2537 statuta
1090 2512 1138 2538 tur
1160 2512 1191 2538 et
1215 2507 1255 2539 sit
1279 2507 1378 2550 (quod
1410 2508 1575 2540 decretum
1596 2508 1819 2541 confirmatum

319 2567 414 2600 supra
438 2557 562 2600 posita,
588 2567 705 2599 nempe
737 2557 822 2600 quod
852 2557 1053 2600 praedictum
1089 2559 1185 2591 suita
1209 2559 1410 2592 sanctissimo
1430 2561 1561 2593 domino
1583 2561 1711 2593 Urbano
1728 2561 1817 2603 vlu>;

356 2619 367 2644 1
390 2618 459 2644 Edit.
481 2618 564 2644 Main.
585 2617 648 2653 legit
667 2621 796 2646 sert-elm-
814 2620 852 2653 (Β.
870 2620 917 2653 T.).

1089 2623 1174 2644 nune
1200 2612 1398 2655 praedictum
1424 2614 1576 2655 generale
1603 2613 1819 2646 diffinitorixnn
