2247 3208
203 186 254 214 An.
272 185 301 212 c..
322 183 389 211 {667
437 172 499 205 5οθ
758 209 762 210 ⁷
964 173 1143 198 BULLARIUM
1167 173 1318 197 Romanu

397 230 507 265 omnia
524 229 584 261 alia
602 232 633 259 et
658 211 785 267 singula
809 224 924 262 facere,
943 222 1060 261 dicere,
1080 231 1134 262 ge·
1176 220 1275 260 misit,
1301 220 1388 253 idem
1405 221 1641 255 illustrissimus
1662 228 1694 255 et
1709 224 1914 258 reverendis-

396 294 467 317 rere
490 287 521 314 et
537 288 701 318 exercere,
722 287 804 320 quae
821 279 918 319 prout
935 279 967 307 et
982 273 1134 317 quemad·
1176 272 1275 304 simus
1310 273 1457 307 dominus
1492 275 1761 320 archiepiscopus
1792 288 1850 311 suo
1882 284 1914 312 et

396 336 530 369 modum
548 334 617 376 ipse
634 329 868 364 illustrissimus
886 333 917 361 et
933 326 1134 360 reverendis·
1177 325 1262 358 dicto
1296 326 1428 358 nomine
1465 337 1659 360 consensum
1695 340 1788 362 suum
1814 336 1849 363 ut
1879 331 1913 363 in

396 389 496 422 simus
517 386 666 419 dominus
688 382 963 426 archiepiscopus,
986 385 1059 413 ante
1078 380 1134 412 hu-
1176 378 1260 411 hanc
1285 378 1507 411 investituram
1534 379 1691 413 feudalem
1717 382 1913 423 huiusmodi,

395 438 775 474 iusmodiinvestituram
786 441 817 469 et
827 435 923 468 etiam
935 433 1133 478 praedictam
1154 449 1156 463 ι
1176 442 1213 464 ac
1238 432 1345 465 omnia
1378 432 1440 464 alia
1475 437 1505 464 et
1536 433 1665 475 singula
1689 435 1856 477 praedicta
1880 436 1911 468 in

397 493 606 537 emptionem,
626 491 665 523 de
686 489 859 534 praedictis
879 489 983 521 facere
1009 491 1137 530 poterat
1154 523 1155 535 ἵ
1177 484 1240 517 hoc
1254 489 1322 518 toto
1335 485 1502 528 praesenti
1516 485 1770 519 interveniente¹
1785 493 1914 522 conten-

1920 177 1968 204 itu,
1985 177 2015 206 C.
2037 179 2104 207 ¹667

397 552 451 580 aut
473 545 589 589 possit,
618 554 654 576 ac
679 543 774 575 etiam
793 542 837 574 ita
852 547 885 573 ut
902 541 1006 573 dictus
1030 539 1136 572 excel-

396 598 598 633 lentissimus
625 596 775 629 dominus
807 594 953 627 marchio
983 593 1136 626 Planitia—

394 663 465 685 rum
497 648 661 683 succedit¹
687 649 720 681 in
746 658 878 681 omnem
903 647 1008 680 locum
1040 652 1073 678 et
1102 646 1135 678 in

395 714 491 734 omne
516 703 564 734 i*
592 707 623 734 et
649 706 764 733 statum
798 699 900 743 ipsius
925 693 1156 740 illustrissimi}

394 758 426 785 et
451 753 714 788 reverendissimi
741 752 862 785 domini
884 750 1134 794 archiepiscopi,

393 805 565 848 dictaeque
591 815 666 837 suae
693 804 851 837 ecclesiae
878 808 909 836 et
933 802 1020 835 illius
1044 812 1135 834 men-

394 868 462 897 sae,
489 857 616 890 ratione
643 862 675 889 et
699 857 768 889 iure
796 855 882 889 feudi
909 861 940 888 et
964 855 1053 888 utilis
1079 855 1135 887 do-

393 910 508 949 minii,
537 910 632 942 castri
658 915 687 942 et
713 910 854 942 aliorum
880 908 1132 951 praedictorum,

393 968 425 995 et
450 963 520 995 eius
546 961 651 996 vires⁹
668 963 700 994 in
719 963 869 995 omnibus
891 966 923 993 et
946 971 1006 1004 per
1027 960 1132 994 omnia
1153 981 1155 985 -

393 1016 555 1055 obtineat;
575 1020 606 1048 et
630 1016 767 1058 insuper
791 1014 878 1047 idem
898 1013 1133 1046 illustrissimus
1152 1046 1155 1062 ι

392 1072 424 1100 et
449 1067 740 1100 reverendissimus
775 1066 925 1099 dominus
959 1064 1154 1107 archiepis—¹

392 1131 493 1163 copus
520 1120 604 1153 dicto
630 1119 773 1159 nomine,
791 1124 827 1151 ut
851 1120 959 1162 supra,
983 1118 1133 1150 cumdem
1153 1158 1154 1173 ¹

391 1173 613 1216 perillustrem
646 1173 836 1205 advocatum
870 1172 1027 1204 Bonetum
1058 1178 1154 1213 pro-³

1176 542 1215 577 ta,
1241 538 1347 581 ipsum
1373 543 1402 570 et
1427 538 1543 570 dictam
1571 549 1661 571 suam
1683 540 1854 573 ecclesiam
1883 547 1915 574 et

1176 601 1323 623 mensam
1351 590 1527 633 tangentia,
1544 596 1624 631 rata,
1639 597 1731 634 grata
1751 598 1783 625 et
1797 593 1911 634 valida,

1177 653 1212 674 ac
1235 642 1325 675 firma
1350 654 1482 686 semper
1507 644 1641 684 habere,
1667 650 1789 685 tenere,
1809 650 1915 678 atten-

1177 695 1254 728 dere
1281 701 1312 728 et
1336 696 1517 736 observare,
1539 702 1569 729 et
1589 696 1654 729 illis
1671 697 1703 729 in
1721 698 1830 741 aliquo
1848 709 1914 731 non

1175 749 1410 788 contrafacere,
1438 749 1546 782 dicere
1568 751 1618 782 vel
1642 750 1767 791 venire,
1796 761 1854 784 seu
1880 761 1913 784 se

1175 800 1240 832 illis
1267 811 1449 844 opponere,
1469 802 1507 834 de
1527 802 1594 834 iure
1615 804 1665 836 vel
1684 803 1723 835 de
1742 803 1836 843 sacto,
1856 814 1916 847 per

1175 863 1208 885 se
1233 853 1340 896 ipsum
1358 864 1465 897 neque
1483 865 1542 897 per
1559 855 1658 887 alium
1675 857 1723 889 vel
1743 856 1834 896 alios,
1854 857 1913 889 sub

1175 905 1362 948 hypotheca
1379 911 1410 938 et
1425 906 1622 949 obligatione
1648 908 1793 941 omnium
1809 909 1914 942 bono-

1176 968 1245 990 rum
1269 958 1425 1000 praedicti
1452 959 1499 991 sui
1526 960 1780 1004 archiepiscopi²
1805 961 1914 994 Tauri-

1175 1010 1285 1042 nensis
1312 1015 1344 1043 et
1368 1011 1452 1044 illius
1477 1022 1610 1045 mensae
1627 1013 1790 1046 bonorum
1810 1015 1915 1047 mobi-

1175 1062 1252 1094 lium
1278 1067 1310 1095 et
1332 1062 1548 1097 immobilium
1574 1075 1610 1096 ac
1633 1065 1794 1098 fructuum
1818 1077 1914 1109 prae-

1176 1115 1317 1147 sentium
1351 1120 1383 1147 et
1415 1116 1593 1149 futurorum
1610 1144 1617 1157 ‚
1644 1128 1680 1150 ac
1707 1118 1817 1151 medio
1843 1119 1913 1152 eius

1174 1167 1359 1201 iuramento
1392 1179 1451 1212 per
1484 1180 1557 1202 eum
1594 1171 1700 1213 posita
1731 1173 1788 1204 sua
1817 1182 1913 1204 manu

392 1231 575 1258 curatorem
607 1230 639 1258 et
663 1225 795 1257 nomine
822 1224 898 1257 dicti
925 1223 1155 1260 illustrissimi
1176 1221 1307 1254 dextera
1333 1222 1373 1254 ad
1398 1222 1468 1254 eius
1493 1227 1605 1265 pectus
1635 1233 1724 1256 more
1750 1225 1914 1267 praelato-

391 1284 423 1311 et
436 1278 702 1311 excellentissimi
721 1277 843 1310 domini
858 1276 1055 1309 marchionis
1069 1276 1135 1309 Pla·
1153 1274 1155 1284 '
1175 1285 1247 1306 rum
1271 1275 1442 1317 praestito,
1468 1276 1558 1308 cuius
1577 1275 1694 1309 virtute
1714 1277 1914 1310 renunciavit
1951 1309 1955 1312 .

391 1330 543 1363 nitiarum
559 1331 680 1363 ibidem
694 1330 1132 1373 praesentem,genuflexum,
1154 1322 1155 1364 i
1175 1333 1207 1360 et
1232 1328 1400 1360 renunciat
1425 1329 1608 1372 exceptioni
1634 1329 1778 1362 omnium
1796 1336 1828 1363 et
1848 1331 1914 1364 sin-

392 1382 602 1426 stipulantem
620 1388 649 1415 et
669 1388 905 1425 acceptantem,
924 1387 959 1413 ut
976 1392 1084 1424 supra,
1101 1382 1132 1413 in
1153 1369 1155 1411 i
1174 1382 1325 1423 gulorum
1350 1382 1601 1424 praemissorum
1626 1393 1692 1415 non
1723 1383 1767 1415 sic
1798 1389 1833 1416 ut
1861 1394 1913 1416 su-

375 1437 637 1480 'possessionem
663 1436 739 1468 dicti
764 1436 865 1475 feudi,
890 1435 997 1476 castri,
1024 1435 1083 1468 loci
1104 1440 1135 1467 et
1153 1435 1155 1475 j
1174 1444 1233 1476 pra
1257 1439 1422 1476 gestorum
1448 1435 1671 1478 dictorumque
1689 1440 1721 1468 et
1740 1436 1909 1476 sactorum,

392 1489 490 1522 villae
512 1489 693 1527 Montanae,
717 1489 941 1531 bonorumque
960 1493 991 1521 et
1007 1487 1134 1527 iurium,
1153 1478 1156 1528 i
1174 1486 1306 1529 dolique
1333 1488 1417 1528 mali,
1443 1488 1499 1527 vis,
1525 1494 1638 1527 metus,
1665 1489 1810 1529 actionis,
1837 1500 1911 1522 con·

394 1553 430 1575 ac
447 1543 721 1585 pertinentiarum
739 1543 977 1585 praedictarum
997 1552 1055 1584 per
1073 1547 1135 1573 tra·
1152 1530 1156 1578 i
1175 1539 1307 1572 ditionis
1322 1539 1497 1580 indebitae,
1512 1541 1582 1573 sine
1596 1542 1646 1574 vel
1665 1541 1781 1574 iniusta
1801 1545 1908 1583 causa,

394 1595 551 1627 ditionem
577 1595 671 1627 unius
698 1595 796 1637 gladii
823 1595 995 1637 evaginati,
1021 1604 1056 1626 ac
1078 1595 1135 1627 he·
1153 1580 1157 1623 i
1175 1602 1222 1631 ac,
1235 1591 1450 1635 omnibusque
1465 1593 1545 1632 aliis,
1560 1593 1638 1625 iuris
1652 1598 1684 1625 et
1702 1594 1809 1636 legum
1823 1595 1910 1626 auxi-

393 1648 493 1690 nigno
510 1648 597 1690 pacis
617 1649 729 1681 osculo
747 1647 996 1687 interveniente,
1011 1647 1135 1679 induxit
1174 1644 1246 1684 liiS,
1274 1655 1336 1687 quo
1362 1655 1418 1677 seu
1444 1645 1558 1688 quibus
1583 1651 1695 1678 contra
1719 1646 1912 1689 praemisso-

395 1706 427 1733 et
451 1701 568 1743 posuit,
597 1712 632 1733 ac
657 1701 780 1733 inducit
804 1706 836 1733 et
859 1701 951 1743 ponit
976 1700 1073 1743 (quae
1092 1705 1137 1732 ta·
1175 1707 1244 1729 rum
1271 1697 1394 1740 aliquid
1420 1698 1540 1738 dicere,
1565 1699 1681 1739 facere,
1705 1699 1833 1739 venire,
1859 1701 1910 1732 vel

395 1764 471 1786 men
496 1754 605 1786 omnia
638 1759 668 1786 et
701 1754 830 1796 singula
868 1753 1035 1797 praedicta
1061 1753 1136 1786 fecit

396 1811 428 1838 et
452 1806 526 1839 facit
549 1807 636 1839 idem
661 1807 897 1840 illustrissimus
929 1812 962 1839 et
984 1817 1136 1839 reveren-

397 1859 549 1892 dissimus
577 1859 842 1903 archiepiscopus
869 1862 906 1892 ea
931 1860 989 1892 sub
1015 1861 1086 1901 lege
1105 1864 1137 1892 et

397 1912 582 1945 conditione
620 1913 704 1956 quod
742 1913 790 1945 ius
828 1912 1066 1956 superioritatis
1106 1917 1137 1944 et

398 1964 557 1997 directum
583 1965 761 1998 dominium
781 1965 941 1998 dictorum
957 1965 1066 2006 castri,
1089 1966 1137 1998 lo-

398 2016 438 2058 ci,
464 2018 559 2050 villae
585 2024 617 2051 et
634 2018 770 2051 aliorum
791 2019 824 2051 in
842 2018 1028 2051 huiusmodi
1049 2019 1137 2051 inve-

399 2070 511 2103 stitura
527 2070 644 2104 feudali
663 2072 977 2114 comprehensorum
997 2071 1085 2114 ipso3
1101 2071 1134 2104 il-

399 2123 594 2156 lustrissimo
628 2129 659 2156 et
693 2123 967 2156 reverendissimo
1004 2124 1136 2156 domino

401 2176 659 2220 archiepiscopo,
674 2177 777 2210 dictae
797 2187 874 2209 suae
890 2176 1044 2209 ecclesiae
1059 2176 1137 2208 Tau—

401 2229 525 2261 rinensi
551 2234 583 2262 et
606 2229 694 2262 illius
719 2240 863 2269 mensae,
887 2234 919 2262 et
944 2229 1137 2262 successori-

400 2282 460 2313 bus
481 2282 544 2314 suis
566 2282 599 2314 in
620 2285 657 2314 ea
674 2293 732 2325 pro
752 2287 899 2325 tempore
917 2282 1137 2322 existentibus,

400 2340 591 2366 remaneant
614 2340 645 2367 et
677 2340 840 2367 reservata
876 2335 941 2368 sint
964 2335 997 2367 in
1021 2345 1139 2378 perpe-

402 2387 518 2428 tuum),
544 2388 736 2429 promittens
762 2388 908 2431 insuper,
934 2393 1032 2431 prout
1062 2397 1139 2431 pro-

439 2466 448 2491 1
473 2465 585 2492 'Videtur
606 2466 746 2500 legendum
761 2468 892 2495 succedat
905 2470 942 2501 (R.
958 2468 1005 2502 11).

438 2509 453 2535 Ξ
469 2509 577 2535 Videtur
592 2509 735 2544 legendum
752 2511 823 2537 vices
838 2512 878 2546 (R.
894 2512 944 2545 T.)-

439 2553 454 2580 3
474 2554 566 2580 Potius
588 2553 644 2588 lege
666 2554 722 2588 ipsi
741 2561 779 2580 ⁴1³.
796 2554 843 2588 T.).

1176 1750 1255 1783 alias
1273 1750 1523 1793 quomodolibet
1539 1761 1571 1784 se
1591 1751 1688 1784 dicitS
1704 1751 1816 1795 possit.
1837 1751 1918 1790 Qui-

1175 1804 1235 1836 bus
1260 1804 1392 1836 attentis
1422 1804 1509 1837 idem
1544 1804 1736 1847 perillustris
1762 1804 1912 1837 dominus

1176 1856 1348 1889 advocatus
1374 1856 1516 1889 Bonetus
1533 1883 1540 1896 ,
1566 1862 1760 1900 procurator
1784 1857 1912 1900 praedi-

1177 1914 1256 1949 ctus,
1270 1909 1401 1942 nomine
1416 1910 1490 1942 dicti
1507 1910 1770 1943 excellentissimi
1790 1910 1912 1943 domini

1177 1962 1374 1995 marchionis
1387 1963 1605 2002 Planitiarum,
1616 1963 1727 2006 vigore
1742 1963 1817 1996 dicti
1830 1973 1913 1996 man-

1178 2016 1252 2056 dati,
1272 2026 1310 2048 ea
1335 2016 1443 2049 onmia
1468 2021 1499 2049 et
1523 2017 1649 2058 singula
1674 2016 1841 2059 praedicta
1863 2026 1914 2049 ac-

1177 2074 1322 2112 ceptans,
1346 2069 1430 2102 bona
1454 2068 1517 2101 fide
1544 2075 1575 2101 et
1600 2070 1671 2102 sine
1693 2070 1767 2102 dolo
1792 2079 1852 2112 per
1876 2080 1910 2102 se

1178 2126 1209 2154 et
1232 2131 1306 2154 suos
1331 2121 1414 2154 filios
1452 2128 1483 2155 et
1517 2132 1726 2155 successores
1751 2124 1911 2156 masculos

1178 2175 1340 2215 legitimos
1360 2175 1594 2218 primogenitos
1612 2185 1670 2218 per
1690 2175 1807 2208 lineam
1832 2186 1914 2208 mas·

1178 2227 1316 2260 culinam
1340 2227 1481 2270 legitime
1502 2228 1737 2261 descendentes
1756 2228 1912 2271 promisit,

1179 2287 1219 2320 et,
1241 2280 1406 2323 praedicto
1425 2281 1643 2313 illustrissimo
1662 2287 1694 2314 et
1709 2281 1914 2314 reverendis-

1179 2334 1261 2366 simo
1286 2333 1418 2366 domino
1443 2334 1691 2377 archiepiscopo
1716 2339 1910 2377 praesente,

1217 2422 1226 2447 1
1250 2420 1281 2447 Ni
1300 2421 1333 2447 sit
1352 2420 1494 2456 legendum
1515 2421 1708 2449 instrumento
1722 2421 1760 2455 (fl.
1776 2422 1824 2452 τ.)-

1215 2464 1230 2490 2
1250 2464 1349 2492 Forsan
1370 2465 1630 2499 archiepiscopatus
1649 2466 1687 2498 (n.
1705 2465 1754 2499 Τ.).

1215 2509 1231 2535 3
1252 2508 1341 2535 Verba
1361 2516 1389 2535 se
1411 2509 1482 2535 dicit
1501 2516 1610 2543 prorsus
1629 2511 1738 2543 praeter
1755 2515 1814 2535 rem
1833 2511 1911 2542 sunt3

1180 2552 1268 2579 rosan
1289 2561 1316 2579 se
1335 2560 1477 2587 opponere
1493 2552 1531 2582 (n.
1547 2551 1595 2586 7.).
