2247 3208
197 190 244 217 111,
263 187 290 216 c.
316 186 383 214 1666
428 176 493 211 434

393 234 580 272 omitteret,
614 240 718 273 neque
754 239 891 272 usquam
923 226 1073 260 adhibuit
1096 226 1129 259 in

393 286 563 319 consilium
589 295 680 322 eam,
708 293 802 325 quam
835 280 1041 324 prudentiam
1069 280 1130 312 1111-

391 349 530 377 manam,
557 348 613 369 seu
640 336 779 368 nominis
797 333 1055 367 aestimationem
1074 343 1129 365 vo-

391 397 481 429 cant‘,
510 391 577 430 sed,
605 388 783 430 evangelici
803 387 877 421 dicti
904 396 1037 425 memor,
1056 396 1128 418 eum

390 445 478 477 haud
505 444 621 475 liceret
644 443 762 484 palam,
794 444 970 483 aperteque
997 440 1127 479 vivere,

391 509 425 529 ac
451 497 547 529 fidem
580 494 777 533 contestari,
808 494 839 525 in
873 493 982 525 obvias
1006 492 1127 535 ubique

392 551 531 583 latebras
557 558 625 581 sese
652 547 799 586 abdebat,
819 551 854 578 ut
871 550 946 588 post
962 545 1127 578 modicum

391 603 554 635 silentium
579 601 766 642 insurgeret
790 599 944 631 adversus
966 598 1128 631 haeresim

390 655 628 693 vehementius,
656 663 740 685 1111116
764 652 797 685 111
823 652 923 685 furnis
940 679 947 692 ,
977 662 1063 684 nunc
1096 652 1127 683 111

391 708 548 746 maceriis,
568 716 654 738 nune
679 706 712 738 111
737 705 929 738 horroribus
955 705 1128 747 sylvarum,

391 772 476 793 nunc
513 760 545 792 in
582 758 746 802 profundo
784 756 1006 800 altissimoque
1052 757 1149 800 gelu

977 181 1156 204 BULLARIUM
1181 179 1333 205 ROMANL‘M

391 812 579 846 continebat
610 812 766 854 impetum
804 811 889 850 zeli,
918 810 1149 846 absconditus]

391 867 478 899 velut
502 865 533 897 in
559 864 685 898 Domini
712 864 933 903 tabernaculo,
961 873 1025 906 quo
1051 862 1129 895 insi-

391 918 555 951 diantibus
586 916 759 949 haereticis
794 915 1018 958 incompertus
1051 915 1129 947 vali-

391 972 463 1004 dius
489 972 669 1003 insultaret.

391 1077 562 1109 manifesta
586 1075 699 1107 mortis
735 1074 793 1107 sihi
828 1075 1004 1107 intentatae
1033 1085 1129 1116 argu-

391 1182 569 1214 custodiam
594 1181 752 1221 militum,
778 1181 859 1213 adeo
893 1185 928 1212 ut
952 1185 1084 1223 rogatus
1112 1190 1129 1212 a

1918 186 1964 211 An.
1980 186 2006 212 C.
2032 185 2098 213 ¹666

1171 226 1342 270 imperium
1357 229 1510 271 parentis,
1526 241 1543 263 a
1556 241 1621 274 quo
1635 231 1807 265 iubebatur
1822 232 1906 266 vitae

1172 284 1219 312 tot
1232 280 1358 313 insidiis
1376 282 1535 324 appetitae
1553 285 1733 325 consulere,
1751 295 1905 328 suamque

1172 332 1303 365 domum
1327 339 1496 376 repetere,
1527 335 1580 367 ubi
1606 346 1665 378 per
1696 337 1838 380 quietem
1870 349 1906 370 ac

1170 385 1375 418 securitatem
1397 386 1443 418 fas
1469 391 1539 418 erat
1564 387 1629 420 Deo
1650 389 1841 433 superisque
1867 391 1905 423 li-

1169 437 1278 470 berius
1303 448 1426 471 vacare.

1214 491 1228 533 ᾗ
1253 490 1284 523 6.
1307 490 1387 529 Quin
1404 492 1588 533 studiosius,
1608 494 1855 539 accuratiusque
1872 497 1903 530 in

1170 543 1332 576 Ecclesiae
1351 545 1574 578 defensionem
1595 547 1763 587 incumbit,
1784 553 1815 581 et
1831 559 1904 583 cum

1169 606 1245 629 voce
1269 597 1502 640 prohiberetur
1528 599 1681 632 adiuvare
1706 601 1903 643 populorum

1973 506 2097 528 l'drttclildui

1916 533 1995 553 Tononi
2011 536 2083 554 erexit.

1148 655 1149 660 ¹
1170 648 1275 688 tidem,
1301 649 1408 692 eoepit
1433 660 1469 682 ex
1482 650 1626 700 geripm,
1652 652 1798 694 pluribus
1830 664 1905 686 con-

1170 702 1263 734 fectis
1290 702 1419 743 libellis,
1442 705 1661 748 evulgatisque
1681 705 1839 747 thesibus,
1858 706 1905 739 in-

1169 754 1245 787 time
1282 755 1444 788 haeresim
1481 758 1658 800 percellere
1677 785 1683 797 ,
1717 763 1905 802 tantumque

1170 807 1294 849 effecit,
1324 814 1358 841 ut
1382 809 1505 842 Tononi
1531 811 1720 853 parochiam
1746 812 1903 851 erexerit,

1170 866 1201 893 et
1219 864 1315 903 paulo
1334 867 1419 905 post,
1439 873 1510 896 cum
1530 864 1650 906 insigni
1668 865 1834 907 religionis
1856 876 1907 898 ca-

1170 913 1309 947 tholicae
1328 914 1538 955 incremento,
1565 918 1674 960 plures
1697 917 1736 949 ad
1761 918 1904 951 veritatis

1147 966 1149 1011 f
1170 968 1276 999 lumen
1301 967 1387 1000 viros
1414 968 1558 1001 doctrina
1583 970 1743 1009 celebres,
1771 980 1904 1013 quorum

435 1026 448 1066 ἓ
474 1024 503 1056 5.
532 1024 622 1061 Inde,
649 1022 755 1054 animo
781 1022 907 1054 excelso
933 1020 1149 1064 sublimique}

1148 1068 1149 1074 ¹
1170 1074 1269 1113 batur,
1285 1074 1466 1107 adduxerit.
1486 1075 1520 1107 In
1537 1076 1600 1108 hoc
1620 1081 1727 1109 tamen
1744 1076 1836 1110 fidei¹
1855 1089 1904 1110 au-

390 1135 497 1162 menta
524 1129 683 1167 irridens,
717 1127 879 1160 abnuebat.
904 1127 1066 1170 praesidia
1099 1132 1149 1179 et⁴¹

390 1237 512 1268 barone
552 1235 754 1268 Ernanciano
777 1262 784 1275 ,
811 1235 893 1268 arcis
924 1235 1148 1281 Allingianae

390 1290 566 1332 praesecto,
584 1294 618 1320 ut
638 1289 768 1321 nonnisi
795 1288 926 1322 militari
951 1299 1047 1321 manu
1073 1289 1129 1320 sti-

391 1347 482 1384 patus
499 1352 537 1373 ex
559 1352 633 1374 arce
659 1342 814 1384 prodiret,
830 1341 1045 1384 responderit,
1063 1352 1127 1374 non

391 1394 454 1427 alio
479 1394 616 1427 militum
642 1395 795 1427 satellitio
821 1405 891 1427 esse
917 1405 1009 1437 opus,
1032 1405 1128 1438 quam

392 1458 440 1486 eo,
469 1448 556 1490 quod
586 1447 692 1480 divina
722 1447 926 1491 providentia
951 1448 1129 1480 destinave-

1169 1020 1344 1063 praecipue
1377 1021 1565 1055 auctoritate
1597 1023 1798 1056 mendacium
1823 1024 1905 1056 nite—

1169 1131 1300 1168 gmento
1324 1126 1517 1170 prudentiae
1534 1129 1674 1162 ,modum
1700 1129 1843 1171 retinuit,
1862 1141 1902 1163 ne

1169 1178 1302 1212 liberius
1336 1191 1434 1222 agens
1471 1186 1563 1214 aucta
1598 1182 1764 1225 perderet.
1792 1183 1901 1226 Itaque
1942 1191 2096 1212 Eucharistiam

1913 1218 1998 1238 infirmi>
2007 1219 2026 1238 in
2036 1219 2096 1239 thei-a

1169 1233 1309 1266 curionis
1344 1239 1452 1277 partes
1478 1245 1597 1277 agens,
1624 1240 1655 1267 et
1678 1235 1902 1269 Eucharistiae
1914 1244 2014 1264 inensam
2037 1245 2094 1265 dete<

1913 1271 1981 1291 rebat.

1169 1292 1409 1319 sacramentum
1431 1287 1470 1320 ad
1488 1287 1666 1321 catholicos
1684 1287 1716 1320 in
1736 1289 1819 1321 vitae
1838 1289 1903 1322 dis-

1147 1338 1148 1346 *
1169 1340 1302 1373 crimine
1320 1341 1444 1384 positos
1471 1341 1630 1381 deserens,
1650 1353 1690 1375 ne
1717 1343 1794 1385 quid
1819 1343 1903 1375 iniu-

1143 1382 1148 1397 t

211 1508 381 1533 swarnfinnnffi
394 1507 452 1533 rat.
480 1502 588 1539 Immo,
608 1513 679 1534 cum
697 1502 782 1534 idem
800 1506 961 1534 assereret
986 1501 1129 1534 haereti-

198 1539 381 1595 iiii-”iiui'issicssiisiii
393 1566 447 1587 cos
480 1555 508 1586 vi
541 1555 762 1593 coercendos,
788 1559 1028 1598 ostentaretque
1066 1559 1129 1586 tor-

198 1594 381 1639 lssiilii'ffiss‘rif'*
392 1613 499 1640 menta
519 1608 635 1641 bellica
657 1612 687 1640 et
707 1608 845 1640 militare
868 1608 1047 1640 subsidium
1064 1618 1127 1650 quo

392 1667 503 1703 posset
534 1659 722 1692 Franciscus
754 1659 799 1691 uti
832 1661 869 1693 ad
901 1660 1031 1692 eosdem
1057 1660 1128 1692 hae-

391 1713 508 1745 reticos
537 1715 586 1746 vel
618 1713 881 1756 comprimendos
916 1714 964 1745 vel
997 1713 1035 1745 ad
1060 1723 1128 1745 me-

390 1765 507 1798 liorem
526 1766 651 1807 frugem
669 1766 878 1804 revocandos,
899 1765 1037 1808 ingenue
1056 1776 1128 1808 pro-

1168 1394 1233 1426 riae
1267 1399 1495 1426 sacrosanctae
1520 1394 1740 1427 Eucharistiae
1775 1396 1903 1429 sectarii

1169 1447 1336 1487 inferrent,
1363 1458 1434 1479 eam
1459 1448 1606 1489 gestabat
1631 1449 1785 1490 argentea
1810 1449 1904 1481 theca

1169 1500 1327 1531 inclusam
1352 1509 1368 1531 e
1394 1501 1477 1532 collo
1507 1500 1701 1542 pendulam:
1730 1499 1797 1543 ipse
1823 1500 1905 1533 inte-

1169 1552 1228 1584 rim
1253 1552 1340 1595 pileo
1372 1557 1483 1592 tectus,
1517 1553 1615 1596 pallio
1641 1552 1903 1594 circumvolutus,

1169 1604 1254 1647 gravi
1280 1615 1384 1647 passu,
1410 1604 1573 1637 neminem
1595 1605 1633 1637 de
1659 1605 1708 1637 via
1733 1606 1877 1639 salutans
1893 1633 1900 1647 ‚

1147 1658 1148 1665 ¹
1169 1658 1397 1690 venerandus²
1420 1657 1604 1690 incedebat.

391 1818 493 1850 sessus
526 1818 585 1850 suit
619 1829 714 1861 quam
747 1819 873 1851 attede
907 1818 1004 1850 divini
1037 1818 1148 1862 verbi¹

390 1871 535 1914 potentia
559 1871 708 1910 sentiret,
741 1870 924 1910 affirmans,
956 1881 1036 1914 opus
1061 1882 1126 1904 non

393 1934 462 1956 esse
489 1924 649 1956 machinis
667 1951 673 1962 ,

394 2029 463 2061 eius
489 2029 640 2061 fiduciam
676 2029 853 2061 fraudavit:
880 2039 953 2061 nam
989 2039 1060 2061 611111
1087 2030 1128 2062 si-

394 2082 471 2115 carii
508 2084 688 2125 complures
725 2081 856 2114 immissi
895 2082 934 2114 ad
975 2093 1049 2115 611111
1087 2083 1126 2115 de

392 2136 500 2168 medio
526 2136 722 2173 tollendum,
755 2136 884 2168 tandem
920 2135 1127 2169 Franciscum

392 2189 475 2220 nacti
502 2188 620 2220 strictis
647 2188 760 2230 gladiis
792 2189 924 2221 caedem
951 2189 1064 2221 facturi
1094 2189 1128 2222 111

393 2252 465 2273 611111
487 2241 670 2281 irruissent,
694 2241 761 2274 eius
786 2242 972 2284 praesentia
997 2248 1028 2274 et
1050 2243 1127 2275 leni-

393 2300 456 2326 tate
475 2295 624 2337 permoti,
649 2295 778 2335 deiecti,
797 2306 833 2327 ac
851 2296 1003 2328 exarmati
1022 2296 1125 2329 suere:

392 2355 556 2387 nunquam
584 2346 668 2377 enim
694 2346 777 2378 Deus
802 2356 856 2378 eos
886 2346 962 2378 sinit
986 2347 1101 2380 cadere
1117 2374 1124 2387 ,

392 2398 445 2439 qui
461 2409 515 2440 spe
534 2398 658 2431 divinae
681 2399 903 2441 providentiae
924 2399 1019 2432 fidem
1035 2401 1126 2432 susti-

393 2456 481 2482 nent.
510 2451 687 2493 Propterea
720 2452 757 2483 de
784 2452 914 2484 caelesti
946 2452 1125 2494 patrocinio

393 2504 455 2537 iam
482 2504 522 2535 ob
548 2503 715 2536 innumera
746 2505 968 2547 experimenta
1000 2511 1124 2545 certus,

395 2557 508 2592 maluit
526 2568 620 2599 agere
646 2557 701 2589 Dei
727 2567 864 2597 causam,
888 2568 985 2600 quam
1010 2558 1124 2601 exequi

702 1924 755 1956 ubi
780 1923 863 1956 Deus
896 1924 963 1956 cius
993 1917 1148 1970 verbumf

393 1976 495 2009 audiri
521 1976 735 2019 permitteret.
760 1976 870 2019 Neque
894 1976 979 2008 Deus
1005 1972 1148 2009 tantaml

1212 1710 1306 1743 Hisce
1332 1710 1451 1743 artibus
1478 1716 1661 1754 praestans,
1685 1711 1791 1744 iussus
1812 1712 1870 1744 suit
1886 1719 2096 1766 assozaflffiaeggltliffln

1168 1763 1331 1796 Clemente
1355 1764 1418 1796 VIII
1444 1764 1546 1797 felicis
1564 1764 1797 1797 recordationis
1813 1775 1904 1808 prae-
1915 1775 1949 1792 111.

1170 1816 1343 1849 decessore
1363 1821 1474 1849 nostro
1502 1817 1590 1849 adire
1615 1817 1823 1850 Theodorum
1847 1817 1904 1850 Be-

1170 1880 1237 1902 zam
1251 1869 1455 1903 Calvinianae
1476 1871 1619 1903 haeresis
1638 1871 1831 1903 acerrimum
1847 1870 1903 1903 1111-

1170 1922 1305 1954 nistrum
1332 1933 1367 1955 ac
1390 1929 1675 1966 propugnatorem,
1695 1928 1727 1955 et
1743 1933 1815 1955 cum
1833 1924 1902 1956 solo

1169 1976 1257 2007 solus
1283 1985 1388 2017 agere,
1412 1981 1455 2012 ut,
1474 1978 1510 2008 ea
1536 1986 1593 2008 ove
1612 1976 1650 2007 ad
1676 1975 1793 2020 Christi
1819 1975 1901 2008 ovile

1170 2028 1311 2067 reducta,
1323 2029 1507 2071 complures
1522 2028 1600 2060 alias
1614 2032 1797 2060 revocaret:
1813 2028 1900 2070 quod

1168 2091 1244 2113 sane
1271 2080 1385 2113 eximie
1411 2081 1599 2112 Franciscus
1618 2080 1785 2123 praestitit,
1805 2079 1901 2113 Geneae

1169 2143 1222 2165 vae
1248 2144 1312 2165 non
1338 2133 1407 2165 sine
1433 2133 1515 2165 vitae
1546 2132 1692 2175 periculo
1717 2143 1787 2165 eum
1819 2133 1901 2165 Beza

1168 2196 1385 2227 congressus,
1414 2186 1466 2228 qui
1500 2191 1620 2226 tamen,
1647 2189 1683 2217 ut
1716 2195 1752 2217 ex
1785 2183 1901 2217 merito

1168 2238 1347 2271 confutatus
1373 2239 1541 2271 veritatem
1567 2238 1669 2270 fassus
1695 2243 1759 2277 est,
1788 2237 1833 2269 ita
1863 2247 1901 2270 ex

1167 2293 1304 2332 scelere,
1324 2302 1441 2324 arcano
1455 2291 1510 2324 Dei
1529 2291 1657 2330 iudicio,
1671 2291 1824 2333 indignus
1843 2290 1902 2323 suit

1168 2345 1222 2388 qui
1248 2346 1287 2377 ad
1312 2345 1488 2377 Ecclesiam
1513 2345 1647 2377 rediret.

1211 2398 1225 2440 ἓ
1256 2398 1286 2430 7.
1324 2398 1448 2430 Interea
1478 2397 1644 2429 Tonouum
1672 2402 1704 2429 et
1737 2395 1901 2428 circumie-
1937 2403 2095 2430 Lucem-emis

1911 2433 2021 2451 succurrit.

1167 2450 1439 2497 ctanrregionem
1479 2450 1547 2482 dira
1586 2451 1654 2481 lues
1684 2449 1798 2481 invasit
1828 2458 1901 2481 cum

1204 2523 1213 2547 t
1237 2521 1285 2548 Ed.
1302 2520 1384 2547 Main.
1401 2520 1466 2555 legit
1479 2520 1532 2555 fide
1548 2522 1587 2554 (11.
1603 2524 1651 2552 1.).

1200 2565 1216 2593 2
1237 2565 1337 2591 Forsan
1357 2564 1575 2591 venerabundus
1596 2564 1631 2598 (a.
1648 2564 1696 2599 T.).
