2247 3208
145 215 195 243 An.
218 215 247 241 C.
269 214 337 242 1664

931 215 1010 238 Atax
1019 216 1118 239 tNDER
1142 217 1185 240 VII
1212 218 1258 240 ΡΙ).

1748 211 1810 244 0205

335 262 532 307 procedatur
556 262 640 294 intra
666 262 747 295 duos
772 272 899 296 menses
922 264 967 304 (et
992 263 1093 308 inte·¹
1116 270 1181 297 stro
1207 276 1265 308 pro
1291 265 1536 299 confirmatione
1569 268 1599 300 in
1627 269 1727 301 surina
1753 270 1853 312 speci-

334 316 395 350 rim
421 326 486 359 quo
511 315 606 348 citius
632 314 700 348 lieri
720 316 853 359 poterit)
873 316 910 348 ad
937 314 1072 349 electio-

334 379 408 402 nem
433 368 508 401 novi
533 368 643 401 vicarii
676 369 860 412 generalis;
888 375 918 401 et
942 370 981 402 ad
1008 371 1072 402 ele-

334 423 476 455 ctionem
500 427 685 465 opportnno
713 428 856 466 tempore
876 423 1072 455 advocentur

333 480 442 518 patres
468 475 577 508 vicarii
604 476 772 517 generales
808 475 966 515 absoluti,
993 485 1071 517 qua·

333 533 407 561 tuor
443 528 653 567 definitores,
686 533 827 571 quatuor
861 528 1068 567 visitatores,

333 586 529 624 procurator
561 581 743 623 generalis,
776 580 884 613 socius
909 584 940 612 et
964 589 1070 612 secrc-

333 634 432 667 tarius
458 633 745 676 Congregationis,
776 638 808 665 et
831 633 881 665 his
907 637 1070 675 competat

331 686 381 718 ius
400 686 540 728 eligendi
554 691 680 728 patrem
703 684 858 716 vicarium
882 685 1069 727 generalem

331 739 410 771 alias
437 738 614 780 eligibilem
640 742 672 771 et
696 747 848 780 capacem
874 742 905 769 ct
928 747 995 770 non
1018 748 1069 770 va-

331 796 459 825 cantem
474 791 513 823 ad
528 791 663 823 sormam
686 790 806 823 decreti
820 790 969 834 superins
984 801 1069 823 ema-

330 845 414 885 nati‚
449 844 639 877 duraturum
676 854 778 887 usque
814 844 852 876 ad
890 845 1067 887 capitulum

330 898 483 940 generale
517 897 663 940 proxime
697 897 948 937 celebrandum
976 898 1068 930 satis-

330 960 392 993 que
419 950 492 990 erit‚
508 950 534 983 si
550 960 587 982 ex
612 950 786 993 praedietis
812 951 986 983 nominatis
1004 952 1068 983 cle-

329 1003 472 1036 ctoribus
499 1003 615 1035 saltem
648 1003 820 1035 duodecim
852 1003 1065 1043 conveniant,

328 1061 361 1088 et
384 1056 592 1099 reperiantur
622 1057 655 1088 in
688 1057 845 1090 electione
876 1057 1064 1100 praedicta3

328 1109 355 1142 si
375 1114 485 1142 autem
510 1110 542 1142 in
567 1110 685 1142 minori
711 1120 847 1143 numero
869 1121 963 1153 qnam
990 1110 1067 1143 duo-

328 1163 435 1196 decim
461 1163 689 1203 convenerint,
716 1173 818 1206 usque
851 1163 889 1195 ad
915 1164 1066 1196 eumdem

328 1226 500 1249 numerum
518 1216 747 1248 duodecimum
766 1216 804 1248 ab
834 1216 884 1248 liis
907 1216 960 1259 qui
978 1227 1068 1259 prae-

327 1273 436 1300 sentes
457 1268 578 1300 fuerint
595 1269 817 1310 subrogentur
834 1268 899 1306 alii,
918 1268 972 1311 qui
990 1269 1067 1301 alias

327 1331 442 1354 vocem
460 1320 493 1353 in
512 1321 663 1364 proximo
689 1321 831 1364 capitulo
857 1322 999 1354 habituri
1018 1332 1068 1354 es-

327 1378 410 1414 sent,
430 1378 471 1413 et,
493 1373 559 1416 qui,
586 1378 620 1405 ut
643 1374 837 1417 praefertur,
856 1374 975 1406 electus
1000 1374 1068 1406 sue-

326 1425 386 1467 rit,
412 1425 603 1469 ineligibilis
629 1426 761 1459 omnino
788 1426 827 1458 sit
854 1426 885 1458 in
911 1426 1067 1459 vicarium

327 1479 514 1522 generalem
551 1479 583 1511 in
619 1479 766 1521 proximo
805 1479 945 1522 capitulo
982 1480 1067 1512 ccle-

327 1532 463 1573 brando;
473 1537 639 1564 reservato
653 1532 858 1575 beneplacito
874 1533 1066 1575 apostolico,

326 1589 359 1617 et
380 1595 448 1618 non
473 1585 563 1625 alias,
588 1589 650 1617 etc.

367 1648 439 1671 xxv.
467 1637 681 1671 Confirmatae
700 1642 731 1670 et
747 1643 904 1681 quatenus
929 1649 1010 1682 opus
1028 1639 1068 1671 sit

327 1691 495 1724 innovatae
514 1691 644 1724 suerunt
657 1691 862 1724 definitiones
880 1692 912 1724 in
925 1692 1065 1735 capitulo

327 1744 471 1786 generali
496 1744 642 1777 Romano
663 1745 701 1777 de
726 1755 811 1778 anno
835 1755 975 1778 iuncxmv
1000 1746 1066 1778 edi-

328 1801 377 1829 tae
403 1802 434 1829 et
457 1802 622 1829 emanatae
655 1798 687 1829 in
717 1798 865 1830 omnibus
891 1798 1067 1840 praesenti-

327 1849 385 1882 bus
405 1859 474 1884 non
500 1849 752 1882 adversantibus.

369 1912 452 1935 xxv1.
486 1901 530 1934 Ne
564 1903 804 1945 praedictarum
842 1902 1066 1936 definitionum

327 1955 500 1997 exequutio
533 1955 689 1988 oblivioni
722 1956 887 1995 tradatur,
921 1956 1065 1990 districte

327 2007 524 2050 praecipitur
538 2007 699 2050 prioribus
722 2009 870 2041 omnibus
895 2009 1063 2049 localibus,

327 2066 362 2093 ut
385 2065 458 2104 post
482 2061 609 2094 illarum
634 2061 854 2104 receptionem
872 2066 903 2094 et
923 2063 1066 2105 publica-

329 2113 450 2146 tionem
470 2124 522 2147 eas
547 2114 688 2147 inserere
714 2119 745 2146 et
769 2114 923 2156 colligare
949 2114 1066 2147 saciant

328 2167 360 2199 in
384 2167 468 2200 libro
492 2168 623 2210 regulae
641 2172 715 2210 post
731 2167 880 2210 antiquas
906 2166 1066 2200 definitio-

328 2229 393 2259 nes,
412 2220 470 2252 sub
495 2222 598 2263 poena
622 2220 810 2263 privationis
830 2220 925 2252 officii
943 2225 974 2252 et.
990 2220 1066 2252 alia-

329 2271 423 2304 rum¹
449 2272 582 2306 arbitrio
615 2273 714 2315 patris
738 2273 847 2305 vicarii
885 2273 1062 2315 generalis:

328 2336 407 2369 quas
439 2336 561 2369 poenas
593 2326 714 2369 pariter
745 2326 919 2367 subibunt,
953 2326 980 2358 si
1012 2337 1065 2358 eas

328 2378 455 2421 singulo
481 2389 611 2422 quoque
635 2389 744 2411 mense
774 2389 882 2411 coram
914 2379 1065 2412 fratribus

328 2431 361 2463 in
384 2432 514 2475 publica
536 2433 645 2465 mensa
668 2431 732 2474 legi
757 2442 822 2464 non
847 2432 1039 2465 curaverint.

370 2486 409 2519 Et
425 2486 622 2529 supplicetur
638 2484 840 2518 sanctissimo
858 2485 989 2518 domiuo
1007 2496 1064 2518 no-

366 2599 376 2627 1
398 2599 540 2626 videretur
553 2599 699 2635 legendum
714 2599 782 2626 aliis
799 2598 837 2634 (R.
848 2599 896 2633 T.).

1115 316 1172 349 sica
1198 319 1339 351 omnium
1361 320 1598 362 praedictarum
1625 320 1851 356 definitionum

1114 380 1173 412 per
1198 371 1296 403 Breve
1321 371 1501 405 Sanctitatis
1526 373 1618 407 Suae.

1158 423 1294 455 tomas
1318 424 1471 458 anunm
1496 426 1666 469 episcopus
1692 428 1851 461 Albanen-

1113 474 1156 506 sis
1189 476 1359 509 cardinalis
1393 477 1595 518 PALLoth's,
1630 485 1794 522 protector
1819 486 1851 514 et

1114 537 1256 569 praeses.

1157 579 1268 612 Frater
1290 580 1484 615 ancisers
1499 582 1601 616 3111111
1625 584 1662 615 (le
1681 585 1848 625 Cremona,

1113 637 1305 674 procurator
1330 634 1499 675 generalis,
1526 646 1621 667 manu
1648 637 1823 679 propria».

1155 684 1169 727 ἓ
1194 684 1225 717 02.
1253 685 1330 717 Cum
1356 691 1478 726 autem,
1501 687 1585 719 sient
1610 689 1722 721 eadem
1750 700 1848 733 expo-

1111 737 1186 769 sitio
1212 738 1442 781 subinngebat,
1465 741 1631 782 praefatus
1655 734 1891 775 F1·a11s·iscus‘''‘

1111 790 1208 822 Maria
1232 797 1429 834 procurator
1454 794 1616 834 generalis
1639 794 1846 828 definitiones

1112 843 1324 884 huiusmodi,
1356 855 1420 888 quo
1450 845 1574 879 firmins
1610 847 1791 880 subsistant
1815 854 1847 880 et

1111 901 1286 929 serventur
1311 897 1476 938 exactius,
1504 900 1704 941 apostolicae
1731 900 1848 933 contir-

1110 949 1262 981 mationis
1287 955 1418 983 nostrae
1454 952 1621 994 praesidio
1651 953 1846 985 communiri

1111 1012 1320 1045 summopere
1336 1004 1517 1036 desideret:
1538 1015 1607 1043 nos,
1627 1005 1727 1048 ipsius
1750 1006 1848 1038 Fran-

1111 1055 1187 1087 cisci
1206 1055 1321 1088 Mariae
1338 1057 1562 1099 procuratoris
1581 1059 1744 1100 generalis
1764 1060 1846 1092 votis

1112 1107 1334 1140 favorabiliter
1359 1119 1503 1141 annuere
1530 1110 1700 1153 cupientes
1718 1138 1725 1151 ‚
1757 1122 1847 1144 eum-

1111 1171 1173 1203 que
1191 1171 1207 1192 a
1223 1161 1389 1203 quibusvis
1405 1163 1757 1202 cxcommnnicationis,
1777 1175 1846 1196 sus-

1110 1213 1279 1256 pensionis
1307 1219 1339 1246 et
1368 1214 1550 1254 interdicti,
1578 1216 1714 1260 aliisque
1741 1218 1846 1250 ecele-

1110 1266 1250 1298 siasticis
1277 1267 1459 1307 sentffltiis,
1486 1269 1633 1301 censuris
1656 1275 1687 1301 et.
1706 1270 1843 1313 poenis,

1110 1330 1127 1351 a
1144 1319 1212 1351 iure
1238 1320 1289 1352 vel
1315 1321 1354 1352 ab
1373 1321 1514 1360 bomine,
1534 1322 1645 1365 quavis
1671 1323 1844 1356 occasione

1109 1372 1158 1404 vel
1181 1374 1277 1404 causa
1294 1373 1376 1411 latis,
1396 1373 1421 1405 si
1454 1374 1570 1417 quibus
1600 1375 1846 1417 quomodolibet

1109 1425 1283 1458 innodatus
1309 1426 1426 1466 existit,
1454 1428 1493 1459 ad
1519 1426 1667 1460 effectum
1688 1439 1845 1471 praesen-

1110 1478 1187 1510 tium
1223 1479 1386 1512 dumtaxat
1421 1481 1702 1524 consequendtun,
1730 1481 1845 1514 harum

1110 1532 1196 1564 serIe
1211 1532 1418 1565 absolventes
1438 1538 1469 1565 et
1481 1534 1667 1566 absolutum
1686 1535 1755 1567 sore
1774 1545 1845 1567 een-

1110 1589 1220 1617 sentes
1241 1612 1248 1625 ‚
1279 1586 1575 1629 supplicationibus
1608 1587 1678 1620 eius
1712 1588 1845 1620 nomine

1109 1638 1204 1671 nobis
1237 1649 1338 1682 super
1377 1639 1439 1672 hoe
1479 1640 1649 1673 humiliter
1681 1641 1843 1684 porrectis

1109 1690 1274 1731 inclinati,
1306 1702 1419 1725 omnes
1453 1697 1485 1725 ct
1510 1693 1654 1735 singulas
1687 1693 1845 1726 definitio-

1108 1754 1166 1776 nes
1191 1744 1414 1787 praeinsertas
1439 1746 1471 1778 in
1497 1745 1684 1779 definitorio
1710 1747 1843 1790 capituli

1109 1797 1271 1838 generalis
1297 1797 1486 1831 huiusmodi
1512 1799 1624 1839 saetas,
1646 1804 1680 1831 ut
1705 1800 1845 1843 praeser-

1109 1854 1172 1890 tur,
1188 1860 1261 1882 cnm
1294 1851 1446 1883 omnibus
1478 1856 1510 1883 et
1538 1852 1675 1894 singulis
1709 1858 1845 1885 conten-

1109 1903 1148 1935 tis
1174 1903 1205 1934 in
1230 1903 1294 1936 illis
1310 1930 1318 1943 ,
1344 1904 1535 1937 auctoritate
1567 1905 1767 1947 apostoliea,
1798 1911 1845 1938 te-

1108 1965 1189 1988 nore
1214 1957 1459 1999 praesentium,
1486 1963 1648 2000 perpetuo
1674 1958 1846 1992 confirma-

1108 2019 1179 2040 mus
1195 2014 1227 2041 et
1241 2010 1475 2052 approbamus,
1496 2009 1628 2053 illisque
1646 2011 1844 2044 inviolabilis

1108 2062 1308 2104 apostolicae
1334 2062 1496 2095 firmitatis
1525 2063 1628 2095 robur
1647 2063 1818 2096 adiit-imus
1836 2092 1843 2104 ,

1108 2126 1145 2147 ae
1170 2125 1283 2147 omnes
1309 2120 1341 2147 et
1365 2115 1511 2157 singulos
1536 2116 1617 2148 iuris
1643 2121 1674 2148 et
1699 2117 1772 2149 sacti
1790 2117 1845 2149 de-

1108 2168 1225 2207 sectus,
1245 2168 1271 2200 si
1297 2168 1353 2212 qui
1378 2169 1409 2201 in
1434 2169 1497 2201 illis
1524 2171 1771 2212 quomodolibet
1797 2171 1845 2203 in-

1107 2222 1321 2261 tervenerint,
1344 2223 1548 2265 supplemus.

1150 2273 1208 2316 {3
1225 2274 1438 2307 Decernentes
1453 2276 1580 2308 easdem
1594 2281 1779 2318 praesentes
1797 2276 1843 2310 lit—

1107 2331 1202 2367 teras,
1224 2337 1260 2359 ae
1281 2326 1487 2360 definitiones
1509 2329 1743 2371 praeinsertas,
1761 2340 1842 2361 sem-

1107 2390 1165 2422 per
1188 2379 1307 2419 firmas,
1324 2380 1444 2413 validas
1468 2385 1500 2412 et
1524 2380 1667 2413 efficaces
1703 2382 1841 2414 existere

1107 2438 1138 2464 et
1162 2432 1250 2472 sore,
1276 2443 1416 2475 suosque
1444 2432 1608 2475 plenarios
1640 2439 1671 2465 et
1695 2433 1840 2476 integros

1106 2484 1237 2517 etl'eetus
1262 2485 1368 2517 sortiri
1394 2490 1426 2518 ct
1450 2485 1614 2526 obtinere,
1640 2497 1675 2518 ae
1700 2487 1738 2519 al)
1764 2487 1838 2527 illis,

1106 2538 1144 2570 ad
1163 2547 1243 2580 qnos
1262 2542 1386 2580 spectat
1401 2543 1433 2570 et
1451 2548 1510 2580 pro
1527 2543 1673 2581 tempore
1692 2539 1838 2582 quando-

1106 2600 1245 2634 cumque
1272 2591 1450 2633 spectabit,
1475 2591 1706 2625 inviolabiliter
1731 2597 1762 2624 et
1787 2593 1836 2624 in-

1859 224 1905 248 Au.
1928 222 1954 247 C.
1980 223 2042 250 ltaessl

1909 704 1923 733 ,Α
1943 704 2042 725 {haum-*⁰

1888 732 2008 751 *nnn-,intur

1881 2282 1990 2304 Decretum
2012 2290 2037 2304 11·-

1854 2312 1927 2330 filans.
