2247 3208
248 222 301 248 An.
323 223 352 250 c.
370 222 438 252 1065
484 217 546 250 336

438 274 519 306 ratio
538 275 685 316 postulat,
703 277 738 304 ut
754 274 793 305 ad
808 283 845 305 ea
861 273 1072 315 potissimum,
1091 284 1173 315 quae

438 325 618 358 catholicae
644 324 812 367 religionis
845 324 1019 368 integritati
1045 331 1077 358 et
1100 337 1175 368 pro-

437 377 620 421 pagationi,
654 377 896 420 animarumque
922 377 1016 410 saluti
1042 383 1073 410 et
1096 378 1174 412 fide-

438 431 516 463 lium
541 430 766 473 tranquillitati
780 431 947 463 consulere
964 435 1038 473 apta
1055 436 1086 464 et
1109 430 1174 464 ido-

438 492 498 515 nea
524 493 592 516 esse
618 482 814 522 indicantur,
844 483 984 516 animum
1010 488 1041 516 et
1064 494 1173 516 curam

437 546 574 575 omnem,
603 540 756 578 quantum
781 535 855 569 licet
879 536 911 568 in
935 536 1071 569 Domino
1086 563 1093 577 ,
1119 547 1174 580 ap-

437 588 604 631 plicemus.

480 641 538 684 51.
559 640 774 679 Quamobrem
791 641 932 675 Cornelii
946 641 1083 675 Iansenii
1102 642 1173 675 hae-

436 693 545 733 resim,
573 694 605 726 in
628 693 738 727 Galliis
762 695 949 737 praesertim
974 700 1169 738 serpentem,

436 748 474 780 ab
488 747 676 780 Innocentio
686 747 711 780 X
723 748 823 781 felicis
837 748 1070 781 recordationis
1084 759 1172 791 prae-

436 800 605 833 decessore
630 805 740 832 nostro
766 800 831 833 fere
856 810 1053 843 oppressam,
1072 801 1111 833 ad
1129 801 1171 833 in-

434 858 499 886 star
512 853 636 886 colubri
649 854 798 893 tortuosi,
817 854 905 886 cuius
919 859 1013 896 caput
1030 854 1171 886 attritum

434 913 490 947 est,
510 908 542 940 in
566 907 670 940 varios
696 918 790 950 gyros
808 912 839 939 et
856 907 1096 940 cavillationum
1118 908 1171 940 de-

433 961 535 994 flexus
570 965 718 1000 euntem,
753 960 907 1002 singulari
940 960 1170 993 constitutione

435 1014 474 1046 ad
500 1014 586 1046 hunc
611 1013 708 1046 finem
734 1013 818 1046 edita
854 1013 955 1045 altero
981 1013 1171 1056 assumptio-

433 1067 482 1101 nis
506 1072 634 1099 nostrae
660 1077 744 1099 anno
770 1066 956 1108 extinguere
982 1066 1086 1099 conati
1112 1067 1171 1099 fui-

432 1130 514 1152 mus.
535 1119 608 1160 Sed,
624 1124 659 1151 ut
674 1119 867 1161 multiplices
885 1118 987 1151 hostis
1001 1118 1170 1151 bominum

433 1172 560 1215 generis
588 1177 672 1205 artes
712 1172 866 1211 adhibet,
896 1172 1039 1204 nondum
1074 1173 1169 1214 plene

433 1225 588 1268 consequi
621 1224 782 1267 potuimus
814 1229 848 1256 ut
884 1234 995 1257 omnes
1027 1230 1169 1257 errantes

432 1277 464 1310 in
489 1278 571 1310 viam
595 1277 705 1310 salutis
729 1277 880 1317 redirent,
900 1277 953 1320 qui
978 1282 1084 1309 tamen
1104 1277 1169 1310 uni-

432 1341 487 1363 cus
513 1336 581 1364 erat
604 1336 750 1363 votorum
768 1335 800 1363 et
818 1341 963 1363 curarum
989 1336 1169 1363 nostrarum

431 1395 568 1428 scopus;
603 1384 717 1427 quihus
747 1395 878 1427 operam
915 1389 946 1416 et
980 1384 1169 1416 industriam

432 1447 522 1469 suam
558 1436 689 1478 egregio
725 1446 801 1469 sane
837 1437 942 1469 studio
967 1437 1169 1469 venerabiles

432 1490 546 1525 fratres
571 1488 672 1522 nostri
707 1489 942 1532 archiepiscopi
968 1495 1000 1522 et
1024 1489 1168 1532 episcopi

432 1542 523 1584 regni
548 1541 679 1581 Galliae,
699 1542 885 1575 earumdem
902 1542 1169 1575 constitutionum

433 1592 684 1636 apostolicarum
709 1592 914 1636 exequutioni
932 1592 1104 1635 praecipue
1126 1592 1169 1624 in-

432 1645 521 1685 tenti,
543 1646 758 1685 contulerunt,
778 1650 809 1678 et
826 1645 1006 1678 carissimus
1030 1645 1064 1678 in
1084 1645 1169 1678 Chri-

433 1703 481 1731 sto
500 1698 582 1730 filius
606 1703 716 1731 noster
733 1709 787 1731 rex
808 1698 1090 1732 christianissimus
1108 1699 1170 1732 sin-

433 1751 535 1794 gulari
560 1751 678 1795 pietate
703 1752 887 1785 auxiliarem
909 1752 1071 1785 dexteram
1095 1757 1170 1785 stre·

434 1815 499 1838 nuo
527 1816 562 1838 ac
586 1805 844 1838 constantissimo
880 1805 986 1838 animo
1012 1806 1166 1848 porrexit.

238 1868 423 1915 ὺξξᾞὲὲῇΐοιὲωέ-
478 1858 492 1900 5
518 1857 548 1890 ΞΖ.
571 1857 649 1890 Cum
674 1862 782 1890 autem
811 1858 976 1900 praefatus
1007 1868 1062 1890 rex
1088 1858 1170 1890 chri-

239 1902 648 1948 ‹iapropo'nmfrsstianissimus
675 1911 791 1944 eodem
823 1911 993 1954 religionis
1019 1912 1089 1944 zelo
1115 1912 1171 1944 du-

434 1969 502 1997 ctus
528 1975 587 2008 per
611 1975 702 1997 suum
728 1964 760 1996 in
777 1964 862 1997 Urbe
887 1969 1050 1997 oratorem
1076 1965 1169 1997 nobis

434 2017 609 2059 significari
635 2017 819 2061 exponique
845 2017 1025 2057 curaverit,
1047 2018 1170 2050 nullum

435 2069 521 2103 aliud
547 2070 766 2113 opportunius
788 2071 969 2103 remedium
994 2070 1169 2113 pestiferae

435 2122 530 2155 liuius
556 2122 760 2165 contagionis
792 2122 938 2166 reliquiis
970 2122 1169 2166 extirpandis

435 2175 585 2209 adhiberi
610 2186 721 2219 posse,
742 2186 836 2218 quam
857 2176 882 2208 si
908 2186 1023 2209 omnes
1049 2181 1170 2209 certain

435 2230 605 2262 formulam
631 2229 874 2261 subscriberent
898 2231 1009 2262 nostra
1034 2229 1171 2261 auctori-

435 2286 498 2314 tate
524 2281 690 2321 firmatam,
711 2281 743 2314 in
765 2292 829 2324 qna
853 2281 996 2324 quinque
1020 2281 1171 2325 proposi-

436 2334 541 2366 tiones
566 2344 603 2366 ex
636 2334 776 2368 Cornelii
813 2334 950 2367 Iansenii
983 2334 1089 2374 libro,
1119 2333 1170 2366 cui

435 2386 547 2419 titulus
571 2387 797 2430 Auynshnus,
825 2393 1013 2430 excerptas,
1046 2387 1170 2420 sincere

436 2441 652 2480 damnarent,
686 2451 722 2473 ac
753 2440 891 2484 proinde
921 2441 1010 2473 illam
1035 2451 1052 2473 a
1076 2439 1170 2473 nobis

436 2492 656 2536 quantocitius
682 2493 843 2535 expediri,
870 2493 908 2525 ad
935 2493 1099 2536 quaelibet
1131 2492 1172 2525 ef·

436 2545 523 2589 fugia
536 2545 789 2588 praecludenda,
809 2556 986 2587 omnesque
1011 2555 1172 2578 removen-

439 2599 497 2633 dos
522 2599 682 2640 obtentus,
710 2598 918 2642 flagitaverit:
939 2609 1006 2640 nos,
1025 2603 1089 2632 tam
1109 2599 1172 2644 piis

272 651 358 671 lanseun
374 650 426 671 hae·

239 678 292 697 renis
348 677 425 703 pluries

240 704 345 724 damnata.

1020 226 1198 250 nt'LLARit'M
1223 227 1373 252 ROMANUM

1217 274 1292 306 dicti
1320 275 1404 317 regis
1430 276 1687 310 christianissimi
1709 278 1791 311 votis
1809 278 1949 320 henigne

1216 328 1425 360 annuendum
1462 339 1533 361 esse
1571 330 1747 371 ducentes,
1778 332 1951 364 formulam

1215 378 1456 423 infrascriptam
1474 381 1512 414 ab
1533 382 1682 415 omnibus
1708 382 1947 419 ecclesiasticis,

1217 433 1314 466 etiam
1339 434 1582 468 venerabilibus
1601 434 1751 469 fratribus
1766 435 1886 478 nostris
1906 446 1950 468 ar·

1216 486 1433 530 chiepiscopis
1463 493 1494 521 et
1519 488 1700 532 episcopis,
1726 500 1853 522 necnon
1879 489 1950 522 aliis

1216 540 1467 583 quibuscumque
1493 542 1701 574 ecclesiastici
1723 541 1855 582 ordims,
1886 548 1950 574 tarn

1215 592 1419 634 regularibus
1434 603 1528 635 quam
1550 592 1758 632 secularibus,
1773 594 1867 626 etiam
1889 605 1951 627 mo·

1215 644 1366 684 malibus,
1394 645 1579 678 doctoribus
1606 649 1638 678 et
1663 646 1845 687 licentiatis,
1870 647 1952 679 aliis-

1215 707 1275 739 que
1301 697 1514 739 collegiorum
1540 698 1746 739 rectoribus,
1765 703 1860 742 atque
1885 710 1952 731 ma*

1215 749 1322 791 gistris
1361 750 1519 782 subscribi
1558 751 1702 783 districte
1736 751 1948 791 mandamns3

1214 802 1310 844 idque
1334 802 1417 834 intra
1448 807 1512 834 tres
1537 813 1663 835 menses
1688 814 1705 835 a
1731 803 1782 835 die
1808 803 1952 846 publica-

1214 854 1312 887 tionis
1348 865 1404 887 scu
1439 855 1668 888 notificationis
1704 857 1947 898 praesentium

1215 907 1292 941 alias
1317 913 1428 940 contra
1461 918 1516 940 eos
1535 935 1542 948 ,
1569 909 1621 951 qui
1658 908 1742 941 intra
1776 909 1949 942 terminum

1214 960 1415 1002 praedictum
1433 971 1498 993 non
1523 961 1700 1003 paruerint,
1724 961 1950 994 irremissibili-

1215 1018 1265 1046 ter
1301 1013 1436 1056 procedi
1473 1014 1620 1046 volumus
1656 1014 1743 1046 iuxta
1779 1015 1950 1048 canonicas

1213 1067 1463 1108 constitutiones
1497 1072 1530 1099 et
1564 1067 1776 1100 conciliorum
1806 1067 1947 1100 decreta.

1246 1145 1405 1179 Formula
1428 1156 1449 1178 α
1471 1144 1668 1190 supradictis
1692 1145 1927 1179 subscribenda.

1256 1225 1321 1268 Ego
1346 1225 1382 1258 N.
1411 1225 1634 1258 constitutioni
1667 1225 1868 1268 apostolicae
1899 1225 1968 1280 In-r
1986 1233 2081 1280 pon¹iis0x
2106 1232 2143 1254 aaz

1212 1279 1355 1312 nocentii
1381 1279 1405 1311 X
1430 1279 1521 1312 datae
1560 1279 1610 1311 die
1641 1289 1698 1312 xxx
1732 1278 1806 1311 maii
1832 1288 1949 1312 noctur
1967 1266 2075 1281 mmm

1212 1338 1243 1364 et
1267 1332 1490 1364 constitutioni
1515 1331 1687 1364 Alexandri
1712 1331 1761 1363 Vll
1786 1331 1878 1364 datae
1896 1332 1948 1364 die

1211 1394 1261 1418 xvl
1288 1384 1432 1417 octobris
1458 1393 1595 1424 niocmu,
1622 1393 1821 1416 summorum
1846 1383 1950 1416 Ponti-

1211 1437 1318 1477 ficum,
1336 1448 1388 1470 rne
1413 1437 1558 1476 subjicio,
1585 1441 1617 1469 et
1641 1437 1782 1480 quinque
1807 1436 1951 1479 proposi-

1213 1490 1317 1523 tiones
1344 1501 1381 1523 ex
1407 1490 1547 1523 Cornelii
1584 1489 1723 1522 lansenii
1759 1489 1865 1529 libro,
1897 1489 1948 1522 cui

1212 1553 1331 1576 nomen
1344 1543 1560 1585 Augustinus,
1573 1548 1750 1585 excerptas,
1762 1547 1794 1575 et
1804 1542 1838 1574 in
1851 1552 1948 1574 sensu

1212 1597 1251 1629 ab
1277 1597 1391 1629 eodem
1418 1601 1548 1629 auctore
1573 1596 1722 1635 intento,
1755 1600 1853 1638 prout
1876 1595 1947 1627 illas

1212 1659 1270 1692 per
1295 1649 1396 1682 dictas
1422 1648 1667 1681 constitutiones
1691 1648 1789 1680 Sedes
1813 1648 1950 1690 Aposto-

1212 1702 1274 1736 lica
1299 1702 1473 1741 damnavit,
1492 1701 1620 1734 sincero
1646 1701 1754 1734 animo
1778 1700 1891 1733 reiicio
1913 1711 1949 1733 ac

1212 1755 1341 1795 damno,
1362 1759 1394 1787 et
1417 1754 1461 1787 ita
1483 1754 1576 1794 iuro;
1603 1753 1649 1787 sic
1673 1764 1724 1786 me
1749 1753 1834 1786 Deus
1859 1753 1949 1786 adiu-

1212 1813 1273 1847 vet,
1289 1813 1319 1840 et
1336 1808 1417 1840 haec
1442 1812 1553 1840 sancta
1577 1807 1634 1840 Dei
1658 1806 1844 1849 Evangelia.

1256 1861 1271 1904 ἓ,
1294 1860 1325 1893 3.
1352 1861 1570 1894 Decernentes
1596 1860 1731 1902 insuper
1756 1863 1947 1902 praesentes

1213 1914 1335 1947 litteras
1361 1923 1492 1956 semper
1523 1919 1555 1946 et
1583 1917 1743 1956 perpetuo
1769 1912 1890 1945 validas
1916 1917 1950 1945 et

1213 1965 1359 1999 efficaces
1385 1965 1523 1998 existere
1549 1970 1581 1998 et
1605 1965 1689 2006 fore,
1716 1975 1856 2007 suosque
1880 1966 1949 2007 ple·

1213 2018 1319 2051 narios
1346 2023 1377 2050 et
1401 2017 1547 2060 integros
1566 2017 1698 2050 effectus
1724 2017 1833 2050 sortiri
1850 2023 1882 2049 et
1898 2017 1950 2049 ob-

1214 2071 1330 2110 tinere,
1350 2070 1460 2113 sicque
1491 2081 1549 2113 per
1570 2080 1792 2113 quoscumque
1825 2070 1948 2102 iudices

1213 2123 1393 2156 ordinarios
1413 2129 1445 2156 et
1469 2124 1647 2166 delegatos,
1667 2123 1790 2165 ubique
1815 2122 1948 2156 iudicari

1213 2182 1245 2209 et
1269 2176 1396 2209 definiri
1423 2177 1553 2215 debere,
1570 2177 1696 2208 sublata
1713 2175 1759 2208 eis
1782 2180 1815 2208 et
1834 2185 1949 2208 eorum

1213 2229 1347 2262 cuilibet
1378 2228 1487 2272 quavis
1520 2228 1614 2261 aliter
1646 2228 1811 2261 iudicandi
1845 2232 1877 2261 et
1900 2227 1949 2260 in-

1214 2281 1417 2324 terpretandi
1442 2282 1594 2314 facultate
1619 2286 1651 2313 et
1675 2280 1882 2319 auctoritate,
1913 2289 1950 2312 ac

1213 2334 1342 2367 irritum
1368 2339 1399 2367 et
1425 2334 1521 2367 inane
1553 2333 1579 2366 si
1605 2344 1696 2366 secus
1721 2343 1821 2376 super
1857 2332 1907 2365 his
1933 2342 1950 2364 a

1215 2397 1401 2430 quoquam,
1427 2386 1537 2430 quavis
1570 2386 1760 2419 auctoritate
1776 2411 1783 2425 ‚
1811 2385 1951 2417 scienter

1215 2440 1263 2472 vel
1288 2439 1488 2482 ignoranter,
1514 2438 1689 2481 contigerit
1716 2437 1879 2470 attentari.

1257 2493 1271 2536 ἓ
1296 2493 1327 2525 4.
1355 2492 1508 2530 Quocirca
1532 2490 1769 2524 venerabilibus
1795 2489 1949 2522 fratribus
1961 2495 2145 2543 defifggiuutore·

1214 2545 1470 2588 archiepiscopis
1492 2549 1524 2577 et
1549 2543 1722 2586 episeopis,
1743 2542 1881 2585 aliisque
1907 2542 1950 2574 lo·
1989 2527 2001 2549 Ρ
2051 2536 2057 2542 ’

1213 2609 1326 2635 corum
1350 2597 1535 2638 Ordinariis,
1561 2595 1789 2631 committimus
1808 2599 1841 2629 et
1859 2605 1950 2630 man-

1986 1864 2097 1885 Duerztum
2114 1863 2142 1885 ir-

1960 1894 2032 1912 ritaus.

1956 229 2008 255 An.
2029 227 2057 254 c.
2077 228 2143 254 1065
2165 207 2170 211 ¹
