2247 3208
216 217 264 245 An.
282 216 310 244 C.
333 216 400 244 1662
445 207 487 240 26

412 270 444 298 et
481 262 649 305 religionis
694 261 928 302 augumentum
967 254 1144 288 salubriter

412 316 606 359 corrigatur.
622 313 661 345 Ut
677 312 775 355 igitur
792 309 835 343 in¹
856 308 1067 342 commissum
1084 307 1142 340 tibi

413 370 547 402 fratrum
585 365 794 399 eremitarum
831 362 1040 405 generalatus
1073 359 1143 392 offi-

412 422 497 455 cium
527 420 566 452 ad
599 415 831 461 omnipotentis
863 414 919 447 Dei
955 413 1085 446 laudem
1111 417 1143 445 et

412 473 514 517 ipsius
540 470 668 504 Ordinis
699 468 971 513 propagationem
1001 471 1033 498 et
1056 465 1142 499 utili-

412 532 510 559 tatem
542 525 650 557 valeas
687 533 726 555 co
763 520 938 554 salubriter
969 528 1140 558 exercere,

413 589 477 622 quo
502 582 634 610 nostrae
660 580 691 608 et
715 572 914 618 apostolicae
939 570 1141 604 auctoritatis

412 630 552 674 amplius
570 628 720 662 sutl‘ultus
746 626 845 659 fueris
870 624 1044 669 praesidio,
1067 634 1140 664 nos,

412 689 501 716 motu
516 681 660 726 proprio,
674 686 705 713 et
719 690 755 712 ex
770 680 858 712 certa
871 677 1007 710 scientia
1019 677 1140 716 nostra,

413 742 453 776 te,
480 737 518 768 de
544 734 636 767 euius
657 731 853 775 integritate,
872 730 1028 769 doctrina,
1047 728 1143 761 recti-

412 788 544 828 tudine,
570 785 752 830 prudentia,
773 783 963 817 dexteritate
990 787 1022 815 et
1045 792 1143 825 expe-

411 840 529 873 rientia
554 839 730 883 specialem
762 837 795 869 in
827 836 965 869 Domino
991 834 1142 868 fiduciam

412 895 582 934 habemus,
608 892 639 924 in
664 896 732 924 toto
757 889 875 923 Ordine
901 888 1080 932 praedicto,
1106 898 1143 920 ac

412 946 564 979 omnibus
597 950 629 977 et
661 943 797 985 singulis
830 942 917 975 illius
943 940 1140 985 provinciis,

411 999 467 1032 ubi
493 999 608 1031 fratres
635 997 709 1030 dieti
727 995 854 1028 Ordinis
873 1000 956 1035 sunt,
978 1000 1041 1027 tam
1063 994 1143 1027 eitra

412 1063 507 1095 quam
534 1053 618 1084 ultra
640 1054 777 1088 montes,
804 1054 836 1081 et
850 1047 1027 1092 praecipue
1046 1047 1078 1079 in
1095 1047 1143 1080 in-

412 1103 590 1147 frascriptis
616 1102 791 1146 provinciis
825 1106 857 1134 et
881 1100 1143 1143 congregationi-

410 1159 470 1190 bus
507 1157 730 1189 Calc-,catorum
767 1166 803 1187 ac
842 1155 1139 1195 Discaleeatorum,

410 1216 558 1244 nostrum
585 1215 616 1242 et
639 1208 846 1252 Apostolieac
872 1207 963 1240 Sedis
990 1207 1142 1240 commis-

411 1263 542 1302 sarium,
568 1272 640 1295 cum
658 1262 765 1304 plena,
784 1260 888 1293 libera
906 1264 938 1292 et
954 1259 1141 1293 omnimoda

411 1316 561 1348 facultate
580 1320 612 1347 ct
628 1314 818 1347 auctoritate
834 1312 1049 1346 commissarii
1064 1324 1142 1357 apo-

411 1369 516 1402 stolici
553 1368 584 1401 in
617 1373 683 1400 toto
715 1367 834 1400 Ordine
859 1367 1037 1411 praedicto,
1064 1378 1142 1410 apo-

411 1422 525 1455 stolica
546 1421 747 1461 auctoritate,
766 1426 880 1453 tenore
903 1421 1139 1464 praesentium,

411 1475 647 1515 constituimus,
675 1475 878 1518 deputamus,
897 1485 934 1507 ac
952 1474 1008 1507 tibi
1026 1474 1058 1506 in
1079 1474 1141 1507 vir-

410 1533 477 1561 tute
515 1534 644 1561 sanctae
678 1527 883 1561 obedientiae
909 1527 1139 1571 praecipimus,

411 1582 640 1615 committimus
655 1586 686 1614 et
706 1581 908 1621 mandamus,
926 1586 1095 1625 quatenus,
1115 1581 1140 1613 si

412 1641 443 1668 et
466 1641 638 1679 postquam
665 1635 703 1667 ad
729 1639 838 1678 partes
864 1636 1139 1674 ultramontanae,

412 1694 444 1721 et
467 1688 660 1731 praesertim
686 1687 849 1727 Franciae,
877 1687 1067 1729 Aragoniae,
1086 1686 1142 1719 Ca-

411 1741 568 1781 taloniae,
595 1741 739 1781 Betvicae,
772 1740 930 1774 Castellae
964 1745 997 1773 et
1028 1741 1142 1773 Portu—

412 1794 526 1836 galliae
544 1799 572 1827 te
591 1793 810 1837 personaliter
827 1794 979 1827 conferre
998 1793 1142 1836 contige-

411 1847 461 1888 rit,
488 1858 600 1880 onmes
637 1852 669 1880 et
701 1847 846 1890 singulos
878 1847 979 1890 ipsius
1013 1846 1140 1880 Ordinis

411 1900 594 1943 provincias
621 1905 653 1932 et
676 1899 957 1942 congregationes,
984 1905 1049 1933 tam
1074 1899 1142 1932 Cal-

412 1958 579 1985 ceatorum
599 1963 694 1995 quam
715 1953 1001 1993 Discaleeatorum,
1021 1958 1053 1985 ct
1069 1963 1142 1996 spc-

413 2005 521 2037 ciatim
547 2005 701 2037 Frannitiae
727 2006 757 2038 S.
785 2006 950 2039 Gnillelmi
974 2005 1140 2046 Tolosani,

413 2058 614 2101 Aquitaniae,
640 2058 827 2091 Provinciae
853 2064 885 2091 et
906 2058 1141 2099 Narbonensis,

412 2110 619 2153 Burgundiae
645 2116 676 2143 et
699 2111 849 2144 Coloniae
874 2112 1057 2156 provincias
1087 2112 1144 2145 de-

413 2175 551 2207 mosque
567 2169 598 2196 et
616 2165 686 2197 loca
705 2175 939 2208 quaecumque,
962 2174 1142 2208 corumque

414 2216 660 2260 praesidentes,
701 2224 879 2250 conventus
918 2224 950 2251 et
982 2229 1142 2262 personas

415 2280 638 2313 quascumque
670 2270 799 2303 visitare
824 2281 995 2314 procures.
1022 2271 1085 2304 Nos
1111 2284 1144 2305 c-

413 2322 480 2355 nim
506 2322 572 2362 tibi,
591 2323 726 2355 durante.
751 2323 796 2355 tui
823 2325 1029 2366 generalatus
1047 2324 1143 2357 officii

415 2381 576 2419 tempore,
614 2381 676 2408 tam
710 2376 805 2409 ossieii
837 2378 998 2420 generalis
1031 2378 1144 2411 huius-

415 2429 502 2462 modi
529 2440 624 2473 quam
650 2429 762 2462 etiam²
786 2431 1052 2471 auctorssatilms,
1080 2437 1144 2464 tam

414 2482 656 2526 praedictarum
696 2482 938 2526 provinciarum
980 2484 1145 2518 Calceato-

450 2553 460 2578 1
484 2553 651 2587 Praepositio
671 2553 703 2580 in
722 2553 853 2580 redundat
872 2559 908 2587 tn.
925 2555 972 2588 Τ,).

450 2596 466 2624 2
477 2597 573 2625 Decesse
585 2598 687 2626 videtur
697 2599 890 2627 commissarii
898 2600 1045 2634 apostolici
1055 2601 1144 2637 (nm).

987 205 1168 231 BULLARIUM
1191 203 1343 230 ROMANUM

1176 263 1249 286 rum
1274 258 1307 286 et
1339 251 1634 295 Discalceatorum,
1673 263 1770 299 quam
1810 254 1907 289 etiam

1175 306 1238 339 alia
1263 316 1490 350 quaecumque
1515 306 1643 341 Ordinis
1669 313 1701 341 et
1727 318 1907 352 congrega-

1176 359 1272 392 tionis
1288 358 1533 403 praedictorum
1552 360 1666 393 domos
1685 366 1717 394 et
1735 362 1819 403 loca,
1835 362 1907 394 ubi-

1175 422 1316 455 cumque
1352 416 1417 445 tam
1443 411 1523 444 citra
1547 423 1644 455 quam
1669 414 1754 446 ultra
1777 419 1906 447 montes

1175 463 1406 504 consistentia,
1433 474 1615 509 eorumque
1645 475 1815 508 personas,
1841 471 1907 499 tam

1174 516 1207 549 in
1231 517 1392 560 capitibus
1411 528 1508 561 quam
1523 517 1554 550 in
1572 518 1738 559 membris,
1756 529 1793 552 ac
1810 519 1906 552 etiam

1174 569 1207 602 in
1221 569 1446 613 spiritualibus
1464 575 1496 603 et
1512 570 1759 614 temporalibus,
1778 571 1906 615 quoties

1175 623 1330 666 expedire
1348 623 1405 656 tihi
1425 623 1589 657 videbitur
1613 629 1645 657 et
1668 624 1840 667 placuerit,
1862 624 1907 658 vi-

1175 675 1310 716 sitandi,
1337 682 1369 709 et
1393 686 1494 719 super
1518 676 1569 709 his
1602 687 1685 721 quae
1710 676 1908 720 inquirenda

1176 729 1298 762 suerint
1321 729 1529 772 inquirendi,
1555 740 1592 762 ac
1616 730 1649 763 in
1674 730 1712 763 iis
1744 740 1827 773 quae
1856 740 1907 763 re-

1176 782 1369 815 formatione
1394 783 1525 816 noveris
1550 783 1708 826 indigere,
1734 789 1833 827 prout
1850 794 1908 817 ne-

1176 836 1355 869 cessarium
1380 836 1490 877 suerit,
1524 836 1611 869 iuxta
1636 836 1808 870 canonicas
1833 848 1908 870 san-

1176 889 1300 922 ctiones
1326 894 1358 922 et
1381 889 1545 932 regularia
1573 889 1676 933 ipsius
1701 890 1830 923 Ordinis
1859 890 1908 922 in-

1176 941 1286 975 stituta
1313 952 1350 975 ac
1380 942 1581 975 sacrosancti
1609 942 1743 976 Concilii
1772 942 1907 976 Triden-

1175 994 1232 1027 tini
1259 995 1391 1029 decreta
1414 994 1630 1035 reformandi,
1657 995 1843 1038 corrigendi
1876 1000 1909 1028 et

1175 1047 1381 1087 emendandi,
1400 1048 1439 1080 ad
1458 1047 1728 1091 rectitudinisque
1743 1048 1906 1081 tramitem

1175 1101 1364 1142 reducendi,
1391 1106 1423 1133 et
1453 1101 1575 1144 ubique
1612 1101 1698 1134 inter
1733 1101 1906 1144 religiosos

1175 1154 1321 1188 eiusdem
1364 1154 1516 1196 Ordinis,
1557 1166 1594 1188 ac
1625 1166 1906 1200 quarumcumque

1174 1207 1261 1241 illius
1286 1208 1529 1252 provinciarum
1547 1213 1579 1241 et
1602 1208 1905 1251 congregationum,

1174 1267 1238 1294 tam
1256 1261 1479 1295 Calceatorum
1502 1272 1599 1306 quam
1616 1261 1904 1303 Discalceatorum,

1175 1314 1376 1355 discordias,
1403 1314 1602 1348 differentias
1634 1325 1671 1348 ac
1701 1315 1773 1347 lites
1810 1325 1906 1358 quas-

1174 1378 1315 1412 cumque
1353 1367 1525 1401 decidendi
1558 1379 1595 1401 ac
1626 1368 1842 1410 terminandi,
1869 1379 1906 1402 ac

1174 1422 1309 1454 eosdem
1333 1421 1505 1464 religiosos
1531 1422 1569 1455 ad
1590 1432 1705 1465 pacem
1723 1426 1755 1454 et
1770 1432 1907 1455 concor-

1175 1474 1260 1507 diam
1285 1474 1473 1515 reducendi,
1500 1485 1536 1507 ac
1561 1484 1722 1517 personas
1749 1474 1825 1507 dicti
1849 1475 1907 1508 Or-

1175 1528 1278 1568 dinis,
1306 1527 1431 1560 etiamsi
1456 1527 1684 1571 praesidentes
1710 1527 1851 1569 suerint,
1878 1528 1904 1561 si

1175 1580 1378 1621 dissidiosae,
1405 1581 1635 1622 scandalosae,
1662 1585 1717 1614 aut
1740 1581 1819 1614 alias
1845 1581 1907 1614 cri-

1175 1635 1319 1667 minosae
1346 1634 1492 1674 existant,
1517 1634 1605 1667 iuxta
1623 1634 1786 1677 regularia
1803 1634 1905 1678 ipsius

1174 1687 1301 1721 Ordinis
1327 1687 1471 1719 instituta
1497 1691 1529 1719 et
1549 1697 1742 1720 excessuum
1769 1687 1907 1731 qualita-

1175 1746 1239 1774 tem
1264 1739 1431 1784 puniendi,
1457 1750 1587 1773 necnon
1608 1739 1759 1781 discolos,
1785 1740 1818 1773 in
1843 1740 1907 1773 vir-

1175 1798 1242 1827 tute
1268 1797 1398 1826 sanctae
1435 1792 1653 1833 obedientiae,
1673 1794 1733 1826 sub
1758 1792 1906 1826 censuris

1176 1852 1208 1880 et
1230 1846 1346 1890 poenis
1372 1851 1427 1879 tuo
1445 1846 1580 1879 arbitrio
1601 1846 1820 1890 imponendis,
1838 1852 1874 1879 ut
1890 1857 1907 1878 a

1176 1900 1269 1933 malis
1294 1900 1454 1944 incoeptis
1481 1900 1639 1933 desistant
1663 1906 1695 1933 et
1718 1901 1757 1934 ad
1783 1911 1840 1933 cor
1857 1910 1909 1933 re-

1177 1955 1274 1987 deant
1301 1954 1455 1988 monendi
1478 1960 1509 1988 et
1530 1954 1729 1998 requirendi,
1756 1964 1814 1987 seu
1839 1964 1908 1986 mo-

1176 2008 1246 2042 neri
1272 2013 1304 2041 et
1327 2007 1451 2051 requiri
1486 2008 1640 2049 faciendi,
1664 2013 1703 2047 et,
1737 2007 1763 2040 si
1789 2007 1907 2050 spretis

1176 2060 1410 2094 monitionibus
1445 2060 1633 2094 huiusmodi
1665 2059 1907 2102 incorrigibiles

1177 2114 1319 2155 suerint,
1353 2115 1473 2158 elapsis
1510 2114 1657 2147 terminis
1700 2124 1760 2157 per
1793 2119 1821 2146 te
1858 2114 1908 2146 vel

1176 2168 1427 2209 subdelegatum
1468 2172 1558 2199 tuum
1594 2166 1737 2207 statutis,
1774 2167 1908 2199 eosdem

1176 2225 1340 2263 tamquam
1373 2220 1519 2252 membra
1552 2219 1682 2262 putrida
1713 2220 1758 2257 ab,
1793 2220 1909 2252 eodem

1176 2273 1295 2306 Ordine
1320 2284 1380 2316 per
1404 2278 1434 2305 te
1460 2274 1509 2305 vel
1538 2272 1637 2305 alium
1663 2272 1850 2316 expellendi
1879 2277 1912 2305 et

1177 2326 1360 2366 abiiciendi,
1379 2336 1517 2366 necnon,
1537 2336 1619 2369 quae
1645 2330 1678 2358 tu
1703 2324 1910 2370 praemissis¹

1178 2379 1372 2419 decreveris,
1394 2378 1531 2411 firmiter
1556 2378 1733 2419 observari,
1752 2389 1788 2411 ae
1802 2378 1911 2411 omnia

1178 2438 1210 2466 et
1233 2432 1361 2475 singula
1386 2432 1456 2472 alia,
1484 2443 1566 2475 quae
1593 2432 1680 2464 iuxta
1708 2430 1855 2464 instituta
1881 2436 1913 2464 et

1178 2485 1450 2518 consuetudinem
1483 2483 1611 2517 Ordinis
1647 2483 1836 2517 huiusmodi
1871 2484 1911 2516 ad

1178 2537 1411 2581 omnipotentis
1443 2537 1499 2570 Dei
1530 2539 1705 2577 bonorem,
1740 2536 1911 2580 religionis

1214 2602 1225 2627 1
1248 2600 1346 2627 Deesse
1368 2600 1471 2627 videtur
1490 2600 1709 2629 auctoritatibus
1727 2601 1768 2635 (n.
1785 2599 1833 2634 τ.).

1925 206 1974 233 An.
1989 206 2018 233 C.
2040 206 2108 234 ¹662
