2247 3208
85 203 134 252 Ἀη
167 225 194 250 C.
215 225 282 253 1667

130 394 209 416 Modra
237 396 277 417 hu-

93 422 125 442 ius
140 421 276 444 Cunsntuno-

885 225 1073 251 ALEXVWDER
1095 228 1140 252 vn
1165 229 1212 253 ΡΡ.

481 273 648 300 Alexander
668 273 744 306 Papa
765 274 825 302 vil.

429 319 465 346 ad
485 318 619 346 futuram
638 319 682 346 rei
702 319 883 347 memoriam.

332 381 346 425 ς
372 380 403 414 1-.
431 380 697 420 Controversiam,
726 382 808 415 inter
833 382 966 415 dilectos
992 383 1026 415 fi-

287 435 349 468 lios
364 434 477 468 fratres
490 434 617 468 Ordinis
635 435 793 467 Minorum
811 435 910 467 sancti
930 435 1027 467 Fran-

288 488 364 521 cisci
377 488 644 521 Conventualium
663 493 931 531 nuncupatorum,
952 488 1026 520 mis-

287 542 448 575 sionarios
491 542 753 585 congregationis
792 541 1024 574 venerabilium

287 598 423 630 fratrum
448 602 633 630 nostrorum
650 596 680 629 S.
702 596 738 628 R.
759 596 792 628 E.
814 595 1025 628 cardinalium

287 651 425 694 negotiis
449 649 681 692 propagandae
712 648 800 681 Fidei
826 648 1026 692 praeposito-

286 715 357 737 rum
382 704 414 736 in
438 702 605 747 provincia
630 702 816 742 Valachiae,
849 706 881 734 et
912 701 1025 734 fratres

286 757 452 790 custodiae
477 756 648 799 Bulgariae
673 755 800 788 Ordinis
817 755 976 788 Minorum
993 766 1025 788 e-

285 811 410 844 iusdem
435 808 536 842 sancti
561 808 722 841 Francisci
749 808 787 842 de
816 807 1026 841 Observantia

285 868 563 907 nuncupatorum,
588 873 686 906 super
718 862 965 895 manutentione
991 862 1024 895 in

284 917 494 962 possessione
519 921 700 949 conventus
727 915 757 949 S.
792 915 955 948 Francisci
980 916 1025 948 ci-

284 971 389 1004 vitatis
427 970 604 1013 Targovisti
642 970 847 1014 supradictae
887 970 1020 1013 provin·

1071 274 1184 317 tinere,
1202 288 1238 311 ac
1256 279 1294 312 ab
1312 279 1385 319 illis,
1404 282 1441 313 ad
1461 292 1543 325 quos
1560 287 1686 326 spectat
1705 288 1735 316 et
1750 294 1810 326 pro

1070 335 1221 373 tempore
1251 334 1427 374 spectabit,
1465 335 1496 367 in
1522 335 1672 368 omnibus
1698 340 1730 369 ct
1753 347 1811 380 per

1069 383 1177 415 omnia
1203 385 1388 426 plenissime
1414 386 1605 429 suffragari,
1633 389 1745 432 sicque
1778 389 1810 422 in

1068 436 1260 480 praemissis
1286 448 1345 480 per
1363 450 1590 483 quoscumque
1609 441 1735 474 iudices
1759 452 1811 475 or-

1068 490 1214 523 dinarios
1247 495 1279 523 et
1304 492 1486 534 delegatos,
1507 494 1603 526 etiam
1635 505 1809 528 causarum

1068 544 1179 586 palatii
1203 544 1376 587 apostolici
1401 545 1590 585 auditores,
1617 547 1752 580 iudicari
1779 554 1811 581 ct

1068 596 1193 629 definiri
1219 597 1358 637 debere,
1386 608 1422 630 ac
1450 599 1574 631 irritum
1601 604 1630 631 et
1663 599 1757 633 inane
1782 601 1807 633 si

1066 659 1156 681 secus
1174 659 1269 692 super
1291 649 1341 682 his
1355 660 1372 682 a
1392 660 1562 693 quoquam,
1576 652 1684 694 quavis
1701 658 1808 685 aucto-

1065 701 1169 742 ritate,
1199 702 1337 735 scienter
1362 713 1399 736 ve
1424 703 1619 746 ignoranter,
1635 705 1807 748 contigerit

1066 756 1228 788 attentari.

1109 809 1123 853 g
1146 808 1178 842 3.
1206 808 1276 842 Non
1295 810 1498 844 obstantibus
1517 811 1804 846 constitutionibus

1066 868 1097 895 et
1122 862 1381 896 ordinationibus
1407 864 1616 907 apostolicis,
1644 875 1697 904 ac,
1728 877 1805 909 qua-

1065 920 1158 948 tenus
1193 926 1273 959 opus
1300 916 1360 956 sit,
1387 915 1542 950 Ordinum
1567 922 1599 950 et
1622 924 1802 952 conventus

1065 969 1261 1009 huiusmodi,
1288 970 1396 1003 aliisve
1411 970 1586 1014 quibusvis,
1607 971 1704 1004 etiam
1718 971 1804 1005 iura-

286 1024 353 1057 ciae
379 1029 493 1064 ortam,
513 1033 550 1056 ex
576 1023 749 1056 commisso
775 1023 871 1056 nobis
890 1023 1024 1056 caelitus
1064 1028 1175 1056 mento
1192 1049 1199 1062 ,
1236 1023 1485 1056 confirmatione
1522 1023 1724 1067 apostolica,
1752 1025 1803 1059 vel

284 1077 480 1110 sacrosancti
506 1077 707 1120 apostolatus
738 1076 844 1109 officio
869 1076 1023 1109 dirimere

284 1130 464 1174 cupientes,
479 1130 517 1163 de
532 1135 786 1163 memoratorum
801 1130 1022 1170 cardinalium,

284 1184 337 1228 qui
359 1189 516 1216 maturam
532 1184 672 1227 desuper
689 1183 958 1217 deliberationem
973 1184 1024 1216 ha-

282 1237 430 1274 buerunt,
450 1247 486 1269 ac
506 1236 631 1269 litteras
652 1236 760 1269 dilecti
785 1235 843 1268 filii
869 1236 970 1268 nostri
992 1242 1025 1268 et

284 1290 488 1333 Apostolicae
520 1289 611 1323 Sedis
647 1290 733 1333 apud
764 1289 963 1322 carissimum
992 1289 1023 1321 in

282 1342 444 1376 Christum
468 1343 571 1376 filium
596 1349 742 1376 nostrum
764 1343 918 1376 Ioannem
939 1342 1024 1375 Casi-

282 1396 400 1429 mirum
426 1396 580 1430 Poloniae
607 1401 639 1430 et
663 1396 791 1430 Sveciae
815 1407 925 1440 regem
951 1397 1023 1430 illu-

1064 1076 1175 1120 quavis
1196 1076 1347 1110 firmitate
1373 1077 1435 1109 alia
1460 1077 1643 1117 roboratis,
1675 1077 1802 1110 statutis

1064 1135 1097 1162 et
1121 1129 1429 1169 consuetudinibus,
1456 1129 1635 1173 privilegiis
1662 1141 1801 1174 quoque,

1064 1183 1196 1215 indultis
1213 1188 1245 1215 et
1265 1183 1380 1215 litteris
1405 1183 1594 1226 apostolicis
1620 1183 1653 1215 in
1674 1188 1803 1216 contra-

1064 1236 1149 1268 rium
1175 1236 1435 1279 praemissorum
1461 1236 1712 1279 quomodolibet
1731 1246 1805 1269 con-

1064 1288 1180 1327 cessis,
1206 1288 1396 1332 approbatis
1419 1294 1451 1321 et
1479 1289 1659 1329 innovatis3
1681 1290 1800 1333 quibus

1066 1341 1218 1375 omnibus
1245 1347 1277 1374 et
1302 1341 1459 1384 singulis,
1497 1341 1630 1374 illorum
1666 1346 1801 1375 tenores

1064 1395 1390 1438 praesentibus.pro
1423 1395 1520 1438 plene
1548 1399 1580 1427 et
1600 1393 1805 1427 sufficienter

283 1455 383 1483 strem
409 1450 519 1483 nuncii
544 1450 695 1483 viderunt
714 1455 745 1483 et
770 1451 1023 1496 perpenderunt,
1042 1446 1044 1487 1
1064 1447 1230 1491 expressis
1249 1453 1280 1480 et
1296 1447 1430 1480 insertis
1450 1448 1624 1487 habentes,
1641 1447 1706 1480 illis
1723 1447 1803 1480 alias

282 1502 431 1543 consilio,
458 1503 661 1536 inhaerendo
681 1504 810 1537 decreto
829 1505 931 1537 dictae
949 1515 1023 1538 con-

283 1557 481 1600 gregationis
500 1557 551 1590 die
576 1568 595 1590 x
618 1557 729 1600 aprilis
754 1568 898 1592 hincman
924 1559 1020 1599 edito,

1063 1502 1095 1534 iu
1110 1512 1169 1535 suo
1186 1501 1307 1534 robore
1333 1500 1572 1544 permansuris,
1589 1501 1628 1533 ad
1644 1501 1804 1543 praemis-

1064 1566 1177 1589 sorum
1191 1555 1356 1595 effectum,
1375 1555 1437 1588 hac
1452 1554 1521 1588 vice
1540 1555 1718 1594 dumtaxat,
1733 1564 1802 1597 spe-

1712 225 1771 259 481
1822 235 1873 263 An.
1893 234 1919 262 c,
1940 236 2004 263 ¹657

1884 823 2001 845 contrarii·

1815 849 1913 875 derogat.

283 1610 475 1643 auctoritate
511 1611 695 1654 apostolica,
722 1617 833 1644 tenore
869 1622 1023 1655 praesen·
1041 1631 1043 1643 2
1064 1608 1193 1642 cialiter
1216 1614 1249 1641 et
1266 1618 1422 1651 expresse
1439 1608 1652 1650 derogamus,
1672 1607 1804 1640 ceteris·

284 1664 370 1704 tium,
397 1664 600 1698 decernimus
625 1665 805 1708 praefatum
827 1671 1021 1698 conventum
1064 1672 1127 1705 que
1148 1661 1325 1694 contrariis
1345 1660 1623 1704 quibuscumque.

283 1717 314 1750 S.
348 1717 509 1751 Francisci
548 1723 693 1762 spectare
727 1725 759 1752 et
790 1720 953 1763 pertinere
982 1720 1038 1763 ad,
1107 1715 1220 1747 Datum
1246 1714 1482 1757 R0m30‚313¹¹d
1500 1713 1531 1746 S·
1555 1712 1687 1745 Mariam
1708 1712 1806 1745 Maio·

284 1771 396 1804 sratres
430 1771 569 1806 Minores
602 1772 640 1806 de
673 1772 884 1806 Observantia
918 1767 1043 1830 dictae³l
1064 1779 1154 1809 rem,
1177 1769 1236 1802 sub
1265 1770 1385 1801 annulo
1411 1767 1595 1806 piscatoris,
1616 1766 1668 1800 die
1682 1776 1740 1799 xxv
1761 1766 1805 1798 ia-

123 1670 203 1692 Statuit
223 1675 271 1691 con·

87 1701 172 1717 ventum
193 1697 272 1723 Targa-

88 1724 135 1743 vmi
174 1726 271 1749 spectare

87 1750 115 1770 ad
138 1750 214 1770 fratres
236 1756 272 1771 cu-

88 1777 171 1797 stodiae
195 1776 271 1803 Bulga-

87 1803 141 1824 riae.

100 2489 104 2493 Δ
114 2462 225 2484 Decretum
243 2464 270 2484 ir-

87 2492 162 2511 vitans.

282 1825 450 1858 custodiae
476 1822 654 1868 Bulgariae,
671 1827 811 1870 illosque
830 1827 861 1859 in
876 1828 1021 1862 eiusdem
1037 1822 1042 1908 Ι

282 1877 414 1920 pacifica
439 1878 648 1921 possessione
662 1881 921 1915 manutenendos
939 1892 1019 1922 esse,

282 1941 317 1963 ac
342 1936 516 1974 propterea
541 1932 667 1966 nullum
696 1933 744 1965 ius
776 1933 808 1965 in
835 1944 874 1966 eo
899 1934 1021 1968 hahere

282 1993 339 2016 seu
363 1985 579 2027 praetendere
612 1996 707 2028 posse
738 1986 850 2019 fratres
882 1986 1021 2021 Minores

282 2036 520 2070 Conventuales
538 2048 545 2077 ;
566 2038 692 2081 quibus,
715 2039 798 2072 dicta
816 2040 1017 2081 auctoritate,

285 2091 397 2123 harum
421 2092 502 2124 serie
527 2093 716 2125 mandamus
748 2104 788 2126 ne
806 2094 838 2126 in
855 2100 1021 2137 posterum

282 2144 381 2176 ullam
405 2145 589 2178 molestiam
607 2145 741 2178 afferant
759 2147 851 2179 dictis
869 2148 1021 2181 fratribus

281 2196 457 2230 Minoribus
473 2199 511 2231 de
525 2198 741 2239 Observantifi⁷
761 2206 1020 2245 perpetuumque
1040 2197 1042 2214 ¹

281 2260 379 2292 super
404 2251 593 2285 huiusmodi
619 2253 750 2295 negotio
776 2254 939 2287 silentium
963 2255 1021 2288 im-

280 2302 442 2344 ponimus,
463 2314 499 2336 ac
516 2304 561 2336 ita
578 2306 699 2337 servari
715 2307 917 2347 mandamus3
934 2309 1022 2340 salva

281 2361 387 2388 tamen
413 2367 544 2400 semper
567 2357 600 2389 in
625 2359 810 2400 praemissis
831 2361 1021 2393 auctoritate

281 2409 444 2451 praefatae
469 2411 730 2452 congregationis
751 2413 973 2446 cardinalium.

325 2463 340 2505 ᾗ
365 2461 396 2495 2.
419 2462 636 2497 Decernentes
652 2465 773 2508 pariter
787 2466 917 2499 casdem
932 2477 1022 2509 prae-

282 2521 388 2549 sentes
415 2516 538 2550 litteras
564 2528 694 2562 semper
719 2519 834 2559 sumas,
854 2521 976 2554 validas
991 2526 1023 2554 et

282 2569 427 2603 efficaces
454 2571 590 2605 existere
615 2578 646 2605 et
670 2573 753 2613 sore,
780 2584 919 2617 suosque
953 2575 1022 2618 plc-

1063 1823 1170 1857 nuarii
1196 1832 1358 1863 MDCvan,
1384 1821 1591 1866 pontificatus
1618 1820 1722 1854 nostri
1748 1830 1804 1853 an-

1063 1887 1105 1912 no
1124 1887 1181 1911 ΧΠ.

1100 1940 1156 1967 Dat.
1175 1939 1217 1966 die
1233 1939 1267 1966 25
1282 1938 1396 1966 ianuarii
1413 1937 1491 1970 1667,
1509 1936 1602 1972 pontif.
1621 1945 1690 1964 anno
1706 1942 1749 1963 xu,

1370 2052 1495 2086 DLVIH.

1063 2126 1257 2161 Subsidium
1293 2133 1417 2157 centum
1456 2123 1602 2156 millium
1641 2127 1806 2155 scutorum

1107 2181 1183 2213 auri
1206 2189 1302 2223 super
1319 2177 1476 2221 fructibus
1497 2177 1717 2210 ecclesiasticis
1738 2176 1805 2208 Rei-

1105 2233 1256 2278 publicae
1291 2232 1481 2264 Venetorum
1514 2240 1573 2273 pro
1601 2229 1672 2272 ipsci
1699 2229 1803 2271 Repu—

1108 2287 1190 2320 hlicci
1216 2284 1414 2328 eroqanclum
1440 2287 1552 2316 contra
1579 2280 1729 2314 Turcus¹.

1202 2394 1208 2401 ι
1257 2357 1424 2384 Alexander
1444 2355 1523 2388 Papa
1541 2354 1607 2387 vn,

1207 2402 1243 2430 ad
1263 2402 1397 2428 futuram
1418 2399 1461 2427 rei
1483 2398 1666 2426 memoriam.

1108 2463 1196 2499 Εῐεί9
1221 2463 1314 2507 nobis
1329 2473 1389 2507 pro
1410 2458 1486 2508 cura
1503 2460 1676 2505 pastoralis
1696 2458 1802 2498 officii,
1843 2463 1964 2485 Exordfflm·

1103 2546 1110 2570 1
1131 2544 1168 2571 Ex
1185 2544 1291 2579 Regest.
1307 2543 1334 2569 in
1350 2542 1450 2569 Secret.
1467 2541 1543 2568 Brev.

1099 2590 1116 2616 2
1135 2589 1255 2617 Similem
1277 2589 1337 2615 vide
1360 2587 1439 2615 liuius
1463 2586 1598 2623 pontificis
1618 2585 1644 2612 in
1664 2587 1729 2611 tom.
1751 2590 1805 2615 xvr,

281 2622 391 2672 uarios
417 2629 449 2657 et
465 2625 612 2668 integros
627 2626 760 2660 effectus
786 2627 893 2660 sortiri
920 2633 951 2660 ct
967 2629 1023 2660 ob-
1052 2644 1115 2674 pag.
1136 2634 1189 2661 258
1209 2636 1247 2668 (a.
1265 2633 1313 2668 τ.).

371 2689 450 2719 Ball.
471 2690 556 2718 Rom.
577 2704 610 2710 —-
633 2691 693 2719 Vol.
714 2691 805 2718 XVII.
849 2690 852 2691 ⁷
950 2690 980 2717 61
