2247 3208
206 238 254 265 An.
276 238 305 266 c.
323 238 391 266 {666
435 230 498 264 448

448 287 533 318 Circa
555 292 642 326 caput
663 295 728 316 [ΚΝ
750 285 788 316 De
810 286 960 316 ordinando
977 286 1078 315 abbate.

441 349 532 373 xxxv.
559 339 671 372 Nullus
688 338 721 370 in
741 344 908 381 posterum
932 338 965 372 in
982 339 1130 371 abbatem

397 392 583 434 generalem
596 390 722 423 Ordinis
737 390 967 430 Cisterciensis,
980 390 1033 433 qui
1048 401 1131 423 eum-

398 444 472 476 dem
496 441 650 476 Ordinem
676 453 740 475 non
766 443 805 475 sit
830 453 980 486 expresse
1005 442 1130 485 profes-

398 507 464 536 sus,
491 496 648 538 eligatur,
674 502 705 529 et
729 496 845 529 electio
870 496 961 529 aliter
986 495 1066 528 facta
1091 495 1132 527 sit

399 548 469 591 ipso
494 548 563 580 iure
588 549 692 589 nulla;
711 553 741 581 et
757 548 802 581 sic
818 548 974 590 eligentes
996 558 1132 591 poenam

398 601 585 644 privationis
609 601 696 634 vocis
732 601 849 634 activae
875 606 906 633 et
934 601 1075 644 passivae
1101 601 1131 633 in

400 659 591 697 perpetuum
611 664 649 686 eo
674 653 746 697 ipso
772 654 891 697 absque
910 654 970 686 alia
995 654 1134 687 declara-

402 706 488 739 tione
513 706 695 746 incurrant,
720 711 889 749 praeterea
905 707 1073 749 eligendus
1094 706 1132 739 iis

401 758 527 791 dotibus
552 763 584 791 et
606 759 776 791 virtutibus
795 758 836 790 sit
861 759 1045 797 instructus,
1073 769 1135 802 qua

400 816 529 844 sanctus
555 811 747 844 Benedictus
765 812 797 844 in
823 811 885 844 hoc
910 812 1012 854 capite
1038 817 1066 843 et
1086 822 1135 844 se-

401 865 506 898 cundo
524 865 620 898 huius
636 866 766 907 regulae
792 865 823 897 in
842 865 955 897 abbate
976 865 1132 908 requirit3

399 918 540 951 vitentur
565 923 672 950 autem
691 918 722 950 in
743 918 957 950 electionibus
977 917 1135 950 eiusmodi

401 981 511 1004 omnes
523 970 694 1003 inordinati
712 970 850 1003 ambitus
863 975 893 1002 et
905 981 1089 1013 processus,
1105 976 1137 1003 et

400 1023 577 1056 secundum
602 1033 741 1055 canones
755 1023 831 1056 siant
855 1033 912 1066 per
936 1023 1135 1064 scrutinium,

400 1074 433 1108 in
459 1075 574 1118 quibus
598 1086 710 1108 omnes
730 1075 805 1108 dicti
822 1075 949 1108 Ordinis
970 1075 1135 1119 utriusque

401 1128 621 1161 observantiae
647 1128 797 1161 monachi
819 1139 895 1161 voce
921 1129 1047 1171 passiva
1070 1140 1137 1161 res-

400 1180 522 1224 pective
548 1180 728 1223 gaudeant,
754 1181 815 1213 nisi
841 1181 968 1214 aliunde
1000 1182 1137 1215 interce-

402 1233 455 1266 dat
479 1233 755 1276 impedimentum.

493 1294 578 1326 Circa
600 1299 687 1335 caput
708 1296 824 1324 LXVII
847 1295 886 1326 De
912 1298 1048 1335 frutribus

653 1345 682 1372 in
707 1345 750 1373 vici
765 1344 886 1373 directis.

444 1403 546 1426 xxxvi.
584 1392 786 1426 Meminerint
822 1393 1007 1436 superiores
1046 1404 1079 1426 se
1106 1399 1135 1426 et

401 1446 571 1489 religiosos
596 1456 672 1478 suos
698 1446 834 1488 obligari
852 1447 890 1479 ad
916 1447 1135 1487 solitudinem,

402 1509 461 1531 nec
484 1509 521 1531 ex
545 1498 602 1531 illa
627 1498 744 1531 debere
771 1504 802 1531 et
826 1509 919 1541 posse
945 1499 1050 1539 exire,
1077 1499 1136 1531 nisi

402 1556 535 1595 propter
559 1561 686 1594 gravem
704 1556 735 1584 et
759 1552 973 1584 necessariam
998 1562 1137 1593 causam,

402 1603 500 1647 idque
526 1614 597 1636 cum
621 1604 758 1638 maximo
773 1610 923 1645 tremore,
941 1616 980 1638 ne
1000 1615 1138 1648 concep-

402 1661 452 1689 tus
478 1657 659 1690 devotionis
685 1657 807 1690 fructus
834 1658 1020 1701 dissipetur.
1047 1657 1137 1691 Unde

402 1714 531 1742 sanctus
555 1709 722 1752 legislator
739 1720 755 1742 a
780 1710 1008 1742 solitudinibus
1026 1720 1139 1742 exeun-

404 1766 449 1795 tes
473 1762 511 1794 ad
536 1761 731 1803 orationem,
758 1767 890 1805 propter
914 1767 1037 1795 tantum
1054 1763 1139 1806 peri-

403 1816 533 1855 culum,
563 1815 795 1848 recurrendum
828 1826 897 1848 esse
933 1816 1034 1849 iubet.
1070 1815 1139 1849 Non

402 1877 480 1910 ergo
505 1867 732 1911 permittantur
756 1867 802 1900 ire
828 1868 971 1911 religiosi
989 1869 1027 1901 ad
1047 1869 1140 1912 oppi-

403 1921 442 1954 da
466 1921 515 1954 vel
540 1932 640 1964 pagos
664 1921 836 1955 viciniores
852 1950 859 1963 ,
886 1922 949 1955 nisi
973 1923 1140 1965 continge-

403 1979 454 2008 ret
478 1974 582 2017 gravis
609 1974 715 2017 aliqua
739 1975 932 2015 necessitas,
959 1980 990 2008 et
1013 1985 1141 2019 semper

404 2037 474 2060 cum
499 2027 588 2060 socio
613 2038 630 2060 a
654 2028 823 2071 superiore
850 2028 1027 2070 designato.

403 2088 484 2120 Circa
500 2093 587 2128 caput
599 2090 686 2118 LXX
703 2090 737 2120 Ut
758 2100 811 2119 non
824 2094 981 2129 praesumat
998 2090 1138 2129 quisquam

657 2138 742 2167 alium
764 2139 889 2168 castere&

447 2197 562 2220 xxxvn.
591 2186 709 2220 Causae
735 2197 821 2219 mere
854 2187 1017 2229 regulares
1058 2186 1143 2220 inter

405 2249 560 2282 personas
588 2239 662 2272 dicti
687 2239 814 2271 Ordinis
840 2244 1041 2281 emergentes
1059 2239 1141 2271 intra

405 2290 558 2324 Ordinem
582 2292 794 2324 terminentur
817 2291 902 2324 iuxta
926 2292 1073 2335 antiquas
1105 2292 1143 2324 il-

406 2344 468 2377 lius
493 2345 746 2385 constitutiones,
774 2355 832 2377 nec
855 2345 949 2377 liceat
975 2345 1068 2378 alicui
1094 2355 1142 2377 ex—

407 2402 455 2429 tra
479 2396 630 2430 Ordinem
655 2399 818 2441 appellare
836 2398 894 2430 sub
911 2398 1027 2442 poenis
1045 2398 1076 2431 in
1095 2397 1143 2441 ip-

406 2448 451 2483 sis
477 2450 649 2483 contentis.

451 2512 581 2536 xxxvm.
597 2502 709 2536 Omnia
723 2504 905 2547 supradicta
914 2504 1093 2548 respective
1103 2505 1143 2538 ad

442 2614 566 2643 1Forsan
578 2618 686 2651 petere,
699 2623 797 2651 nempe
809 2617 901 2644 alium
913 2617 1040 2644 iudicem
1053 2618 1142 2653 (ar).
1186 2615 1332 2653 terquam
1357 2609 1389 2642 in
1414 2605 1573 2653 aliquibus
1599 2618 1680 2652 quac
1707 2608 1755 2641 vel
1777 2618 1813 2641 ex
1831 2607 1934 2644 ratio-v

975 238 1153 262 BELLARIL'M
1177 238 1327 262 ROMANUM

1172 285 1329 318 moniales
1355 286 1518 329 pertinere
1536 288 1690 328 volumus,
1710 287 1907 331 praecipien-

1174 338 1214 370 do
1239 338 1345 370 abbati
1371 339 1514 380 generali
1533 344 1564 372 et
1588 344 1722 383 quatuor
1738 339 1858 383 primis,
1877 345 1909 372 et

1174 390 1244 423 aliis
1269 390 1414 433 patribus
1440 391 1626 431 abbatibus,
1652 396 1687 423 ut
1710 402 1822 425 omnes
1847 391 1917 428 sihi,

1174 443 1316 475 subditas
1340 443 1379 475 ad
1404 444 1581 476 clausuram
1615 454 1633 476 a
1656 443 1820 484 Bonisacio
1845 443 1907 476 Vlll

1174 500 1205 528 et
1230 506 1246 528 a
1271 495 1412 529 Concilio
1438 496 1624 529 Tridentino
1650 496 1828 529 ordinatam
1854 496 1909 530 uti-

1175 558 1236 591 que
1260 549 1415 581 reducant
1439 554 1471 582 et
1495 554 1622 592 cogant.

1218 611 1319 634 xxxix.
1336 601 1375 634 Ut
1388 606 1495 634 autem
1512 601 1722 645 imposterum
1738 603 1802 634 una
1819 612 1911 645 regu-

1176 654 1214 693 la,
1237 656 1298 685 una
1324 654 1491 694 charitate,
1518 654 1742 697 similibusque
1767 654 1911 687 moribus

1175 706 1294 750 ubique
1312 707 1442 747 vivatur,
1461 713 1493 740 et
1510 717 1620 740 omnes
1636 707 1802 751 utriusque
1816 717 1911 740 sexus

1176 758 1301 791 Ordinis
1327 770 1483 802 personae
1509 759 1611 792 sciant
1630 760 1663 792 in
1681 770 1744 803 quo
1771 759 1912 794 strictior

1177 812 1386 852 observantia,
1412 815 1544 855 excepta
1569 813 1639 845 sola
1659 823 1676 844 a
1693 812 1840 845 carnibus
1859 813 1912 845 ab·

1177 865 1341 904 stinentia,
1367 865 1532 905 consistat,
1559 864 1613 898 fiat
1636 865 1743 897 brevis
1769 870 1801 898 et
1823 865 1908 898 dilu-

1178 917 1248 950 cida
1279 918 1465 961 compilatio
1479 924 1510 950 et
1523 917 1668 950 reductio
1683 918 1826 951 omnium
1836 928 1912 950 con-

1178 970 1377 1002 stitutionum
1401 971 1649 1013 apostolicarum
1664 975 1695 1002 et
1711 975 1911 1010 statutorum,

1179 1033 1259 1065 quae
1283 1029 1335 1055 aut
1360 1033 1418 1066 per
1441 1033 1535 1055 usum
1552 1022 1759 1063 contrarium,
1778 1027 1831 1055 aut
1855 1033 1914 1066 per

1179 1076 1317 1119 aliquam
1342 1076 1435 1109 aliam
1460 1075 1621 1108 rationem
1646 1085 1711 1108 non
1733 1080 1807 1108 sunt
1824 1075 1914 1109 abro-

1179 1134 1270 1171 gata,
1301 1134 1333 1162 et
1363 1140 1421 1172 per
1445 1129 1582 1162 selectos
1608 1128 1646 1161 ab
1679 1128 1793 1161 abbate
1818 1139 1915 1171 gene-

1179 1181 1236 1215 rali
1263 1187 1294 1214 et
1319 1187 1455 1225 quatuor
1479 1181 1591 1224 primis
1621 1181 1790 1213 abbatibus
1815 1181 1911 1222 viros,

1180 1236 1212 1268 in
1238 1235 1407 1278 disciplina
1430 1234 1591 1277 regulari,
1620 1234 1744 1266 iuribus
1768 1238 1799 1266 et
1818 1233 1914 1277 privi-

1180 1289 1273 1331 legiis
1308 1288 1385 1320 dicti
1419 1287 1546 1320 Ordinis
1585 1287 1784 1326 exercitatos,
1811 1286 1915 1319 distri-

1180 1342 1320 1374 buantur
1344 1341 1375 1373 in
1401 1346 1488 1373 certa
1508 1339 1611 1383 capita
1627 1350 1644 1371 a
1661 1340 1802 1382 capitulo
1821 1350 1916 1382 gene-

1180 1395 1238 1427 rali
1264 1394 1473 1437 approbanda
1498 1399 1529 1425 et
1552 1393 1798 1436 promulganda,
1817 1398 1849 1425 et
1865 1392 1915 1425 de-

1180 1457 1264 1479 mum
1290 1446 1371 1490 typis
1397 1445 1584 1485 mandanda,
1607 1449 1637 1477 et
1655 1445 1686 1477 in
1711 1445 1915 1477 vernaculam

1181 1501 1321 1543 linguam
1346 1500 1404 1542 p‘ro
1429 1498 1621 1532 monialibus
1641 1498 1805 1537 vertenda,
1819 1503 1914 1541 atque

1181 1553 1219 1585 ad
1244 1553 1363 1585 calcem
1387 1552 1516 1594 regulae
1533 1551 1617 1584 beati
1635 1550 1802 1583 Benedicti
1819 1561 1916 1594 appo-

1182 1606 1306 1645 nenda,
1332 1609 1367 1636 ut
1391 1605 1423 1637 in
1448 1604 1595 1647 capitulis
1620 1604 1825 1646 singulorum
1850 1613 1917 1636 mo-

1181 1658 1397 1691 nasteriorum
1421 1662 1497 1701 post
1520 1657 1695 1690 lectionem
1718 1657 1849 1699 regulae
1865 1656 1916 1689 ali-

1183 1723 1244 1755 qua
1268 1721 1381 1744 eorum
1403 1710 1505 1753 capita
1525 1709 1699 1743 successive
1718 1710 1866 1752 legantur
1883 1722 1913 1742 n.

1225 1765 1240 1808 g
1260 1764 1290 1797 ⁶2.
1318 1764 1395 1797 Cum
1419 1773 1495 1797 vero
1521 1763 1553 1795 in
1578 1762 1830 1805 congregatione
1851 1772 1918 1795 car·
1928 1770 2112 1819 affissiffiffiiff

1183 1817 1337 1850 dinalium
1364 1822 1395 1850 et
1418 1817 1647 1860 praelatorum,
1665 1820 1700 1847 ut
1717 1825 1814 1859 supra
1834 1815 1972 1848 insti-mai
1986 1823 2090 1845 vonum.

1183 1876 1272 1911 tuta,
1298 1869 1493 1914 praeinserti
1524 1867 1761 1901 reformationis
1793 1868 1919 1901 articuli

1184 1916 1357 1965 diligenter
1382 1922 1520 1955 discussi
1541 1927 1572 1955 et
1596 1921 1777 1961 examinati,
1802 1926 1835 1953 et
1858 1931 1920 1964 qua

1184 1981 1273 2019 parte
1298 1986 1378 2018 opus
1404 1974 1463 2007 suit
1486 1973 1649 2008 emendati
1675 1979 1706 2006 et
1729 1972 1826 2016 aptati
1851 1973 1920 2005 sue-

1184 2028 1264 2061 rint:
1285 2027 1355 2068 Nos,
1374 2027 1411 2060 de
1435 2026 1583 2060 omnibus
1603 2026 1698 2070 plene
1722 2025 1877 2058 instructi
1893 2028 1922 2058 et

1183 2081 1355 2124 informati
1388 2080 1601 2123 comperimus
1633 2079 1707 2112 illos
1742 2088 1801 2122 pro
1832 2077 1922 2122 felici

1184 2133 1415 2166 monachorum
1440 2132 1519 2165 dicti
1540 2131 1675 2171 Ordinis
1688 2135 1776 2164 statu
1795 2131 1923 2164 etsatu-

1184 2186 1233 2219 bri
1257 2186 1430 2218 directione
1441 2184 1574 2228 provide
1592 2184 1791 2227 compilatos,
1805 2194 1841 2217 ac
1854 2193 1923 2228 per-

1184 2239 1310 2272 strictos
1334 2238 1450 2281 sitz'gse,
1479 2243 1510 2270 et
1541 2248 1612 2270 cum
1645 2237 1730 2270 beati
1756 2237 1921 2270 Benedicti

1184 2293 1308 2334 regula,
1336 2302 1429 2334 quam
1455 2290 1550 2334 primi
1566 2289 1794 2323 Cistercienses
1810 2290 1842 2322 in
1859 2289 1924 2334 pri-

1184 2356 1295 2379 maevo
1322 2344 1466 2377 instituto
1491 2343 1605 2377 Charta
1622 2343 1783 2376 charitatis
1803 2353 1923 2375 nuncu-

1185 2404 1270 2442 pato,
1286 2408 1303 2430 a
1319 2398 1427 2430 multis
1442 2396 1594 2430 Romanis
1608 2395 1817 2428 Pontificibus
1835 2404 1922 2439 prae-

1186 2450 1411 2484 decessoribus
1443 2449 1564 2483 nostris
1589 2449 1786 2493 approbato,
1808 2453 1923 2482 tenen-

1186 2504 1258 2537 dam
1283 2509 1314 2536 et
1338 2503 1580 2546 intelligendam
1616 2501 1756 2545 posteris
1780 2501 1922 2544 relique-

1185 2562 1268 2597 runt,
1283 2557 1315 2589 in
1330 2557 1479 2589 omnibus
1498 2566 1568 2589 esse
1583 2559 1812 2597 congruentes,
1830 2564 1923 2598 prae-

1911 238 1961 265 An.
1983 237 2012 266 C.
2031 235 2097 265 ¹65ss
